DATE,PRICE,VOLUME
2018-03-01 06:00:03,0.00313000,6.38000000
2018-03-01 06:00:04,0.00312400,0.59000000
2018-03-01 06:00:04,0.00312300,1.20000000
2018-03-01 06:00:04,0.00312100,2.54000000
2018-03-01 06:00:09,0.00313000,3.19000000
2018-03-01 06:00:28,0.00312300,0.98000000
2018-03-01 06:00:34,0.00312900,0.77000000
2018-03-01 06:00:36,0.00312900,0.21000000
2018-03-01 06:00:37,0.00312900,0.56000000
2018-03-01 06:00:37,0.00312800,6.38000000
2018-03-01 06:00:39,0.00312800,1.05000000
2018-03-01 06:00:41,0.00312800,0.77000000
2018-03-01 06:00:44,0.00312800,13.73000000
2018-03-01 06:00:50,0.00312800,1.28000000
2018-03-01 06:00:50,0.00313000,6.38000000
2018-03-01 06:00:51,0.00312800,4.01000000
2018-03-01 06:00:56,0.00312800,3.62000000
2018-03-01 06:00:58,0.00312800,10.93000000
2018-03-01 06:00:58,0.00312800,2.19000000
2018-03-01 06:00:59,0.00312200,1.01000000
2018-03-01 06:00:59,0.00312700,41.57000000
2018-03-01 06:01:00,0.00312200,3.59000000
2018-03-01 06:01:03,0.00312700,43.75000000
2018-03-01 06:01:06,0.00312700,9.91000000
2018-03-01 06:01:06,0.00312700,9.47000000
2018-03-01 06:01:09,0.00313000,4.88000000
2018-03-01 06:01:09,0.00313100,105.96000000
2018-03-01 06:01:09,0.00313200,0.55000000
2018-03-01 06:01:09,0.00313400,140.00000000
2018-03-01 06:01:09,0.00313500,689.98000000
2018-03-01 06:01:09,0.00313600,21.20000000
2018-03-01 06:01:09,0.00313700,3.00000000
2018-03-01 06:01:09,0.00313900,27.12000000
2018-03-01 06:01:09,0.00314000,209.26000000
2018-03-01 06:01:09,0.00314100,1.19000000
2018-03-01 06:01:09,0.00314400,34.71000000
2018-03-01 06:01:10,0.00313000,4.96000000
2018-03-01 06:01:10,0.00312900,27.01000000
2018-03-01 06:01:10,0.00312900,24.36000000
2018-03-01 06:01:10,0.00312900,28.52000000
2018-03-01 06:01:10,0.00312800,3.44000000
2018-03-01 06:01:11,0.00312800,7.10000000
2018-03-01 06:01:11,0.00312700,30.24000000
2018-03-01 06:01:11,0.00313000,0.95000000
2018-03-01 06:01:12,0.00312800,4.91000000
2018-03-01 06:01:12,0.00312700,0.28000000
2018-03-01 06:01:13,0.00312700,6.15000000
2018-03-01 06:01:14,0.00313700,0.48000000
2018-03-01 06:01:16,0.00313400,6.38000000
2018-03-01 06:01:18,0.00312900,16.90000000
2018-03-01 06:01:18,0.00312700,28.59000000
2018-03-01 06:01:23,0.00312700,79.94000000
2018-03-01 06:01:30,0.00312700,89.54000000
2018-03-01 06:01:34,0.00312400,0.96000000
2018-03-01 06:01:34,0.00312000,6.99000000
2018-03-01 06:01:34,0.00311900,1.52000000
2018-03-01 06:01:34,0.00311400,64.00000000
2018-03-01 06:01:34,0.00311300,0.45000000
2018-03-01 06:01:35,0.00312500,0.94000000
2018-03-01 06:01:41,0.00312400,30.19000000
2018-03-01 06:01:41,0.00311400,1.82000000
2018-03-01 06:01:41,0.00312400,25.60000000
2018-03-01 06:01:47,0.00312300,3.20000000
2018-03-01 06:01:54,0.00311600,1.92000000
2018-03-01 06:01:54,0.00311500,5.32000000
2018-03-01 06:01:55,0.00312200,4.23000000
2018-03-01 06:01:56,0.00312200,0.68000000
2018-03-01 06:01:56,0.00312300,4.24000000
2018-03-01 06:01:57,0.00312400,1.18000000
2018-03-01 06:01:59,0.00312400,0.46000000
2018-03-01 06:02:00,0.00312500,12.79000000
2018-03-01 06:02:01,0.00312400,0.31000000
2018-03-01 06:02:02,0.00312400,4.32000000
2018-03-01 06:02:02,0.00312400,4.45000000
2018-03-01 06:02:04,0.00312400,10.82000000
2018-03-01 06:02:04,0.00312400,4.21000000
2018-03-01 06:02:06,0.00312500,3.29000000
2018-03-01 06:02:09,0.00312500,0.93000000
2018-03-01 06:02:11,0.00312500,0.77000000
2018-03-01 06:02:12,0.00312400,10.00000000
2018-03-01 06:02:13,0.00312500,1.05000000
2018-03-01 06:02:14,0.00312500,0.33000000
2018-03-01 06:02:15,0.00312400,11.69000000
2018-03-01 06:02:16,0.00312500,0.77000000
2018-03-01 06:02:18,0.00312500,13.49000000
2018-03-01 06:02:20,0.00312500,5.86000000
2018-03-01 06:02:22,0.00312500,1.64000000
2018-03-01 06:02:23,0.00312400,13.00000000
2018-03-01 06:02:27,0.00312500,0.77000000
2018-03-01 06:02:29,0.00312500,47.99000000
2018-03-01 06:02:33,0.00312400,2.59000000
2018-03-01 06:02:34,0.00312400,16.90000000
2018-03-01 06:02:36,0.00312500,22.40000000
2018-03-01 06:02:42,0.00312500,27.10000000
2018-03-01 06:02:44,0.00312500,27.56000000
2018-03-01 06:02:48,0.00312500,9.60000000
2018-03-01 06:02:53,0.00312500,27.10000000
2018-03-01 06:02:54,0.00312500,35.19000000
2018-03-01 06:02:57,0.00312500,0.45000000
2018-03-01 06:03:00,0.00312500,8.06000000
2018-03-01 06:03:01,0.00312500,3.94000000
2018-03-01 06:03:01,0.00312400,0.36000000
2018-03-01 06:03:12,0.00312700,51.16000000
2018-03-01 06:03:16,0.00312500,1.91000000
2018-03-01 06:03:18,0.00312700,25.58000000
2018-03-01 06:03:20,0.00312500,0.02000000
2018-03-01 06:03:20,0.00312400,8.46000000
2018-03-01 06:03:20,0.00312200,96.42000000
2018-03-01 06:03:29,0.00312700,24.89000000
2018-03-01 06:03:29,0.00313000,2.21000000
2018-03-01 06:03:33,0.00312900,32.02000000
2018-03-01 06:03:33,0.00313000,54.62000000
2018-03-01 06:03:33,0.00313200,19.73000000
2018-03-01 06:03:34,0.00312400,2.45000000
2018-03-01 06:03:36,0.00312500,2.56000000
2018-03-01 06:03:45,0.00312500,0.58000000
2018-03-01 06:03:54,0.00312500,1.40000000
2018-03-01 06:03:56,0.00312500,5.04000000
2018-03-01 06:04:01,0.00312500,12.96000000
2018-03-01 06:04:01,0.00312500,9.80000000
2018-03-01 06:04:05,0.00312600,0.32000000
2018-03-01 06:04:05,0.00313200,93.82000000
2018-03-01 06:04:05,0.00313200,3.88000000
2018-03-01 06:04:06,0.00313200,3.20000000
2018-03-01 06:04:06,0.00313400,0.95000000
2018-03-01 06:04:06,0.00313500,25.20000000
2018-03-01 06:04:06,0.00313600,0.95000000
2018-03-01 06:04:07,0.00313600,12.75000000
2018-03-01 06:04:10,0.00313200,0.32000000
2018-03-01 06:04:11,0.00313200,0.32000000
2018-03-01 06:04:12,0.00313700,1.07000000
2018-03-01 06:04:13,0.00313200,0.32000000
2018-03-01 06:04:15,0.00313200,0.32000000
2018-03-01 06:04:16,0.00313200,0.32000000
2018-03-01 06:04:17,0.00313400,1.28000000
2018-03-01 06:04:17,0.00313700,54.38000000
2018-03-01 06:04:17,0.00313800,10.78000000
2018-03-01 06:04:19,0.00313800,4.55000000
2018-03-01 06:04:19,0.00313800,6.26000000
2018-03-01 06:04:19,0.00313800,25.74000000
2018-03-01 06:04:19,0.00313200,0.37000000
2018-03-01 06:04:19,0.00312500,0.63000000
2018-03-01 06:04:19,0.00312600,15.99000000
2018-03-01 06:04:25,0.00313600,10.46000000
2018-03-01 06:04:26,0.00313600,5.00000000
2018-03-01 06:04:27,0.00313600,2.94000000
2018-03-01 06:04:30,0.00313600,0.84000000
2018-03-01 06:04:32,0.00313600,25.31000000
2018-03-01 06:04:34,0.00313600,7.08000000
2018-03-01 06:04:37,0.00313600,2.54000000
2018-03-01 06:04:39,0.00313600,0.77000000
2018-03-01 06:04:41,0.00313600,0.22000000
2018-03-01 06:04:51,0.00313600,0.55000000
2018-03-01 06:04:51,0.00313300,0.95000000
2018-03-01 06:04:59,0.00313500,9.56000000
2018-03-01 06:05:12,0.00313300,6.21000000
2018-03-01 06:05:14,0.00313300,1.74000000
2018-03-01 06:05:16,0.00313300,0.67000000
2018-03-01 06:05:17,0.00313300,0.61000000
2018-03-01 06:05:17,0.00313500,6.43000000
2018-03-01 06:05:19,0.00313500,2.13000000
2018-03-01 06:05:20,0.00313500,0.83000000
2018-03-01 06:05:23,0.00313300,0.35000000
2018-03-01 06:05:23,0.00313200,5.48000000
2018-03-01 06:05:25,0.00313200,1.53000000
2018-03-01 06:05:28,0.00313200,0.60000000
2018-03-01 06:05:28,0.00313200,0.68000000
2018-03-01 06:05:28,0.00313300,47.19000000
2018-03-01 06:05:33,0.00313300,27.60000000
2018-03-01 06:05:35,0.00313300,15.95000000
2018-03-01 06:05:41,0.00313300,6.38000000
2018-03-01 06:05:50,0.00313100,103.37000000
2018-03-01 06:05:51,0.00313100,5.90000000
2018-03-01 06:05:57,0.00313100,1.61000000
2018-03-01 06:05:58,0.00313100,1.57000000
2018-03-01 06:06:02,0.00313100,6.55000000
2018-03-01 06:06:04,0.00313300,1.24000000
2018-03-01 06:06:09,0.00313300,39.58000000
2018-03-01 06:06:09,0.00313400,12.72000000
2018-03-01 06:06:43,0.00313100,1.42000000
2018-03-01 06:06:44,0.00313100,0.41000000
2018-03-01 06:06:44,0.00313500,47.10000000
2018-03-01 06:06:51,0.00313100,12.78000000
2018-03-01 06:06:52,0.00313600,136.60000000
2018-03-01 06:06:54,0.00313100,12.78000000
2018-03-01 06:06:54,0.00313600,131.50000000
2018-03-01 06:06:56,0.00313100,5.73000000
2018-03-01 06:06:58,0.00313100,1.62000000
2018-03-01 06:07:00,0.00313100,1.28000000
2018-03-01 06:07:00,0.00313600,2.54000000
2018-03-01 06:07:02,0.00313100,1.96000000
2018-03-01 06:07:05,0.00313100,6.52000000
2018-03-01 06:07:07,0.00313500,23.44000000
2018-03-01 06:07:09,0.00313500,7.77000000
2018-03-01 06:07:16,0.00313500,40.40000000
2018-03-01 06:07:28,0.00313500,61.71000000
2018-03-01 06:07:28,0.00313600,68.80000000
2018-03-01 06:07:43,0.00313200,3.81000000
2018-03-01 06:07:43,0.00313100,0.58000000
2018-03-01 06:07:45,0.00313100,5.01000000
2018-03-01 06:07:47,0.00313600,64.52000000
2018-03-01 06:07:49,0.00313600,26.99000000
2018-03-01 06:07:53,0.00313100,7.43000000
2018-03-01 06:08:07,0.00313600,122.66000000
2018-03-01 06:08:18,0.00313500,2.71000000
2018-03-01 06:08:28,0.00313600,2.75000000
2018-03-01 06:08:53,0.00313500,5.38000000
2018-03-01 06:09:03,0.00313500,0.01000000
2018-03-01 06:09:11,0.00313700,2.99000000
2018-03-01 06:09:17,0.00313500,22.55000000
2018-03-01 06:09:17,0.00313200,10.00000000
2018-03-01 06:09:17,0.00313100,21.28000000
2018-03-01 06:09:36,0.00313100,10.95000000
2018-03-01 06:09:41,0.00313700,8.58000000
2018-03-01 06:09:41,0.00313800,54.35000000
2018-03-01 06:09:41,0.00314200,8.11000000
2018-03-01 06:09:41,0.00314300,69.00000000
2018-03-01 06:09:41,0.00314400,130.96000000
2018-03-01 06:09:43,0.00313200,1.28000000
2018-03-01 06:09:45,0.00313200,1.28000000
2018-03-01 06:09:48,0.00313200,1.28000000
2018-03-01 06:09:59,0.00313200,4.08000000
2018-03-01 06:10:01,0.00313200,3.03000000
2018-03-01 06:10:02,0.00313800,7.92000000
2018-03-01 06:10:02,0.00313900,35.61000000
2018-03-01 06:10:16,0.00314000,3.03000000
2018-03-01 06:10:16,0.00314100,10.68000000
2018-03-01 06:10:29,0.00313400,2.24000000
2018-03-01 06:10:31,0.00313500,1.28000000
2018-03-01 06:10:34,0.00313300,1.28000000
2018-03-01 06:10:37,0.00313300,1.28000000
2018-03-01 06:10:38,0.00313300,5.73000000
2018-03-01 06:10:39,0.00313300,1.28000000
2018-03-01 06:10:48,0.00313100,1.28000000
2018-03-01 06:10:51,0.00313100,1.28000000
2018-03-01 06:10:52,0.00313200,0.80000000
2018-03-01 06:11:00,0.00313200,3.20000000
2018-03-01 06:11:00,0.00313300,1.28000000
2018-03-01 06:11:00,0.00313400,2.24000000
2018-03-01 06:11:00,0.00313500,6.00000000
2018-03-01 06:11:00,0.00313900,5.47000000
2018-03-01 06:11:03,0.00313200,1.60000000
2018-03-01 06:11:06,0.00313800,0.41000000
2018-03-01 06:11:07,0.00313800,0.95000000
2018-03-01 06:11:13,0.00313200,28.92000000
2018-03-01 06:11:13,0.00313100,13.09000000
2018-03-01 06:11:22,0.00313000,3.11000000
2018-03-01 06:11:49,0.00313000,5.73000000
2018-03-01 06:11:57,0.00313500,27.55000000
2018-03-01 06:12:10,0.00313800,0.83000000
2018-03-01 06:12:18,0.00313100,23.25000000
2018-03-01 06:12:23,0.00313100,3.94000000
2018-03-01 06:12:23,0.00313000,1.16000000
2018-03-01 06:12:26,0.00313000,21.76000000
2018-03-01 06:12:27,0.00313000,0.01000000
2018-03-01 06:12:27,0.00313700,4.63000000
2018-03-01 06:12:27,0.00313800,4.94000000
2018-03-01 06:12:39,0.00313700,3.43000000
2018-03-01 06:12:53,0.00313100,3.71000000
2018-03-01 06:13:04,0.00313600,0.62000000
2018-03-01 06:13:13,0.00313200,8.15000000
2018-03-01 06:13:13,0.00313200,15.96000000
2018-03-01 06:13:13,0.00313200,96.34000000
2018-03-01 06:13:16,0.00313200,3.43000000
2018-03-01 06:13:26,0.00313100,16.01000000
2018-03-01 06:13:27,0.00313100,7.47000000
2018-03-01 06:13:27,0.00313000,2.43000000
2018-03-01 06:13:28,0.00313000,3.20000000
2018-03-01 06:13:30,0.00313200,11.22000000
2018-03-01 06:13:39,0.00312700,2.83000000
2018-03-01 06:13:39,0.00312700,29.14000000
2018-03-01 06:13:40,0.00312700,2.83000000
2018-03-01 06:13:50,0.00312800,27.21000000
2018-03-01 06:13:51,0.00312300,2.87000000
2018-03-01 06:14:02,0.00313100,2.99000000
2018-03-01 06:14:02,0.00313100,7.11000000
2018-03-01 06:14:14,0.00313000,2.65000000
2018-03-01 06:14:16,0.00313000,23.98000000
2018-03-01 06:14:19,0.00313000,9.58000000
2018-03-01 06:14:22,0.00313000,9.42000000
2018-03-01 06:14:22,0.00313100,83.51000000
2018-03-01 06:14:31,0.00312500,27.59000000
2018-03-01 06:14:31,0.00312400,89.92000000
2018-03-01 06:14:34,0.00312900,12.78000000
2018-03-01 06:14:34,0.00312900,14.81000000
2018-03-01 06:14:34,0.00313000,9.60000000
2018-03-01 06:14:40,0.00313100,1.39000000
2018-03-01 06:14:42,0.00312500,9.60000000
2018-03-01 06:14:46,0.00312500,9.79000000
2018-03-01 06:14:46,0.00312700,2.99000000
2018-03-01 06:14:47,0.00312700,0.01000000
2018-03-01 06:14:54,0.00313100,0.32000000
2018-03-01 06:14:54,0.00312700,109.99000000
2018-03-01 06:14:59,0.00313100,0.29000000
2018-03-01 06:14:59,0.00313200,14.60000000
2018-03-01 06:15:07,0.00313200,52.50000000
2018-03-01 06:15:08,0.00312700,3.20000000
2018-03-01 06:15:13,0.00313200,27.38000000
2018-03-01 06:15:18,0.00312700,0.26000000
2018-03-01 06:15:19,0.00312700,12.79000000
2018-03-01 06:15:20,0.00312700,12.72000000
2018-03-01 06:15:27,0.00313000,12.77000000
2018-03-01 06:15:27,0.00312500,175.48000000
2018-03-01 06:15:32,0.00312500,1.81000000
2018-03-01 06:15:33,0.00313000,6.38000000
2018-03-01 06:15:33,0.00312500,3.22000000
2018-03-01 06:15:39,0.00313000,6.38000000
2018-03-01 06:15:39,0.00313000,0.72000000
2018-03-01 06:15:53,0.00312500,3.72000000
2018-03-01 06:15:55,0.00312500,3.72000000
2018-03-01 06:15:57,0.00312500,1.28000000
2018-03-01 06:16:10,0.00312500,6.08000000
2018-03-01 06:16:10,0.00312400,6.48000000
2018-03-01 06:16:10,0.00312400,10.00000000
2018-03-01 06:16:15,0.00312400,10.05000000
2018-03-01 06:16:15,0.00312400,28.80000000
2018-03-01 06:16:17,0.00312400,28.17000000
2018-03-01 06:16:27,0.00312400,0.01000000
2018-03-01 06:16:34,0.00312400,1.28000000
2018-03-01 06:16:38,0.00312600,1.91000000
2018-03-01 06:16:44,0.00312400,1.00000000
2018-03-01 06:16:47,0.00312400,7.29000000
2018-03-01 06:16:48,0.00312400,0.44000000
2018-03-01 06:16:49,0.00312400,6.90000000
2018-03-01 06:16:49,0.00312400,7.74000000
2018-03-01 06:16:54,0.00312300,1.43000000
2018-03-01 06:17:03,0.00312300,16.01000000
2018-03-01 06:17:04,0.00312300,16.01000000
2018-03-01 06:17:05,0.00312300,16.01000000
2018-03-01 06:17:06,0.00312300,16.01000000
2018-03-01 06:17:08,0.00312300,16.01000000
2018-03-01 06:17:09,0.00312300,16.01000000
2018-03-01 06:17:12,0.00312300,16.01000000
2018-03-01 06:17:13,0.00312300,16.01000000
2018-03-01 06:17:14,0.00312300,16.01000000
2018-03-01 06:17:16,0.00312300,16.01000000
2018-03-01 06:17:17,0.00312300,16.01000000
2018-03-01 06:17:18,0.00312300,16.01000000
2018-03-01 06:17:19,0.00312300,16.73000000
2018-03-01 06:17:20,0.00312300,16.01000000
2018-03-01 06:17:33,0.00312900,8.32000000
2018-03-01 06:17:33,0.00313000,5.25000000
2018-03-01 06:17:43,0.00313000,3.54000000
2018-03-01 06:17:46,0.00312300,19.99000000
2018-03-01 06:17:52,0.00312300,7.60000000
2018-03-01 06:18:17,0.00312200,3.35000000
2018-03-01 06:18:17,0.00312100,12.67000000
2018-03-01 06:18:19,0.00312100,6.75000000
2018-03-01 06:18:21,0.00312700,9.59000000
2018-03-01 06:18:26,0.00312100,16.02000000
2018-03-01 06:18:36,0.00312300,1.07000000
2018-03-01 06:18:36,0.00312700,0.01000000
2018-03-01 06:18:39,0.00312100,6.39000000
2018-03-01 06:18:47,0.00312800,4.69000000
2018-03-01 06:18:47,0.00312200,2.87000000
2018-03-01 06:18:49,0.00312800,1.19000000
2018-03-01 06:18:51,0.00312200,1.28000000
2018-03-01 06:18:51,0.00312800,1.19000000
2018-03-01 06:18:54,0.00312800,4.37000000
2018-03-01 06:18:56,0.00312800,1.22000000
2018-03-01 06:18:58,0.00312800,0.77000000
2018-03-01 06:19:00,0.00312800,6.14000000
2018-03-01 06:19:02,0.00312800,9.72000000
2018-03-01 06:19:04,0.00312800,2.72000000
2018-03-01 06:19:07,0.00312800,0.77000000
2018-03-01 06:19:11,0.00312800,0.86000000
2018-03-01 06:19:14,0.00312200,16.02000000
2018-03-01 06:19:15,0.00312200,16.02000000
2018-03-01 06:19:28,0.00312800,3.19000000
2018-03-01 06:19:30,0.00312200,14.58000000
2018-03-01 06:19:51,0.00312500,1.39000000
2018-03-01 06:19:53,0.00312500,0.54000000
2018-03-01 06:19:54,0.00312500,0.23000000
2018-03-01 06:19:54,0.00312400,25.60000000
2018-03-01 06:19:56,0.00312400,5.55000000
2018-03-01 06:19:56,0.00312400,3.91000000
2018-03-01 06:19:57,0.00312400,0.77000000
2018-03-01 06:19:58,0.00312400,1.56000000
2018-03-01 06:20:00,0.00312200,3.07000000
2018-03-01 06:20:08,0.00312700,5.97000000
2018-03-01 06:20:42,0.00312700,34.03000000
2018-03-01 06:20:44,0.00312500,21.86000000
2018-03-01 06:20:46,0.00312700,1.73000000
2018-03-01 06:20:49,0.00312700,1.73000000
2018-03-01 06:20:51,0.00312700,1.42000000
2018-03-01 06:20:51,0.00312700,9.64000000
2018-03-01 06:20:53,0.00312500,65.56000000
2018-03-01 06:20:53,0.00312700,9.64000000
2018-03-01 06:20:56,0.00312700,8.09000000
2018-03-01 06:20:58,0.00312700,0.77000000
2018-03-01 06:20:59,0.00312500,1.51000000
2018-03-01 06:21:03,0.00312500,1.28000000
2018-03-01 06:21:05,0.00312500,1.28000000
2018-03-01 06:21:08,0.00312700,2.38000000
2018-03-01 06:21:12,0.00312700,1.28000000
2018-03-01 06:21:15,0.00312800,14.19000000
2018-03-01 06:21:21,0.00312800,9.00000000
2018-03-01 06:21:22,0.00312800,23.81000000
2018-03-01 06:21:22,0.00312700,14.03000000
2018-03-01 06:21:23,0.00312700,3.21000000
2018-03-01 06:21:25,0.00312700,3.01000000
2018-03-01 06:21:25,0.00312500,6.99000000
2018-03-01 06:21:27,0.00312800,7.92000000
2018-03-01 06:21:49,0.00312500,160.00000000
2018-03-01 06:21:49,0.00312500,38.09000000
2018-03-01 06:21:49,0.00312500,32.38000000
2018-03-01 06:21:50,0.00312700,1.42000000
2018-03-01 06:21:55,0.00312500,9.60000000
2018-03-01 06:22:01,0.00312500,6.39000000
2018-03-01 06:22:01,0.00312500,0.96000000
2018-03-01 06:22:06,0.00312500,1.30000000
2018-03-01 06:22:07,0.00312500,76.80000000
2018-03-01 06:22:07,0.00312600,1.92000000
2018-03-01 06:22:07,0.00312700,23.73000000
2018-03-01 06:22:11,0.00312500,214.56000000
2018-03-01 06:22:13,0.00312200,6.40000000
2018-03-01 06:22:13,0.00312500,18.64000000
2018-03-01 06:22:23,0.00312200,29.82000000
2018-03-01 06:22:28,0.00312500,3.17000000
2018-03-01 06:22:35,0.00312500,17.55000000
2018-03-01 06:22:38,0.00312200,18.40000000
2018-03-01 06:22:47,0.00312200,0.14000000
2018-03-01 06:22:48,0.00312200,0.41000000
2018-03-01 06:22:48,0.00312100,9.61000000
2018-03-01 06:22:48,0.00312000,50.83000000
2018-03-01 06:22:54,0.00312500,1.11000000
2018-03-01 06:22:55,0.00312500,0.80000000
2018-03-01 06:22:57,0.00312000,17.18000000
2018-03-01 06:22:57,0.00311800,1.36000000
2018-03-01 06:22:57,0.00311700,3.46000000
2018-03-01 06:23:08,0.00312400,3.37000000
2018-03-01 06:23:19,0.00312400,17.78000000
2018-03-01 06:23:23,0.00311700,3.98000000
2018-03-01 06:23:36,0.00312300,3.71000000
2018-03-01 06:23:36,0.00312400,284.29000000
2018-03-01 06:23:42,0.00312400,14.01000000
2018-03-01 06:23:48,0.00312300,4.50000000
2018-03-01 06:23:49,0.00311700,9.62000000
2018-03-01 06:23:49,0.00311600,9.62000000
2018-03-01 06:23:55,0.00311600,6.41000000
2018-03-01 06:23:59,0.00312200,9.62000000
2018-03-01 06:23:59,0.00312300,98.25000000
2018-03-01 06:24:10,0.00311600,60.97000000
2018-03-01 06:24:11,0.00312300,9.55000000
2018-03-01 06:24:11,0.00312300,3.67000000
2018-03-01 06:24:13,0.00312300,9.55000000
2018-03-01 06:24:14,0.00312300,3.11000000
2018-03-01 06:24:15,0.00312300,9.59000000
2018-03-01 06:24:16,0.00312300,0.33000000
2018-03-01 06:24:16,0.00311600,32.09000000
2018-03-01 06:24:18,0.00312300,0.33000000
2018-03-01 06:24:21,0.00312300,100.00000000
2018-03-01 06:24:44,0.00312200,16.73000000
2018-03-01 06:24:46,0.00312300,0.63000000
2018-03-01 06:24:48,0.00311600,50.00000000
2018-03-01 06:24:54,0.00312000,19.23000000
2018-03-01 06:25:00,0.00312000,22.43000000
2018-03-01 06:25:06,0.00312000,9.61000000
2018-03-01 06:25:12,0.00312000,6.41000000
2018-03-01 06:25:18,0.00312000,9.61000000
2018-03-01 06:25:18,0.00312300,8.22000000
2018-03-01 06:25:24,0.00312000,31.09000000
2018-03-01 06:25:24,0.00311600,10.57000000
2018-03-01 06:25:30,0.00311600,355.10000000
2018-03-01 06:25:30,0.00311500,164.56000000
2018-03-01 06:25:39,0.00311500,2.64000000
2018-03-01 06:25:41,0.00312100,9.60000000
2018-03-01 06:25:42,0.00311500,0.47000000
2018-03-01 06:25:48,0.00311500,14.12000000
2018-03-01 06:25:57,0.00312100,0.02000000
2018-03-01 06:25:57,0.00312200,0.39000000
2018-03-01 06:26:06,0.00311700,25.66000000
2018-03-01 06:26:18,0.00311700,4.35000000
2018-03-01 06:26:18,0.00311500,8.48000000
2018-03-01 06:26:25,0.00311500,33.98000000
2018-03-01 06:26:33,0.00312200,3.20000000
2018-03-01 06:26:37,0.00312200,3.20000000
2018-03-01 06:26:37,0.00312200,1.89000000
2018-03-01 06:26:52,0.00312200,0.96000000
2018-03-01 06:27:04,0.00311500,38.51000000
2018-03-01 06:27:08,0.00312200,4.39000000
2018-03-01 06:27:08,0.00312300,112.88000000
2018-03-01 06:27:09,0.00312400,12.84000000
2018-03-01 06:27:15,0.00312400,35.21000000
2018-03-01 06:27:17,0.00312400,2.74000000
2018-03-01 06:27:21,0.00312400,20.94000000
2018-03-01 06:27:21,0.00311700,84.69000000
2018-03-01 06:27:44,0.00311800,0.53000000
2018-03-01 06:27:44,0.00312500,74.00000000
2018-03-01 06:28:00,0.00311800,11.35000000
2018-03-01 06:28:00,0.00311700,7.65000000
2018-03-01 06:28:29,0.00312200,5.00000000
2018-03-01 06:28:30,0.00311600,10.11000000
2018-03-01 06:28:30,0.00311500,11.52000000
2018-03-01 06:28:44,0.00311500,5.71000000
2018-03-01 06:29:01,0.00311600,3.50000000
2018-03-01 06:29:02,0.00311600,0.53000000
2018-03-01 06:29:04,0.00311600,1.12000000
2018-03-01 06:29:05,0.00311600,0.83000000
2018-03-01 06:29:05,0.00311600,0.71000000
2018-03-01 06:29:08,0.00311600,8.19000000
2018-03-01 06:29:09,0.00311600,5.62000000
2018-03-01 06:29:22,0.00312000,15.57000000
2018-03-01 06:29:24,0.00312000,0.33000000
2018-03-01 06:29:32,0.00312000,43.00000000
2018-03-01 06:29:38,0.00311900,7.41000000
2018-03-01 06:29:41,0.00311900,3.20000000
2018-03-01 06:29:41,0.00311700,1.06000000
2018-03-01 06:29:41,0.00311500,199.64000000
2018-03-01 06:29:41,0.00311900,44.04000000
2018-03-01 06:29:47,0.00311900,1.81000000
2018-03-01 06:29:47,0.00311900,3.15000000
2018-03-01 06:29:48,0.00311900,1.46000000
2018-03-01 06:29:49,0.00311500,46.67000000
2018-03-01 06:29:49,0.00311800,0.96000000
2018-03-01 06:29:49,0.00311900,48.23000000
2018-03-01 06:29:50,0.00311900,9.61000000
2018-03-01 06:29:53,0.00311900,0.53000000
2018-03-01 06:29:56,0.00311900,3.48000000
2018-03-01 06:29:59,0.00312000,8.14000000
2018-03-01 06:30:01,0.00311900,0.34000000
2018-03-01 06:30:03,0.00311900,2.48000000
2018-03-01 06:30:03,0.00311600,39.20000000
2018-03-01 06:30:05,0.00311900,1.06000000
2018-03-01 06:30:08,0.00311600,64.10000000
2018-03-01 06:30:09,0.00311600,35.90000000
2018-03-01 06:30:09,0.00311400,66.79000000
2018-03-01 06:30:27,0.00311700,18.69000000
2018-03-01 06:30:29,0.00311600,1.71000000
2018-03-01 06:30:32,0.00311600,15.93000000
2018-03-01 06:30:32,0.00311600,4.00000000
2018-03-01 06:30:33,0.00311400,8.46000000
2018-03-01 06:30:33,0.00311300,30.07000000
2018-03-01 06:30:39,0.00311300,25.61000000
2018-03-01 06:30:39,0.00311200,11.00000000
2018-03-01 06:30:39,0.00311100,21.21000000
2018-03-01 06:30:41,0.00311500,8.15000000
2018-03-01 06:31:04,0.00311500,1.93000000
2018-03-01 06:31:07,0.00311500,4.60000000
2018-03-01 06:31:09,0.00311200,32.13000000
2018-03-01 06:31:14,0.00311500,50.00000000
2018-03-01 06:31:31,0.00311200,9.20000000
2018-03-01 06:31:31,0.00311100,0.18000000
2018-03-01 06:31:35,0.00311500,50.00000000
2018-03-01 06:31:39,0.00311200,41.77000000
2018-03-01 06:31:40,0.00311200,10.00000000
2018-03-01 06:31:42,0.00311200,2.00000000
2018-03-01 06:31:42,0.00311100,22.52000000
2018-03-01 06:31:45,0.00311200,3.21000000
2018-03-01 06:31:49,0.00311400,15.19000000
2018-03-01 06:31:51,0.00311400,3.21000000
2018-03-01 06:31:51,0.00311200,6.42000000
2018-03-01 06:31:55,0.00311100,22.10000000
2018-03-01 06:31:57,0.00311100,3.21000000
2018-03-01 06:32:05,0.00311400,6.77000000
2018-03-01 06:32:08,0.00311400,0.40000000
2018-03-01 06:32:09,0.00311200,1.60000000
2018-03-01 06:32:11,0.00311300,0.59000000
2018-03-01 06:32:13,0.00311300,0.90000000
2018-03-01 06:32:13,0.00311300,0.52000000
2018-03-01 06:32:14,0.00311300,17.70000000
2018-03-01 06:32:14,0.00311400,9.08000000
2018-03-01 06:32:16,0.00311400,2.54000000
2018-03-01 06:32:18,0.00311100,3.44000000
2018-03-01 06:32:18,0.00311000,6.20000000
2018-03-01 06:32:29,0.00311300,1.47000000
2018-03-01 06:32:29,0.00311400,48.53000000
2018-03-01 06:32:41,0.00311300,33.04000000
2018-03-01 06:32:47,0.00311100,0.55000000
2018-03-01 06:32:50,0.00311000,9.88000000
2018-03-01 06:32:52,0.00311000,13.55000000
2018-03-01 06:32:55,0.00311100,0.39000000
2018-03-01 06:33:02,0.00311200,5.46000000
2018-03-01 06:33:03,0.00311100,21.33000000
2018-03-01 06:33:05,0.00311200,1.92000000
2018-03-01 06:33:08,0.00311100,3.21000000
2018-03-01 06:33:11,0.00311100,66.00000000
2018-03-01 06:33:11,0.00311200,0.59000000
2018-03-01 06:33:12,0.00311200,2.03000000
2018-03-01 06:33:12,0.00311300,0.58000000
2018-03-01 06:33:16,0.00311300,1.92000000
2018-03-01 06:33:16,0.00311300,1.00000000
2018-03-01 06:33:16,0.00311300,15.95000000
2018-03-01 06:33:18,0.00311300,0.12000000
2018-03-01 06:33:18,0.00311100,5.15000000
2018-03-01 06:33:18,0.00311400,1.12000000
2018-03-01 06:33:22,0.00311400,1.24000000
2018-03-01 06:33:23,0.00311400,0.96000000
2018-03-01 06:33:26,0.00311400,4.26000000
2018-03-01 06:33:46,0.00311400,33.46000000
2018-03-01 06:33:53,0.00311200,32.13000000
2018-03-01 06:33:53,0.00311100,21.25000000
2018-03-01 06:33:53,0.00311000,27.30000000
2018-03-01 06:33:55,0.00311000,0.68000000
2018-03-01 06:33:57,0.00311000,3.51000000
2018-03-01 06:34:08,0.00311000,59.09000000
2018-03-01 06:34:12,0.00311400,50.00000000
2018-03-01 06:34:15,0.00311000,5.00000000
2018-03-01 06:34:24,0.00311000,247.74000000
2018-03-01 06:34:26,0.00311100,25.54000000
2018-03-01 06:34:26,0.00311000,57.15000000
2018-03-01 06:34:27,0.00311500,60.61000000
2018-03-01 06:34:27,0.00311000,27.64000000
2018-03-01 06:34:30,0.00311000,2.97000000
2018-03-01 06:34:33,0.00311500,0.87000000
2018-03-01 06:34:34,0.00311500,3.21000000
2018-03-01 06:34:40,0.00311100,24.46000000
2018-03-01 06:34:41,0.00311100,0.36000000
2018-03-01 06:34:48,0.00311000,21.01000000
2018-03-01 06:34:53,0.00311000,20.99000000
2018-03-01 06:34:53,0.00311000,20.98000000
2018-03-01 06:34:53,0.00311000,11.15000000
2018-03-01 06:34:54,0.00311000,9.78000000
2018-03-01 06:34:56,0.00311100,16.16000000
2018-03-01 06:34:59,0.00311100,29.02000000
2018-03-01 06:35:14,0.00311400,0.96000000
2018-03-01 06:35:14,0.00311100,10.29000000
2018-03-01 06:35:14,0.00311100,7.50000000
2018-03-01 06:35:15,0.00311100,1.62000000
2018-03-01 06:35:23,0.00311100,75.55000000
2018-03-01 06:35:24,0.00311100,15.14000000
2018-03-01 06:35:25,0.00311000,22.99000000
2018-03-01 06:35:25,0.00311000,22.46000000
2018-03-01 06:35:27,0.00311000,3.31000000
2018-03-01 06:35:31,0.00310900,31.70000000
2018-03-01 06:35:39,0.00311000,31.09000000
2018-03-01 06:35:47,0.00310900,22.50000000
2018-03-01 06:35:48,0.00310900,13.68000000
2018-03-01 06:35:48,0.00310800,142.21000000
2018-03-01 06:35:48,0.00310600,48.03000000
2018-03-01 06:35:48,0.00310500,118.31000000
2018-03-01 06:35:48,0.00310500,7.98000000
2018-03-01 06:35:50,0.00310700,22.14000000
2018-03-01 06:35:56,0.00310400,5.15000000
2018-03-01 06:36:02,0.00310600,0.97000000
2018-03-01 06:36:02,0.00310700,255.96000000
2018-03-01 06:36:03,0.00310700,95.02000000
2018-03-01 06:36:05,0.00310600,49.97000000
2018-03-01 06:36:06,0.00310600,0.03000000
2018-03-01 06:36:09,0.00310700,27.57000000
2018-03-01 06:36:10,0.00310700,2.75000000
2018-03-01 06:36:11,0.00310600,3.19000000
2018-03-01 06:36:11,0.00310500,58.19000000
2018-03-01 06:36:11,0.00310400,108.03000000
2018-03-01 06:36:17,0.00310700,89.77000000
2018-03-01 06:36:21,0.00310400,0.35000000
2018-03-01 06:36:25,0.00310700,32.33000000
2018-03-01 06:36:25,0.00310700,17.76000000
2018-03-01 06:36:36,0.00310300,37.28000000
2018-03-01 06:36:36,0.00310200,1.06000000
2018-03-01 06:36:36,0.00310100,7.15000000
2018-03-01 06:36:36,0.00310000,113.36000000
2018-03-01 06:36:38,0.00310600,9.38000000
2018-03-01 06:36:38,0.00310700,266.05000000
2018-03-01 06:36:42,0.00310000,1.05000000
2018-03-01 06:36:42,0.00310000,4.74000000
2018-03-01 06:36:42,0.00310700,89.76000000
2018-03-01 06:36:43,0.00310000,44.86000000
2018-03-01 06:36:47,0.00310000,73.67000000
2018-03-01 06:36:49,0.00310600,103.25000000
2018-03-01 06:36:55,0.00310600,4.83000000
2018-03-01 06:37:05,0.00310600,12.87000000
2018-03-01 06:37:06,0.00310600,0.68000000
2018-03-01 06:37:08,0.00310600,275.19000000
2018-03-01 06:37:10,0.00310600,0.45000000
2018-03-01 06:37:11,0.00310600,0.71000000
2018-03-01 06:37:13,0.00310600,18.89000000
2018-03-01 06:37:17,0.00310600,19.31000000
2018-03-01 06:37:17,0.00310000,7.40000000
2018-03-01 06:37:18,0.00310600,238.87000000
2018-03-01 06:37:18,0.00310000,235.49000000
2018-03-01 06:37:21,0.00310000,7.40000000
2018-03-01 06:37:21,0.00310500,1.75000000
2018-03-01 06:37:21,0.00310600,273.30000000
2018-03-01 06:37:23,0.00310600,16.09000000
2018-03-01 06:37:23,0.00310000,0.75000000
2018-03-01 06:37:28,0.00310000,56.62000000
2018-03-01 06:37:29,0.00310000,32.25000000
2018-03-01 06:37:29,0.00310000,0.97000000
2018-03-01 06:37:29,0.00310000,32.71000000
2018-03-01 06:37:32,0.00310000,10.67000000
2018-03-01 06:37:32,0.00309900,0.72000000
2018-03-01 06:37:32,0.00309900,8.15000000
2018-03-01 06:37:38,0.00310000,0.03000000
2018-03-01 06:37:38,0.00310500,168.25000000
2018-03-01 06:37:41,0.00310000,0.93000000
2018-03-01 06:37:42,0.00310000,0.33000000
2018-03-01 06:37:42,0.00310500,0.39000000
2018-03-01 06:37:47,0.00310000,9.24000000
2018-03-01 06:37:49,0.00310000,2.59000000
2018-03-01 06:37:49,0.00310000,80.53000000
2018-03-01 06:37:50,0.00309900,7.35000000
2018-03-01 06:37:51,0.00310000,4.20000000
2018-03-01 06:37:51,0.00310000,16.12000000
2018-03-01 06:37:51,0.00310000,13.22000000
2018-03-01 06:37:51,0.00310400,0.94000000
2018-03-01 06:37:51,0.00310500,436.02000000
2018-03-01 06:37:51,0.00310600,193.21000000
2018-03-01 06:37:53,0.00309900,0.40000000
2018-03-01 06:37:53,0.00310200,1.17000000
2018-03-01 06:37:53,0.00310200,0.76000000
2018-03-01 06:37:53,0.00310600,237.99000000
2018-03-01 06:37:55,0.00310300,0.42000000
2018-03-01 06:37:55,0.00310300,0.16000000
2018-03-01 06:37:59,0.00310700,1.16000000
2018-03-01 06:37:59,0.00310700,50.66000000
2018-03-01 06:38:01,0.00310300,0.77000000
2018-03-01 06:38:01,0.00310300,1.25000000
2018-03-01 06:38:01,0.00310700,44.81000000
2018-03-01 06:38:03,0.00310700,0.37000000
2018-03-01 06:38:03,0.00310700,13.80000000
2018-03-01 06:38:03,0.00310700,4.99000000
2018-03-01 06:38:03,0.00311000,28.91000000
2018-03-01 06:38:06,0.00311000,1.06000000
2018-03-01 06:38:06,0.00311000,0.80000000
2018-03-01 06:38:06,0.00311000,0.61000000
2018-03-01 06:38:07,0.00311000,1.00000000
2018-03-01 06:38:07,0.00311000,0.48000000
2018-03-01 06:38:07,0.00311000,1.29000000
2018-03-01 06:38:07,0.00311000,0.73000000
2018-03-01 06:38:07,0.00311000,0.45000000
2018-03-01 06:38:08,0.00311000,0.55000000
2018-03-01 06:38:08,0.00311000,1.00000000
2018-03-01 06:38:08,0.00311000,0.68000000
2018-03-01 06:38:09,0.00311000,0.64000000
2018-03-01 06:38:09,0.00311000,3.22000000
2018-03-01 06:38:09,0.00311000,1.13000000
2018-03-01 06:38:10,0.00310900,0.80000000
2018-03-01 06:38:11,0.00310900,3.21000000
2018-03-01 06:38:18,0.00310900,5.61000000
2018-03-01 06:38:18,0.00311000,29.77000000
2018-03-01 06:38:23,0.00310900,0.64000000
2018-03-01 06:38:30,0.00310900,1.36000000
2018-03-01 06:38:30,0.00311000,2.94000000
2018-03-01 06:38:31,0.00311000,9.00000000
2018-03-01 06:38:31,0.00311000,73.95000000
2018-03-01 06:38:33,0.00310900,1.28000000
2018-03-01 06:38:34,0.00311000,1.61000000
2018-03-01 06:38:43,0.00310900,16.08000000
2018-03-01 06:38:44,0.00310200,11.67000000
2018-03-01 06:38:44,0.00310200,1.81000000
2018-03-01 06:38:44,0.00310200,36.85000000
2018-03-01 06:38:45,0.00310200,13.43000000
2018-03-01 06:38:45,0.00310900,2.69000000
2018-03-01 06:38:49,0.00310800,6.43000000
2018-03-01 06:38:49,0.00310800,5.24000000
2018-03-01 06:38:49,0.00310900,12.63000000
2018-03-01 06:38:58,0.00310900,2.57000000
2018-03-01 06:39:08,0.00310200,2.00000000
2018-03-01 06:39:13,0.00310800,20.96000000
2018-03-01 06:39:26,0.00310700,82.96000000
2018-03-01 06:39:26,0.00310700,25.74000000
2018-03-01 06:39:30,0.00310200,7.67000000
2018-03-01 06:39:30,0.00310100,2.00000000
2018-03-01 06:39:30,0.00310000,10.44000000
2018-03-01 06:39:32,0.00310200,7.67000000
2018-03-01 06:39:32,0.00310600,11.64000000
2018-03-01 06:39:35,0.00310600,1.54000000
2018-03-01 06:39:37,0.00310000,5.95000000
2018-03-01 06:39:38,0.00310600,12.87000000
2018-03-01 06:39:39,0.00310000,1.16000000
2018-03-01 06:39:44,0.00310600,6.43000000
2018-03-01 06:39:50,0.00310400,22.39000000
2018-03-01 06:39:50,0.00310600,9.80000000
2018-03-01 06:39:56,0.00310500,2.66000000
2018-03-01 06:39:56,0.00310600,25.75000000
2018-03-01 06:40:02,0.00310600,12.87000000
2018-03-01 06:40:04,0.00310600,0.92000000
2018-03-01 06:40:08,0.00310600,6.43000000
2018-03-01 06:40:09,0.00310600,3.55000000
2018-03-01 06:40:09,0.00310600,0.64000000
2018-03-01 06:40:09,0.00310500,10.09000000
2018-03-01 06:40:11,0.00310500,1.10000000
2018-03-01 06:40:12,0.00310500,0.71000000
2018-03-01 06:40:13,0.00310500,5.03000000
2018-03-01 06:40:14,0.00310500,16.10000000
2018-03-01 06:40:20,0.00310500,6.44000000
2018-03-01 06:40:23,0.00310400,4.10000000
2018-03-01 06:40:31,0.00310400,1.43000000
2018-03-01 06:40:32,0.00310400,22.55000000
2018-03-01 06:40:38,0.00310400,12.88000000
2018-03-01 06:40:38,0.00310400,29.85000000
2018-03-01 06:40:44,0.00310300,16.11000000
2018-03-01 06:40:47,0.00310000,9.41000000
2018-03-01 06:40:50,0.00310300,45.11000000
2018-03-01 06:40:53,0.00310300,25.79000000
2018-03-01 06:40:56,0.00310300,41.89000000
2018-03-01 06:40:56,0.00310300,7.22000000
2018-03-01 06:40:56,0.00310300,0.57000000
2018-03-01 06:40:58,0.00310300,2.02000000
2018-03-01 06:41:00,0.00310300,0.77000000
2018-03-01 06:41:02,0.00310300,12.89000000
2018-03-01 06:41:04,0.00310000,9.64000000
2018-03-01 06:41:08,0.00310300,12.89000000
2018-03-01 06:41:12,0.00310300,99.98000000
2018-03-01 06:41:14,0.00310400,9.66000000
2018-03-01 06:41:14,0.00310300,7.41000000
2018-03-01 06:41:20,0.00310300,3.33000000
2018-03-01 06:41:21,0.00310300,0.53000000
2018-03-01 06:41:21,0.00310300,2.29000000
2018-03-01 06:41:22,0.00310300,22.13000000
2018-03-01 06:41:22,0.00310300,0.53000000
2018-03-01 06:41:23,0.00310300,1.90000000
2018-03-01 06:41:23,0.00310300,6.00000000
2018-03-01 06:41:26,0.00310300,123.90000000
2018-03-01 06:41:32,0.00310300,6.43000000
2018-03-01 06:41:38,0.00310000,2.00000000
2018-03-01 06:41:40,0.00310000,8.94000000
2018-03-01 06:41:40,0.00310300,16.11000000
2018-03-01 06:41:41,0.00310300,28.17000000
2018-03-01 06:41:43,0.00310000,8.50000000
2018-03-01 06:41:43,0.00310000,36.63000000
2018-03-01 06:41:44,0.00310000,19.35000000
2018-03-01 06:41:44,0.00310000,27.01000000
2018-03-01 06:41:44,0.00310000,7.67000000
2018-03-01 06:41:44,0.00310300,8.46000000
2018-03-01 06:41:46,0.00310300,3.14000000
2018-03-01 06:41:48,0.00310300,85.55000000
2018-03-01 06:41:53,0.00310200,10.00000000
2018-03-01 06:41:53,0.00310300,32.78000000
2018-03-01 06:41:54,0.00310300,16.12000000
2018-03-01 06:41:55,0.00310300,17.23000000
2018-03-01 06:41:59,0.00310300,9.46000000
2018-03-01 06:42:11,0.00309900,69.43000000
2018-03-01 06:42:24,0.00309900,22.11000000
2018-03-01 06:42:30,0.00310300,3.14000000
2018-03-01 06:42:42,0.00310300,64.45000000
2018-03-01 06:42:43,0.00310300,0.81000000
2018-03-01 06:42:45,0.00309800,14.89000000
2018-03-01 06:42:45,0.00309700,100.32000000
2018-03-01 06:42:48,0.00309700,106.55000000
2018-03-01 06:42:51,0.00309700,2.70000000
2018-03-01 06:42:51,0.00309700,2.26000000
2018-03-01 06:42:54,0.00309700,9.68000000
2018-03-01 06:43:00,0.00309700,9.68000000
2018-03-01 06:43:04,0.00309600,1.89000000
2018-03-01 06:43:05,0.00309600,0.78000000
2018-03-01 06:43:07,0.00309500,0.71000000
2018-03-01 06:43:13,0.00309600,41.98000000
2018-03-01 06:43:19,0.00309600,25.83000000
2018-03-01 06:43:20,0.00309500,5.00000000
2018-03-01 06:43:20,0.00309600,50.00000000
2018-03-01 06:43:23,0.00309600,16.23000000
2018-03-01 06:43:23,0.00309700,0.81000000
2018-03-01 06:43:24,0.00309500,57.31000000
2018-03-01 06:43:25,0.00309500,51.69000000
2018-03-01 06:43:27,0.00309500,0.83000000
2018-03-01 06:43:29,0.00309500,0.50000000
2018-03-01 06:43:29,0.00309500,2.94000000
2018-03-01 06:43:33,0.00309500,44.62000000
2018-03-01 06:43:34,0.00309500,17.08000000
2018-03-01 06:43:34,0.00309700,4.67000000
2018-03-01 06:43:34,0.00309700,5.00000000
2018-03-01 06:43:37,0.00309700,22.60000000
2018-03-01 06:43:42,0.00309700,1.42000000
2018-03-01 06:43:43,0.00309700,32.28000000
2018-03-01 06:43:43,0.00309700,5.01000000
2018-03-01 06:43:43,0.00309700,5.00000000
2018-03-01 06:43:44,0.00309700,35.32000000
2018-03-01 06:43:45,0.00309600,1.01000000
2018-03-01 06:43:46,0.00309400,3.73000000
2018-03-01 06:43:48,0.00309600,18.95000000
2018-03-01 06:43:55,0.00309600,0.04000000
2018-03-01 06:43:58,0.00309600,6.45000000
2018-03-01 06:43:58,0.00309300,14.49000000
2018-03-01 06:43:58,0.00309200,82.48000000
2018-03-01 06:43:59,0.00309300,3.69000000
2018-03-01 06:44:00,0.00309300,8.29000000
2018-03-01 06:44:00,0.00309300,5.34000000
2018-03-01 06:44:07,0.00309200,2.20000000
2018-03-01 06:44:12,0.00309200,2.99000000
2018-03-01 06:44:12,0.00309100,1.27000000
2018-03-01 06:44:14,0.00309500,4.26000000
2018-03-01 06:44:15,0.00309500,5.01000000
2018-03-01 06:44:18,0.00309500,32.35000000
2018-03-01 06:44:18,0.00309500,59.57000000
2018-03-01 06:44:18,0.00309500,0.01000000
2018-03-01 06:44:18,0.00309600,45.22000000
2018-03-01 06:44:19,0.00309100,0.33000000
2018-03-01 06:44:19,0.00309000,0.62000000
2018-03-01 06:44:19,0.00309100,16.15000000
2018-03-01 06:44:23,0.00309200,32.35000000
2018-03-01 06:44:23,0.00309200,9.75000000
2018-03-01 06:44:23,0.00309200,4.62000000
2018-03-01 06:44:24,0.00309200,1.36000000
2018-03-01 06:44:25,0.00309200,32.35000000
2018-03-01 06:44:25,0.00309200,3.48000000
2018-03-01 06:44:25,0.00309200,45.92000000
2018-03-01 06:44:25,0.00309200,4.26000000
2018-03-01 06:44:25,0.00309200,27.29000000
2018-03-01 06:44:26,0.00309200,7.41000000
2018-03-01 06:44:26,0.00309200,3.32000000
2018-03-01 06:44:27,0.00309200,27.45000000
2018-03-01 06:44:28,0.00309200,15.85000000
2018-03-01 06:44:29,0.00309200,6.46000000
2018-03-01 06:44:35,0.00309200,3.23000000
2018-03-01 06:44:35,0.00309200,0.78000000
2018-03-01 06:44:37,0.00309200,20.68000000
2018-03-01 06:44:38,0.00309200,29.32000000
2018-03-01 06:44:39,0.00309200,12.90000000
2018-03-01 06:44:40,0.00309400,32.96000000
2018-03-01 06:44:41,0.00309400,42.01000000
2018-03-01 06:44:42,0.00309400,43.36000000
2018-03-01 06:44:42,0.00309500,0.40000000
2018-03-01 06:44:44,0.00309500,0.64000000
2018-03-01 06:44:44,0.00309500,0.96000000
2018-03-01 06:44:44,0.00309500,70.00000000
2018-03-01 06:44:44,0.00309500,40.00000000
2018-03-01 06:44:46,0.00309500,0.96000000
2018-03-01 06:44:47,0.00309500,0.74000000
2018-03-01 06:44:47,0.00309500,32.31000000
2018-03-01 06:44:48,0.00309500,1.20000000
2018-03-01 06:44:49,0.00309500,0.78000000
2018-03-01 06:44:50,0.00309500,33.34000000
2018-03-01 06:44:50,0.00309400,0.64000000
2018-03-01 06:44:50,0.00309500,31.59000000
2018-03-01 06:44:51,0.00309500,15.49000000
2018-03-01 06:44:53,0.00309400,8.59000000
2018-03-01 06:44:53,0.00309200,1.00000000
2018-03-01 06:44:53,0.00309400,12.38000000
2018-03-01 06:44:53,0.00309400,42.00000000
2018-03-01 06:44:53,0.00309400,2.88000000
2018-03-01 06:44:54,0.00309400,32.34000000
2018-03-01 06:44:54,0.00309400,4.04000000
2018-03-01 06:44:55,0.00309400,0.74000000
2018-03-01 06:44:57,0.00309500,15.28000000
2018-03-01 06:44:59,0.00309500,35.54000000
2018-03-01 06:44:59,0.00309500,0.78000000
2018-03-01 06:45:00,0.00309400,0.04000000
2018-03-01 06:45:00,0.00309200,14.08000000
2018-03-01 06:45:00,0.00309500,5.09000000
2018-03-01 06:45:01,0.00309500,15.88000000
2018-03-01 06:45:03,0.00309500,14.41000000
2018-03-01 06:45:04,0.00309500,0.35000000
2018-03-01 06:45:04,0.00309500,0.36000000
2018-03-01 06:45:04,0.00309500,100.00000000
2018-03-01 06:45:04,0.00309500,1.60000000
2018-03-01 06:45:05,0.00309200,22.01000000
2018-03-01 06:45:05,0.00309200,24.35000000
2018-03-01 06:45:05,0.00309500,56.42000000
2018-03-01 06:45:05,0.00309500,3.10000000
2018-03-01 06:45:06,0.00309500,60.04000000
2018-03-01 06:45:06,0.00309500,32.35000000
2018-03-01 06:45:06,0.00309500,6.36000000
2018-03-01 06:45:07,0.00309500,100.10000000
2018-03-01 06:45:08,0.00309500,2.70000000
2018-03-01 06:45:09,0.00309500,1.60000000
2018-03-01 06:45:10,0.00309500,1.14000000
2018-03-01 06:45:10,0.00309500,3.83000000
2018-03-01 06:45:12,0.00309500,1.03000000
2018-03-01 06:45:12,0.00309500,3.23000000
2018-03-01 06:45:13,0.00309000,2.97000000
2018-03-01 06:45:17,0.00309500,4.94000000
2018-03-01 06:45:18,0.00309500,32.31000000
2018-03-01 06:45:19,0.00309500,66.88000000
2018-03-01 06:45:20,0.00309400,80.59000000
2018-03-01 06:45:20,0.00309500,219.71000000
2018-03-01 06:45:22,0.00309000,2.67000000
2018-03-01 06:45:22,0.00308900,3.87000000
2018-03-01 06:45:22,0.00308800,32.98000000
2018-03-01 06:45:22,0.00309400,9.68000000
2018-03-01 06:45:22,0.00309500,0.14000000
2018-03-01 06:45:24,0.00309500,19.38000000
2018-03-01 06:45:24,0.00309500,0.71000000
2018-03-01 06:45:27,0.00308800,0.17000000
2018-03-01 06:45:32,0.00309500,0.97000000
2018-03-01 06:45:32,0.00308800,163.70000000
2018-03-01 06:45:35,0.00309500,2.91000000
2018-03-01 06:45:36,0.00309500,3.23000000
2018-03-01 06:45:42,0.00309400,0.53000000
2018-03-01 06:45:42,0.00309400,4.75000000
2018-03-01 06:45:42,0.00309400,3.23000000
2018-03-01 06:45:44,0.00309400,4.93000000
2018-03-01 06:45:48,0.00309400,3.63000000
2018-03-01 06:45:48,0.00309100,1.94000000
2018-03-01 06:45:48,0.00309100,3.23000000
2018-03-01 06:45:58,0.00309100,26.73000000
2018-03-01 06:46:00,0.00309000,4.05000000
2018-03-01 06:46:05,0.00308800,272.18000000
2018-03-01 06:46:05,0.00308800,0.56000000
2018-03-01 06:46:05,0.00308800,2.11000000
2018-03-01 06:46:06,0.00308800,3.23000000
2018-03-01 06:46:06,0.00308800,16.19000000
2018-03-01 06:46:07,0.00308800,7.27000000
2018-03-01 06:46:07,0.00308800,3.24000000
2018-03-01 06:46:08,0.00308700,1.54000000
2018-03-01 06:46:09,0.00308800,1.70000000
2018-03-01 06:46:09,0.00308800,134.88000000
2018-03-01 06:46:11,0.00308900,100.00000000
2018-03-01 06:46:13,0.00308900,0.97000000
2018-03-01 06:46:14,0.00308900,8.45000000
2018-03-01 06:46:17,0.00308800,31.08000000
2018-03-01 06:46:22,0.00308900,4.94000000
2018-03-01 06:46:22,0.00308900,11.70000000
2018-03-01 06:46:23,0.00308900,2.13000000
2018-03-01 06:46:24,0.00308900,100.00000000
2018-03-01 06:46:24,0.00308800,134.34000000
2018-03-01 06:46:25,0.00308800,4.63000000
2018-03-01 06:46:27,0.00308800,27.45000000
2018-03-01 06:46:30,0.00308800,16.19000000
2018-03-01 06:46:30,0.00308800,4.94000000
2018-03-01 06:46:31,0.00308800,27.68000000
2018-03-01 06:46:31,0.00308800,12.73000000
2018-03-01 06:46:32,0.00308700,2.84000000
2018-03-01 06:46:32,0.00308800,77.70000000
2018-03-01 06:46:33,0.00308800,7.87000000
2018-03-01 06:46:34,0.00308800,140.58000000
2018-03-01 06:46:37,0.00308800,1.58000000
2018-03-01 06:46:38,0.00308900,1.77000000
2018-03-01 06:46:40,0.00308800,258.24000000
2018-03-01 06:46:40,0.00308700,3.67000000
2018-03-01 06:46:40,0.00308600,1.79000000
2018-03-01 06:46:41,0.00308700,23.31000000
2018-03-01 06:46:42,0.00308700,287.10000000
2018-03-01 06:46:42,0.00308700,12.25000000
2018-03-01 06:46:43,0.00308700,188.94000000
2018-03-01 06:46:48,0.00308700,1.00000000
2018-03-01 06:46:55,0.00308700,0.53000000
2018-03-01 06:46:56,0.00308700,50.00000000
2018-03-01 06:46:56,0.00308700,25.91000000
2018-03-01 06:46:57,0.00308700,0.63000000
2018-03-01 06:46:57,0.00308700,12.00000000
2018-03-01 06:47:00,0.00308700,2.40000000
2018-03-01 06:47:02,0.00308700,21.99000000
2018-03-01 06:47:03,0.00308700,1.46000000
2018-03-01 06:47:05,0.00308600,1.60000000
2018-03-01 06:47:05,0.00308500,0.64000000
2018-03-01 06:47:05,0.00308400,3.00000000
2018-03-01 06:47:05,0.00308300,37.67000000
2018-03-01 06:47:05,0.00308200,60.59000000
2018-03-01 06:47:05,0.00308000,26.70000000
2018-03-01 06:47:05,0.00307900,16.67000000
2018-03-01 06:47:06,0.00308700,26.04000000
2018-03-01 06:47:08,0.00308700,0.90000000
2018-03-01 06:47:08,0.00308700,8.99000000
2018-03-01 06:47:09,0.00308700,533.76000000
2018-03-01 06:47:14,0.00308700,6.47000000
2018-03-01 06:47:14,0.00308700,23.62000000
2018-03-01 06:47:16,0.00308700,1.63000000
2018-03-01 06:47:20,0.00308600,0.97000000
2018-03-01 06:47:21,0.00308600,2.13000000
2018-03-01 06:47:23,0.00308600,1.30000000
2018-03-01 06:47:24,0.00308600,2.47000000
2018-03-01 06:47:24,0.00308600,77.83000000
2018-03-01 06:47:28,0.00308600,0.44000000
2018-03-01 06:47:29,0.00308600,233.28000000
2018-03-01 06:47:32,0.00308500,0.34000000
2018-03-01 06:47:32,0.00308500,3.24000000
2018-03-01 06:47:34,0.00308300,7.59000000
2018-03-01 06:47:34,0.00308200,103.18000000
2018-03-01 06:47:35,0.00308500,16.21000000
2018-03-01 06:47:37,0.00308500,16.21000000
2018-03-01 06:47:39,0.00308500,31.06000000
2018-03-01 06:47:40,0.00308500,31.06000000
2018-03-01 06:47:40,0.00308500,0.50000000
2018-03-01 06:47:40,0.00308500,11.18000000
2018-03-01 06:47:40,0.00308500,31.06000000
2018-03-01 06:47:41,0.00308500,4.92000000
2018-03-01 06:47:43,0.00308500,4.92000000
2018-03-01 06:47:43,0.00308500,48.09000000
2018-03-01 06:47:44,0.00308500,1.32000000
2018-03-01 06:47:49,0.00308400,2.59000000
2018-03-01 06:47:49,0.00308500,0.14000000
2018-03-01 06:47:50,0.00308500,4.92000000
2018-03-01 06:47:50,0.00308500,44.76000000
2018-03-01 06:47:52,0.00308500,23.92000000
2018-03-01 06:47:52,0.00308500,27.45000000
2018-03-01 06:47:53,0.00308400,2.59000000
2018-03-01 06:47:53,0.00308200,28.92000000
2018-03-01 06:47:55,0.00308400,0.04000000
2018-03-01 06:47:55,0.00308400,1.12000000
2018-03-01 06:47:56,0.00308500,10.09000000
2018-03-01 06:47:56,0.00308500,15.53000000
2018-03-01 06:48:02,0.00308500,27.45000000
2018-03-01 06:48:02,0.00308500,1.30000000
2018-03-01 06:48:03,0.00308500,0.97000000
2018-03-01 06:48:03,0.00308500,91.05000000
2018-03-01 06:48:03,0.00308600,7.95000000
2018-03-01 06:48:04,0.00308500,1.30000000
2018-03-01 06:48:06,0.00308500,5.60000000
2018-03-01 06:48:08,0.00308500,2.40000000
2018-03-01 06:48:09,0.00308500,14.47000000
2018-03-01 06:48:10,0.00308500,27.45000000
2018-03-01 06:48:13,0.00308500,28.09000000
2018-03-01 06:48:18,0.00308500,13.78000000
2018-03-01 06:48:18,0.00308400,0.18000000
2018-03-01 06:48:18,0.00308200,17.52000000
2018-03-01 06:48:18,0.00308500,9.93000000
2018-03-01 06:48:21,0.00307900,2.89000000
2018-03-01 06:48:21,0.00307800,1.11000000
2018-03-01 06:48:29,0.00308400,27.45000000
2018-03-01 06:48:32,0.00307800,71.08000000
2018-03-01 06:48:35,0.00307900,1.92000000
2018-03-01 06:48:35,0.00307800,2.95000000
2018-03-01 06:48:39,0.00308400,3.23000000
2018-03-01 06:48:39,0.00308500,1.71000000
2018-03-01 06:48:40,0.00308300,1.37000000
2018-03-01 06:48:40,0.00308300,30.00000000
2018-03-01 06:48:42,0.00308300,30.00000000
2018-03-01 06:48:43,0.00308300,0.39000000
2018-03-01 06:48:44,0.00308300,30.00000000
2018-03-01 06:48:46,0.00308300,0.64000000
2018-03-01 06:48:47,0.00308300,4.94000000
2018-03-01 06:48:48,0.00308300,3.02000000
2018-03-01 06:48:49,0.00308200,1.50000000
2018-03-01 06:48:49,0.00308300,11.92000000
2018-03-01 06:48:50,0.00308300,16.21000000
2018-03-01 06:48:50,0.00308200,20.85000000
2018-03-01 06:48:50,0.00308200,25.48000000
2018-03-01 06:48:50,0.00308200,2.66000000
2018-03-01 06:48:51,0.00308200,30.80000000
2018-03-01 06:48:52,0.00308300,1.30000000
2018-03-01 06:48:52,0.00308300,28.14000000
2018-03-01 06:48:54,0.00308200,16.22000000
2018-03-01 06:48:54,0.00308200,30.00000000
2018-03-01 06:48:55,0.00308200,1.50000000
2018-03-01 06:48:56,0.00308200,4.94000000
2018-03-01 06:48:56,0.00308200,7.53000000
2018-03-01 06:48:56,0.00308300,22.47000000
2018-03-01 06:48:57,0.00308300,152.32000000
2018-03-01 06:48:58,0.00308300,12.47000000
2018-03-01 06:48:58,0.00308300,30.00000000
2018-03-01 06:48:59,0.00308300,1.30000000
2018-03-01 06:49:00,0.00308300,16.21000000
2018-03-01 06:49:00,0.00308300,19.00000000
2018-03-01 06:49:00,0.00308300,0.98000000
2018-03-01 06:49:03,0.00308300,16.21000000
2018-03-01 06:49:03,0.00308300,4.94000000
2018-03-01 06:49:03,0.00308200,6.21000000
2018-03-01 06:49:04,0.00308200,7.27000000
2018-03-01 06:49:05,0.00308200,2.60000000
2018-03-01 06:49:05,0.00308200,0.52000000
2018-03-01 06:49:07,0.00308200,1.90000000
2018-03-01 06:49:07,0.00308200,301.06000000
2018-03-01 06:49:08,0.00308200,1.92000000
2018-03-01 06:49:08,0.00308200,20.00000000
2018-03-01 06:49:08,0.00308200,9.32000000
2018-03-01 06:49:08,0.00308200,16.22000000
2018-03-01 06:49:09,0.00308200,9.70000000
2018-03-01 06:49:10,0.00308200,13.00000000
2018-03-01 06:49:11,0.00308200,10.50000000
2018-03-01 06:49:11,0.00308200,9.73000000
2018-03-01 06:49:11,0.00308200,9.73000000
2018-03-01 06:49:11,0.00308200,4.94000000
2018-03-01 06:49:11,0.00308200,9.44000000
2018-03-01 06:49:12,0.00308200,9.73000000
2018-03-01 06:49:12,0.00307900,23.88000000
2018-03-01 06:49:12,0.00308200,16.22000000
2018-03-01 06:49:13,0.00308200,1.92000000
2018-03-01 06:49:14,0.00308200,1.00000000
2018-03-01 06:49:14,0.00307900,102.35000000
2018-03-01 06:49:15,0.00308200,43.53000000
2018-03-01 06:49:15,0.00308200,155.67000000
2018-03-01 06:49:16,0.00308300,1.40000000
2018-03-01 06:49:23,0.00308300,11.95000000
2018-03-01 06:49:25,0.00308300,3.22000000
2018-03-01 06:49:30,0.00308200,182.87000000
2018-03-01 06:49:30,0.00307900,108.99000000
2018-03-01 06:49:30,0.00307800,35.71000000
2018-03-01 06:49:30,0.00308300,0.97000000
2018-03-01 06:49:32,0.00308300,16.67000000
2018-03-01 06:49:35,0.00307800,182.08000000
2018-03-01 06:49:35,0.00307700,6.27000000
2018-03-01 06:49:35,0.00307600,10.90000000
2018-03-01 06:49:35,0.00307500,75.26000000
2018-03-01 06:49:35,0.00307500,0.77000000
2018-03-01 06:49:35,0.00308200,0.97000000
2018-03-01 06:49:35,0.00308300,3.00000000
2018-03-01 06:49:36,0.00308300,1.92000000
2018-03-01 06:49:37,0.00308300,7.50000000
2018-03-01 06:49:39,0.00308200,6.72000000
2018-03-01 06:49:54,0.00308200,2.00000000
2018-03-01 06:49:56,0.00308200,19.98000000
2018-03-01 06:49:56,0.00308200,4.22000000
2018-03-01 06:50:02,0.00308200,5.00000000
2018-03-01 06:50:02,0.00308200,3.58000000
2018-03-01 06:50:06,0.00308200,1.14000000
2018-03-01 06:50:06,0.00308200,5.04000000
2018-03-01 06:50:06,0.00308200,1.14000000
2018-03-01 06:50:08,0.00308200,1.78000000
2018-03-01 06:50:08,0.00308200,1.46000000
2018-03-01 06:50:08,0.00308200,15.02000000
2018-03-01 06:50:09,0.00308200,2.24000000
2018-03-01 06:50:09,0.00307900,27.76000000
2018-03-01 06:50:10,0.00307900,2.50000000
2018-03-01 06:50:10,0.00307900,1.00000000
2018-03-01 06:50:10,0.00307900,13.79000000
2018-03-01 06:50:10,0.00307900,4.95000000
2018-03-01 06:50:11,0.00308200,2.45000000
2018-03-01 06:50:11,0.00308200,2.45000000
2018-03-01 06:50:11,0.00308200,16.23000000
2018-03-01 06:50:12,0.00308200,1.30000000
2018-03-01 06:50:14,0.00308200,1.92000000
2018-03-01 06:50:17,0.00308200,6.77000000
2018-03-01 06:50:20,0.00308200,6.77000000
2018-03-01 06:50:22,0.00308200,1.30000000
2018-03-01 06:50:25,0.00308200,4.36000000
2018-03-01 06:50:30,0.00308200,5.37000000
2018-03-01 06:50:34,0.00308200,1.79000000
2018-03-01 06:50:37,0.00308200,3.28000000
2018-03-01 06:50:41,0.00308200,20.00000000
2018-03-01 06:50:44,0.00308100,3.11000000
2018-03-01 06:50:44,0.00308100,4.80000000
2018-03-01 06:50:45,0.00308000,10.84000000
2018-03-01 06:50:45,0.00307900,12.12000000
2018-03-01 06:50:47,0.00307900,17.96000000
2018-03-01 06:50:47,0.00307700,22.00000000
2018-03-01 06:50:47,0.00307600,94.09000000
2018-03-01 06:50:55,0.00308100,2.60000000
2018-03-01 06:50:57,0.00308000,10.09000000
2018-03-01 06:50:57,0.00308000,0.02000000
2018-03-01 06:50:57,0.00308100,9.71000000
2018-03-01 06:50:58,0.00308100,9.71000000
2018-03-01 06:50:59,0.00308100,1.30000000
2018-03-01 06:51:00,0.00308100,9.72000000
2018-03-01 06:51:01,0.00308100,20.60000000
2018-03-01 06:51:01,0.00308200,6.14000000
2018-03-01 06:51:03,0.00308200,2.20000000
2018-03-01 06:51:04,0.00308200,2.14000000
2018-03-01 06:51:05,0.00308200,9.70000000
2018-03-01 06:51:05,0.00308200,0.48000000
2018-03-01 06:51:05,0.00308200,2.24000000
2018-03-01 06:51:05,0.00308200,20.46000000
2018-03-01 06:51:05,0.00308200,9.70000000
2018-03-01 06:51:07,0.00308200,7.12000000
2018-03-01 06:51:09,0.00308200,1.30000000
2018-03-01 06:51:12,0.00308200,1.30000000
2018-03-01 06:51:13,0.00308200,0.88000000
2018-03-01 06:51:14,0.00308200,1.94000000
2018-03-01 06:51:15,0.00308200,9.02000000
2018-03-01 06:51:16,0.00308200,1.30000000
2018-03-01 06:51:18,0.00308100,4.87000000
2018-03-01 06:51:18,0.00308100,10.11000000
2018-03-01 06:51:19,0.00308100,3.00000000
2018-03-01 06:51:19,0.00308100,11.34000000
2018-03-01 06:51:19,0.00308100,7.28000000
2018-03-01 06:51:21,0.00308100,1.30000000
2018-03-01 06:51:22,0.00308100,5.00000000
2018-03-01 06:51:23,0.00308100,1.92000000
2018-03-01 06:51:23,0.00308100,1.30000000
2018-03-01 06:51:25,0.00308100,1.30000000
2018-03-01 06:51:26,0.00308100,45.52000000
2018-03-01 06:51:28,0.00308100,1.30000000
2018-03-01 06:51:30,0.00308100,6.00000000
2018-03-01 06:51:32,0.00308100,2.01000000
2018-03-01 06:51:34,0.00308100,1.30000000
2018-03-01 06:51:35,0.00308100,21.14000000
2018-03-01 06:51:36,0.00308000,1.28000000
2018-03-01 06:51:36,0.00308000,1.18000000
2018-03-01 06:51:36,0.00308100,0.12000000
2018-03-01 06:51:38,0.00308100,1.81000000
2018-03-01 06:51:39,0.00308100,1.30000000
2018-03-01 06:51:40,0.00308100,49.20000000
2018-03-01 06:51:41,0.00308100,12.98000000
2018-03-01 06:51:43,0.00308100,12.06000000
2018-03-01 06:51:45,0.00308100,100.00000000
2018-03-01 06:51:45,0.00308100,10.54000000
2018-03-01 06:51:49,0.00308100,2.95000000
2018-03-01 06:51:51,0.00308100,2.95000000
2018-03-01 06:51:53,0.00308100,1.61000000
2018-03-01 06:51:54,0.00308100,5.00000000
2018-03-01 06:51:55,0.00308100,12.98000000
2018-03-01 06:51:58,0.00308100,12.98000000
2018-03-01 06:51:58,0.00308100,5.00000000
2018-03-01 06:52:00,0.00308100,12.98000000
2018-03-01 06:52:02,0.00308100,9.70000000
2018-03-01 06:52:02,0.00308100,12.92000000
2018-03-01 06:52:02,0.00308100,9.70000000
2018-03-01 06:52:03,0.00308100,9.70000000
2018-03-01 06:52:04,0.00308100,12.98000000
2018-03-01 06:52:05,0.00308100,2.20000000
2018-03-01 06:52:08,0.00308000,9.71000000
2018-03-01 06:52:08,0.00307700,3.14000000
2018-03-01 06:52:08,0.00308000,9.71000000
2018-03-01 06:52:09,0.00308000,9.71000000
2018-03-01 06:52:09,0.00308000,0.87000000
2018-03-01 06:52:09,0.00308100,9.71000000
2018-03-01 06:52:10,0.00307700,75.89000000
2018-03-01 06:52:10,0.00307600,69.65000000
2018-03-01 06:52:10,0.00307500,206.30000000
2018-03-01 06:52:10,0.00307500,1.00000000
2018-03-01 06:52:10,0.00307500,9.71000000
2018-03-01 06:52:10,0.00307500,68.78000000
2018-03-01 06:52:10,0.00307500,9.71000000
2018-03-01 06:52:11,0.00307500,13.00000000
2018-03-01 06:52:11,0.00307500,9.71000000
2018-03-01 06:52:11,0.00307500,16.26000000
2018-03-01 06:52:11,0.00307500,9.71000000
2018-03-01 06:52:11,0.00307500,16.26000000
2018-03-01 06:52:11,0.00307500,9.71000000
2018-03-01 06:52:11,0.00307500,19.41000000
2018-03-01 06:52:11,0.00308100,9.71000000
2018-03-01 06:52:11,0.00308100,1.87000000
2018-03-01 06:52:11,0.00308100,9.71000000
2018-03-01 06:52:11,0.00308100,9.71000000
2018-03-01 06:52:11,0.00308100,9.71000000
2018-03-01 06:52:12,0.00308100,9.71000000
2018-03-01 06:52:12,0.00308100,9.71000000
2018-03-01 06:52:12,0.00308100,9.71000000
2018-03-01 06:52:12,0.00308100,9.71000000
2018-03-01 06:52:17,0.00308100,0.68000000
2018-03-01 06:52:17,0.00308100,0.62000000
2018-03-01 06:52:17,0.00308100,0.80000000
2018-03-01 06:52:17,0.00308100,0.80000000
2018-03-01 06:52:18,0.00308100,2.24000000
2018-03-01 06:52:18,0.00308100,0.80000000
2018-03-01 06:52:20,0.00308100,314.02000000
2018-03-01 06:52:21,0.00308100,0.39000000
2018-03-01 06:52:21,0.00308100,1.67000000
2018-03-01 06:52:22,0.00308100,20.12000000
2018-03-01 06:52:22,0.00308100,2.50000000
2018-03-01 06:52:25,0.00308100,2.19000000
2018-03-01 06:52:25,0.00308000,0.64000000
2018-03-01 06:52:25,0.00307500,17.99000000
2018-03-01 06:52:25,0.00307400,0.90000000
2018-03-01 06:52:25,0.00307300,3.56000000
2018-03-01 06:52:25,0.00307100,0.13000000
2018-03-01 06:52:27,0.00308100,1.30000000
2018-03-01 06:52:29,0.00308100,1.59000000
2018-03-01 06:52:32,0.00308100,1.59000000
2018-03-01 06:52:32,0.00308100,3.09000000
2018-03-01 06:52:34,0.00308100,1.30000000
2018-03-01 06:52:36,0.00308100,2.40000000
2018-03-01 06:52:39,0.00308100,0.39000000
2018-03-01 06:52:44,0.00308100,1.30000000
2018-03-01 06:52:46,0.00307200,58.48000000
2018-03-01 06:52:46,0.00308100,1.30000000
2018-03-01 06:52:51,0.00307300,2.68000000
2018-03-01 06:52:51,0.00307100,50.57000000
2018-03-01 06:52:51,0.00307000,8.57000000
2018-03-01 06:52:51,0.00306900,38.55000000
2018-03-01 06:52:51,0.00306800,134.73000000
2018-03-01 06:52:51,0.00306700,103.30000000
2018-03-01 06:52:51,0.00306600,516.31000000
2018-03-01 06:52:51,0.00306600,12.12000000
2018-03-01 06:52:51,0.00306600,1.30000000
2018-03-01 06:52:51,0.00306600,1.30000000
2018-03-01 06:52:51,0.00306600,1.85000000
2018-03-01 06:52:51,0.00306500,1.30000000
2018-03-01 06:52:51,0.00306600,0.40000000
2018-03-01 06:52:51,0.00306600,11.18000000
2018-03-01 06:52:51,0.00306600,12.35000000
2018-03-01 06:52:51,0.00306600,9.74000000
2018-03-01 06:52:51,0.00306600,6.81000000
2018-03-01 06:52:51,0.00307900,1.00000000
2018-03-01 06:52:51,0.00307900,0.83000000
2018-03-01 06:52:52,0.00307900,1.27000000
2018-03-01 06:52:52,0.00307000,28.01000000
2018-03-01 06:52:52,0.00307000,2.13000000
2018-03-01 06:52:52,0.00307000,114.37000000
2018-03-01 06:52:52,0.00307000,343.60000000
2018-03-01 06:52:53,0.00307100,3.04000000
2018-03-01 06:52:53,0.00307900,6.65000000
2018-03-01 06:52:53,0.00308000,50.94000000
2018-03-01 06:52:54,0.00307100,3.02000000
2018-03-01 06:52:54,0.00307000,0.43000000
2018-03-01 06:52:57,0.00307500,0.41000000
2018-03-01 06:52:57,0.00306900,9.77000000
2018-03-01 06:52:57,0.00306800,57.59000000
2018-03-01 06:52:57,0.00306600,51.07000000
2018-03-01 06:52:57,0.00306500,11.17000000
2018-03-01 06:52:58,0.00307500,0.81000000
2018-03-01 06:53:00,0.00307400,0.33000000
2018-03-01 06:53:00,0.00307400,1.07000000
2018-03-01 06:53:00,0.00307400,5.94000000
2018-03-01 06:53:01,0.00306700,22.45000000
2018-03-01 06:53:01,0.00306500,8.42000000
2018-03-01 06:53:01,0.00306400,12.00000000
2018-03-01 06:53:01,0.00306300,10.00000000
2018-03-01 06:53:01,0.00306200,36.45000000
2018-03-01 06:53:02,0.00307300,0.70000000
2018-03-01 06:53:02,0.00307300,0.28000000
2018-03-01 06:53:02,0.00307400,0.21000000
2018-03-01 06:53:03,0.00307200,11.88000000
2018-03-01 06:53:03,0.00307200,7.92000000
2018-03-01 06:53:03,0.00307200,7.92000000
2018-03-01 06:53:03,0.00307200,6.36000000
2018-03-01 06:53:03,0.00307100,6.81000000
2018-03-01 06:53:04,0.00307100,16.28000000
2018-03-01 06:53:04,0.00307100,27.27000000
2018-03-01 06:53:04,0.00307100,39.18000000
2018-03-01 06:53:05,0.00307100,27.27000000
2018-03-01 06:53:05,0.00307500,1.10000000
2018-03-01 06:53:05,0.00307600,15.18000000
2018-03-01 06:53:07,0.00307800,1.60000000
2018-03-01 06:53:11,0.00307900,0.97000000
2018-03-01 06:53:11,0.00307900,0.81000000
2018-03-01 06:53:11,0.00307900,0.81000000
2018-03-01 06:53:11,0.00307900,0.65000000
2018-03-01 06:53:11,0.00307900,2.18000000
2018-03-01 06:53:11,0.00307900,0.39000000
2018-03-01 06:53:11,0.00307800,0.81000000
2018-03-01 06:53:12,0.00307800,4.70000000
2018-03-01 06:53:12,0.00307800,0.81000000
2018-03-01 06:53:12,0.00307800,1.43000000
2018-03-01 06:53:12,0.00307800,0.81000000
2018-03-01 06:53:12,0.00307800,0.38000000
2018-03-01 06:53:12,0.00307800,0.81000000
2018-03-01 06:53:13,0.00307800,1.33000000
2018-03-01 06:53:13,0.00307800,1.62000000
2018-03-01 06:53:13,0.00307800,1.57000000
2018-03-01 06:53:13,0.00307800,1.62000000
2018-03-01 06:53:13,0.00307800,1.62000000
2018-03-01 06:53:13,0.00307800,2.05000000
2018-03-01 06:53:14,0.00307600,2.60000000
2018-03-01 06:53:14,0.00307200,16.27000000
2018-03-01 06:53:14,0.00307100,9.78000000
2018-03-01 06:53:14,0.00306700,9.78000000
2018-03-01 06:53:14,0.00306600,34.85000000
2018-03-01 06:53:14,0.00306500,631.21000000
2018-03-01 06:53:14,0.00306300,62.16000000
2018-03-01 06:53:14,0.00307800,0.62000000
2018-03-01 06:53:14,0.00306400,65.49000000
2018-03-01 06:53:14,0.00306300,71.44000000
2018-03-01 06:53:14,0.00306200,491.95000000
2018-03-01 06:53:14,0.00306100,148.04000000
2018-03-01 06:53:14,0.00306100,50.59000000
2018-03-01 06:53:14,0.00306100,170.00000000
2018-03-01 06:53:14,0.00306100,3.25000000
2018-03-01 06:53:14,0.00306100,13.48000000
2018-03-01 06:53:14,0.00306100,1.63000000
2018-03-01 06:53:14,0.00306100,32.40000000
2018-03-01 06:53:14,0.00306100,32.46000000
2018-03-01 06:53:14,0.00306100,3.26000000
2018-03-01 06:53:15,0.00306100,1.10000000
2018-03-01 06:53:15,0.00306100,3.80000000
2018-03-01 06:53:15,0.00306100,32.46000000
2018-03-01 06:53:15,0.00306100,1.87000000
2018-03-01 06:53:15,0.00306100,0.47000000
2018-03-01 06:53:15,0.00306100,31.00000000
2018-03-01 06:53:15,0.00306100,31.87000000
2018-03-01 06:53:15,0.00306100,9.75000000
2018-03-01 06:53:15,0.00306100,24.74000000
2018-03-01 06:53:15,0.00306100,56.04000000
2018-03-01 06:53:15,0.00306100,81.67000000
2018-03-01 06:53:15,0.00306100,32.46000000
2018-03-01 06:53:15,0.00306100,85.27000000
2018-03-01 06:53:15,0.00306800,7.03000000
2018-03-01 06:53:15,0.00306800,12.97000000
2018-03-01 06:53:15,0.00307600,72.42000000
2018-03-01 06:53:15,0.00307700,2.19000000
2018-03-01 06:53:15,0.00307700,2.18000000
2018-03-01 06:53:15,0.00307600,0.39000000
2018-03-01 06:53:16,0.00307600,72.15000000
2018-03-01 06:53:16,0.00307700,16.05000000
2018-03-01 06:53:16,0.00307600,0.81000000
2018-03-01 06:53:16,0.00306700,1.00000000
2018-03-01 06:53:16,0.00306500,2.04000000
2018-03-01 06:53:16,0.00307600,91.10000000
2018-03-01 06:53:17,0.00307500,6.20000000
2018-03-01 06:53:18,0.00307500,3.38000000
2018-03-01 06:53:20,0.00307400,1.66000000
2018-03-01 06:53:20,0.00307400,0.81000000
2018-03-01 06:53:21,0.00307400,1.92000000
2018-03-01 06:53:21,0.00307400,0.39000000
2018-03-01 06:53:21,0.00307400,1.63000000
2018-03-01 06:53:21,0.00307400,9.43000000
2018-03-01 06:53:21,0.00307500,0.20000000
2018-03-01 06:53:22,0.00307400,10.57000000
2018-03-01 06:53:23,0.00307400,0.81000000
2018-03-01 06:53:25,0.00307000,22.60000000
2018-03-01 06:53:25,0.00307000,0.91000000
2018-03-01 06:53:25,0.00307000,33.57000000
2018-03-01 06:53:25,0.00307300,0.98000000
2018-03-01 06:53:25,0.00307400,3.89000000
2018-03-01 06:53:26,0.00306900,2.54000000
2018-03-01 06:53:26,0.00307400,0.69000000
2018-03-01 06:53:26,0.00307500,13.06000000
2018-03-01 06:53:27,0.00307500,0.37000000
2018-03-01 06:53:27,0.00307500,0.65000000
2018-03-01 06:53:27,0.00307500,0.33000000
2018-03-01 06:53:28,0.00307500,1.24000000
2018-03-01 06:53:28,0.00307500,0.98000000
2018-03-01 06:53:28,0.00306900,6.36000000
2018-03-01 06:53:28,0.00307500,3.12000000
2018-03-01 06:53:29,0.00307500,1.30000000
2018-03-01 06:53:29,0.00307500,0.94000000
2018-03-01 06:53:29,0.00306900,18.03000000
2018-03-01 06:53:30,0.00306900,85.72000000
2018-03-01 06:53:30,0.00306900,93.81000000
2018-03-01 06:53:30,0.00306900,16.29000000
2018-03-01 06:53:31,0.00306900,0.98000000
2018-03-01 06:53:31,0.00306900,1.14000000
2018-03-01 06:53:32,0.00307500,16.29000000
2018-03-01 06:53:32,0.00307500,0.65000000
2018-03-01 06:53:32,0.00307400,3.48000000
2018-03-01 06:53:32,0.00307400,0.94000000
2018-03-01 06:53:33,0.00307400,0.81000000
2018-03-01 06:53:34,0.00307400,1.55000000
2018-03-01 06:53:37,0.00307200,16.33000000
2018-03-01 06:53:37,0.00307200,0.81000000
2018-03-01 06:53:37,0.00307200,0.39000000
2018-03-01 06:53:38,0.00307200,1.63000000
2018-03-01 06:53:38,0.00307200,0.65000000
2018-03-01 06:53:38,0.00307200,12.63000000
2018-03-01 06:53:40,0.00307200,0.41000000
2018-03-01 06:53:40,0.00307200,5.16000000
2018-03-01 06:53:40,0.00307300,30.32000000
2018-03-01 06:53:43,0.00307200,21.82000000
2018-03-01 06:53:43,0.00307200,0.49000000
2018-03-01 06:53:44,0.00307200,30.00000000
2018-03-01 06:53:45,0.00306700,0.59000000
2018-03-01 06:53:49,0.00307300,13.02000000
2018-03-01 06:53:49,0.00307300,1.85000000
2018-03-01 06:53:50,0.00307200,14.76000000
2018-03-01 06:53:50,0.00307300,0.81000000
2018-03-01 06:53:51,0.00307300,13.02000000
2018-03-01 06:53:52,0.00307300,4.73000000
2018-03-01 06:53:53,0.00307300,0.94000000
2018-03-01 06:53:53,0.00307300,13.02000000
2018-03-01 06:53:54,0.00307300,2.60000000
2018-03-01 06:53:57,0.00307300,2.34000000
2018-03-01 06:53:58,0.00306800,10.55000000
2018-03-01 06:53:58,0.00306700,17.25000000
2018-03-01 06:53:58,0.00306600,9.33000000
2018-03-01 06:53:58,0.00306500,19.98000000
2018-03-01 06:53:58,0.00306400,21.89000000
2018-03-01 06:53:58,0.00306200,1.40000000
2018-03-01 06:54:02,0.00307200,0.98000000
2018-03-01 06:54:04,0.00307200,0.32000000
2018-03-01 06:54:05,0.00307000,1.30000000
2018-03-01 06:54:06,0.00307000,0.41000000
2018-03-01 06:54:06,0.00307000,0.60000000
2018-03-01 06:54:07,0.00307000,0.97000000
2018-03-01 06:54:07,0.00307000,1.30000000
2018-03-01 06:54:07,0.00307000,0.52000000
2018-03-01 06:54:08,0.00307000,4.97000000
2018-03-01 06:54:08,0.00307000,0.91000000
2018-03-01 06:54:09,0.00306800,6.36000000
2018-03-01 06:54:09,0.00306100,6.84000000
2018-03-01 06:54:10,0.00306900,0.98000000
2018-03-01 06:54:10,0.00307000,0.77000000
2018-03-01 06:54:10,0.00307000,0.72000000
2018-03-01 06:54:10,0.00306800,3.77000000
2018-03-01 06:54:10,0.00306800,0.68000000
2018-03-01 06:54:13,0.00306200,1.79000000
2018-03-01 06:54:13,0.00306100,44.11000000
2018-03-01 06:54:13,0.00306000,93.41000000
2018-03-01 06:54:13,0.00305900,50.57000000
2018-03-01 06:54:13,0.00305800,16.00000000
2018-03-01 06:54:13,0.00305700,1.30000000
2018-03-01 06:54:13,0.00305600,94.24000000
2018-03-01 06:54:13,0.00305500,24.34000000
2018-03-01 06:54:13,0.00305400,15.84000000
2018-03-01 06:54:13,0.00305300,131.32000000
2018-03-01 06:54:13,0.00305200,33.94000000
2018-03-01 06:54:13,0.00305100,557.78000000
2018-03-01 06:54:13,0.00305000,458.87000000
2018-03-01 06:54:13,0.00305000,19.21000000
2018-03-01 06:54:13,0.00305000,3.61000000
2018-03-01 06:54:13,0.00304900,5.64000000
2018-03-01 06:54:13,0.00304900,5.05000000
2018-03-01 06:54:13,0.00304900,83.93000000
2018-03-01 06:54:13,0.00304900,3.37000000
2018-03-01 06:54:13,0.00304900,5.05000000
2018-03-01 06:54:13,0.00304900,5.05000000
2018-03-01 06:54:13,0.00304900,13.65000000
2018-03-01 06:54:13,0.00306900,1.92000000
2018-03-01 06:54:13,0.00306900,1.30000000
2018-03-01 06:54:13,0.00306900,9.78000000
2018-03-01 06:54:13,0.00306900,50.68000000
2018-03-01 06:54:14,0.00306800,4.45000000
2018-03-01 06:54:14,0.00306900,43.44000000
2018-03-01 06:54:14,0.00306900,13.03000000
2018-03-01 06:54:15,0.00306500,6.52000000
2018-03-01 06:54:15,0.00306500,1.00000000
2018-03-01 06:54:15,0.00306500,32.48000000
2018-03-01 06:54:15,0.00306700,3.04000000
2018-03-01 06:54:15,0.00306900,4.48000000
2018-03-01 06:54:16,0.00306900,15.15000000
2018-03-01 06:54:16,0.00307000,1.16000000
2018-03-01 06:54:18,0.00306900,0.49000000
2018-03-01 06:54:18,0.00306900,13.16000000
2018-03-01 06:54:18,0.00306900,0.49000000
2018-03-01 06:54:20,0.00306700,32.77000000
2018-03-01 06:54:20,0.00306800,3.91000000
2018-03-01 06:54:20,0.00306800,16.30000000
2018-03-01 06:54:20,0.00306800,21.92000000
2018-03-01 06:54:24,0.00306900,0.40000000
2018-03-01 06:54:24,0.00306800,24.37000000
2018-03-01 06:54:24,0.00306700,34.93000000
2018-03-01 06:54:26,0.00306900,0.02000000
2018-03-01 06:54:26,0.00307000,13.47000000
2018-03-01 06:54:28,0.00306900,24.87000000
2018-03-01 06:54:29,0.00306800,1.21000000
2018-03-01 06:54:29,0.00306800,0.41000000
2018-03-01 06:54:29,0.00306900,1.16000000
2018-03-01 06:54:29,0.00306900,19.01000000
2018-03-01 06:54:29,0.00306900,0.96000000
2018-03-01 06:54:32,0.00306900,9.75000000
2018-03-01 06:54:32,0.00306900,3.35000000
2018-03-01 06:54:32,0.00307000,2.88000000
2018-03-01 06:54:32,0.00307000,9.75000000
2018-03-01 06:54:33,0.00306900,13.05000000
2018-03-01 06:54:34,0.00306900,5.24000000
2018-03-01 06:54:34,0.00306900,0.86000000
2018-03-01 06:54:36,0.00306900,30.08000000
2018-03-01 06:54:36,0.00306900,1.11000000
2018-03-01 06:54:38,0.00306900,1.30000000
2018-03-01 06:54:39,0.00306900,15.53000000
2018-03-01 06:54:42,0.00306900,7.20000000
2018-03-01 06:54:42,0.00306900,3.78000000
2018-03-01 06:54:43,0.00306900,7.56000000
2018-03-01 06:54:45,0.00306900,1.87000000
2018-03-01 06:54:48,0.00306900,0.72000000
2018-03-01 06:54:48,0.00306900,3.78000000
2018-03-01 06:54:52,0.00306900,0.97000000
2018-03-01 06:54:55,0.00306900,61.52000000
2018-03-01 06:54:58,0.00306900,0.40000000
2018-03-01 06:54:58,0.00306900,6.00000000
2018-03-01 06:55:00,0.00306900,7.00000000
2018-03-01 06:55:02,0.00306900,1.40000000
2018-03-01 06:55:02,0.00306900,1.92000000
2018-03-01 06:55:04,0.00306900,3.78000000
2018-03-01 06:55:05,0.00306900,0.43000000
2018-03-01 06:55:05,0.00306900,15.12000000
2018-03-01 06:55:06,0.00306900,1.92000000
2018-03-01 06:55:06,0.00306900,0.33000000
2018-03-01 06:55:06,0.00306900,6.51000000
2018-03-01 06:55:07,0.00306800,6.52000000
2018-03-01 06:55:08,0.00306200,12.86000000
2018-03-01 06:55:08,0.00306000,2.42000000
2018-03-01 06:55:08,0.00306800,1.92000000
2018-03-01 06:55:09,0.00306800,6.42000000
2018-03-01 06:55:09,0.00306800,3.79000000
2018-03-01 06:55:09,0.00306900,12.27000000
2018-03-01 06:55:11,0.00306900,13.75000000
2018-03-01 06:55:11,0.00306800,16.29000000
2018-03-01 06:55:12,0.00306800,29.32000000
2018-03-01 06:55:12,0.00306700,4.59000000
2018-03-01 06:55:13,0.00306700,5.20000000
2018-03-01 06:55:14,0.00306800,13.10000000
2018-03-01 06:55:14,0.00306800,0.39000000
2018-03-01 06:55:14,0.00306900,3.26000000
2018-03-01 06:55:16,0.00306900,25.58000000
2018-03-01 06:55:16,0.00306900,3.78000000
2018-03-01 06:55:17,0.00306900,11.34000000
2018-03-01 06:55:18,0.00306900,22.80000000
2018-03-01 06:55:18,0.00306900,3.17000000
2018-03-01 06:55:21,0.00306900,2.61000000
2018-03-01 06:55:21,0.00306900,1.57000000
2018-03-01 06:55:22,0.00306900,27.18000000
2018-03-01 06:55:24,0.00306900,3.25000000
2018-03-01 06:55:25,0.00306900,1.30000000
2018-03-01 06:55:27,0.00306900,2.50000000
2018-03-01 06:55:28,0.00306900,2.15000000
2018-03-01 06:55:28,0.00306900,1.14000000
2018-03-01 06:55:29,0.00306900,1.76000000
2018-03-01 06:55:30,0.00307000,4.71000000
2018-03-01 06:55:30,0.00306800,1.58000000
2018-03-01 06:55:31,0.00307000,2.25000000
2018-03-01 06:55:32,0.00306200,7.21000000
2018-03-01 06:55:32,0.00306100,1.67000000
2018-03-01 06:55:34,0.00306800,0.39000000
2018-03-01 06:55:34,0.00306800,1.28000000
2018-03-01 06:55:34,0.00306900,0.98000000
2018-03-01 06:55:34,0.00307000,12.45000000
2018-03-01 06:55:36,0.00307000,6.84000000
2018-03-01 06:55:38,0.00307000,0.81000000
2018-03-01 06:55:40,0.00307000,0.46000000
2018-03-01 06:55:40,0.00307000,0.96000000
2018-03-01 06:55:41,0.00307000,1.63000000
2018-03-01 06:55:42,0.00307000,32.57000000
2018-03-01 06:55:43,0.00306900,1.69000000
2018-03-01 06:55:43,0.00306900,0.81000000
2018-03-01 06:55:46,0.00306900,7.16000000
2018-03-01 06:55:48,0.00306900,22.80000000
2018-03-01 06:55:48,0.00306900,1.62000000
2018-03-01 06:55:51,0.00306600,50.00000000
2018-03-01 06:55:51,0.00306300,12.94000000
2018-03-01 06:55:51,0.00305900,2.40000000
2018-03-01 06:55:51,0.00305700,11.65000000
2018-03-01 06:55:51,0.00305600,22.91000000
2018-03-01 06:55:52,0.00306700,9.79000000
2018-03-01 06:55:52,0.00306800,6.50000000
2018-03-01 06:55:54,0.00306800,1.30000000
2018-03-01 06:55:54,0.00306800,68.44000000
2018-03-01 06:55:54,0.00306800,5.17000000
2018-03-01 06:55:56,0.00306600,3.78000000
2018-03-01 06:55:56,0.00306600,6.22000000
2018-03-01 06:55:56,0.00306800,10.07000000
2018-03-01 06:55:57,0.00306800,12.77000000
2018-03-01 06:55:57,0.00306800,38.66000000
2018-03-01 06:55:57,0.00306900,155.06000000
2018-03-01 06:55:57,0.00306900,35.21000000
2018-03-01 06:55:57,0.00306800,51.43000000
2018-03-01 06:55:57,0.00306800,16.29000000
2018-03-01 06:55:57,0.00306800,0.67000000
2018-03-01 06:55:57,0.00306800,16.29000000
2018-03-01 06:55:59,0.00306100,4.99000000
2018-03-01 06:56:00,0.00306700,4.99000000
2018-03-01 06:56:00,0.00306800,1.53000000
2018-03-01 06:56:00,0.00306800,13.00000000
2018-03-01 06:56:00,0.00306800,0.83000000
2018-03-01 06:56:00,0.00306800,0.83000000
2018-03-01 06:56:00,0.00306800,0.83000000
2018-03-01 06:56:01,0.00306800,16.29000000
2018-03-01 06:56:02,0.00306900,3.45000000
2018-03-01 06:56:02,0.00307000,1.55000000
2018-03-01 06:56:04,0.00306800,21.24000000
2018-03-01 06:56:04,0.00306700,3.59000000
2018-03-01 06:56:04,0.00306200,1.92000000
2018-03-01 06:56:04,0.00306000,4.81000000
2018-03-01 06:56:04,0.00305800,4.78000000
2018-03-01 06:56:07,0.00306900,4.81000000
2018-03-01 06:56:07,0.00307000,3.12000000
2018-03-01 06:56:07,0.00307000,0.55000000
2018-03-01 06:56:08,0.00307000,3.98000000
2018-03-01 06:56:08,0.00307000,16.28000000
2018-03-01 06:56:08,0.00307000,12.61000000
2018-03-01 06:56:09,0.00307000,0.81000000
2018-03-01 06:56:10,0.00306900,2.61000000
2018-03-01 06:56:11,0.00306900,16.28000000
2018-03-01 06:56:12,0.00306900,11.09000000
2018-03-01 06:56:12,0.00306900,19.55000000
2018-03-01 06:56:15,0.00306900,11.09000000
2018-03-01 06:56:16,0.00306200,0.99000000
2018-03-01 06:56:17,0.00306200,2.00000000
2018-03-01 06:56:17,0.00306300,0.99000000
2018-03-01 06:56:18,0.00306900,19.40000000
2018-03-01 06:56:18,0.00307000,10.60000000
2018-03-01 06:56:18,0.00307000,48.87000000
2018-03-01 06:56:20,0.00307000,30.00000000
2018-03-01 06:56:20,0.00307000,0.98000000
2018-03-01 06:56:20,0.00306900,3.06000000
2018-03-01 06:56:22,0.00307000,13.20000000
2018-03-01 06:56:22,0.00307000,0.98000000
2018-03-01 06:56:23,0.00307000,0.81000000
2018-03-01 06:56:24,0.00307000,0.65000000
2018-03-01 06:56:25,0.00307000,2.64000000
2018-03-01 06:56:28,0.00307000,5.54000000
2018-03-01 06:56:30,0.00306900,1.07000000
2018-03-01 06:56:30,0.00307000,1.60000000
2018-03-01 06:56:30,0.00307000,20.00000000
2018-03-01 06:56:33,0.00307000,12.16000000
2018-03-01 06:56:35,0.00307000,1.16000000
2018-03-01 06:56:36,0.00307000,0.37000000
2018-03-01 06:56:38,0.00307000,0.33000000
2018-03-01 06:56:44,0.00307000,147.96000000
2018-03-01 06:56:50,0.00307000,0.81000000
2018-03-01 06:56:50,0.00307000,1.30000000
2018-03-01 06:56:51,0.00307000,2.61000000
2018-03-01 06:57:03,0.00306900,1.00000000
2018-03-01 06:57:05,0.00306900,3.15000000
2018-03-01 06:57:09,0.00306900,0.93000000
2018-03-01 06:57:10,0.00306900,2.40000000
2018-03-01 06:57:23,0.00306900,0.40000000
2018-03-01 06:57:24,0.00306800,0.98000000
2018-03-01 06:57:24,0.00306600,19.31000000
2018-03-01 06:57:26,0.00307000,0.72000000
2018-03-01 06:57:26,0.00307000,1.50000000
2018-03-01 06:57:28,0.00307000,3.25000000
2018-03-01 06:57:33,0.00307000,1.47000000
2018-03-01 06:57:34,0.00307000,2.61000000
2018-03-01 06:57:37,0.00307000,2.70000000
2018-03-01 06:57:43,0.00307000,0.65000000
2018-03-01 06:57:46,0.00307000,5.98000000
2018-03-01 06:57:47,0.00306500,34.75000000
2018-03-01 06:58:01,0.00307000,32.66000000
2018-03-01 06:58:04,0.00307000,0.35000000
2018-03-01 06:58:07,0.00307000,30.85000000
2018-03-01 06:58:07,0.00306900,0.58000000
2018-03-01 06:58:08,0.00307000,16.25000000
2018-03-01 06:58:13,0.00307000,1.92000000
2018-03-01 06:58:15,0.00306900,0.42000000
2018-03-01 06:58:19,0.00307000,1.92000000
2018-03-01 06:58:21,0.00307000,2.61000000
2018-03-01 06:58:22,0.00307000,10.00000000
2018-03-01 06:58:22,0.00307000,7.70000000
2018-03-01 06:58:23,0.00306600,2.99000000
2018-03-01 06:58:23,0.00306500,8.64000000
2018-03-01 06:58:25,0.00307000,1.92000000
2018-03-01 06:58:28,0.00307000,3.11000000
2018-03-01 06:58:28,0.00307000,7.15000000
2018-03-01 06:58:31,0.00307000,9.74000000
2018-03-01 06:58:31,0.00307000,29.20000000
2018-03-01 06:58:37,0.00306500,37.72000000
2018-03-01 06:58:37,0.00306300,12.55000000
2018-03-01 06:58:37,0.00306100,3.88000000
2018-03-01 06:58:37,0.00306000,20.03000000
2018-03-01 06:58:37,0.00305900,10.00000000
2018-03-01 06:58:37,0.00305800,71.59000000
2018-03-01 06:58:37,0.00305700,69.57000000
2018-03-01 06:58:37,0.00305600,241.76000000
2018-03-01 06:58:37,0.00305500,9.28000000
2018-03-01 06:58:37,0.00305400,91.96000000
2018-03-01 06:58:37,0.00305300,81.83000000
2018-03-01 06:58:37,0.00305300,32.69000000
2018-03-01 06:58:37,0.00307000,3.69000000
2018-03-01 06:58:37,0.00307100,29.00000000
2018-03-01 06:58:38,0.00307000,1.92000000
2018-03-01 06:58:40,0.00307000,0.88000000
2018-03-01 06:58:41,0.00307000,20.37000000
2018-03-01 06:58:42,0.00306900,0.72000000
2018-03-01 06:58:43,0.00306800,1.92000000
2018-03-01 06:58:47,0.00306700,26.27000000
2018-03-01 06:58:49,0.00306700,13.01000000
2018-03-01 06:58:49,0.00306800,22.85000000
2018-03-01 06:58:50,0.00306700,0.40000000
2018-03-01 06:59:00,0.00306600,1.63000000
2018-03-01 06:59:00,0.00306700,0.01000000
2018-03-01 06:59:00,0.00306700,0.13000000
2018-03-01 06:59:00,0.00306800,1.52000000
2018-03-01 06:59:00,0.00306900,0.65000000
2018-03-01 06:59:02,0.00306700,20.00000000
2018-03-01 06:59:04,0.00306700,7.31000000
2018-03-01 06:59:04,0.00306300,24.68000000
2018-03-01 06:59:06,0.00306900,9.61000000
2018-03-01 06:59:08,0.00307000,5.52000000
2018-03-01 06:59:09,0.00306900,1.00000000
2018-03-01 06:59:10,0.00306900,1.41000000
2018-03-01 06:59:10,0.00307000,24.15000000
2018-03-01 06:59:12,0.00307000,10.64000000
2018-03-01 06:59:13,0.00306900,0.82000000
2018-03-01 06:59:13,0.00306400,5.00000000
2018-03-01 06:59:13,0.00306300,15.19000000
2018-03-01 06:59:16,0.00307000,1.61000000
2018-03-01 06:59:18,0.00307000,6.51000000
2018-03-01 06:59:25,0.00306900,24.99000000
2018-03-01 06:59:25,0.00306400,7.62000000
2018-03-01 06:59:25,0.00306300,31.27000000
2018-03-01 06:59:25,0.00306300,74.14000000
2018-03-01 06:59:25,0.00306200,2.73000000
2018-03-01 06:59:25,0.00306000,53.04000000
2018-03-01 06:59:25,0.00305900,10.00000000
2018-03-01 06:59:25,0.00305800,130.00000000
2018-03-01 06:59:25,0.00305600,10.00000000
2018-03-01 06:59:25,0.00305500,12.00000000
2018-03-01 06:59:27,0.00306700,20.00000000
2018-03-01 06:59:34,0.00306100,1.11000000
2018-03-01 06:59:36,0.00306100,4.44000000
2018-03-01 06:59:42,0.00306900,1.37000000
2018-03-01 06:59:45,0.00306800,9.78000000
2018-03-01 06:59:47,0.00306700,7.32000000
2018-03-01 06:59:47,0.00306700,1.10000000
2018-03-01 06:59:47,0.00306800,0.51000000
2018-03-01 06:59:49,0.00306700,4.99000000
2018-03-01 06:59:49,0.00306800,9.51000000
2018-03-01 06:59:52,0.00306800,5.38000000
2018-03-01 06:59:52,0.00306700,2.49000000
2018-03-01 06:59:52,0.00306600,2.61000000
2018-03-01 06:59:52,0.00306600,5.10000000
2018-03-01 06:59:53,0.00306100,10.82000000
2018-03-01 06:59:53,0.00306000,45.60000000
2018-03-01 06:59:53,0.00305600,13.58000000
2018-03-01 06:59:53,0.00306800,7.32000000
2018-03-01 06:59:56,0.00306700,3.00000000
2018-03-01 06:59:56,0.00306700,1.81000000
2018-03-01 06:59:58,0.00306200,2.58000000
