DATE,PRICE,VOLUME
2018-02-28 16:00:00,0.00327600,5.51000000
2018-02-28 16:00:01,0.00327100,21.00000000
2018-02-28 16:00:02,0.00327600,12.00000000
2018-02-28 16:00:02,0.00327600,11.57000000
2018-02-28 16:00:05,0.00327600,4.00000000
2018-02-28 16:00:05,0.00327600,3.05000000
2018-02-28 16:00:11,0.00327600,15.00000000
2018-02-28 16:00:20,0.00327200,4.98000000
2018-02-28 16:00:29,0.00327500,4.58000000
2018-02-28 16:00:29,0.00327600,26.45000000
2018-02-28 16:00:32,0.00327200,1.50000000
2018-02-28 16:00:35,0.00327200,2.42000000
2018-02-28 16:00:35,0.00327100,1.80000000
2018-02-28 16:00:35,0.00327100,1.47000000
2018-02-28 16:00:46,0.00327400,2.00000000
2018-02-28 16:00:46,0.00327200,28.80000000
2018-02-28 16:00:47,0.00327200,12.47000000
2018-02-28 16:00:58,0.00327200,9.31000000
2018-02-28 16:00:59,0.00327200,5.00000000
2018-02-28 16:01:04,0.00327400,0.42000000
2018-02-28 16:01:06,0.00327200,1.00000000
2018-02-28 16:01:12,0.00327400,2.16000000
2018-02-28 16:01:31,0.00327500,1.10000000
2018-02-28 16:01:42,0.00327400,4.69000000
2018-02-28 16:01:42,0.00327200,14.44000000
2018-02-28 16:01:48,0.00327500,1.42000000
2018-02-28 16:01:51,0.00327500,1.11000000
2018-02-28 16:02:01,0.00327600,4.00000000
2018-02-28 16:02:05,0.00327500,3.77000000
2018-02-28 16:02:17,0.00327500,1.49000000
2018-02-28 16:02:19,0.00327400,33.00000000
2018-02-28 16:02:23,0.00327500,4.30000000
2018-02-28 16:02:25,0.00327500,4.32000000
2018-02-28 16:02:27,0.00327500,1.19000000
2018-02-28 16:02:28,0.00327400,115.91000000
2018-02-28 16:02:28,0.00327300,95.62000000
2018-02-28 16:02:28,0.00327300,11.35000000
2018-02-28 16:02:28,0.00327300,1.45000000
2018-02-28 16:02:29,0.00327300,5.62000000
2018-02-28 16:02:40,0.00327100,4.51000000
2018-02-28 16:02:40,0.00327000,81.04000000
2018-02-28 16:02:40,0.00326600,15.30000000
2018-02-28 16:02:40,0.00326500,8.28000000
2018-02-28 16:02:42,0.00327200,5.00000000
2018-02-28 16:02:42,0.00327200,0.70000000
2018-02-28 16:02:42,0.00327200,0.62000000
2018-02-28 16:02:42,0.00327200,5.00000000
2018-02-28 16:02:43,0.00327200,4.15000000
2018-02-28 16:02:44,0.00327200,2.75000000
2018-02-28 16:02:46,0.00327200,2.59000000
2018-02-28 16:02:51,0.00327200,16.00000000
2018-02-28 16:02:52,0.00327200,0.02000000
2018-02-28 16:02:54,0.00327100,0.34000000
2018-02-28 16:02:55,0.00327100,11.64000000
2018-02-28 16:02:57,0.00327100,3.29000000
2018-02-28 16:02:58,0.00327100,0.31000000
2018-02-28 16:03:01,0.00327100,0.31000000
2018-02-28 16:03:02,0.00327100,0.06000000
2018-02-28 16:03:02,0.00327100,12.22000000
2018-02-28 16:03:03,0.00327100,3.15000000
2018-02-28 16:03:06,0.00327200,108.23000000
2018-02-28 16:03:06,0.00327300,33.10000000
2018-02-28 16:03:06,0.00327500,2.78000000
2018-02-28 16:03:08,0.00327500,57.07000000
2018-02-28 16:03:09,0.00327500,30.53000000
2018-02-28 16:03:17,0.00327600,2.36000000
2018-02-28 16:03:21,0.00327500,5.00000000
2018-02-28 16:03:27,0.00327600,0.04000000
2018-02-28 16:03:30,0.00327600,2.89000000
2018-02-28 16:03:30,0.00327500,20.00000000
2018-02-28 16:03:32,0.00327600,3.20000000
2018-02-28 16:03:33,0.00327500,41.70000000
2018-02-28 16:03:35,0.00327600,1.12000000
2018-02-28 16:03:36,0.00327600,0.03000000
2018-02-28 16:03:41,0.00327600,1.60000000
2018-02-28 16:03:41,0.00327600,6.06000000
2018-02-28 16:03:42,0.00327600,12.14000000
2018-02-28 16:03:49,0.00327500,10.65000000
2018-02-28 16:03:53,0.00327600,3.04000000
2018-02-28 16:03:53,0.00327600,0.03000000
2018-02-28 16:03:54,0.00327600,11.00000000
2018-02-28 16:03:59,0.00327600,2.00000000
2018-02-28 16:04:00,0.00327600,1.52000000
2018-02-28 16:04:04,0.00327500,1.00000000
2018-02-28 16:04:06,0.00327600,45.74000000
2018-02-28 16:04:09,0.00327600,14.08000000
2018-02-28 16:04:14,0.00327800,0.40000000
2018-02-28 16:04:23,0.00327600,9.15000000
2018-02-28 16:04:24,0.00327800,3.28000000
2018-02-28 16:04:29,0.00327800,3.04000000
2018-02-28 16:04:29,0.00327800,16.55000000
2018-02-28 16:04:29,0.00327800,15.28000000
2018-02-28 16:04:29,0.00327800,16.55000000
2018-02-28 16:04:29,0.00327600,3.04000000
2018-02-28 16:04:30,0.00327800,3.06000000
2018-02-28 16:04:30,0.00327800,67.61000000
2018-02-28 16:04:30,0.00327800,4.88000000
2018-02-28 16:04:33,0.00327800,3.06000000
2018-02-28 16:04:35,0.00327800,12.91000000
2018-02-28 16:04:35,0.00327800,4.88000000
2018-02-28 16:04:40,0.00327800,1.78000000
2018-02-28 16:04:45,0.00327600,1.08000000
2018-02-28 16:04:45,0.00327500,250.42000000
2018-02-28 16:04:46,0.00327600,34.06000000
2018-02-28 16:04:46,0.00327500,35.94000000
2018-02-28 16:04:46,0.00327500,3.24000000
2018-02-28 16:04:46,0.00327400,8.30000000
2018-02-28 16:04:49,0.00327400,13.42000000
2018-02-28 16:04:56,0.00327100,15.27000000
2018-02-28 16:04:56,0.00327000,25.37000000
2018-02-28 16:04:57,0.00327400,1.00000000
2018-02-28 16:04:58,0.00327100,0.42000000
2018-02-28 16:05:01,0.00327000,0.71000000
2018-02-28 16:05:02,0.00327400,1.68000000
2018-02-28 16:05:08,0.00327400,26.54000000
2018-02-28 16:05:08,0.00327600,39.97000000
2018-02-28 16:05:08,0.00327800,33.87000000
2018-02-28 16:05:16,0.00327800,1.06000000
2018-02-28 16:05:17,0.00327800,4.18000000
2018-02-28 16:05:32,0.00327800,0.73000000
2018-02-28 16:05:32,0.00327900,2.32000000
2018-02-28 16:05:34,0.00327100,5.98000000
2018-02-28 16:05:38,0.00327300,3.24000000
2018-02-28 16:05:38,0.00327800,6.13000000
2018-02-28 16:06:03,0.00327800,22.54000000
2018-02-28 16:06:09,0.00327800,65.94000000
2018-02-28 16:06:17,0.00327800,19.00000000
2018-02-28 16:06:18,0.00327800,2.08000000
2018-02-28 16:06:20,0.00327800,2.08000000
2018-02-28 16:06:20,0.00327800,15.25000000
2018-02-28 16:06:21,0.00327800,1.92000000
2018-02-28 16:06:22,0.00327800,1.75000000
2018-02-28 16:06:23,0.00327800,1.60000000
2018-02-28 16:06:23,0.00327800,5.00000000
2018-02-28 16:06:25,0.00327800,17.80000000
2018-02-28 16:06:29,0.00327800,3.27000000
2018-02-28 16:06:35,0.00327800,4.25000000
2018-02-28 16:06:35,0.00327800,6.67000000
2018-02-28 16:06:35,0.00327800,10.03000000
2018-02-28 16:06:37,0.00327800,156.43000000
2018-02-28 16:06:37,0.00327100,53.36000000
2018-02-28 16:06:50,0.00327100,230.03000000
2018-02-28 16:06:50,0.00327100,29.57000000
2018-02-28 16:06:50,0.00327100,57.03000000
2018-02-28 16:06:51,0.00327100,0.50000000
2018-02-28 16:06:52,0.00327100,0.50000000
2018-02-28 16:06:53,0.00327100,0.94000000
2018-02-28 16:06:54,0.00327600,0.56000000
2018-02-28 16:06:54,0.00327600,1.54000000
2018-02-28 16:06:57,0.00327000,13.19000000
2018-02-28 16:06:57,0.00327100,1.99000000
2018-02-28 16:06:57,0.00327600,9.69000000
2018-02-28 16:06:57,0.00327800,295.72000000
2018-02-28 16:07:07,0.00327600,1.54000000
2018-02-28 16:07:17,0.00327400,14.41000000
2018-02-28 16:07:21,0.00327200,9.17000000
2018-02-28 16:07:27,0.00327100,133.35000000
2018-02-28 16:07:27,0.00327000,91.80000000
2018-02-28 16:07:28,0.00327100,4.36000000
2018-02-28 16:07:31,0.00327200,6.21000000
2018-02-28 16:07:32,0.00327200,2.68000000
2018-02-28 16:07:58,0.00327100,7.21000000
2018-02-28 16:07:59,0.00327100,3.42000000
2018-02-28 16:08:00,0.00327100,10.00000000
2018-02-28 16:08:02,0.00326800,125.48000000
2018-02-28 16:08:02,0.00326800,5.00000000
2018-02-28 16:08:03,0.00326800,1.37000000
2018-02-28 16:08:03,0.00326800,11.61000000
2018-02-28 16:08:04,0.00326800,20.68000000
2018-02-28 16:08:05,0.00326800,5.87000000
2018-02-28 16:08:06,0.00326800,32.35000000
2018-02-28 16:08:06,0.00326800,1.47000000
2018-02-28 16:08:07,0.00326800,30.00000000
2018-02-28 16:08:10,0.00326800,2.75000000
2018-02-28 16:08:12,0.00326800,0.47000000
2018-02-28 16:08:14,0.00326800,40.86000000
2018-02-28 16:08:14,0.00326800,0.69000000
2018-02-28 16:08:14,0.00326800,25.76000000
2018-02-28 16:08:16,0.00326800,92.18000000
2018-02-28 16:08:18,0.00326800,11.66000000
2018-02-28 16:08:18,0.00326700,5.00000000
2018-02-28 16:08:19,0.00326800,2.56000000
2018-02-28 16:08:20,0.00326700,19.36000000
2018-02-28 16:08:20,0.00326800,4.98000000
2018-02-28 16:08:26,0.00326700,43.94000000
2018-02-28 16:08:29,0.00326800,9.00000000
2018-02-28 16:08:29,0.00326800,6.43000000
2018-02-28 16:08:30,0.00326800,0.55000000
2018-02-28 16:08:32,0.00326800,25.30000000
2018-02-28 16:08:32,0.00326800,13.74000000
2018-02-28 16:08:33,0.00326800,6.11000000
2018-02-28 16:08:35,0.00326700,0.66000000
2018-02-28 16:08:37,0.00326700,0.50000000
2018-02-28 16:08:42,0.00326700,19.91000000
2018-02-28 16:08:42,0.00326800,5.82000000
2018-02-28 16:08:44,0.00326600,2.52000000
2018-02-28 16:08:44,0.00326400,0.48000000
2018-02-28 16:08:45,0.00326400,0.09000000
2018-02-28 16:08:51,0.00326800,134.20000000
2018-02-28 16:08:54,0.00326800,31.25000000
2018-02-28 16:08:55,0.00326800,0.94000000
2018-02-28 16:09:08,0.00326600,25.73000000
2018-02-28 16:09:08,0.00326600,73.53000000
2018-02-28 16:09:12,0.00326600,0.04000000
2018-02-28 16:09:13,0.00326800,49.19000000
2018-02-28 16:09:14,0.00326600,0.43000000
2018-02-28 16:09:14,0.00326400,25.78000000
2018-02-28 16:09:14,0.00326400,5.89000000
2018-02-28 16:09:16,0.00326800,15.66000000
2018-02-28 16:09:19,0.00326800,1.11000000
2018-02-28 16:09:22,0.00326800,14.86000000
2018-02-28 16:09:23,0.00326800,2.54000000
2018-02-28 16:09:26,0.00326700,6.82000000
2018-02-28 16:09:26,0.00326800,6.93000000
2018-02-28 16:09:29,0.00326500,20.62000000
2018-02-28 16:09:29,0.00326400,89.68000000
2018-02-28 16:09:29,0.00326300,15.59000000
2018-02-28 16:09:29,0.00326300,46.00000000
2018-02-28 16:09:31,0.00326300,0.03000000
2018-02-28 16:09:31,0.00326400,137.95000000
2018-02-28 16:09:31,0.00326400,0.05000000
2018-02-28 16:09:32,0.00326800,18.13000000
2018-02-28 16:09:32,0.00327100,16.31000000
2018-02-28 16:09:32,0.00327800,43.36000000
2018-02-28 16:09:32,0.00327900,56.09000000
2018-02-28 16:09:34,0.00328100,6.60000000
2018-02-28 16:09:34,0.00327000,5.91000000
2018-02-28 16:09:45,0.00326900,9.17000000
2018-02-28 16:09:45,0.00326800,1.43000000
2018-02-28 16:09:45,0.00326400,19.80000000
2018-02-28 16:09:45,0.00326200,0.97000000
2018-02-28 16:09:45,0.00326000,2.30000000
2018-02-28 16:09:45,0.00325900,3.05000000
2018-02-28 16:09:45,0.00325800,9.00000000
2018-02-28 16:09:45,0.00325700,10.00000000
2018-02-28 16:09:45,0.00325600,30.71000000
2018-02-28 16:09:45,0.00325500,1.00000000
2018-02-28 16:09:45,0.00325200,6.25000000
2018-02-28 16:09:45,0.00325100,37.40000000
2018-02-28 16:09:46,0.00326800,16.00000000
2018-02-28 16:09:47,0.00326800,1.21000000
2018-02-28 16:09:51,0.00326500,41.03000000
2018-02-28 16:09:55,0.00326500,13.49000000
2018-02-28 16:09:57,0.00326500,9.89000000
2018-02-28 16:09:59,0.00326500,8.62000000
2018-02-28 16:10:08,0.00326700,1.52000000
2018-02-28 16:10:08,0.00326800,1.70000000
2018-02-28 16:10:13,0.00326500,1.46000000
2018-02-28 16:10:14,0.00326500,42.91000000
2018-02-28 16:10:21,0.00326800,28.92000000
2018-02-28 16:10:21,0.00326800,51.99000000
2018-02-28 16:10:22,0.00327200,1.98000000
2018-02-28 16:10:36,0.00326500,56.59000000
2018-02-28 16:10:36,0.00326500,43.46000000
2018-02-28 16:10:43,0.00326600,3.47000000
2018-02-28 16:10:48,0.00326600,25.36000000
2018-02-28 16:10:48,0.00326600,1.52000000
2018-02-28 16:10:53,0.00326500,1.80000000
2018-02-28 16:10:53,0.00326600,2.32000000
2018-02-28 16:11:09,0.00326600,5.97000000
2018-02-28 16:11:10,0.00326500,3.08000000
2018-02-28 16:11:13,0.00326600,2.56000000
2018-02-28 16:11:18,0.00326600,1.40000000
2018-02-28 16:11:23,0.00326500,11.19000000
2018-02-28 16:11:25,0.00326600,8.75000000
2018-02-28 16:11:32,0.00326500,0.22000000
2018-02-28 16:11:34,0.00326500,10.00000000
2018-02-28 16:11:35,0.00326500,1.00000000
2018-02-28 16:11:35,0.00326600,28.90000000
2018-02-28 16:11:37,0.00326600,1.07000000
2018-02-28 16:11:37,0.00326500,0.29000000
2018-02-28 16:11:37,0.00326500,1.07000000
2018-02-28 16:11:39,0.00326400,0.37000000
2018-02-28 16:11:40,0.00326400,0.94000000
2018-02-28 16:11:44,0.00326400,13.93000000
2018-02-28 16:11:44,0.00326200,1.66000000
2018-02-28 16:11:44,0.00325600,0.50000000
2018-02-28 16:11:44,0.00325400,52.76000000
2018-02-28 16:11:44,0.00326300,7.33000000
2018-02-28 16:11:45,0.00326200,3.90000000
2018-02-28 16:11:45,0.00326200,0.67000000
2018-02-28 16:11:45,0.00326200,4.60000000
2018-02-28 16:11:45,0.00326300,9.00000000
2018-02-28 16:11:45,0.00326300,9.16000000
2018-02-28 16:11:46,0.00326300,5.23000000
2018-02-28 16:11:49,0.00326400,4.94000000
2018-02-28 16:11:49,0.00326400,1.52000000
2018-02-28 16:11:58,0.00326300,2.11000000
2018-02-28 16:12:01,0.00326300,6.00000000
2018-02-28 16:12:02,0.00326400,3.93000000
2018-02-28 16:12:03,0.00326400,9.16000000
2018-02-28 16:12:04,0.00326300,12.91000000
2018-02-28 16:12:05,0.00326300,241.87000000
2018-02-28 16:12:05,0.00326200,2.41000000
2018-02-28 16:12:05,0.00325800,0.81000000
2018-02-28 16:12:06,0.00326400,249.14000000
2018-02-28 16:12:08,0.00326400,1.80000000
2018-02-28 16:12:08,0.00326400,5.88000000
2018-02-28 16:12:10,0.00326400,136.32000000
2018-02-28 16:12:10,0.00326500,55.43000000
2018-02-28 16:12:10,0.00326500,60.53000000
2018-02-28 16:12:11,0.00326500,27.42000000
2018-02-28 16:12:12,0.00326500,16.89000000
2018-02-28 16:12:12,0.00326400,15.04000000
2018-02-28 16:12:13,0.00326500,11.41000000
2018-02-28 16:12:14,0.00326500,91.94000000
2018-02-28 16:12:15,0.00326500,17.97000000
2018-02-28 16:12:16,0.00326500,37.88000000
2018-02-28 16:12:17,0.00326500,15.83000000
2018-02-28 16:12:18,0.00325900,235.03000000
2018-02-28 16:12:28,0.00326400,6.64000000
2018-02-28 16:12:31,0.00326400,2.00000000
2018-02-28 16:12:32,0.00325900,3.38000000
2018-02-28 16:12:32,0.00325900,48.37000000
2018-02-28 16:12:32,0.00325900,1.62000000
2018-02-28 16:12:32,0.00325900,1.76000000
2018-02-28 16:12:36,0.00326300,7.96000000
2018-02-28 16:12:37,0.00326300,96.66000000
2018-02-28 16:12:40,0.00326300,1.87000000
2018-02-28 16:12:40,0.00326400,0.40000000
2018-02-28 16:12:40,0.00326400,1.00000000
2018-02-28 16:12:41,0.00326200,15.33000000
2018-02-28 16:12:41,0.00326100,235.03000000
2018-02-28 16:12:42,0.00326200,6.09000000
2018-02-28 16:12:42,0.00326400,3.07000000
2018-02-28 16:12:42,0.00326400,1.93000000
2018-02-28 16:12:43,0.00326200,5.12000000
2018-02-28 16:12:47,0.00326300,273.49000000
2018-02-28 16:12:47,0.00326200,59.60000000
2018-02-28 16:12:47,0.00326200,5.00000000
2018-02-28 16:12:48,0.00326200,15.33000000
2018-02-28 16:12:48,0.00326200,15.00000000
2018-02-28 16:12:49,0.00326100,15.00000000
2018-02-28 16:12:49,0.00326100,14.54000000
2018-02-28 16:12:49,0.00326100,23.25000000
2018-02-28 16:12:49,0.00326100,9.15000000
2018-02-28 16:12:50,0.00326100,9.15000000
2018-02-28 16:12:50,0.00326100,15.00000000
2018-02-28 16:12:50,0.00326100,20.78000000
2018-02-28 16:12:50,0.00326100,9.15000000
2018-02-28 16:12:51,0.00326100,15.00000000
2018-02-28 16:12:51,0.00326100,9.15000000
2018-02-28 16:12:51,0.00326100,9.15000000
2018-02-28 16:12:51,0.00326100,15.00000000
2018-02-28 16:12:51,0.00326100,76.66000000
2018-02-28 16:12:51,0.00326100,9.15000000
2018-02-28 16:12:52,0.00326100,9.15000000
2018-02-28 16:12:52,0.00326100,15.00000000
2018-02-28 16:12:52,0.00326100,22.30000000
2018-02-28 16:12:52,0.00326100,15.00000000
2018-02-28 16:12:53,0.00326100,3.94000000
2018-02-28 16:12:55,0.00326100,26.06000000
2018-02-28 16:12:55,0.00326000,12.52000000
2018-02-28 16:12:55,0.00325800,0.86000000
2018-02-28 16:12:55,0.00325700,40.05000000
2018-02-28 16:12:57,0.00325800,1.16000000
2018-02-28 16:12:57,0.00325500,5.00000000
2018-02-28 16:12:57,0.00325400,96.84000000
2018-02-28 16:12:57,0.00325100,1.15000000
2018-02-28 16:12:57,0.00325000,11.99000000
2018-02-28 16:12:57,0.00326100,9.21000000
2018-02-28 16:12:57,0.00326200,3.45000000
2018-02-28 16:12:57,0.00326400,5.48000000
2018-02-28 16:12:58,0.00326400,0.20000000
2018-02-28 16:13:01,0.00326200,3.45000000
2018-02-28 16:13:01,0.00326100,8.98000000
2018-02-28 16:13:01,0.00326400,168.96000000
2018-02-28 16:13:05,0.00326100,0.23000000
2018-02-28 16:13:05,0.00326000,113.46000000
2018-02-28 16:13:07,0.00326000,14.44000000
2018-02-28 16:13:07,0.00325900,4.00000000
2018-02-28 16:13:08,0.00326000,2.16000000
2018-02-28 16:13:11,0.00326400,3.34000000
2018-02-28 16:13:17,0.00326300,7.47000000
2018-02-28 16:13:17,0.00326300,24.20000000
2018-02-28 16:13:18,0.00325700,1.53000000
2018-02-28 16:13:24,0.00326300,0.99000000
2018-02-28 16:13:24,0.00326400,0.81000000
2018-02-28 16:13:24,0.00326400,20.97000000
2018-02-28 16:13:27,0.00326400,6.12000000
2018-02-28 16:13:29,0.00326400,5.78000000
2018-02-28 16:13:29,0.00326500,149.18000000
2018-02-28 16:13:32,0.00326500,2.98000000
2018-02-28 16:13:33,0.00325900,226.40000000
2018-02-28 16:13:34,0.00326400,27.82000000
2018-02-28 16:13:37,0.00325900,142.39000000
2018-02-28 16:13:39,0.00326400,3.06000000
2018-02-28 16:13:41,0.00326400,3.06000000
2018-02-28 16:13:42,0.00326400,3.06000000
2018-02-28 16:13:49,0.00325800,9.20000000
2018-02-28 16:13:49,0.00325700,30.80000000
2018-02-28 16:13:52,0.00326300,6.12000000
2018-02-28 16:13:52,0.00326300,3.08000000
2018-02-28 16:13:52,0.00326400,21.96000000
2018-02-28 16:13:53,0.00326400,3.06000000
2018-02-28 16:13:57,0.00326400,3.06000000
2018-02-28 16:13:57,0.00325800,18.16000000
2018-02-28 16:13:59,0.00325800,91.81000000
2018-02-28 16:14:03,0.00325900,4.45000000
2018-02-28 16:14:03,0.00325800,62.51000000
2018-02-28 16:14:07,0.00326400,21.71000000
2018-02-28 16:14:12,0.00325700,13.97000000
2018-02-28 16:14:12,0.00325700,6.09000000
2018-02-28 16:14:12,0.00325700,15.35000000
2018-02-28 16:14:13,0.00325700,0.78000000
2018-02-28 16:14:13,0.00325700,21.52000000
2018-02-28 16:14:13,0.00325700,17.17000000
2018-02-28 16:14:13,0.00325700,73.68000000
2018-02-28 16:14:13,0.00325700,2.50000000
2018-02-28 16:14:13,0.00325700,5.00000000
2018-02-28 16:14:13,0.00325700,3.07000000
2018-02-28 16:14:13,0.00325700,15.35000000
2018-02-28 16:14:13,0.00325700,8.39000000
2018-02-28 16:14:13,0.00325700,17.16000000
2018-02-28 16:14:13,0.00325700,15.00000000
2018-02-28 16:14:13,0.00325700,9.15000000
2018-02-28 16:14:14,0.00325700,9.15000000
2018-02-28 16:14:14,0.00325700,24.02000000
2018-02-28 16:14:14,0.00325800,20.00000000
2018-02-28 16:14:14,0.00326400,51.89000000
2018-02-28 16:14:14,0.00326500,15.69000000
2018-02-28 16:14:14,0.00326600,10.00000000
2018-02-28 16:14:14,0.00327000,19.80000000
2018-02-28 16:14:14,0.00327100,0.50000000
2018-02-28 16:14:14,0.00327200,72.62000000
2018-02-28 16:14:21,0.00325800,8.79000000
2018-02-28 16:14:22,0.00327000,0.34000000
2018-02-28 16:14:29,0.00326600,0.50000000
2018-02-28 16:14:29,0.00326600,8.37000000
2018-02-28 16:14:29,0.00326700,7.81000000
2018-02-28 16:14:30,0.00326000,277.75000000
2018-02-28 16:14:30,0.00325700,35.79000000
2018-02-28 16:14:30,0.00325600,20.72000000
2018-02-28 16:14:30,0.00325400,1.80000000
2018-02-28 16:14:30,0.00325300,1.52000000
2018-02-28 16:14:30,0.00325100,0.17000000
2018-02-28 16:14:31,0.00326500,1.75000000
2018-02-28 16:14:31,0.00326700,7.42000000
2018-02-28 16:14:31,0.00326700,9.17000000
2018-02-28 16:14:35,0.00326700,3.06000000
2018-02-28 16:14:37,0.00326200,3.06000000
2018-02-28 16:14:38,0.00326000,19.20000000
2018-02-28 16:14:38,0.00325400,17.53000000
2018-02-28 16:14:39,0.00326100,5.42000000
2018-02-28 16:14:39,0.00326200,5.01000000
2018-02-28 16:14:40,0.00326100,3.34000000
2018-02-28 16:14:41,0.00326200,5.00000000
2018-02-28 16:14:46,0.00326600,0.50000000
2018-02-28 16:14:47,0.00326600,0.08000000
2018-02-28 16:14:55,0.00326400,3.06000000
2018-02-28 16:15:02,0.00325600,41.38000000
2018-02-28 16:15:03,0.00325600,0.87000000
2018-02-28 16:15:04,0.00326200,5.00000000
2018-02-28 16:15:04,0.00326200,0.56000000
2018-02-28 16:15:08,0.00326200,3.23000000
2018-02-28 16:15:08,0.00326300,74.13000000
2018-02-28 16:15:08,0.00326400,33.72000000
2018-02-28 16:15:10,0.00326200,13.59000000
2018-02-28 16:15:12,0.00326200,0.17000000
2018-02-28 16:15:12,0.00326400,0.20000000
2018-02-28 16:15:12,0.00326400,5.00000000
2018-02-28 16:15:14,0.00326400,3.06000000
2018-02-28 16:15:21,0.00326100,63.67000000
2018-02-28 16:15:25,0.00326100,214.76000000
2018-02-28 16:15:27,0.00326000,28.97000000
2018-02-28 16:15:27,0.00326000,1.08000000
2018-02-28 16:15:28,0.00326000,6.10000000
2018-02-28 16:15:28,0.00326000,79.87000000
2018-02-28 16:15:32,0.00326000,4.87000000
2018-02-28 16:15:32,0.00326100,23.36000000
2018-02-28 16:15:33,0.00326100,3.92000000
2018-02-28 16:15:41,0.00326100,3.06000000
2018-02-28 16:15:42,0.00326100,3.59000000
2018-02-28 16:15:43,0.00326100,3.90000000
2018-02-28 16:15:43,0.00326100,5.65000000
2018-02-28 16:15:43,0.00326100,1.29000000
2018-02-28 16:15:47,0.00326100,3.06000000
2018-02-28 16:15:52,0.00326100,2.27000000
2018-02-28 16:15:56,0.00325900,1.92000000
2018-02-28 16:15:56,0.00325900,1.00000000
2018-02-28 16:15:56,0.00326500,3.06000000
2018-02-28 16:15:58,0.00326500,1.38000000
2018-02-28 16:16:11,0.00326400,1.80000000
2018-02-28 16:16:11,0.00326100,21.58000000
2018-02-28 16:16:22,0.00326100,24.71000000
2018-02-28 16:16:28,0.00326100,2.08000000
2018-02-28 16:16:31,0.00326100,93.70000000
2018-02-28 16:16:31,0.00326000,5.00000000
2018-02-28 16:16:31,0.00326000,6.10000000
2018-02-28 16:16:32,0.00326000,52.80000000
2018-02-28 16:16:32,0.00326100,63.45000000
2018-02-28 16:16:36,0.00326100,1.01000000
2018-02-28 16:16:39,0.00326100,1.23000000
2018-02-28 16:16:42,0.00326100,8.27000000
2018-02-28 16:16:45,0.00326100,24.88000000
2018-02-28 16:16:45,0.00326100,6.13000000
2018-02-28 16:16:46,0.00326100,39.78000000
2018-02-28 16:16:49,0.00326100,5.33000000
2018-02-28 16:16:50,0.00326100,1.33000000
2018-02-28 16:16:51,0.00326100,15.34000000
2018-02-28 16:16:54,0.00326400,0.32000000
2018-02-28 16:16:54,0.00326400,0.94000000
2018-02-28 16:16:54,0.00326500,2.12000000
2018-02-28 16:16:55,0.00326400,1.27000000
2018-02-28 16:16:56,0.00326100,7.74000000
2018-02-28 16:16:58,0.00326500,19.61000000
2018-02-28 16:16:58,0.00326600,9.76000000
2018-02-28 16:16:58,0.00326700,3.99000000
2018-02-28 16:16:58,0.00326900,51.50000000
2018-02-28 16:16:58,0.00327000,5.75000000
2018-02-28 16:16:58,0.00327100,0.56000000
2018-02-28 16:16:58,0.00327100,5.69000000
2018-02-28 16:16:58,0.00327100,3.83000000
2018-02-28 16:16:59,0.00327100,2.43000000
2018-02-28 16:17:03,0.00327200,89.87000000
2018-02-28 16:17:03,0.00327300,132.37000000
2018-02-28 16:17:03,0.00327400,22.34000000
2018-02-28 16:17:07,0.00326800,2.16000000
2018-02-28 16:17:10,0.00326800,0.34000000
2018-02-28 16:17:12,0.00326600,0.08000000
2018-02-28 16:17:12,0.00326800,2.23000000
2018-02-28 16:17:17,0.00326800,3.46000000
2018-02-28 16:17:17,0.00327200,6.94000000
2018-02-28 16:17:22,0.00326800,26.14000000
2018-02-28 16:17:32,0.00326700,34.97000000
2018-02-28 16:17:33,0.00326700,21.06000000
2018-02-28 16:17:33,0.00326600,9.10000000
2018-02-28 16:17:33,0.00326400,5.37000000
2018-02-28 16:17:35,0.00326300,16.82000000
2018-02-28 16:17:35,0.00326300,0.34000000
2018-02-28 16:17:36,0.00326300,3.05000000
2018-02-28 16:17:38,0.00326100,55.28000000
2018-02-28 16:17:38,0.00326000,149.47000000
2018-02-28 16:17:41,0.00326300,2.85000000
2018-02-28 16:17:41,0.00326300,3.59000000
2018-02-28 16:17:46,0.00326000,18.08000000
2018-02-28 16:17:52,0.00326300,16.55000000
2018-02-28 16:17:55,0.00326100,15.48000000
2018-02-28 16:17:58,0.00326100,2.94000000
2018-02-28 16:17:59,0.00326100,113.94000000
2018-02-28 16:18:13,0.00326100,3.11000000
2018-02-28 16:18:15,0.00326200,1.00000000
2018-02-28 16:18:18,0.00326200,3.50000000
2018-02-28 16:18:18,0.00326200,11.01000000
2018-02-28 16:18:20,0.00326200,3.03000000
2018-02-28 16:18:22,0.00326300,11.73000000
2018-02-28 16:18:24,0.00326300,5.00000000
2018-02-28 16:18:28,0.00326300,0.10000000
2018-02-28 16:18:30,0.00326300,4.27000000
2018-02-28 16:18:30,0.00326300,1.13000000
2018-02-28 16:18:33,0.00326200,3.00000000
2018-02-28 16:18:33,0.00326200,22.52000000
2018-02-28 16:18:36,0.00326200,0.01000000
2018-02-28 16:18:36,0.00326200,6.12000000
2018-02-28 16:18:42,0.00326200,1.86000000
2018-02-28 16:18:42,0.00326300,4.27000000
2018-02-28 16:18:44,0.00326300,27.47000000
2018-02-28 16:18:44,0.00326100,11.89000000
2018-02-28 16:18:45,0.00326100,5.03000000
2018-02-28 16:18:46,0.00326300,3.06000000
2018-02-28 16:18:53,0.00326100,10.70000000
2018-02-28 16:18:54,0.00326300,3.00000000
2018-02-28 16:18:55,0.00326300,3.06000000
2018-02-28 16:18:58,0.00326300,3.00000000
2018-02-28 16:19:00,0.00326300,27.49000000
2018-02-28 16:19:01,0.00326300,8.62000000
2018-02-28 16:19:01,0.00326300,3.06000000
2018-02-28 16:19:07,0.00326300,3.06000000
2018-02-28 16:19:07,0.00326300,2.48000000
2018-02-28 16:19:10,0.00326300,2.84000000
2018-02-28 16:19:12,0.00326300,4.68000000
2018-02-28 16:19:12,0.00326200,29.93000000
2018-02-28 16:19:13,0.00326200,21.68000000
2018-02-28 16:19:13,0.00326200,3.06000000
2018-02-28 16:19:14,0.00326200,51.60000000
2018-02-28 16:19:16,0.00326200,1.10000000
2018-02-28 16:19:17,0.00326200,33.08000000
2018-02-28 16:19:18,0.00326200,18.53000000
2018-02-28 16:19:18,0.00326100,6.48000000
2018-02-28 16:19:18,0.00326000,104.13000000
2018-02-28 16:19:19,0.00326000,5.13000000
2018-02-28 16:19:20,0.00326000,0.70000000
2018-02-28 16:19:24,0.00326000,2.14000000
2018-02-28 16:19:24,0.00325700,21.40000000
2018-02-28 16:19:26,0.00325700,3.73000000
2018-02-28 16:19:27,0.00326000,0.80000000
2018-02-28 16:19:28,0.00326000,1.54000000
2018-02-28 16:19:32,0.00326000,1.53000000
2018-02-28 16:19:32,0.00325700,31.51000000
2018-02-28 16:19:32,0.00325500,431.98000000
2018-02-28 16:19:33,0.00326000,3.06000000
2018-02-28 16:19:33,0.00326000,1.37000000
2018-02-28 16:19:36,0.00325700,2.08000000
2018-02-28 16:19:36,0.00325900,8.93000000
2018-02-28 16:19:36,0.00325900,2.00000000
2018-02-28 16:19:37,0.00325900,2.08000000
2018-02-28 16:19:37,0.00325900,2.08000000
2018-02-28 16:19:37,0.00325900,2.08000000
2018-02-28 16:19:37,0.00325900,2.08000000
2018-02-28 16:19:42,0.00325500,135.83000000
2018-02-28 16:19:42,0.00325200,1.85000000
2018-02-28 16:19:42,0.00325000,24.31000000
2018-02-28 16:19:44,0.00325800,1.38000000
2018-02-28 16:19:44,0.00325800,1.38000000
2018-02-28 16:19:44,0.00325800,6.42000000
2018-02-28 16:19:44,0.00325900,55.61000000
2018-02-28 16:19:44,0.00325900,1.38000000
2018-02-28 16:19:44,0.00325900,1.38000000
2018-02-28 16:19:45,0.00325900,15.14000000
2018-02-28 16:19:47,0.00325800,0.73000000
2018-02-28 16:19:47,0.00325600,25.85000000
2018-02-28 16:19:47,0.00325000,61.06000000
2018-02-28 16:19:48,0.00325900,5.01000000
2018-02-28 16:19:48,0.00325900,0.34000000
2018-02-28 16:19:53,0.00325900,4.08000000
2018-02-28 16:19:56,0.00325400,25.87000000
2018-02-28 16:19:56,0.00325400,1.05000000
2018-02-28 16:19:56,0.00325900,1.05000000
2018-02-28 16:19:57,0.00325900,12.25000000
2018-02-28 16:19:59,0.00325800,1.22000000
2018-02-28 16:19:59,0.00325800,30.01000000
2018-02-28 16:19:59,0.00325800,9.17000000
2018-02-28 16:20:00,0.00325800,0.03000000
2018-02-28 16:20:00,0.00325900,9.14000000
2018-02-28 16:20:00,0.00325900,39.02000000
2018-02-28 16:20:00,0.00325900,9.17000000
2018-02-28 16:20:01,0.00325900,8.53000000
2018-02-28 16:20:01,0.00325800,4.46000000
2018-02-28 16:20:01,0.00325300,30.57000000
2018-02-28 16:20:01,0.00325200,10.93000000
2018-02-28 16:20:01,0.00325100,37.78000000
2018-02-28 16:20:01,0.00325000,232.34000000
2018-02-28 16:20:01,0.00324900,2.14000000
2018-02-28 16:20:01,0.00324800,19.98000000
2018-02-28 16:20:01,0.00324500,5.01000000
2018-02-28 16:20:01,0.00324400,8.20000000
2018-02-28 16:20:01,0.00324300,28.57000000
2018-02-28 16:20:01,0.00324800,5.51000000
2018-02-28 16:20:01,0.00324800,0.01000000
2018-02-28 16:20:01,0.00325900,5.51000000
2018-02-28 16:20:01,0.00325900,4.63000000
2018-02-28 16:20:03,0.00325800,1.00000000
2018-02-28 16:20:03,0.00325800,15.35000000
2018-02-28 16:20:03,0.00325100,0.84000000
2018-02-28 16:20:03,0.00324500,9.21000000
2018-02-28 16:20:04,0.00325700,9.22000000
2018-02-28 16:20:04,0.00325800,10.71000000
2018-02-28 16:20:05,0.00325800,22.76000000
2018-02-28 16:20:05,0.00324700,30.57000000
2018-02-28 16:20:05,0.00324600,134.31000000
2018-02-28 16:20:05,0.00324500,57.88000000
2018-02-28 16:20:05,0.00324400,39.47000000
2018-02-28 16:20:07,0.00325700,15.35000000
2018-02-28 16:20:07,0.00325700,3.90000000
2018-02-28 16:20:07,0.00325700,9.67000000
2018-02-28 16:20:07,0.00325800,11.34000000
2018-02-28 16:20:08,0.00325800,9.38000000
2018-02-28 16:20:08,0.00325700,1.35000000
2018-02-28 16:20:08,0.00325000,9.23000000
2018-02-28 16:20:08,0.00324900,2.46000000
2018-02-28 16:20:08,0.00324800,1.32000000
2018-02-28 16:20:08,0.00324600,81.76000000
2018-02-28 16:20:08,0.00324500,0.22000000
2018-02-28 16:20:09,0.00325700,1.92000000
2018-02-28 16:20:09,0.00325700,0.01000000
2018-02-28 16:20:09,0.00325800,5.78000000
2018-02-28 16:20:10,0.00325600,9.23000000
2018-02-28 16:20:10,0.00325700,14.22000000
2018-02-28 16:20:10,0.00325900,3.70000000
2018-02-28 16:20:10,0.00326000,28.33000000
2018-02-28 16:20:11,0.00326000,10.84000000
2018-02-28 16:20:16,0.00325900,17.82000000
2018-02-28 16:20:16,0.00325900,0.52000000
2018-02-28 16:20:16,0.00324900,1.48000000
2018-02-28 16:20:23,0.00325900,1.53000000
2018-02-28 16:20:23,0.00326000,16.48000000
2018-02-28 16:20:26,0.00325200,9.86000000
2018-02-28 16:20:28,0.00325200,11.38000000
2018-02-28 16:20:28,0.00325900,15.32000000
2018-02-28 16:20:34,0.00325900,0.67000000
2018-02-28 16:20:36,0.00325900,13.91000000
2018-02-28 16:20:38,0.00325900,17.42000000
2018-02-28 16:20:39,0.00325900,0.59000000
2018-02-28 16:20:41,0.00325300,7.41000000
2018-02-28 16:20:41,0.00325200,6.34000000
2018-02-28 16:20:47,0.00325900,11.16000000
2018-02-28 16:20:47,0.00325400,27.28000000
2018-02-28 16:20:47,0.00325200,13.37000000
2018-02-28 16:20:47,0.00325000,21.44000000
2018-02-28 16:20:47,0.00324700,20.20000000
2018-02-28 16:20:47,0.00324600,26.14000000
2018-02-28 16:20:48,0.00325200,25.46000000
2018-02-28 16:20:48,0.00325200,9.23000000
2018-02-28 16:20:48,0.00326000,3.08000000
2018-02-28 16:20:48,0.00326000,1.63000000
2018-02-28 16:20:49,0.00325200,1.61000000
2018-02-28 16:20:49,0.00326000,2.00000000
2018-02-28 16:20:49,0.00326000,1.61000000
2018-02-28 16:20:49,0.00326000,1.61000000
2018-02-28 16:20:50,0.00325300,10.59000000
2018-02-28 16:20:50,0.00325200,12.62000000
2018-02-28 16:20:50,0.00324900,118.76000000
2018-02-28 16:20:50,0.00324800,3.37000000
2018-02-28 16:20:50,0.00324700,18.43000000
2018-02-28 16:20:50,0.00324600,130.19000000
2018-02-28 16:20:50,0.00326000,1.61000000
2018-02-28 16:20:50,0.00326000,58.38000000
2018-02-28 16:20:50,0.00326000,1.61000000
2018-02-28 16:20:51,0.00325900,3.37000000
2018-02-28 16:20:51,0.00326000,27.72000000
2018-02-28 16:20:57,0.00325000,11.42000000
2018-02-28 16:21:04,0.00325800,0.87000000
2018-02-28 16:21:04,0.00325900,9.08000000
2018-02-28 16:21:05,0.00325900,0.14000000
2018-02-28 16:21:06,0.00326000,0.79000000
2018-02-28 16:21:06,0.00326000,0.79000000
2018-02-28 16:21:06,0.00325900,0.79000000
2018-02-28 16:21:07,0.00325900,2.13000000
2018-02-28 16:21:07,0.00325600,0.84000000
2018-02-28 16:21:07,0.00325400,0.84000000
2018-02-28 16:21:07,0.00325200,8.94000000
2018-02-28 16:21:07,0.00325000,10.69000000
2018-02-28 16:21:07,0.00325000,0.81000000
2018-02-28 16:21:07,0.00325000,0.81000000
2018-02-28 16:21:07,0.00325000,14.63000000
2018-02-28 16:21:07,0.00325000,11.53000000
2018-02-28 16:21:07,0.00325000,62.26000000
2018-02-28 16:21:07,0.00325000,19.95000000
2018-02-28 16:21:07,0.00326000,1.06000000
2018-02-28 16:21:07,0.00325900,9.17000000
2018-02-28 16:21:07,0.00325900,0.58000000
2018-02-28 16:21:07,0.00326000,8.59000000
2018-02-28 16:21:08,0.00326000,15.38000000
2018-02-28 16:21:08,0.00326000,66.46000000
2018-02-28 16:21:08,0.00326000,9.17000000
2018-02-28 16:21:25,0.00325900,0.88000000
2018-02-28 16:21:25,0.00325800,1.16000000
2018-02-28 16:21:26,0.00325600,104.12000000
2018-02-28 16:21:31,0.00325600,0.01000000
2018-02-28 16:21:31,0.00325900,1.19000000
2018-02-28 16:21:40,0.00325300,7.25000000
2018-02-28 16:21:40,0.00325200,3.75000000
2018-02-28 16:21:46,0.00325200,4.84000000
2018-02-28 16:21:46,0.00325800,69.54000000
2018-02-28 16:21:46,0.00325900,2.97000000
2018-02-28 16:21:46,0.00326000,440.53000000
2018-02-28 16:21:48,0.00325200,7.63000000
2018-02-28 16:21:48,0.00325100,2.47000000
2018-02-28 16:21:53,0.00325800,7.18000000
2018-02-28 16:21:58,0.00325800,0.45000000
2018-02-28 16:21:58,0.00325900,85.07000000
2018-02-28 16:22:01,0.00325200,3.13000000
2018-02-28 16:22:02,0.00325900,11.01000000
2018-02-28 16:22:03,0.00325800,3.13000000
2018-02-28 16:22:03,0.00325900,55.79000000
2018-02-28 16:22:04,0.00325900,57.39000000
2018-02-28 16:22:06,0.00325200,9.22000000
2018-02-28 16:22:07,0.00325200,1.67000000
2018-02-28 16:22:07,0.00325800,6.33000000
2018-02-28 16:22:07,0.00325800,2.00000000
2018-02-28 16:22:07,0.00325800,1.67000000
2018-02-28 16:22:07,0.00325800,11.01000000
2018-02-28 16:22:08,0.00325700,1.67000000
2018-02-28 16:22:20,0.00325700,1.54000000
2018-02-28 16:22:21,0.00325300,25.87000000
2018-02-28 16:22:21,0.00325300,30.75000000
2018-02-28 16:22:21,0.00325300,19.46000000
2018-02-28 16:22:21,0.00325700,11.82000000
2018-02-28 16:22:23,0.00325700,4.33000000
2018-02-28 16:22:24,0.00325100,7.00000000
2018-02-28 16:22:28,0.00325700,2.10000000
2018-02-28 16:22:30,0.00325200,25.89000000
2018-02-28 16:22:30,0.00325100,14.11000000
2018-02-28 16:22:35,0.00325700,3.07000000
2018-02-28 16:22:44,0.00325700,3.35000000
2018-02-28 16:22:49,0.00325700,0.01000000
2018-02-28 16:22:49,0.00325800,1.53000000
2018-02-28 16:22:50,0.00325800,3.07000000
2018-02-28 16:22:50,0.00325800,15.88000000
2018-02-28 16:22:50,0.00325800,41.33000000
2018-02-28 16:22:51,0.00325800,14.52000000
2018-02-28 16:22:53,0.00325800,1.54000000
2018-02-28 16:22:56,0.00325800,1.54000000
2018-02-28 16:22:58,0.00325500,17.23000000
2018-02-28 16:22:58,0.00325500,2.07000000
2018-02-28 16:22:59,0.00325500,18.43000000
2018-02-28 16:23:02,0.00325500,3.08000000
2018-02-28 16:23:02,0.00325500,0.02000000
2018-02-28 16:23:03,0.00325500,72.50000000
2018-02-28 16:23:04,0.00325500,36.25000000
2018-02-28 16:23:04,0.00325500,12.00000000
2018-02-28 16:23:06,0.00325500,12.71000000
2018-02-28 16:23:06,0.00325500,0.69000000
2018-02-28 16:23:06,0.00325500,2.68000000
2018-02-28 16:23:07,0.00325500,30.92000000
2018-02-28 16:23:11,0.00325200,54.54000000
2018-02-28 16:23:12,0.00325500,7.15000000
2018-02-28 16:23:14,0.00325500,4.59000000
2018-02-28 16:23:14,0.00325500,4.89000000
2018-02-28 16:23:17,0.00325500,21.19000000
2018-02-28 16:23:17,0.00325500,1.37000000
2018-02-28 16:23:19,0.00325500,0.74000000
2018-02-28 16:23:23,0.00325200,2.90000000
2018-02-28 16:23:24,0.00325200,9.87000000
2018-02-28 16:23:24,0.00325200,10.33000000
2018-02-28 16:23:25,0.00325200,1.93000000
2018-02-28 16:23:25,0.00325200,6.15000000
2018-02-28 16:23:26,0.00325200,9.33000000
2018-02-28 16:23:28,0.00325200,9.52000000
2018-02-28 16:23:31,0.00325200,24.60000000
2018-02-28 16:23:31,0.00325200,66.26000000
2018-02-28 16:23:32,0.00325100,0.84000000
2018-02-28 16:23:32,0.00325000,10.24000000
2018-02-28 16:23:32,0.00325000,11.75000000
2018-02-28 16:23:32,0.00325000,0.34000000
2018-02-28 16:23:32,0.00325000,39.41000000
2018-02-28 16:23:33,0.00325200,0.63000000
2018-02-28 16:23:34,0.00325200,52.75000000
2018-02-28 16:23:36,0.00325200,0.22000000
2018-02-28 16:23:36,0.00325600,13.77000000
2018-02-28 16:23:39,0.00325500,0.89000000
2018-02-28 16:23:52,0.00325500,15.02000000
2018-02-28 16:24:02,0.00325500,23.39000000
2018-02-28 16:24:03,0.00325500,14.74000000
2018-02-28 16:24:07,0.00325500,1.60000000
2018-02-28 16:24:08,0.00325500,18.08000000
2018-02-28 16:24:08,0.00325600,202.90000000
2018-02-28 16:24:08,0.00325700,0.49000000
2018-02-28 16:24:11,0.00324900,0.04000000
2018-02-28 16:24:19,0.00325000,0.59000000
2018-02-28 16:24:20,0.00325500,1.20000000
2018-02-28 16:24:24,0.00325000,7.00000000
2018-02-28 16:24:26,0.00325500,40.04000000
2018-02-28 16:24:27,0.00325000,1.64000000
2018-02-28 16:24:27,0.00324900,1.19000000
2018-02-28 16:24:30,0.00325500,1.20000000
2018-02-28 16:24:35,0.00325400,3.07000000
2018-02-28 16:24:37,0.00325400,17.09000000
2018-02-28 16:24:38,0.00325400,3.03000000
2018-02-28 16:24:38,0.00325400,3.07000000
2018-02-28 16:24:43,0.00325400,1.13000000
2018-02-28 16:24:53,0.00324900,8.77000000
2018-02-28 16:24:57,0.00325300,3.05000000
2018-02-28 16:24:58,0.00325400,24.05000000
2018-02-28 16:25:07,0.00325400,6.78000000
2018-02-28 16:25:07,0.00324900,6.34000000
2018-02-28 16:25:10,0.00325200,1.60000000
2018-02-28 16:25:11,0.00324900,39.05000000
2018-02-28 16:25:12,0.00324900,13.43000000
2018-02-28 16:25:14,0.00324900,0.46000000
2018-02-28 16:25:15,0.00324900,3.84000000
2018-02-28 16:25:15,0.00324900,6.89000000
2018-02-28 16:25:16,0.00324900,2.89000000
2018-02-28 16:25:16,0.00324900,1.06000000
2018-02-28 16:25:16,0.00324900,5.21000000
2018-02-28 16:25:16,0.00324900,2.89000000
2018-02-28 16:25:16,0.00324900,0.78000000
2018-02-28 16:25:18,0.00324900,1.54000000
2018-02-28 16:25:19,0.00324800,1.32000000
2018-02-28 16:25:24,0.00324800,41.41000000
2018-02-28 16:25:24,0.00324600,2.78000000
2018-02-28 16:25:25,0.00324800,16.80000000
2018-02-28 16:25:26,0.00324800,13.91000000
2018-02-28 16:25:28,0.00324800,9.20000000
2018-02-28 16:25:28,0.00324800,9.20000000
2018-02-28 16:25:28,0.00324800,1.85000000
2018-02-28 16:25:29,0.00324700,4.11000000
2018-02-28 16:25:31,0.00324800,1.42000000
2018-02-28 16:25:31,0.00324800,17.75000000
2018-02-28 16:25:32,0.00324800,0.34000000
2018-02-28 16:25:33,0.00324800,0.33000000
2018-02-28 16:25:33,0.00324800,0.92000000
2018-02-28 16:25:34,0.00324600,20.04000000
2018-02-28 16:25:35,0.00324800,20.37000000
2018-02-28 16:25:44,0.00324800,8.68000000
2018-02-28 16:25:47,0.00324600,2.26000000
2018-02-28 16:25:48,0.00324800,3.07000000
2018-02-28 16:25:49,0.00324800,20.17000000
2018-02-28 16:25:53,0.00324800,2.55000000
2018-02-28 16:25:53,0.00324600,8.60000000
2018-02-28 16:25:55,0.00324800,3.07000000
2018-02-28 16:25:57,0.00324800,6.92000000
2018-02-28 16:25:58,0.00324800,62.46000000
2018-02-28 16:25:58,0.00325200,50.18000000
2018-02-28 16:25:58,0.00325300,145.00000000
2018-02-28 16:25:58,0.00325300,27.85000000
2018-02-28 16:25:59,0.00325300,26.19000000
2018-02-28 16:26:00,0.00325300,1.20000000
2018-02-28 16:26:00,0.00325400,0.61000000
2018-02-28 16:26:01,0.00325300,100.00000000
2018-02-28 16:26:01,0.00325300,30.73000000
2018-02-28 16:26:01,0.00325300,37.00000000
2018-02-28 16:26:02,0.00325300,0.81000000
2018-02-28 16:26:03,0.00325300,11.30000000
2018-02-28 16:26:10,0.00325300,4.98000000
2018-02-28 16:26:11,0.00325300,1.53000000
2018-02-28 16:26:14,0.00324900,2.60000000
2018-02-28 16:26:14,0.00324800,2.44000000
2018-02-28 16:26:36,0.00325300,8.08000000
2018-02-28 16:26:39,0.00324800,42.81000000
2018-02-28 16:26:39,0.00324800,2.00000000
2018-02-28 16:26:40,0.00324800,3.85000000
2018-02-28 16:26:45,0.00324800,4.43000000
2018-02-28 16:26:50,0.00324800,6.42000000
2018-02-28 16:26:53,0.00324800,6.15000000
2018-02-28 16:26:59,0.00324600,99.63000000
2018-02-28 16:27:00,0.00324800,28.24000000
2018-02-28 16:27:01,0.00325200,1.03000000
2018-02-28 16:27:03,0.00324600,1.50000000
2018-02-28 16:27:03,0.00324600,1.37000000
2018-02-28 16:27:03,0.00324600,55.00000000
2018-02-28 16:27:03,0.00325200,67.20000000
2018-02-28 16:27:03,0.00325300,57.80000000
2018-02-28 16:27:03,0.00324500,2.79000000
2018-02-28 16:27:04,0.00324600,4.28000000
2018-02-28 16:27:05,0.00325100,12.87000000
2018-02-28 16:27:06,0.00325100,33.09000000
2018-02-28 16:27:09,0.00325100,0.61000000
2018-02-28 16:27:10,0.00324900,2.00000000
2018-02-28 16:27:10,0.00324800,0.12000000
2018-02-28 16:27:10,0.00325100,2.98000000
2018-02-28 16:27:12,0.00325100,1.53000000
2018-02-28 16:27:13,0.00325100,1.53000000
2018-02-28 16:27:26,0.00324800,44.03000000
2018-02-28 16:27:26,0.00324800,8.09000000
2018-02-28 16:27:26,0.00325100,0.18000000
2018-02-28 16:27:27,0.00325100,1.60000000
2018-02-28 16:27:27,0.00325100,28.37000000
2018-02-28 16:27:27,0.00324500,1.63000000
2018-02-28 16:27:35,0.00325200,5.63000000
2018-02-28 16:27:36,0.00325200,8.69000000
2018-02-28 16:27:37,0.00325200,1.27000000
2018-02-28 16:27:38,0.00325200,4.06000000
2018-02-28 16:27:56,0.00325200,7.00000000
2018-02-28 16:28:05,0.00324500,3.00000000
2018-02-28 16:28:06,0.00324500,9.32000000
2018-02-28 16:28:06,0.00324500,4.42000000
2018-02-28 16:28:06,0.00324300,1.86000000
2018-02-28 16:28:06,0.00324200,7.00000000
2018-02-28 16:28:06,0.00324100,7.22000000
2018-02-28 16:28:11,0.00324200,84.08000000
2018-02-28 16:28:11,0.00325000,9.24000000
2018-02-28 16:28:11,0.00325100,2.31000000
2018-02-28 16:28:11,0.00325200,5.77000000
2018-02-28 16:28:18,0.00325100,20.20000000
2018-02-28 16:28:28,0.00325100,9.57000000
2018-02-28 16:28:28,0.00325100,3.05000000
2018-02-28 16:28:28,0.00324500,20.00000000
2018-02-28 16:28:28,0.00324200,9.25000000
2018-02-28 16:28:28,0.00324100,30.69000000
2018-02-28 16:28:34,0.00325000,2.00000000
2018-02-28 16:28:38,0.00325000,3.07000000
2018-02-28 16:28:41,0.00324800,3.29000000
2018-02-28 16:28:42,0.00324200,0.87000000
2018-02-28 16:28:42,0.00324100,1.39000000
2018-02-28 16:28:42,0.00324800,0.89000000
2018-02-28 16:28:50,0.00325000,135.89000000
2018-02-28 16:28:50,0.00325100,9.93000000
2018-02-28 16:28:50,0.00325200,98.66000000
2018-02-28 16:28:50,0.00325300,43.07000000
2018-02-28 16:28:50,0.00325400,4.50000000
2018-02-28 16:28:50,0.00325600,135.00000000
2018-02-28 16:28:50,0.00325700,34.20000000
2018-02-28 16:28:50,0.00325700,1.44000000
2018-02-28 16:28:50,0.00325700,15.43000000
2018-02-28 16:28:52,0.00324500,6.01000000
2018-02-28 16:28:53,0.00324200,9.25000000
2018-02-28 16:28:53,0.00324100,34.40000000
2018-02-28 16:28:54,0.00324300,3.50000000
2018-02-28 16:28:54,0.00324200,2.51000000
2018-02-28 16:28:54,0.00324200,3.01000000
2018-02-28 16:29:00,0.00324600,9.24000000
2018-02-28 16:29:00,0.00324600,11.54000000
2018-02-28 16:29:00,0.00324000,22.06000000
2018-02-28 16:29:00,0.00324000,53.43000000
2018-02-28 16:29:01,0.00324700,18.48000000
2018-02-28 16:29:08,0.00324200,9.25000000
2018-02-28 16:29:14,0.00324800,12.75000000
2018-02-28 16:29:14,0.00325000,1.82000000
2018-02-28 16:29:14,0.00325200,123.98000000
2018-02-28 16:29:14,0.00325400,12.05000000
2018-02-28 16:29:14,0.00325500,16.87000000
2018-02-28 16:29:14,0.00325600,0.93000000
2018-02-28 16:29:17,0.00324700,10.16000000
2018-02-28 16:29:17,0.00324400,2.56000000
2018-02-28 16:29:21,0.00324700,0.71000000
2018-02-28 16:29:29,0.00324700,6.01000000
2018-02-28 16:29:29,0.00324800,2.56000000
2018-02-28 16:29:29,0.00325500,3.07000000
2018-02-28 16:29:30,0.00325500,10.00000000
2018-02-28 16:29:36,0.00324600,2.88000000
2018-02-28 16:29:38,0.00325400,3.08000000
2018-02-28 16:29:40,0.00325400,15.37000000
2018-02-28 16:29:42,0.00325500,3.45000000
2018-02-28 16:29:42,0.00325400,15.37000000
2018-02-28 16:29:50,0.00325500,20.00000000
2018-02-28 16:29:51,0.00325500,2.56000000
2018-02-28 16:29:58,0.00325400,9.99000000
2018-02-28 16:30:00,0.00325400,2.28000000
2018-02-28 16:30:07,0.00325400,0.10000000
2018-02-28 16:30:16,0.00325400,5.67000000
2018-02-28 16:30:33,0.00325200,1.23000000
2018-02-28 16:30:40,0.00324700,5.00000000
2018-02-28 16:30:40,0.00325200,2.88000000
2018-02-28 16:30:40,0.00325300,16.31000000
2018-02-28 16:30:41,0.00325300,2.25000000
2018-02-28 16:30:42,0.00324700,2.12000000
2018-02-28 16:30:45,0.00325300,40.00000000
2018-02-28 16:30:50,0.00325300,0.77000000
2018-02-28 16:30:56,0.00324700,1.00000000
2018-02-28 16:31:06,0.00324800,1.00000000
2018-02-28 16:31:09,0.00325300,6.79000000
2018-02-28 16:31:15,0.00324800,5.09000000
2018-02-28 16:31:23,0.00325000,2.00000000
2018-02-28 16:31:23,0.00325000,6.40000000
2018-02-28 16:31:24,0.00325000,2.16000000
2018-02-28 16:31:24,0.00325000,14.41000000
2018-02-28 16:31:31,0.00324800,0.28000000
2018-02-28 16:31:31,0.00324800,10.93000000
2018-02-28 16:31:33,0.00324800,14.34000000
2018-02-28 16:31:33,0.00324800,0.50000000
2018-02-28 16:31:34,0.00324800,5.16000000
2018-02-28 16:31:38,0.00325000,0.02000000
2018-02-28 16:31:38,0.00325200,5.34000000
2018-02-28 16:31:38,0.00325300,11.63000000
2018-02-28 16:31:38,0.00325400,0.31000000
2018-02-28 16:31:52,0.00325000,15.38000000
2018-02-28 16:31:54,0.00325000,15.38000000
2018-02-28 16:31:58,0.00325000,7.63000000
2018-02-28 16:32:06,0.00325000,45.00000000
2018-02-28 16:32:06,0.00325000,7.36000000
2018-02-28 16:32:14,0.00325000,3.73000000
2018-02-28 16:32:23,0.00325100,8.46000000
2018-02-28 16:32:31,0.00325100,5.56000000
2018-02-28 16:32:33,0.00325300,3.07000000
2018-02-28 16:32:44,0.00325200,3.13000000
2018-02-28 16:32:45,0.00325200,15.00000000
2018-02-28 16:32:46,0.00325200,5.83000000
2018-02-28 16:32:46,0.00325100,9.55000000
2018-02-28 16:32:50,0.00325100,6.00000000
2018-02-28 16:32:51,0.00325300,185.73000000
2018-02-28 16:33:01,0.00325200,4.23000000
2018-02-28 16:33:01,0.00325200,7.29000000
2018-02-28 16:33:06,0.00325200,8.31000000
2018-02-28 16:33:10,0.00325200,3.21000000
2018-02-28 16:33:11,0.00325200,5.24000000
2018-02-28 16:33:22,0.00325300,170.16000000
2018-02-28 16:33:27,0.00325300,3.07000000
2018-02-28 16:33:31,0.00325400,0.08000000
2018-02-28 16:33:36,0.00325400,17.75000000
2018-02-28 16:33:41,0.00325400,1.82000000
2018-02-28 16:33:41,0.00325500,1.25000000
2018-02-28 16:33:45,0.00325500,1.00000000
2018-02-28 16:33:47,0.00325300,1.59000000
2018-02-28 16:33:47,0.00325100,16.69000000
2018-02-28 16:34:11,0.00325200,11.50000000
2018-02-28 16:34:11,0.00325100,78.19000000
2018-02-28 16:34:24,0.00325500,3.26000000
2018-02-28 16:34:26,0.00325200,15.24000000
2018-02-28 16:34:29,0.00325500,3.13000000
2018-02-28 16:34:31,0.00325500,21.07000000
2018-02-28 16:34:35,0.00325100,2.99000000
2018-02-28 16:34:42,0.00325500,2.55000000
2018-02-28 16:34:44,0.00325500,3.07000000
2018-02-28 16:34:50,0.00325200,0.50000000
2018-02-28 16:34:50,0.00325100,1.13000000
2018-02-28 16:35:02,0.00325200,2.00000000
2018-02-28 16:35:03,0.00325400,3.87000000
2018-02-28 16:35:06,0.00325200,9.49000000
2018-02-28 16:35:06,0.00325100,115.61000000
2018-02-28 16:35:13,0.00325200,1.00000000
2018-02-28 16:35:20,0.00325500,5.30000000
2018-02-28 16:35:32,0.00325200,5.00000000
2018-02-28 16:35:37,0.00325400,7.00000000
2018-02-28 16:35:39,0.00325400,1.84000000
2018-02-28 16:35:40,0.00325400,10.53000000
2018-02-28 16:35:40,0.00325500,37.31000000
2018-02-28 16:35:42,0.00325500,1.00000000
2018-02-28 16:35:43,0.00325400,13.14000000
2018-02-28 16:35:43,0.00325300,2.23000000
2018-02-28 16:35:49,0.00325500,0.98000000
2018-02-28 16:35:52,0.00325500,1.54000000
2018-02-28 16:36:01,0.00325500,2.91000000
2018-02-28 16:36:02,0.00325500,5.00000000
2018-02-28 16:36:02,0.00325500,5.74000000
2018-02-28 16:36:03,0.00325500,0.77000000
2018-02-28 16:36:06,0.00325400,5.74000000
2018-02-28 16:36:07,0.00325500,11.82000000
2018-02-28 16:36:08,0.00325400,128.34000000
2018-02-28 16:36:11,0.00325500,1.84000000
2018-02-28 16:36:11,0.00325500,18.15000000
2018-02-28 16:36:11,0.00325500,9.58000000
2018-02-28 16:36:12,0.00325500,0.15000000
2018-02-28 16:36:13,0.00325900,1.54000000
2018-02-28 16:36:17,0.00325500,1.00000000
2018-02-28 16:36:22,0.00325500,1.00000000
2018-02-28 16:36:25,0.00325500,88.85000000
2018-02-28 16:36:26,0.00325500,139.24000000
2018-02-28 16:36:31,0.00325400,0.22000000
2018-02-28 16:36:41,0.00325500,0.77000000
2018-02-28 16:36:53,0.00325400,0.61000000
2018-02-28 16:36:53,0.00325400,1.82000000
2018-02-28 16:36:57,0.00325400,0.16000000
2018-02-28 16:37:09,0.00325400,3.74000000
2018-02-28 16:37:10,0.00325400,2.84000000
2018-02-28 16:37:20,0.00325400,10.47000000
2018-02-28 16:37:25,0.00325400,10.00000000
2018-02-28 16:37:28,0.00325400,0.50000000
2018-02-28 16:37:28,0.00325400,7.36000000
2018-02-28 16:37:29,0.00325400,3.07000000
2018-02-28 16:37:32,0.00325400,10.00000000
2018-02-28 16:37:33,0.00325400,6.37000000
2018-02-28 16:37:33,0.00325400,0.70000000
2018-02-28 16:37:47,0.00325400,30.73000000
2018-02-28 16:37:47,0.00325400,2.66000000
2018-02-28 16:37:48,0.00325300,79.18000000
2018-02-28 16:37:51,0.00325200,4.26000000
2018-02-28 16:37:51,0.00325200,11.30000000
2018-02-28 16:37:53,0.00325200,1.00000000
2018-02-28 16:37:54,0.00325200,9.52000000
2018-02-28 16:37:55,0.00325300,64.25000000
2018-02-28 16:37:55,0.00325100,1.00000000
2018-02-28 16:37:56,0.00325300,1.21000000
2018-02-28 16:37:56,0.00325300,13.25000000
2018-02-28 16:37:57,0.00325300,12.46000000
2018-02-28 16:38:01,0.00325300,30.75000000
2018-02-28 16:38:01,0.00325300,25.98000000
2018-02-28 16:38:02,0.00325300,11.83000000
2018-02-28 16:38:03,0.00325300,5.91000000
2018-02-28 16:38:04,0.00325300,2.95000000
2018-02-28 16:38:05,0.00325300,1.47000000
2018-02-28 16:38:06,0.00325300,1.47000000
2018-02-28 16:38:06,0.00325300,49.66000000
2018-02-28 16:38:10,0.00325300,7.83000000
2018-02-28 16:38:13,0.00325300,8.49000000
2018-02-28 16:38:24,0.00325300,1.84000000
2018-02-28 16:38:30,0.00325100,1.00000000
2018-02-28 16:38:32,0.00325200,7.54000000
2018-02-28 16:38:33,0.00325100,93.60000000
2018-02-28 16:38:38,0.00325100,54.41000000
2018-02-28 16:38:42,0.00325100,1.60000000
2018-02-28 16:38:42,0.00325100,33.07000000
2018-02-28 16:38:42,0.00325100,1.09000000
2018-02-28 16:38:46,0.00325000,0.23000000
2018-02-28 16:38:49,0.00325000,0.50000000
2018-02-28 16:38:50,0.00325000,23.13000000
2018-02-28 16:38:52,0.00325000,15.66000000
2018-02-28 16:38:53,0.00325000,40.00000000
2018-02-28 16:38:55,0.00325100,32.65000000
2018-02-28 16:38:57,0.00325100,1.85000000
2018-02-28 16:39:07,0.00325000,4.72000000
2018-02-28 16:39:08,0.00325000,6.57000000
2018-02-28 16:39:08,0.00324900,6.35000000
2018-02-28 16:39:08,0.00324600,13.24000000
2018-02-28 16:39:08,0.00324500,24.86000000
2018-02-28 16:39:15,0.00324500,5.15000000
2018-02-28 16:39:28,0.00324500,5.00000000
2018-02-28 16:39:30,0.00324800,1.85000000
2018-02-28 16:39:34,0.00324800,7.59000000
2018-02-28 16:39:35,0.00324500,25.27000000
2018-02-28 16:39:44,0.00324500,8.00000000
2018-02-28 16:39:44,0.00324700,3.14000000
2018-02-28 16:39:45,0.00324600,4.81000000
2018-02-28 16:39:57,0.00324700,0.77000000
2018-02-28 16:39:59,0.00324600,9.05000000
2018-02-28 16:40:02,0.00324600,68.97000000
2018-02-28 16:40:06,0.00324500,30.12000000
2018-02-28 16:40:06,0.00324700,1.85000000
2018-02-28 16:40:17,0.00324500,1.82000000
2018-02-28 16:40:24,0.00324500,7.34000000
2018-02-28 16:40:24,0.00324400,90.82000000
2018-02-28 16:40:24,0.00324300,5.84000000
2018-02-28 16:40:24,0.00324200,54.85000000
2018-02-28 16:40:24,0.00324100,31.00000000
2018-02-28 16:40:25,0.00324000,120.71000000
2018-02-28 16:40:27,0.00324600,1.23000000
2018-02-28 16:40:40,0.00324100,33.13000000
2018-02-28 16:40:40,0.00324000,173.79000000
2018-02-28 16:40:41,0.00324500,1.85000000
2018-02-28 16:40:44,0.00324100,1.24000000
2018-02-28 16:40:49,0.00324100,31.89000000
2018-02-28 16:40:49,0.00324000,52.56000000
2018-02-28 16:41:00,0.00324500,28.66000000
2018-02-28 16:41:01,0.00324100,1.91000000
2018-02-28 16:41:08,0.00324500,0.87000000
2018-02-28 16:41:13,0.00324100,10.00000000
2018-02-28 16:41:29,0.00324100,10.38000000
2018-02-28 16:41:30,0.00324100,3.49000000
2018-02-28 16:41:33,0.00324300,0.62000000
2018-02-28 16:41:33,0.00324100,31.33000000
2018-02-28 16:41:36,0.00324100,9.76000000
2018-02-28 16:41:39,0.00324100,5.00000000
2018-02-28 16:41:40,0.00324100,25.30000000
2018-02-28 16:41:49,0.00324100,95.88000000
2018-02-28 16:41:51,0.00324300,0.23000000
2018-02-28 16:41:52,0.00324600,0.02000000
2018-02-28 16:41:56,0.00324300,0.38000000
2018-02-28 16:41:57,0.00324300,1.22000000
2018-02-28 16:42:00,0.00324300,0.02000000
2018-02-28 16:42:00,0.00324200,27.22000000
2018-02-28 16:42:06,0.00324200,9.48000000
2018-02-28 16:42:09,0.00324200,1.96000000
2018-02-28 16:42:10,0.00324400,0.62000000
2018-02-28 16:42:10,0.00324200,16.57000000
2018-02-28 16:42:11,0.00324200,1.13000000
2018-02-28 16:42:37,0.00324400,0.23000000
2018-02-28 16:42:37,0.00324500,0.39000000
2018-02-28 16:42:41,0.00324200,7.54000000
2018-02-28 16:42:42,0.00324400,3.13000000
2018-02-28 16:42:43,0.00324500,4.96000000
2018-02-28 16:42:43,0.00324600,57.23000000
2018-02-28 16:42:46,0.00324400,0.71000000
2018-02-28 16:42:46,0.00324400,15.47000000
2018-02-28 16:42:48,0.00324400,3.88000000
2018-02-28 16:42:50,0.00324400,0.97000000
2018-02-28 16:42:52,0.00324400,0.24000000
2018-02-28 16:42:55,0.00324400,0.06000000
2018-02-28 16:42:58,0.00324200,218.08000000
2018-02-28 16:42:58,0.00324100,14.44000000
2018-02-28 16:42:58,0.00324000,53.83000000
2018-02-28 16:42:58,0.00323900,1.80000000
2018-02-28 16:42:58,0.00323800,0.50000000
2018-02-28 16:42:58,0.00323700,0.92000000
2018-02-28 16:42:58,0.00323600,33.65000000
2018-02-28 16:42:58,0.00323500,22.99000000
2018-02-28 16:42:58,0.00323400,0.56000000
2018-02-28 16:42:58,0.00323300,1.23000000
2018-02-28 16:42:58,0.00323000,72.30000000
2018-02-28 16:42:58,0.00322900,72.34000000
2018-02-28 16:42:58,0.00322900,47.66000000
2018-02-28 16:42:58,0.00322800,6.03000000
2018-02-28 16:42:58,0.00322700,1.00000000
2018-02-28 16:42:58,0.00322600,132.85000000
2018-02-28 16:42:58,0.00322500,113.23000000
2018-02-28 16:42:58,0.00322500,17.38000000
2018-02-28 16:42:58,0.00323000,7.00000000
2018-02-28 16:43:05,0.00324300,0.62000000
2018-02-28 16:43:05,0.00324300,8.62000000
2018-02-28 16:43:05,0.00324400,24.73000000
2018-02-28 16:43:10,0.00324400,23.80000000
2018-02-28 16:43:17,0.00324400,0.71000000
2018-02-28 16:43:17,0.00324400,1.53000000
2018-02-28 16:43:18,0.00324400,37.23000000
2018-02-28 16:43:18,0.00323500,2.24000000
2018-02-28 16:43:19,0.00323500,9.39000000
2018-02-28 16:43:19,0.00323400,1.09000000
2018-02-28 16:43:20,0.00323500,9.27000000
2018-02-28 16:43:20,0.00323400,8.25000000
2018-02-28 16:43:26,0.00323500,2.24000000
2018-02-28 16:43:27,0.00323200,11.50000000
2018-02-28 16:43:28,0.00323200,7.47000000
2018-02-28 16:43:29,0.00323200,3.74000000
2018-02-28 16:43:30,0.00324000,3.08000000
2018-02-28 16:43:32,0.00323900,1.85000000
2018-02-28 16:43:34,0.00323900,0.62000000
2018-02-28 16:43:36,0.00323900,3.08000000
2018-02-28 16:43:43,0.00323200,1.82000000
2018-02-28 16:43:43,0.00323100,0.86000000
2018-02-28 16:43:43,0.00323200,0.91000000
2018-02-28 16:43:43,0.00323900,3.72000000
2018-02-28 16:43:45,0.00323100,0.42000000
2018-02-28 16:43:45,0.00323000,2.27000000
2018-02-28 16:43:58,0.00323900,1.82000000
2018-02-28 16:43:58,0.00323900,1.54000000
2018-02-28 16:44:01,0.00323900,3.41000000
2018-02-28 16:44:02,0.00324000,3.08000000
2018-02-28 16:44:06,0.00324000,4.65000000
2018-02-28 16:44:06,0.00324000,1.38000000
2018-02-28 16:44:08,0.00323600,4.79000000
2018-02-28 16:44:08,0.00324300,9.25000000
2018-02-28 16:44:08,0.00324300,2.00000000
2018-02-28 16:44:17,0.00324200,0.85000000
2018-02-28 16:44:17,0.00324200,1.65000000
2018-02-28 16:44:27,0.00324300,2.86000000
2018-02-28 16:44:29,0.00324300,1.93000000
2018-02-28 16:44:46,0.00324400,0.34000000
2018-02-28 16:44:46,0.00324400,9.01000000
2018-02-28 16:44:47,0.00324400,9.24000000
2018-02-28 16:44:47,0.00324400,0.44000000
2018-02-28 16:44:54,0.00323800,1.87000000
2018-02-28 16:45:02,0.00324300,19.67000000
2018-02-28 16:45:06,0.00324300,2.33000000
2018-02-28 16:45:10,0.00323800,9.46000000
2018-02-28 16:45:13,0.00324400,6.16000000
2018-02-28 16:45:16,0.00323400,9.27000000
2018-02-28 16:45:16,0.00323300,14.76000000
2018-02-28 16:45:16,0.00323200,11.25000000
2018-02-28 16:45:16,0.00323000,20.78000000
2018-02-28 16:45:16,0.00322800,63.66000000
2018-02-28 16:45:16,0.00322700,81.77000000
2018-02-28 16:45:16,0.00322500,322.05000000
2018-02-28 16:45:16,0.00322400,99.51000000
2018-02-28 16:45:17,0.00324300,0.80000000
2018-02-28 16:45:21,0.00324000,19.50000000
2018-02-28 16:45:24,0.00323800,3.76000000
2018-02-28 16:45:27,0.00323600,18.42000000
2018-02-28 16:45:27,0.00323300,0.86000000
2018-02-28 16:45:27,0.00322600,4.52000000
2018-02-28 16:45:27,0.00322200,6.20000000
2018-02-28 16:45:28,0.00323700,11.00000000
2018-02-28 16:45:28,0.00323800,0.70000000
2018-02-28 16:45:28,0.00323900,14.35000000
2018-02-28 16:45:28,0.00324000,12.77000000
2018-02-28 16:45:33,0.00323900,0.61000000
2018-02-28 16:45:38,0.00323900,13.86000000
2018-02-28 16:45:41,0.00323900,4.43000000
2018-02-28 16:45:44,0.00323600,3.08000000
2018-02-28 16:45:45,0.00323800,1.54000000
2018-02-28 16:45:45,0.00323900,0.31000000
2018-02-28 16:45:45,0.00323900,3.08000000
2018-02-28 16:45:47,0.00323800,1.53000000
2018-02-28 16:45:49,0.00323800,10.40000000
2018-02-28 16:45:50,0.00323800,18.23000000
2018-02-28 16:45:50,0.00323600,3.17000000
2018-02-28 16:45:51,0.00323600,0.51000000
2018-02-28 16:45:52,0.00323600,2.50000000
2018-02-28 16:45:53,0.00323600,0.74000000
2018-02-28 16:45:54,0.00323600,0.01000000
2018-02-28 16:45:54,0.00323600,0.59000000
2018-02-28 16:45:54,0.00323700,0.03000000
2018-02-28 16:45:55,0.00323500,0.92000000
2018-02-28 16:45:57,0.00323500,5.52000000
2018-02-28 16:46:03,0.00323500,2.63000000
2018-02-28 16:46:04,0.00323600,12.36000000
2018-02-28 16:46:06,0.00323500,2.70000000
2018-02-28 16:46:19,0.00323600,1.85000000
2018-02-28 16:46:29,0.00323600,136.59000000
2018-02-28 16:46:31,0.00323600,0.68000000
2018-02-28 16:46:31,0.00323700,2.47000000
2018-02-28 16:46:36,0.00323600,25.40000000
2018-02-28 16:46:39,0.00323600,0.62000000
2018-02-28 16:46:43,0.00323500,21.14000000
2018-02-28 16:46:45,0.00323500,0.34000000
2018-02-28 16:46:50,0.00323500,1.85000000
2018-02-28 16:46:57,0.00322900,20.01000000
2018-02-28 16:46:57,0.00322800,8.99000000
2018-02-28 16:47:05,0.00323400,0.90000000
2018-02-28 16:47:05,0.00323400,3.95000000
2018-02-28 16:47:07,0.00322900,1.54000000
2018-02-28 16:47:07,0.00322800,3.26000000
2018-02-28 16:47:09,0.00323400,0.62000000
2018-02-28 16:47:10,0.00322900,1.54000000
2018-02-28 16:47:10,0.00322800,0.68000000
2018-02-28 16:47:17,0.00323300,0.53000000
2018-02-28 16:47:17,0.00323300,3.85000000
2018-02-28 16:47:17,0.00323300,13.92000000
2018-02-28 16:47:17,0.00323300,3.23000000
2018-02-28 16:47:20,0.00323300,60.66000000
2018-02-28 16:47:22,0.00323300,2.20000000
2018-02-28 16:47:23,0.00322900,1.54000000
2018-02-28 16:47:23,0.00322800,0.56000000
2018-02-28 16:47:24,0.00323300,1.86000000
2018-02-28 16:47:24,0.00323000,0.89000000
2018-02-28 16:47:24,0.00322800,10.06000000
2018-02-28 16:47:24,0.00322600,4.01000000
2018-02-28 16:47:24,0.00322400,4.39000000
2018-02-28 16:47:24,0.00322300,5.32000000
2018-02-28 16:47:25,0.00323300,0.51000000
2018-02-28 16:47:25,0.00323300,13.36000000
2018-02-28 16:47:25,0.00323300,27.83000000
2018-02-28 16:47:26,0.00323200,20.00000000
2018-02-28 16:47:26,0.00323200,20.25000000
2018-02-28 16:47:27,0.00322900,1.54000000
2018-02-28 16:47:28,0.00323200,9.17000000
2018-02-28 16:47:28,0.00323200,20.00000000
2018-02-28 16:47:31,0.00323200,7.25000000
2018-02-28 16:47:31,0.00323300,13.59000000
2018-02-28 16:47:38,0.00323400,0.34000000
2018-02-28 16:47:44,0.00323400,6.31000000
2018-02-28 16:47:44,0.00323500,2.22000000
2018-02-28 16:47:44,0.00323600,23.67000000
2018-02-28 16:47:45,0.00323600,0.19000000
2018-02-28 16:47:46,0.00323600,0.93000000
2018-02-28 16:47:47,0.00322900,11.04000000
2018-02-28 16:47:47,0.00322900,40.00000000
2018-02-28 16:47:47,0.00322900,8.27000000
2018-02-28 16:47:48,0.00323500,8.56000000
2018-02-28 16:47:59,0.00323500,0.24000000
2018-02-28 16:48:10,0.00323400,30.92000000
2018-02-28 16:48:10,0.00323400,4.65000000
2018-02-28 16:48:18,0.00323400,35.59000000
2018-02-28 16:48:22,0.00323100,1.00000000
2018-02-28 16:48:25,0.00323400,12.00000000
2018-02-28 16:48:25,0.00323400,30.88000000
2018-02-28 16:48:32,0.00323400,7.73000000
2018-02-28 16:48:35,0.00323100,3.84000000
2018-02-28 16:48:38,0.00323400,3.09000000
2018-02-28 16:48:39,0.00323400,141.92000000
2018-02-28 16:48:39,0.00323200,9.76000000
2018-02-28 16:48:39,0.00323100,2.11000000
2018-02-28 16:48:45,0.00323500,0.68000000
2018-02-28 16:48:45,0.00323500,113.76000000
2018-02-28 16:48:45,0.00323600,135.19000000
2018-02-28 16:48:45,0.00323700,63.23000000
2018-02-28 16:48:48,0.00324000,1.27000000
2018-02-28 16:48:49,0.00324000,0.77000000
2018-02-28 16:48:49,0.00324000,0.93000000
2018-02-28 16:48:49,0.00323400,1.39000000
2018-02-28 16:48:51,0.00323400,0.37000000
2018-02-28 16:48:52,0.00323400,0.31000000
2018-02-28 16:48:52,0.00323400,1.54000000
2018-02-28 16:48:53,0.00323400,8.01000000
2018-02-28 16:48:53,0.00323400,2.87000000
2018-02-28 16:48:53,0.00323800,5.05000000
2018-02-28 16:48:53,0.00323900,51.10000000
2018-02-28 16:48:57,0.00323400,8.38000000
2018-02-28 16:48:57,0.00323200,4.56000000
2018-02-28 16:49:05,0.00324100,1.84000000
2018-02-28 16:49:05,0.00324100,0.77000000
2018-02-28 16:49:05,0.00324100,1.67000000
2018-02-28 16:49:05,0.00324100,1.54000000
2018-02-28 16:49:05,0.00324100,0.68000000
2018-02-28 16:49:06,0.00324100,0.93000000
2018-02-28 16:49:06,0.00324100,0.70000000
2018-02-28 16:49:06,0.00324100,0.49000000
2018-02-28 16:49:07,0.00324100,0.83000000
2018-02-28 16:49:07,0.00324100,2.19000000
2018-02-28 16:49:07,0.00324100,0.46000000
2018-02-28 16:49:07,0.00324100,1.85000000
2018-02-28 16:49:08,0.00324100,0.52000000
2018-02-28 16:49:08,0.00324100,1.67000000
2018-02-28 16:49:08,0.00324100,0.99000000
2018-02-28 16:49:08,0.00324100,0.46000000
2018-02-28 16:49:10,0.00324100,1.54000000
2018-02-28 16:49:11,0.00324100,0.56000000
2018-02-28 16:49:11,0.00324100,0.31000000
2018-02-28 16:49:16,0.00323300,4.00000000
2018-02-28 16:49:21,0.00323300,0.56000000
2018-02-28 16:49:21,0.00323200,1.37000000
2018-02-28 16:49:28,0.00323200,3.35000000
2018-02-28 16:49:31,0.00323100,13.13000000
2018-02-28 16:49:33,0.00323500,0.87000000
2018-02-28 16:49:33,0.00323700,9.28000000
2018-02-28 16:49:33,0.00323800,39.85000000
2018-02-28 16:49:35,0.00323200,6.60000000
2018-02-28 16:49:36,0.00323200,45.34000000
2018-02-28 16:49:38,0.00323200,0.62000000
2018-02-28 16:49:39,0.00323200,0.34000000
2018-02-28 16:49:40,0.00323200,0.34000000
2018-02-28 16:49:41,0.00323200,56.83000000
2018-02-28 16:49:49,0.00323100,36.06000000
2018-02-28 16:49:49,0.00323100,2.00000000
2018-02-28 16:49:51,0.00323800,120.04000000
2018-02-28 16:49:51,0.00323900,16.51000000
2018-02-28 16:50:01,0.00323200,1.74000000
2018-02-28 16:50:03,0.00323900,3.49000000
2018-02-28 16:50:03,0.00324000,129.97000000
2018-02-28 16:50:03,0.00324100,235.87000000
2018-02-28 16:50:03,0.00324100,6.32000000
2018-02-28 16:50:04,0.00324100,1.17000000
2018-02-28 16:50:04,0.00324100,0.51000000
2018-02-28 16:50:04,0.00324100,13.92000000
2018-02-28 16:50:04,0.00324100,2.17000000
2018-02-28 16:50:04,0.00324100,8.27000000
2018-02-28 16:50:04,0.00324100,40.00000000
2018-02-28 16:50:05,0.00324100,4.07000000
2018-02-28 16:50:05,0.00324100,15.91000000
2018-02-28 16:50:06,0.00324100,0.34000000
2018-02-28 16:50:06,0.00324100,1.00000000
2018-02-28 16:50:07,0.00324100,2.29000000
2018-02-28 16:50:09,0.00324100,1.15000000
2018-02-28 16:50:10,0.00324100,1.00000000
2018-02-28 16:50:11,0.00324100,1.54000000
2018-02-28 16:50:15,0.00324100,1.00000000
2018-02-28 16:50:16,0.00324100,15.44000000
2018-02-28 16:50:20,0.00324100,1.00000000
2018-02-28 16:50:20,0.00324100,5.30000000
2018-02-28 16:50:20,0.00324100,4.62000000
2018-02-28 16:50:22,0.00324100,3.65000000
2018-02-28 16:50:22,0.00324000,9.25000000
2018-02-28 16:50:23,0.00324000,4.20000000
2018-02-28 16:50:27,0.00323200,2.00000000
2018-02-28 16:50:28,0.00323200,7.28000000
2018-02-28 16:50:28,0.00323000,14.84000000
2018-02-28 16:50:28,0.00322900,7.11000000
2018-02-28 16:50:28,0.00322800,0.71000000
2018-02-28 16:50:28,0.00322700,3.70000000
2018-02-28 16:50:31,0.00322900,3.50000000
2018-02-28 16:50:31,0.00322700,0.92000000
2018-02-28 16:50:31,0.00322600,5.00000000
2018-02-28 16:50:35,0.00323700,0.84000000
2018-02-28 16:50:36,0.00323400,2.11000000
2018-02-28 16:50:36,0.00323500,1.29000000
2018-02-28 16:50:38,0.00323200,1.14000000
2018-02-28 16:50:40,0.00323000,5.35000000
2018-02-28 16:50:41,0.00322900,9.25000000
2018-02-28 16:50:41,0.00322900,5.59000000
2018-02-28 16:50:41,0.00323000,3.66000000
2018-02-28 16:50:41,0.00323000,3.21000000
2018-02-28 16:50:41,0.00323000,0.34000000
2018-02-28 16:50:43,0.00323000,8.69000000
2018-02-28 16:50:43,0.00323000,0.62000000
2018-02-28 16:50:45,0.00323000,0.35000000
2018-02-28 16:50:55,0.00323000,3.09000000
2018-02-28 16:50:56,0.00323000,4.66000000
2018-02-28 16:50:57,0.00323000,0.80000000
2018-02-28 16:51:00,0.00323000,0.74000000
2018-02-28 16:51:03,0.00323000,0.48000000
2018-02-28 16:51:08,0.00323000,1.86000000
2018-02-28 16:51:10,0.00322900,11.81000000
2018-02-28 16:51:10,0.00323000,86.16000000
2018-02-28 16:51:13,0.00323000,5.04000000
2018-02-28 16:51:17,0.00322700,15.20000000
2018-02-28 16:51:27,0.00322700,3.00000000
2018-02-28 16:51:31,0.00323000,0.62000000
2018-02-28 16:51:31,0.00323000,3.29000000
2018-02-28 16:51:32,0.00323000,0.01000000
2018-02-28 16:51:35,0.00322700,149.66000000
2018-02-28 16:51:36,0.00323000,1.00000000
2018-02-28 16:51:38,0.00323000,0.57000000
2018-02-28 16:51:38,0.00322700,0.74000000
2018-02-28 16:51:39,0.00322700,10.14000000
2018-02-28 16:51:44,0.00323400,1.33000000
2018-02-28 16:51:50,0.00323400,4.69000000
2018-02-28 16:51:51,0.00323400,5.23000000
2018-02-28 16:51:53,0.00323400,1.14000000
2018-02-28 16:51:56,0.00322900,1.26000000
2018-02-28 16:51:58,0.00322900,5.63000000
2018-02-28 16:51:58,0.00322900,5.66000000
2018-02-28 16:51:59,0.00323300,6.19000000
2018-02-28 16:51:59,0.00323300,15.39000000
2018-02-28 16:52:00,0.00322900,2.27000000
2018-02-28 16:52:04,0.00323300,0.62000000
2018-02-28 16:52:07,0.00323400,1.84000000
2018-02-28 16:52:12,0.00323400,4.62000000
2018-02-28 16:52:21,0.00323500,0.44000000
2018-02-28 16:52:30,0.00323500,3.71000000
2018-02-28 16:52:33,0.00323500,0.71000000
2018-02-28 16:52:33,0.00323500,0.62000000
2018-02-28 16:52:34,0.00323400,1.54000000
2018-02-28 16:52:38,0.00323500,3.09000000
2018-02-28 16:52:49,0.00323400,2.90000000
2018-02-28 16:52:50,0.00323500,18.54000000
2018-02-28 16:53:00,0.00323500,2.70000000
2018-02-28 16:53:00,0.00323500,1.17000000
2018-02-28 16:53:02,0.00323500,6.00000000
2018-02-28 16:53:05,0.00323400,56.41000000
2018-02-28 16:53:06,0.00323500,0.46000000
2018-02-28 16:53:14,0.00323400,14.00000000
2018-02-28 16:53:14,0.00323400,7.73000000
2018-02-28 16:53:23,0.00323400,2.14000000
2018-02-28 16:53:23,0.00323100,0.77000000
2018-02-28 16:53:27,0.00323500,1.47000000
2018-02-28 16:53:27,0.00323100,139.38000000
2018-02-28 16:53:29,0.00323500,3.09000000
2018-02-28 16:53:31,0.00323500,20.50000000
2018-02-28 16:53:32,0.00324000,3.09000000
2018-02-28 16:53:38,0.00324000,0.77000000
2018-02-28 16:53:38,0.00324000,10.31000000
2018-02-28 16:53:42,0.00324000,66.69000000
2018-02-28 16:53:59,0.00323300,0.42000000
2018-02-28 16:54:02,0.00323900,6.17000000
2018-02-28 16:54:09,0.00323300,0.34000000
2018-02-28 16:54:14,0.00323400,9.28000000
2018-02-28 16:54:22,0.00323400,40.28000000
2018-02-28 16:54:34,0.00323400,9.67000000
2018-02-28 16:54:34,0.00323400,23.45000000
2018-02-28 16:54:37,0.00323500,3.09000000
2018-02-28 16:54:37,0.00323400,0.39000000
2018-02-28 16:54:40,0.00323400,13.29000000
2018-02-28 16:54:41,0.00323600,3.08000000
2018-02-28 16:54:42,0.00323400,2.67000000
2018-02-28 16:54:45,0.00323400,3.50000000
2018-02-28 16:54:50,0.00323500,9.27000000
2018-02-28 16:54:51,0.00323500,3.58000000
2018-02-28 16:54:51,0.00323500,6.99000000
2018-02-28 16:54:52,0.00323500,2.28000000
2018-02-28 16:54:54,0.00323500,4.71000000
2018-02-28 16:54:55,0.00323500,2.28000000
2018-02-28 16:55:01,0.00323400,4.07000000
2018-02-28 16:55:04,0.00323500,1.11000000
2018-02-28 16:55:05,0.00323400,2.69000000
2018-02-28 16:55:14,0.00323500,6.20000000
2018-02-28 16:55:14,0.00323600,2.42000000
2018-02-28 16:55:15,0.00323400,4.18000000
2018-02-28 16:55:19,0.00323400,5.01000000
2018-02-28 16:55:28,0.00323400,4.81000000
2018-02-28 16:55:29,0.00323400,306.22000000
2018-02-28 16:55:30,0.00323400,5.12000000
2018-02-28 16:55:31,0.00323400,10.00000000
2018-02-28 16:55:44,0.00323400,15.46000000
2018-02-28 16:55:45,0.00323300,3.63000000
2018-02-28 16:55:48,0.00323400,20.50000000
2018-02-28 16:55:49,0.00323500,30.92000000
2018-02-28 16:55:49,0.00323500,56.67000000
2018-02-28 16:55:56,0.00323400,49.47000000
2018-02-28 16:56:03,0.00323300,0.70000000
2018-02-28 16:56:04,0.00323400,49.47000000
2018-02-28 16:56:11,0.00323400,24.73000000
2018-02-28 16:56:15,0.00323300,2.65000000
2018-02-28 16:56:15,0.00323400,50.00000000
2018-02-28 16:56:17,0.00323400,12.36000000
2018-02-28 16:56:21,0.00323400,83.78000000
2018-02-28 16:56:21,0.00323500,56.26000000
2018-02-28 16:56:28,0.00323600,9.27000000
2018-02-28 16:56:30,0.00323600,9.27000000
2018-02-28 16:56:31,0.00323600,9.27000000
2018-02-28 16:56:37,0.00323900,132.12000000
2018-02-28 16:56:37,0.00324000,11.29000000
2018-02-28 16:56:42,0.00323600,0.22000000
2018-02-28 16:56:43,0.00323600,0.47000000
2018-02-28 16:56:43,0.00324200,6.98000000
2018-02-28 16:56:43,0.00324300,12.63000000
2018-02-28 16:56:54,0.00323600,15.22000000
2018-02-28 16:57:00,0.00324200,1.00000000
2018-02-28 16:57:03,0.00324200,2.37000000
2018-02-28 16:57:11,0.00324100,6.78000000
2018-02-28 16:57:11,0.00324100,16.56000000
2018-02-28 16:57:11,0.00324200,3.14000000
2018-02-28 16:57:12,0.00324300,0.87000000
2018-02-28 16:57:12,0.00324300,4.47000000
2018-02-28 16:57:13,0.00324300,21.31000000
2018-02-28 16:57:14,0.00324200,1.00000000
2018-02-28 16:57:17,0.00324200,7.93000000
2018-02-28 16:57:18,0.00324200,47.18000000
2018-02-28 16:57:18,0.00323700,9.26000000
2018-02-28 16:57:18,0.00323600,89.99000000
2018-02-28 16:57:26,0.00324000,3.08000000
2018-02-28 16:57:28,0.00323900,0.17000000
2018-02-28 16:57:29,0.00323900,11.78000000
2018-02-28 16:57:32,0.00323600,2.57000000
2018-02-28 16:57:34,0.00323600,3.13000000
2018-02-28 16:57:34,0.00323600,3.55000000
2018-02-28 16:57:34,0.00324000,3.45000000
2018-02-28 16:57:38,0.00323500,1.30000000
2018-02-28 16:57:41,0.00324000,5.00000000
2018-02-28 16:57:56,0.00324000,11.32000000
2018-02-28 16:57:59,0.00324000,0.43000000
2018-02-28 16:58:01,0.00324000,17.62000000
2018-02-28 16:58:17,0.00324000,2.25000000
2018-02-28 16:58:18,0.00324100,1.13000000
2018-02-28 16:58:23,0.00324100,0.35000000
2018-02-28 16:58:35,0.00324100,1.30000000
2018-02-28 16:58:38,0.00324100,0.30000000
2018-02-28 16:58:38,0.00324000,112.03000000
2018-02-28 16:58:38,0.00323800,9.46000000
2018-02-28 16:58:38,0.00323700,1.95000000
2018-02-28 16:58:38,0.00323500,7.13000000
2018-02-28 16:58:40,0.00324100,3.08000000
2018-02-28 16:58:41,0.00324100,3.08000000
2018-02-28 16:58:46,0.00324100,0.23000000
2018-02-28 16:58:46,0.00324100,3.18000000
2018-02-28 16:58:46,0.00324100,3.08000000
2018-02-28 16:58:50,0.00324100,93.53000000
2018-02-28 16:58:57,0.00324100,104.02000000
2018-02-28 16:59:00,0.00324100,4.87000000
2018-02-28 16:59:09,0.00323500,18.39000000
2018-02-28 16:59:17,0.00323600,1.54000000
2018-02-28 16:59:17,0.00323500,5.66000000
2018-02-28 16:59:24,0.00323500,9.27000000
2018-02-28 16:59:25,0.00323500,6.18000000
2018-02-28 16:59:29,0.00323500,3.08000000
2018-02-28 16:59:29,0.00323500,17.69000000
2018-02-28 16:59:29,0.00323500,1.20000000
2018-02-28 16:59:29,0.00323500,26.89000000
2018-02-28 16:59:32,0.00323500,12.36000000
2018-02-28 16:59:33,0.00323500,2.79000000
2018-02-28 16:59:33,0.00323500,0.62000000
2018-02-28 16:59:35,0.00323500,1.00000000
2018-02-28 16:59:38,0.00323500,6.18000000
2018-02-28 16:59:47,0.00323500,0.06000000
2018-02-28 16:59:54,0.00323500,3.49000000
