DATE,PRICE,VOLUME
2018-02-28 12:00:03,0.00318800,60.79000000
2018-02-28 12:00:10,0.00318900,15.67000000
2018-02-28 12:00:11,0.00318800,2.00000000
2018-02-28 12:00:13,0.00318900,12.67000000
2018-02-28 12:00:19,0.00318800,2.96000000
2018-02-28 12:00:24,0.00318900,41.08000000
2018-02-28 12:00:29,0.00319000,136.97000000
2018-02-28 12:00:29,0.00319300,106.60000000
2018-02-28 12:00:30,0.00318900,1.55000000
2018-02-28 12:00:48,0.00318900,1.25000000
2018-02-28 12:00:54,0.00319200,41.07000000
2018-02-28 12:00:54,0.00319200,0.56000000
2018-02-28 12:00:59,0.00319200,1.56000000
2018-02-28 12:01:10,0.00319200,2.00000000
2018-02-28 12:01:18,0.00319300,0.01000000
2018-02-28 12:01:21,0.00319300,7.78000000
2018-02-28 12:01:22,0.00319300,8.63000000
2018-02-28 12:01:27,0.00319300,30.87000000
2018-02-28 12:01:27,0.00319200,28.87000000
2018-02-28 12:01:27,0.00318900,0.86000000
2018-02-28 12:01:28,0.00319500,5.17000000
2018-02-28 12:01:31,0.00319500,0.34000000
2018-02-28 12:01:31,0.00319200,25.31000000
2018-02-28 12:01:31,0.00319500,16.27000000
2018-02-28 12:01:32,0.00319200,12.53000000
2018-02-28 12:01:46,0.00319200,0.38000000
2018-02-28 12:01:47,0.00319200,14.68000000
2018-02-28 12:01:49,0.00319200,53.16000000
2018-02-28 12:01:55,0.00319100,2.30000000
2018-02-28 12:01:57,0.00319000,11.68000000
2018-02-28 12:01:57,0.00319000,21.03000000
2018-02-28 12:01:59,0.00319000,6.84000000
2018-02-28 12:02:00,0.00319000,36.94000000
2018-02-28 12:02:04,0.00319100,23.89000000
2018-02-28 12:02:04,0.00319100,76.11000000
2018-02-28 12:02:06,0.00319000,0.03000000
2018-02-28 12:02:11,0.00319300,18.77000000
2018-02-28 12:02:27,0.00319300,7.40000000
2018-02-28 12:02:28,0.00319000,30.08000000
2018-02-28 12:02:50,0.00319000,2.03000000
2018-02-28 12:02:54,0.00319100,91.86000000
2018-02-28 12:03:02,0.00319100,23.53000000
2018-02-28 12:03:02,0.00319100,21.19000000
2018-02-28 12:03:09,0.00319100,1.00000000
2018-02-28 12:03:16,0.00319100,43.50000000
2018-02-28 12:03:20,0.00319200,22.52000000
2018-02-28 12:03:20,0.00319100,74.99000000
2018-02-28 12:03:21,0.00319300,4.94000000
2018-02-28 12:03:42,0.00319100,61.60000000
2018-02-28 12:03:43,0.00319300,0.32000000
2018-02-28 12:03:46,0.00319300,2.95000000
2018-02-28 12:03:52,0.00319000,188.41000000
2018-02-28 12:04:00,0.00319000,116.76000000
2018-02-28 12:04:02,0.00319100,2.00000000
2018-02-28 12:04:02,0.00319000,1.28000000
2018-02-28 12:04:03,0.00319000,5.27000000
2018-02-28 12:04:10,0.00319000,0.68000000
2018-02-28 12:04:10,0.00319300,5.66000000
2018-02-28 12:04:18,0.00318900,17.07000000
2018-02-28 12:04:18,0.00318900,9.40000000
2018-02-28 12:04:22,0.00318900,2.70000000
2018-02-28 12:04:22,0.00318800,47.98000000
2018-02-28 12:04:27,0.00318800,2.21000000
2018-02-28 12:04:32,0.00318600,10.01000000
2018-02-28 12:04:32,0.00318500,84.18000000
2018-02-28 12:04:32,0.00319000,3.13000000
2018-02-28 12:04:37,0.00318900,0.60000000
2018-02-28 12:04:37,0.00319000,7.59000000
2018-02-28 12:04:43,0.00318800,0.66000000
2018-02-28 12:04:45,0.00318800,0.33000000
2018-02-28 12:04:52,0.00318800,34.87000000
2018-02-28 12:04:52,0.00318800,8.05000000
2018-02-28 12:04:52,0.00318600,33.58000000
2018-02-28 12:05:14,0.00318600,2.33000000
2018-02-28 12:05:20,0.00318600,9.33000000
2018-02-28 12:05:24,0.00319000,74.41000000
2018-02-28 12:05:28,0.00318700,12.00000000
2018-02-28 12:05:37,0.00319100,4.90000000
2018-02-28 12:05:39,0.00319100,1.95000000
2018-02-28 12:05:39,0.00318700,0.05000000
2018-02-28 12:05:43,0.00319000,47.88000000
2018-02-28 12:05:43,0.00319200,4.48000000
2018-02-28 12:05:44,0.00319000,15.74000000
2018-02-28 12:05:45,0.00319000,3.06000000
2018-02-28 12:05:46,0.00318800,21.13000000
2018-02-28 12:05:46,0.00319000,12.68000000
2018-02-28 12:05:46,0.00319100,1.95000000
2018-02-28 12:05:48,0.00319100,3.14000000
2018-02-28 12:05:51,0.00319100,5.99000000
2018-02-28 12:05:52,0.00319200,26.06000000
2018-02-28 12:05:53,0.00319200,26.30000000
2018-02-28 12:05:53,0.00319100,11.29000000
2018-02-28 12:05:54,0.00319100,15.74000000
2018-02-28 12:05:55,0.00319200,3.88000000
2018-02-28 12:05:55,0.00319200,10.75000000
2018-02-28 12:05:59,0.00319200,3.88000000
2018-02-28 12:06:27,0.00319200,25.16000000
2018-02-28 12:06:29,0.00319200,3.45000000
2018-02-28 12:06:30,0.00319400,3.13000000
2018-02-28 12:06:42,0.00319200,3.00000000
2018-02-28 12:06:43,0.00319200,2.24000000
2018-02-28 12:06:44,0.00319200,51.16000000
2018-02-28 12:06:48,0.00319100,10.42000000
2018-02-28 12:06:48,0.00318900,0.58000000
2018-02-28 12:06:49,0.00319200,3.00000000
2018-02-28 12:06:49,0.00318900,20.11000000
2018-02-28 12:06:49,0.00318900,80.16000000
2018-02-28 12:06:55,0.00318900,0.59000000
2018-02-28 12:06:57,0.00318900,0.01000000
2018-02-28 12:06:57,0.00318800,1.56000000
2018-02-28 12:07:03,0.00318700,1.57000000
2018-02-28 12:07:04,0.00318900,6.90000000
2018-02-28 12:07:35,0.00318900,14.23000000
2018-02-28 12:08:12,0.00319000,140.00000000
2018-02-28 12:08:13,0.00319000,13.00000000
2018-02-28 12:08:18,0.00319300,6.83000000
2018-02-28 12:08:46,0.00319100,0.60000000
2018-02-28 12:09:00,0.00319300,13.06000000
2018-02-28 12:09:06,0.00319200,2.00000000
2018-02-28 12:09:13,0.00319300,12.73000000
2018-02-28 12:09:17,0.00319100,5.22000000
2018-02-28 12:09:20,0.00319200,2.76000000
2018-02-28 12:09:23,0.00319200,3.75000000
2018-02-28 12:09:25,0.00319100,22.01000000
2018-02-28 12:09:25,0.00318900,62.50000000
2018-02-28 12:09:36,0.00319200,6.22000000
2018-02-28 12:09:36,0.00319300,15.61000000
2018-02-28 12:09:39,0.00319000,1.21000000
2018-02-28 12:09:43,0.00319100,5.35000000
2018-02-28 12:09:47,0.00319100,0.48000000
2018-02-28 12:10:24,0.00319200,7.93000000
2018-02-28 12:10:25,0.00319200,3.04000000
2018-02-28 12:10:26,0.00319200,6.91000000
2018-02-28 12:10:28,0.00319200,7.29000000
2018-02-28 12:10:35,0.00319100,26.57000000
2018-02-28 12:10:35,0.00319100,35.64000000
2018-02-28 12:10:35,0.00319100,1.63000000
2018-02-28 12:10:44,0.00319100,0.38000000
2018-02-28 12:10:45,0.00319100,7.29000000
2018-02-28 12:10:46,0.00319100,45.65000000
2018-02-28 12:11:06,0.00319100,25.38000000
2018-02-28 12:11:09,0.00319100,1.28000000
2018-02-28 12:11:10,0.00319100,3.83000000
2018-02-28 12:11:11,0.00319100,1.54000000
2018-02-28 12:11:15,0.00319100,31.32000000
2018-02-28 12:11:15,0.00319100,4.04000000
2018-02-28 12:11:16,0.00319100,5.25000000
2018-02-28 12:11:17,0.00319100,3.74000000
2018-02-28 12:11:18,0.00319100,31.32000000
2018-02-28 12:11:18,0.00319100,61.14000000
2018-02-28 12:11:19,0.00319100,0.76000000
2018-02-28 12:11:19,0.00319100,5.25000000
2018-02-28 12:11:21,0.00319200,0.81000000
2018-02-28 12:11:21,0.00319200,1.19000000
2018-02-28 12:11:21,0.00319100,4.03000000
2018-02-28 12:11:23,0.00319100,24.23000000
2018-02-28 12:11:38,0.00319200,10.00000000
2018-02-28 12:11:43,0.00319200,24.24000000
2018-02-28 12:11:55,0.00319300,2.00000000
2018-02-28 12:11:55,0.00319200,0.06000000
2018-02-28 12:11:55,0.00319100,362.36000000
2018-02-28 12:11:59,0.00319200,0.35000000
2018-02-28 12:12:00,0.00319100,7.13000000
2018-02-28 12:12:14,0.00319400,5.38000000
2018-02-28 12:12:17,0.00319100,76.83000000
2018-02-28 12:12:22,0.00319400,5.00000000
2018-02-28 12:12:29,0.00319400,17.23000000
2018-02-28 12:12:43,0.00319400,2.45000000
2018-02-28 12:12:46,0.00319400,6.30000000
2018-02-28 12:12:50,0.00319400,1.97000000
2018-02-28 12:12:50,0.00319300,2.00000000
2018-02-28 12:12:50,0.00319200,4.61000000
2018-02-28 12:12:50,0.00319200,6.42000000
2018-02-28 12:12:59,0.00319400,3.10000000
2018-02-28 12:12:59,0.00319200,251.57000000
2018-02-28 12:13:02,0.00319300,66.90000000
2018-02-28 12:13:02,0.00319600,160.18000000
2018-02-28 12:13:06,0.00319200,17.64000000
2018-02-28 12:13:08,0.00319200,49.79000000
2018-02-28 12:13:10,0.00319300,3.13000000
2018-02-28 12:13:10,0.00319300,4.00000000
2018-02-28 12:13:10,0.00319300,12.26000000
2018-02-28 12:13:16,0.00319400,2.00000000
2018-02-28 12:13:16,0.00319300,1.13000000
2018-02-28 12:13:22,0.00319300,3.13000000
2018-02-28 12:13:27,0.00319400,1.62000000
2018-02-28 12:13:27,0.00319500,0.60000000
2018-02-28 12:13:27,0.00319700,0.91000000
2018-02-28 12:13:28,0.00319300,3.13000000
2018-02-28 12:13:29,0.00319300,0.38000000
2018-02-28 12:13:35,0.00319300,3.13000000
2018-02-28 12:13:36,0.00319300,1.00000000
2018-02-28 12:13:44,0.00319300,21.78000000
2018-02-28 12:13:45,0.00319200,9.93000000
2018-02-28 12:13:47,0.00319200,0.38000000
2018-02-28 12:14:08,0.00319200,8.57000000
2018-02-28 12:14:19,0.00319200,0.47000000
2018-02-28 12:14:19,0.00319300,34.14000000
2018-02-28 12:14:25,0.00319300,0.67000000
2018-02-28 12:14:33,0.00319300,56.01000000
2018-02-28 12:14:36,0.00319400,11.01000000
2018-02-28 12:14:37,0.00319400,25.65000000
2018-02-28 12:14:37,0.00319200,177.34000000
2018-02-28 12:14:37,0.00319100,35.20000000
2018-02-28 12:14:37,0.00319000,128.03000000
2018-02-28 12:14:38,0.00319000,1.06000000
2018-02-28 12:14:38,0.00319000,1.77000000
2018-02-28 12:14:38,0.00319000,5.82000000
2018-02-28 12:14:41,0.00319000,5.82000000
2018-02-28 12:14:43,0.00319000,9.48000000
2018-02-28 12:14:44,0.00319000,0.79000000
2018-02-28 12:14:44,0.00319000,5.82000000
2018-02-28 12:14:49,0.00319000,8.09000000
2018-02-28 12:14:52,0.00319000,57.48000000
2018-02-28 12:15:01,0.00319600,26.59000000
2018-02-28 12:15:01,0.00319700,29.53000000
2018-02-28 12:15:01,0.00319800,48.88000000
2018-02-28 12:15:02,0.00319200,869.15000000
2018-02-28 12:15:04,0.00319800,0.54000000
2018-02-28 12:15:09,0.00319300,17.46000000
2018-02-28 12:15:12,0.00319300,3.25000000
2018-02-28 12:15:12,0.00319800,110.32000000
2018-02-28 12:15:13,0.00319800,18.00000000
2018-02-28 12:15:13,0.00319800,15.70000000
2018-02-28 12:15:14,0.00319800,15.68000000
2018-02-28 12:15:14,0.00319800,6.00000000
2018-02-28 12:15:14,0.00319800,20.71000000
2018-02-28 12:15:14,0.00319800,15.70000000
2018-02-28 12:15:15,0.00319800,15.70000000
2018-02-28 12:15:16,0.00319800,9.73000000
2018-02-28 12:15:17,0.00319800,3.12000000
2018-02-28 12:15:24,0.00319400,6.38000000
2018-02-28 12:15:36,0.00319500,4.00000000
2018-02-28 12:15:42,0.00319400,9.42000000
2018-02-28 12:15:42,0.00319500,13.44000000
2018-02-28 12:15:42,0.00319600,0.59000000
2018-02-28 12:15:42,0.00319800,14.18000000
2018-02-28 12:15:42,0.00319800,12.59000000
2018-02-28 12:15:42,0.00319400,3.12000000
2018-02-28 12:15:43,0.00319400,1.67000000
2018-02-28 12:15:43,0.00319200,7.74000000
2018-02-28 12:15:44,0.00319900,8.09000000
2018-02-28 12:15:44,0.00320000,193.74000000
2018-02-28 12:15:44,0.00319400,0.59000000
2018-02-28 12:15:44,0.00319300,8.83000000
2018-02-28 12:15:45,0.00319300,9.42000000
2018-02-28 12:15:50,0.00319700,1.56000000
2018-02-28 12:15:54,0.00319500,3.12000000
2018-02-28 12:15:55,0.00319500,13.18000000
2018-02-28 12:15:58,0.00319400,13.44000000
2018-02-28 12:15:58,0.00319500,3.51000000
2018-02-28 12:15:58,0.00319800,2.00000000
2018-02-28 12:15:58,0.00319800,2.06000000
2018-02-28 12:15:58,0.00319800,5.06000000
2018-02-28 12:15:59,0.00319500,5.00000000
2018-02-28 12:16:01,0.00319300,3.13000000
2018-02-28 12:16:04,0.00319300,22.27000000
2018-02-28 12:16:05,0.00319300,13.36000000
2018-02-28 12:16:11,0.00319300,18.53000000
2018-02-28 12:16:15,0.00319300,11.41000000
2018-02-28 12:16:19,0.00319300,19.67000000
2018-02-28 12:16:27,0.00319300,0.58000000
2018-02-28 12:16:33,0.00319300,0.02000000
2018-02-28 12:16:33,0.00319200,73.94000000
2018-02-28 12:16:34,0.00319700,1.19000000
2018-02-28 12:16:37,0.00319700,0.93000000
2018-02-28 12:16:40,0.00319700,23.56000000
2018-02-28 12:16:40,0.00319800,13.44000000
2018-02-28 12:16:40,0.00319800,264.07000000
2018-02-28 12:16:40,0.00319200,3.11000000
2018-02-28 12:16:43,0.00319300,8.83000000
2018-02-28 12:16:47,0.00319300,6.14000000
2018-02-28 12:16:51,0.00319300,0.63000000
2018-02-28 12:16:57,0.00319300,8.56000000
2018-02-28 12:17:00,0.00319700,0.10000000
2018-02-28 12:17:03,0.00319400,6.26000000
2018-02-28 12:17:05,0.00319400,8.05000000
2018-02-28 12:17:05,0.00319300,12.25000000
2018-02-28 12:17:11,0.00319700,2.40000000
2018-02-28 12:17:14,0.00319300,53.51000000
2018-02-28 12:17:30,0.00319600,12.03000000
2018-02-28 12:17:31,0.00319600,3.57000000
2018-02-28 12:17:31,0.00319600,10.32000000
2018-02-28 12:17:32,0.00319600,15.71000000
2018-02-28 12:17:32,0.00319600,9.38000000
2018-02-28 12:17:32,0.00319600,66.02000000
2018-02-28 12:17:32,0.00319300,32.36000000
2018-02-28 12:17:32,0.00319300,40.67000000
2018-02-28 12:17:32,0.00319300,1.00000000
2018-02-28 12:17:33,0.00319300,9.38000000
2018-02-28 12:17:33,0.00319300,9.38000000
2018-02-28 12:18:07,0.00319200,3.70000000
2018-02-28 12:18:13,0.00319300,2.89000000
2018-02-28 12:18:13,0.00319300,19.69000000
2018-02-28 12:18:23,0.00319300,119.40000000
2018-02-28 12:18:30,0.00319300,1.49000000
2018-02-28 12:18:30,0.00319400,2.51000000
2018-02-28 12:18:46,0.00319300,2.14000000
2018-02-28 12:18:46,0.00319300,6.00000000
2018-02-28 12:18:46,0.00319300,0.48000000
2018-02-28 12:18:48,0.00319300,2.15000000
2018-02-28 12:18:48,0.00319500,8.80000000
2018-02-28 12:18:48,0.00319600,10.49000000
2018-02-28 12:18:48,0.00319700,0.22000000
2018-02-28 12:18:48,0.00319900,8.19000000
2018-02-28 12:18:53,0.00319900,119.10000000
2018-02-28 12:18:56,0.00319800,1.32000000
2018-02-28 12:18:56,0.00319900,4.52000000
2018-02-28 12:18:56,0.00320000,4.06000000
2018-02-28 12:18:58,0.00319500,3.14000000
2018-02-28 12:19:00,0.00319500,3.14000000
2018-02-28 12:19:13,0.00319500,3.14000000
2018-02-28 12:19:18,0.00319900,1.57000000
2018-02-28 12:19:18,0.00319900,0.68000000
2018-02-28 12:19:19,0.00319900,5.53000000
2018-02-28 12:19:21,0.00319500,15.68000000
2018-02-28 12:19:22,0.00319500,2.14000000
2018-02-28 12:19:25,0.00319800,4.97000000
2018-02-28 12:19:26,0.00319500,1.00000000
2018-02-28 12:19:27,0.00319500,15.26000000
2018-02-28 12:19:32,0.00319600,4.28000000
2018-02-28 12:19:38,0.00319700,2.22000000
2018-02-28 12:19:39,0.00319900,18.34000000
2018-02-28 12:19:41,0.00319900,0.14000000
2018-02-28 12:19:41,0.00319700,2.09000000
2018-02-28 12:19:41,0.00320000,0.45000000
2018-02-28 12:19:43,0.00319900,26.12000000
2018-02-28 12:19:43,0.00319900,2.34000000
2018-02-28 12:19:43,0.00319900,2.76000000
2018-02-28 12:19:44,0.00319900,15.68000000
2018-02-28 12:19:44,0.00319900,19.55000000
2018-02-28 12:19:44,0.00319700,19.57000000
2018-02-28 12:19:46,0.00319900,9.33000000
2018-02-28 12:19:47,0.00319900,16.79000000
2018-02-28 12:19:47,0.00320000,18.06000000
2018-02-28 12:19:51,0.00319900,2.00000000
2018-02-28 12:19:52,0.00319900,4.60000000
2018-02-28 12:20:01,0.00319900,291.53000000
2018-02-28 12:20:01,0.00320000,15.29000000
2018-02-28 12:20:02,0.00320000,70.00000000
2018-02-28 12:20:02,0.00320000,15.70000000
2018-02-28 12:20:02,0.00320000,42.87000000
2018-02-28 12:20:02,0.00320000,15.68000000
2018-02-28 12:20:02,0.00320000,183.10000000
2018-02-28 12:20:03,0.00320100,26.58000000
2018-02-28 12:20:03,0.00319900,0.50000000
2018-02-28 12:20:03,0.00319700,21.37000000
2018-02-28 12:20:04,0.00319700,65.53000000
2018-02-28 12:20:13,0.00320000,1.95000000
2018-02-28 12:20:16,0.00320000,3.68000000
2018-02-28 12:20:19,0.00320000,23.08000000
2018-02-28 12:20:21,0.00320000,2.00000000
2018-02-28 12:20:26,0.00319700,60.01000000
2018-02-28 12:20:26,0.00319700,1.85000000
2018-02-28 12:20:26,0.00319600,1.68000000
2018-02-28 12:20:27,0.00319600,0.51000000
2018-02-28 12:20:27,0.00319600,0.07000000
2018-02-28 12:20:28,0.00319600,1.47000000
2018-02-28 12:20:29,0.00319600,1.53000000
2018-02-28 12:20:29,0.00319600,0.46000000
2018-02-28 12:20:29,0.00319600,2.54000000
2018-02-28 12:20:29,0.00319400,0.66000000
2018-02-28 12:20:30,0.00319600,59.92000000
2018-02-28 12:20:39,0.00319400,2.49000000
2018-02-28 12:20:56,0.00319500,1.57000000
2018-02-28 12:20:59,0.00319500,0.52000000
2018-02-28 12:21:02,0.00320000,0.53000000
2018-02-28 12:21:02,0.00320000,8.46000000
2018-02-28 12:21:02,0.00320000,31.28000000
2018-02-28 12:21:02,0.00320000,67.50000000
2018-02-28 12:21:03,0.00320000,0.81000000
2018-02-28 12:21:03,0.00320000,24.12000000
2018-02-28 12:21:07,0.00319500,1.26000000
2018-02-28 12:21:25,0.00320100,7.36000000
2018-02-28 12:21:26,0.00319400,1.47000000
2018-02-28 12:21:43,0.00319400,1.98000000
2018-02-28 12:21:48,0.00319400,91.75000000
2018-02-28 12:21:48,0.00319400,28.55000000
2018-02-28 12:21:49,0.00319400,19.19000000
2018-02-28 12:21:49,0.00319300,2.56000000
2018-02-28 12:21:50,0.00319400,7.36000000
2018-02-28 12:21:52,0.00319400,0.99000000
2018-02-28 12:22:00,0.00319500,0.99000000
2018-02-28 12:22:10,0.00320000,1.00000000
2018-02-28 12:22:10,0.00319900,3.00000000
2018-02-28 12:22:11,0.00319600,3.00000000
2018-02-28 12:22:18,0.00319900,1.57000000
2018-02-28 12:22:21,0.00319600,4.40000000
2018-02-28 12:22:21,0.00319500,4.19000000
2018-02-28 12:22:27,0.00319600,3.74000000
2018-02-28 12:22:28,0.00319800,0.94000000
2018-02-28 12:22:29,0.00319800,4.37000000
2018-02-28 12:22:30,0.00319800,0.73000000
2018-02-28 12:22:37,0.00319900,3.12000000
2018-02-28 12:22:41,0.00319900,15.68000000
2018-02-28 12:22:41,0.00319900,35.22000000
2018-02-28 12:22:43,0.00319900,99.56000000
2018-02-28 12:22:44,0.00319900,3.14000000
2018-02-28 12:22:46,0.00319900,48.21000000
2018-02-28 12:22:47,0.00319900,36.97000000
2018-02-28 12:22:47,0.00319900,3.33000000
2018-02-28 12:22:48,0.00319900,3.14000000
2018-02-28 12:22:48,0.00319900,1.00000000
2018-02-28 12:22:49,0.00319900,3.14000000
2018-02-28 12:22:57,0.00319900,2.57000000
2018-02-28 12:23:02,0.00319800,24.55000000
2018-02-28 12:23:06,0.00319900,1.57000000
2018-02-28 12:23:08,0.00319800,5.00000000
2018-02-28 12:23:10,0.00319800,0.68000000
2018-02-28 12:23:11,0.00319800,0.01000000
2018-02-28 12:23:11,0.00319500,8.05000000
2018-02-28 12:23:14,0.00319500,49.89000000
2018-02-28 12:23:16,0.00319500,2.32000000
2018-02-28 12:23:18,0.00319500,1.54000000
2018-02-28 12:23:19,0.00319700,0.94000000
2018-02-28 12:23:19,0.00319800,1.78000000
2018-02-28 12:23:19,0.00319900,17.28000000
2018-02-28 12:23:20,0.00319300,5.00000000
2018-02-28 12:23:21,0.00319300,3.07000000
2018-02-28 12:23:21,0.00319300,5.00000000
2018-02-28 12:23:22,0.00319300,3.07000000
2018-02-28 12:23:31,0.00319800,0.05000000
2018-02-28 12:23:31,0.00319300,95.22000000
2018-02-28 12:23:33,0.00319800,3.12000000
2018-02-28 12:23:49,0.00319200,1.25000000
2018-02-28 12:23:49,0.00319200,3.38000000
2018-02-28 12:23:51,0.00319700,0.50000000
2018-02-28 12:23:52,0.00319100,5.28000000
2018-02-28 12:23:52,0.00319000,9.72000000
2018-02-28 12:24:00,0.00319100,2.50000000
2018-02-28 12:24:00,0.00319100,6.25000000
2018-02-28 12:24:03,0.00319300,129.72000000
2018-02-28 12:24:04,0.00319300,1.57000000
2018-02-28 12:24:06,0.00319100,27.75000000
2018-02-28 12:24:14,0.00319300,41.60000000
2018-02-28 12:24:15,0.00319300,10.75000000
2018-02-28 12:24:15,0.00319200,0.25000000
2018-02-28 12:24:16,0.00319200,9.39000000
2018-02-28 12:24:16,0.00319200,9.39000000
2018-02-28 12:24:19,0.00319300,9.39000000
2018-02-28 12:24:20,0.00319300,9.39000000
2018-02-28 12:24:21,0.00319300,9.39000000
2018-02-28 12:24:22,0.00319300,9.39000000
2018-02-28 12:24:22,0.00319300,14.79000000
2018-02-28 12:24:23,0.00319300,1.82000000
2018-02-28 12:24:23,0.00319300,9.39000000
2018-02-28 12:24:24,0.00319300,0.12000000
2018-02-28 12:24:25,0.00319300,9.39000000
2018-02-28 12:24:25,0.00319300,9.39000000
2018-02-28 12:24:25,0.00319300,15.72000000
2018-02-28 12:24:26,0.00319300,9.39000000
2018-02-28 12:24:26,0.00319300,9.39000000
2018-02-28 12:24:26,0.00319300,3.29000000
2018-02-28 12:24:26,0.00319400,9.39000000
2018-02-28 12:24:27,0.00319400,9.39000000
2018-02-28 12:24:27,0.00319400,9.39000000
2018-02-28 12:24:27,0.00319400,15.72000000
2018-02-28 12:24:28,0.00319400,8.43000000
2018-02-28 12:24:28,0.00319300,0.96000000
2018-02-28 12:24:28,0.00319300,15.72000000
2018-02-28 12:24:28,0.00319800,0.16000000
2018-02-28 12:24:28,0.00319300,8.43000000
2018-02-28 12:24:28,0.00319300,8.43000000
2018-02-28 12:24:29,0.00319300,65.71000000
2018-02-28 12:24:29,0.00319200,46.77000000
2018-02-28 12:24:29,0.00319200,68.49000000
2018-02-28 12:24:29,0.00319200,1.51000000
2018-02-28 12:24:29,0.00319400,9.39000000
2018-02-28 12:24:29,0.00319400,9.39000000
2018-02-28 12:24:29,0.00319400,1.57000000
2018-02-28 12:24:30,0.00319400,9.39000000
2018-02-28 12:24:30,0.00319400,9.39000000
2018-02-28 12:24:32,0.00319700,3.13000000
2018-02-28 12:24:35,0.00319400,11.68000000
2018-02-28 12:24:35,0.00319200,0.32000000
2018-02-28 12:24:36,0.00319200,9.39000000
2018-02-28 12:24:37,0.00319200,4.00000000
2018-02-28 12:24:38,0.00319200,5.37000000
2018-02-28 12:24:58,0.00319400,2.01000000
2018-02-28 12:24:58,0.00319400,24.17000000
2018-02-28 12:24:58,0.00319500,8.84000000
2018-02-28 12:25:06,0.00319300,2.00000000
2018-02-28 12:25:06,0.00319200,2.00000000
2018-02-28 12:25:06,0.00319200,2.00000000
2018-02-28 12:25:06,0.00319200,2.00000000
2018-02-28 12:25:07,0.00319200,2.00000000
2018-02-28 12:25:07,0.00319300,1.23000000
2018-02-28 12:25:10,0.00319400,47.31000000
2018-02-28 12:25:12,0.00319300,0.02000000
2018-02-28 12:25:12,0.00319300,4.98000000
2018-02-28 12:25:12,0.00319200,0.02000000
2018-02-28 12:25:13,0.00319200,5.00000000
2018-02-28 12:25:15,0.00319400,1.53000000
2018-02-28 12:25:16,0.00319200,3.06000000
2018-02-28 12:25:21,0.00319200,113.63000000
2018-02-28 12:25:21,0.00319200,96.70000000
2018-02-28 12:25:22,0.00319200,49.78000000
2018-02-28 12:25:22,0.00319200,33.47000000
2018-02-28 12:25:23,0.00319200,16.73000000
2018-02-28 12:25:23,0.00319200,1.09000000
2018-02-28 12:25:23,0.00319500,17.45000000
2018-02-28 12:25:23,0.00319600,165.14000000
2018-02-28 12:25:36,0.00319200,0.46000000
2018-02-28 12:25:37,0.00319200,0.77000000
2018-02-28 12:25:37,0.00319400,1.87000000
2018-02-28 12:25:38,0.00319400,1.53000000
2018-02-28 12:25:38,0.00319400,3.13000000
2018-02-28 12:25:55,0.00319400,9.24000000
2018-02-28 12:25:55,0.00319400,6.72000000
2018-02-28 12:25:56,0.00319200,7.00000000
2018-02-28 12:25:56,0.00319200,6.72000000
2018-02-28 12:25:56,0.00319200,6.72000000
2018-02-28 12:25:56,0.00319200,6.72000000
2018-02-28 12:25:57,0.00319200,30.00000000
2018-02-28 12:26:03,0.00319100,2.00000000
2018-02-28 12:26:15,0.00319200,14.10000000
2018-02-28 12:26:18,0.00319300,2.77000000
2018-02-28 12:26:18,0.00319300,28.71000000
2018-02-28 12:26:21,0.00319200,1.05000000
2018-02-28 12:26:23,0.00319200,9.36000000
2018-02-28 12:26:27,0.00319200,0.86000000
2018-02-28 12:26:27,0.00319100,0.71000000
2018-02-28 12:26:30,0.00319200,50.74000000
2018-02-28 12:26:34,0.00319300,0.67000000
2018-02-28 12:26:35,0.00319200,24.23000000
2018-02-28 12:26:37,0.00319300,3.13000000
2018-02-28 12:26:50,0.00319200,0.49000000
2018-02-28 12:26:52,0.00319300,0.90000000
2018-02-28 12:26:58,0.00319300,4.34000000
2018-02-28 12:26:59,0.00319200,26.02000000
2018-02-28 12:26:59,0.00319100,0.74000000
2018-02-28 12:26:59,0.00319000,19.63000000
2018-02-28 12:26:59,0.00318900,39.81000000
2018-02-28 12:26:59,0.00318800,126.91000000
2018-02-28 12:26:59,0.00318700,20.00000000
2018-02-28 12:26:59,0.00318500,7.76000000
2018-02-28 12:26:59,0.00318300,2.96000000
2018-02-28 12:26:59,0.00318200,238.63000000
2018-02-28 12:26:59,0.00318200,140.00000000
2018-02-28 12:26:59,0.00318200,110.00000000
2018-02-28 12:26:59,0.00318200,9.41000000
2018-02-28 12:27:00,0.00318200,75.97000000
2018-02-28 12:27:00,0.00319300,3.89000000
2018-02-28 12:27:00,0.00319400,6.43000000
2018-02-28 12:27:00,0.00319400,9.42000000
2018-02-28 12:27:00,0.00319400,5.93000000
2018-02-28 12:27:00,0.00319600,9.78000000
2018-02-28 12:27:26,0.00319300,3.13000000
2018-02-28 12:27:28,0.00319300,0.84000000
2018-02-28 12:27:28,0.00319600,6.14000000
2018-02-28 12:27:46,0.00319300,2.54000000
2018-02-28 12:27:49,0.00319200,114.57000000
2018-02-28 12:28:01,0.00319400,2.25000000
2018-02-28 12:28:01,0.00319500,0.19000000
2018-02-28 12:28:01,0.00318800,0.94000000
2018-02-28 12:28:01,0.00318700,1.06000000
2018-02-28 12:28:05,0.00318600,4.90000000
2018-02-28 12:28:11,0.00318600,34.86000000
2018-02-28 12:28:21,0.00318500,0.41000000
2018-02-28 12:28:21,0.00318600,0.40000000
2018-02-28 12:28:26,0.00318700,2.00000000
2018-02-28 12:28:29,0.00319100,0.23000000
2018-02-28 12:28:32,0.00319000,3.13000000
2018-02-28 12:28:33,0.00319000,0.34000000
2018-02-28 12:28:39,0.00319100,0.46000000
2018-02-28 12:28:40,0.00319100,4.21000000
2018-02-28 12:28:40,0.00319200,29.87000000
2018-02-28 12:28:40,0.00319300,165.54000000
2018-02-28 12:28:49,0.00318700,9.41000000
2018-02-28 12:28:49,0.00318600,61.32000000
2018-02-28 12:28:58,0.00318600,13.98000000
2018-02-28 12:29:00,0.00318600,0.29000000
2018-02-28 12:29:03,0.00318600,2.64000000
2018-02-28 12:29:04,0.00319300,9.41000000
2018-02-28 12:29:04,0.00319400,28.65000000
2018-02-28 12:29:04,0.00319500,55.07000000
2018-02-28 12:29:04,0.00319600,102.18000000
2018-02-28 12:29:11,0.00319600,31.29000000
2018-02-28 12:29:12,0.00319600,8.70000000
2018-02-28 12:29:16,0.00319500,1.00000000
2018-02-28 12:29:16,0.00319500,51.32000000
2018-02-28 12:29:16,0.00319600,3.65000000
2018-02-28 12:29:16,0.00319700,9.00000000
2018-02-28 12:29:16,0.00319900,0.92000000
2018-02-28 12:29:21,0.00319700,115.73000000
2018-02-28 12:29:25,0.00319700,0.01000000
2018-02-28 12:29:25,0.00319800,31.07000000
2018-02-28 12:29:34,0.00319800,36.02000000
2018-02-28 12:29:39,0.00319600,0.51000000
2018-02-28 12:29:39,0.00319600,29.45000000
2018-02-28 12:29:39,0.00319100,9.40000000
2018-02-28 12:29:39,0.00319000,116.82000000
2018-02-28 12:29:39,0.00318900,14.85000000
2018-02-28 12:29:39,0.00318600,40.37000000
2018-02-28 12:29:39,0.00318500,125.14000000
2018-02-28 12:29:39,0.00318400,52.46000000
2018-02-28 12:29:39,0.00318200,121.14000000
2018-02-28 12:29:39,0.00318000,89.25000000
2018-02-28 12:29:39,0.00317900,31.45000000
2018-02-28 12:29:39,0.00317800,23.59000000
2018-02-28 12:29:39,0.00317700,32.00000000
2018-02-28 12:29:39,0.00317600,1.80000000
2018-02-28 12:29:39,0.00317500,212.28000000
2018-02-28 12:29:40,0.00318800,2.40000000
2018-02-28 12:29:40,0.00318800,15.68000000
2018-02-28 12:29:40,0.00318700,14.85000000
2018-02-28 12:29:46,0.00318800,6.27000000
2018-02-28 12:29:49,0.00318800,2.45000000
2018-02-28 12:29:50,0.00318400,4.64000000
2018-02-28 12:29:53,0.00319000,9.40000000
2018-02-28 12:30:03,0.00319000,0.27000000
2018-02-28 12:30:10,0.00319000,0.08000000
2018-02-28 12:30:10,0.00319500,0.38000000
2018-02-28 12:30:11,0.00319500,120.75000000
2018-02-28 12:30:14,0.00318900,33.18000000
2018-02-28 12:30:14,0.00318800,52.42000000
2018-02-28 12:30:14,0.00318700,3.00000000
2018-02-28 12:30:14,0.00318400,9.42000000
2018-02-28 12:30:14,0.00318300,0.40000000
2018-02-28 12:30:14,0.00317800,4.50000000
2018-02-28 12:30:14,0.00317700,124.50000000
2018-02-28 12:30:14,0.00317500,261.48000000
2018-02-28 12:30:15,0.00319400,9.42000000
2018-02-28 12:30:17,0.00319300,9.39000000
2018-02-28 12:30:18,0.00318800,7.92000000
2018-02-28 12:30:20,0.00319200,27.27000000
2018-02-28 12:30:29,0.00319200,3.13000000
2018-02-28 12:30:33,0.00319200,23.50000000
2018-02-28 12:30:37,0.00319100,53.35000000
2018-02-28 12:30:40,0.00319100,4.28000000
2018-02-28 12:30:41,0.00319100,21.93000000
2018-02-28 12:30:57,0.00319000,5.59000000
2018-02-28 12:30:57,0.00318900,52.42000000
2018-02-28 12:30:59,0.00318900,110.89000000
2018-02-28 12:30:59,0.00319100,36.32000000
2018-02-28 12:31:08,0.00318900,33.00000000
2018-02-28 12:31:09,0.00318900,44.60000000
2018-02-28 12:31:10,0.00319100,0.23000000
2018-02-28 12:31:10,0.00319100,12.65000000
2018-02-28 12:31:11,0.00318900,7.80000000
2018-02-28 12:31:11,0.00318800,4.58000000
2018-02-28 12:31:14,0.00318800,21.95000000
2018-02-28 12:31:19,0.00318500,3.00000000
2018-02-28 12:31:19,0.00319100,25.94000000
2018-02-28 12:31:24,0.00318900,2.97000000
2018-02-28 12:31:24,0.00318900,0.03000000
2018-02-28 12:31:24,0.00319000,20.85000000
2018-02-28 12:31:30,0.00318800,2.04000000
2018-02-28 12:31:30,0.00318400,1.95000000
2018-02-28 12:31:32,0.00319000,6.70000000
2018-02-28 12:31:32,0.00318400,7.47000000
2018-02-28 12:31:32,0.00318300,0.94000000
2018-02-28 12:31:32,0.00318000,14.97000000
2018-02-28 12:31:32,0.00317900,8.35000000
2018-02-28 12:31:36,0.00318700,2.97000000
2018-02-28 12:31:36,0.00318700,21.42000000
2018-02-28 12:31:55,0.00318700,9.25000000
2018-02-28 12:31:59,0.00318700,1.30000000
2018-02-28 12:32:01,0.00318700,7.40000000
2018-02-28 12:32:04,0.00318700,40.34000000
2018-02-28 12:32:15,0.00318700,5.31000000
2018-02-28 12:32:15,0.00318700,0.05000000
2018-02-28 12:32:15,0.00318700,15.36000000
2018-02-28 12:32:18,0.00318700,50.00000000
2018-02-28 12:32:20,0.00318700,4.33000000
2018-02-28 12:32:20,0.00318800,15.49000000
2018-02-28 12:32:30,0.00318600,0.67000000
2018-02-28 12:32:34,0.00318400,8.93000000
2018-02-28 12:32:38,0.00318500,9.37000000
2018-02-28 12:32:49,0.00318600,0.61000000
2018-02-28 12:32:59,0.00318600,1.30000000
2018-02-28 12:33:01,0.00318600,4.25000000
2018-02-28 12:33:02,0.00318500,4.07000000
2018-02-28 12:33:06,0.00318600,2.12000000
2018-02-28 12:33:06,0.00318600,2.12000000
2018-02-28 12:33:08,0.00318500,26.23000000
2018-02-28 12:33:14,0.00318500,0.51000000
2018-02-28 12:33:16,0.00318400,10.15000000
2018-02-28 12:33:20,0.00318500,3.13000000
2018-02-28 12:33:20,0.00318500,5.22000000
2018-02-28 12:33:20,0.00318600,3.11000000
2018-02-28 12:33:20,0.00318600,5.05000000
2018-02-28 12:33:21,0.00318900,0.93000000
2018-02-28 12:33:22,0.00318400,70.00000000
2018-02-28 12:33:27,0.00318900,0.01000000
2018-02-28 12:33:27,0.00319000,0.03000000
2018-02-28 12:33:27,0.00318600,0.92000000
2018-02-28 12:33:27,0.00318500,9.06000000
2018-02-28 12:33:28,0.00319000,3.41000000
2018-02-28 12:33:28,0.00319000,6.45000000
2018-02-28 12:33:40,0.00318900,39.25000000
2018-02-28 12:33:48,0.00318900,28.78000000
2018-02-28 12:33:52,0.00318400,1.84000000
2018-02-28 12:33:54,0.00319000,1.40000000
2018-02-28 12:33:58,0.00319000,12.21000000
2018-02-28 12:34:05,0.00319000,31.54000000
2018-02-28 12:34:11,0.00319000,10.58000000
2018-02-28 12:34:12,0.00318500,7.54000000
2018-02-28 12:34:15,0.00318500,6.60000000
2018-02-28 12:34:16,0.00318500,5.66000000
2018-02-28 12:34:16,0.00318500,5.34000000
2018-02-28 12:34:18,0.00318500,9.34000000
2018-02-28 12:34:18,0.00318400,7.69000000
2018-02-28 12:34:20,0.00318500,1.89000000
2018-02-28 12:34:20,0.00318500,1.23000000
2018-02-28 12:34:24,0.00318500,22.65000000
2018-02-28 12:34:37,0.00318900,60.43000000
2018-02-28 12:34:53,0.00318900,4.92000000
2018-02-28 12:34:53,0.00318600,14.34000000
2018-02-28 12:34:53,0.00318600,5.85000000
2018-02-28 12:35:02,0.00318900,0.59000000
2018-02-28 12:35:03,0.00318600,4.00000000
2018-02-28 12:35:05,0.00318600,24.68000000
2018-02-28 12:35:06,0.00318900,1.17000000
2018-02-28 12:35:09,0.00318900,36.92000000
2018-02-28 12:35:09,0.00318600,88.82000000
2018-02-28 12:35:09,0.00318500,11.18000000
2018-02-28 12:35:09,0.00318900,0.69000000
2018-02-28 12:35:17,0.00318900,1.21000000
2018-02-28 12:35:17,0.00318500,0.78000000
2018-02-28 12:35:22,0.00318500,60.62000000
2018-02-28 12:35:36,0.00318900,17.55000000
2018-02-28 12:35:36,0.00319000,12.15000000
2018-02-28 12:35:44,0.00318600,3.35000000
2018-02-28 12:35:47,0.00318600,45.64000000
2018-02-28 12:35:51,0.00318600,3.00000000
2018-02-28 12:35:58,0.00318500,5.34000000
2018-02-28 12:35:59,0.00318500,5.34000000
2018-02-28 12:35:59,0.00318500,6.29000000
2018-02-28 12:36:04,0.00318600,0.97000000
2018-02-28 12:36:04,0.00318800,29.02000000
2018-02-28 12:36:05,0.00318500,39.58000000
2018-02-28 12:36:06,0.00318500,18.54000000
2018-02-28 12:36:07,0.00318500,16.66000000
2018-02-28 12:36:08,0.00318500,4.09000000
2018-02-28 12:36:09,0.00318700,15.70000000
2018-02-28 12:36:10,0.00318700,10.36000000
2018-02-28 12:36:11,0.00318800,0.31000000
2018-02-28 12:36:11,0.00318800,125.81000000
2018-02-28 12:36:16,0.00318700,0.15000000
2018-02-28 12:36:16,0.00318500,0.30000000
2018-02-28 12:36:16,0.00318400,17.94000000
2018-02-28 12:36:17,0.00318800,18.00000000
2018-02-28 12:36:17,0.00318400,0.01000000
2018-02-28 12:36:17,0.00318100,3.64000000
2018-02-28 12:36:18,0.00318800,59.52000000
2018-02-28 12:36:20,0.00318700,3.64000000
2018-02-28 12:36:31,0.00318500,0.51000000
2018-02-28 12:36:32,0.00318500,22.07000000
2018-02-28 12:36:33,0.00318500,1.06000000
2018-02-28 12:36:37,0.00318500,9.41000000
2018-02-28 12:36:42,0.00318500,0.40000000
2018-02-28 12:36:43,0.00318500,1.40000000
2018-02-28 12:36:44,0.00318500,16.87000000
2018-02-28 12:36:55,0.00318400,9.42000000
2018-02-28 12:37:02,0.00318300,0.35000000
2018-02-28 12:37:03,0.00318400,0.27000000
2018-02-28 12:37:05,0.00318300,26.54000000
2018-02-28 12:37:09,0.00318200,3.94000000
2018-02-28 12:37:17,0.00318300,7.05000000
2018-02-28 12:37:17,0.00318400,15.95000000
2018-02-28 12:37:18,0.00318400,16.89000000
2018-02-28 12:37:19,0.00318000,0.54000000
2018-02-28 12:37:23,0.00318400,4.45000000
2018-02-28 12:37:23,0.00318000,62.92000000
2018-02-28 12:37:25,0.00318400,1.26000000
2018-02-28 12:37:26,0.00318400,9.53000000
2018-02-28 12:37:27,0.00318400,4.45000000
2018-02-28 12:37:29,0.00318400,10.70000000
2018-02-28 12:37:31,0.00318400,12.56000000
2018-02-28 12:37:33,0.00318400,12.56000000
2018-02-28 12:37:34,0.00318400,9.42000000
2018-02-28 12:37:35,0.00318400,8.31000000
2018-02-28 12:37:38,0.00318400,2.00000000
2018-02-28 12:37:38,0.00318400,4.47000000
2018-02-28 12:37:39,0.00318500,7.18000000
2018-02-28 12:37:41,0.00318500,17.45000000
2018-02-28 12:37:46,0.00318600,197.15000000
2018-02-28 12:37:46,0.00318800,1.32000000
2018-02-28 12:37:56,0.00318900,7.32000000
2018-02-28 12:38:01,0.00318400,1.49000000
2018-02-28 12:38:14,0.00318800,28.92000000
2018-02-28 12:38:14,0.00318900,2.74000000
2018-02-28 12:38:14,0.00319000,151.72000000
2018-02-28 12:38:20,0.00318600,9.43000000
2018-02-28 12:38:21,0.00318600,16.57000000
2018-02-28 12:38:21,0.00318500,8.12000000
2018-02-28 12:38:25,0.00318500,7.19000000
2018-02-28 12:38:25,0.00319000,11.48000000
2018-02-28 12:38:26,0.00318500,10.79000000
2018-02-28 12:38:30,0.00318500,10.67000000
2018-02-28 12:38:31,0.00318500,93.62000000
2018-02-28 12:38:36,0.00318600,26.23000000
2018-02-28 12:38:36,0.00318500,26.39000000
2018-02-28 12:38:46,0.00318700,4.70000000
2018-02-28 12:38:51,0.00319000,0.57000000
2018-02-28 12:38:58,0.00318700,2.00000000
2018-02-28 12:39:04,0.00319000,0.50000000
2018-02-28 12:39:10,0.00318800,1.21000000
2018-02-28 12:39:12,0.00319000,27.98000000
2018-02-28 12:39:12,0.00318800,15.66000000
2018-02-28 12:39:12,0.00318700,118.01000000
2018-02-28 12:39:14,0.00318700,75.14000000
2018-02-28 12:39:20,0.00318800,21.95000000
2018-02-28 12:39:20,0.00318700,13.01000000
2018-02-28 12:39:23,0.00318700,12.00000000
2018-02-28 12:39:23,0.00318700,0.57000000
2018-02-28 12:39:26,0.00318700,15.49000000
2018-02-28 12:39:27,0.00319000,2.30000000
2018-02-28 12:39:32,0.00319000,7.79000000
2018-02-28 12:39:32,0.00319000,108.94000000
2018-02-28 12:39:32,0.00319100,7.64000000
2018-02-28 12:39:33,0.00319100,0.03000000
2018-02-28 12:39:38,0.00319000,3.12000000
2018-02-28 12:39:38,0.00319000,59.91000000
2018-02-28 12:39:39,0.00319400,2.88000000
2018-02-28 12:39:48,0.00318900,15.33000000
2018-02-28 12:39:48,0.00318800,5.53000000
2018-02-28 12:39:49,0.00319400,3.97000000
2018-02-28 12:39:50,0.00318800,1.53000000
2018-02-28 12:39:54,0.00319400,1.53000000
2018-02-28 12:39:55,0.00319100,0.77000000
2018-02-28 12:40:07,0.00319100,0.09000000
2018-02-28 12:40:07,0.00319400,0.54000000
2018-02-28 12:40:09,0.00319000,13.13000000
2018-02-28 12:40:09,0.00318800,7.88000000
2018-02-28 12:40:09,0.00318600,5.00000000
2018-02-28 12:40:09,0.00318500,3.00000000
2018-02-28 12:40:09,0.00318400,41.20000000
2018-02-28 12:40:09,0.00318200,3.94000000
2018-02-28 12:40:10,0.00318300,1.54000000
2018-02-28 12:40:10,0.00318200,21.30000000
2018-02-28 12:40:11,0.00319200,2.18000000
2018-02-28 12:40:13,0.00319100,1.54000000
2018-02-28 12:40:13,0.00319200,0.46000000
2018-02-28 12:40:20,0.00319200,3.13000000
2018-02-28 12:40:25,0.00319100,127.87000000
2018-02-28 12:40:30,0.00319100,3.99000000
2018-02-28 12:40:32,0.00318900,12.80000000
2018-02-28 12:40:32,0.00318800,18.25000000
2018-02-28 12:40:35,0.00318800,4.20000000
2018-02-28 12:40:35,0.00319100,15.35000000
2018-02-28 12:40:52,0.00319100,6.79000000
2018-02-28 12:40:52,0.00319100,1.80000000
2018-02-28 12:40:55,0.00319100,1.34000000
2018-02-28 12:41:00,0.00319100,23.27000000
2018-02-28 12:41:13,0.00319000,1.31000000
2018-02-28 12:41:13,0.00319100,2.20000000
2018-02-28 12:41:13,0.00319200,60.29000000
2018-02-28 12:41:17,0.00319000,135.58000000
2018-02-28 12:41:17,0.00318900,10.50000000
2018-02-28 12:41:23,0.00318900,10.00000000
2018-02-28 12:41:26,0.00318800,20.66000000
2018-02-28 12:41:35,0.00318800,10.00000000
2018-02-28 12:41:36,0.00318800,78.38000000
2018-02-28 12:41:36,0.00318200,126.74000000
2018-02-28 12:41:37,0.00318200,1.60000000
2018-02-28 12:41:37,0.00318200,16.68000000
2018-02-28 12:41:37,0.00318200,0.40000000
2018-02-28 12:41:37,0.00318200,29.22000000
2018-02-28 12:41:37,0.00318200,5.00000000
2018-02-28 12:41:37,0.00318200,9.27000000
2018-02-28 12:41:37,0.00318200,44.66000000
2018-02-28 12:41:38,0.00319000,18.48000000
2018-02-28 12:41:40,0.00318300,2.20000000
2018-02-28 12:41:44,0.00319000,2.20000000
2018-02-28 12:41:44,0.00319100,1.56000000
2018-02-28 12:41:46,0.00318200,1.00000000
2018-02-28 12:41:46,0.00319100,196.82000000
2018-02-28 12:41:46,0.00319200,7.57000000
2018-02-28 12:41:46,0.00319400,23.97000000
2018-02-28 12:41:46,0.00319500,35.04000000
2018-02-28 12:41:49,0.00318500,15.07000000
2018-02-28 12:41:49,0.00318400,10.40000000
2018-02-28 12:41:49,0.00318300,8.42000000
2018-02-28 12:41:49,0.00318300,50.49000000
2018-02-28 12:41:49,0.00318300,4.57000000
2018-02-28 12:41:50,0.00318300,2.80000000
2018-02-28 12:41:50,0.00318300,8.25000000
2018-02-28 12:41:54,0.00318300,67.75000000
2018-02-28 12:41:54,0.00318200,46.41000000
2018-02-28 12:41:54,0.00318100,9.71000000
2018-02-28 12:41:59,0.00318800,1.00000000
2018-02-28 12:42:01,0.00318600,10.63000000
2018-02-28 12:42:03,0.00318600,2.60000000
2018-02-28 12:42:06,0.00318600,0.84000000
2018-02-28 12:42:06,0.00318700,76.91000000
2018-02-28 12:42:09,0.00318600,3.14000000
2018-02-28 12:42:11,0.00318600,3.80000000
2018-02-28 12:42:14,0.00318700,18.98000000
2018-02-28 12:42:19,0.00318900,1.00000000
2018-02-28 12:42:23,0.00318600,9.76000000
2018-02-28 12:42:25,0.00318600,1.98000000
2018-02-28 12:42:28,0.00318500,29.16000000
2018-02-28 12:42:28,0.00318300,14.33000000
2018-02-28 12:42:30,0.00318600,8.63000000
2018-02-28 12:42:32,0.00318600,0.94000000
2018-02-28 12:42:34,0.00318600,3.19000000
2018-02-28 12:42:35,0.00318600,5.00000000
2018-02-28 12:42:37,0.00318600,2.51000000
2018-02-28 12:42:38,0.00318600,2.51000000
2018-02-28 12:42:38,0.00318200,57.22000000
2018-02-28 12:42:42,0.00318600,1.20000000
2018-02-28 12:42:42,0.00318600,5.42000000
2018-02-28 12:42:53,0.00318500,1.00000000
2018-02-28 12:42:55,0.00318500,3.85000000
2018-02-28 12:42:55,0.00318400,1.00000000
2018-02-28 12:43:01,0.00318500,10.71000000
2018-02-28 12:43:03,0.00318500,4.00000000
2018-02-28 12:43:03,0.00318500,5.36000000
2018-02-28 12:43:03,0.00318500,0.91000000
2018-02-28 12:43:03,0.00318600,0.37000000
2018-02-28 12:43:04,0.00318600,12.70000000
2018-02-28 12:43:09,0.00318600,7.15000000
2018-02-28 12:43:09,0.00318600,1.61000000
2018-02-28 12:43:24,0.00318900,11.00000000
2018-02-28 12:43:30,0.00318800,8.99000000
2018-02-28 12:43:30,0.00318700,18.24000000
2018-02-28 12:43:30,0.00318400,7.55000000
2018-02-28 12:43:30,0.00318100,24.22000000
2018-02-28 12:43:30,0.00318800,2.70000000
2018-02-28 12:43:32,0.00318700,24.21000000
2018-02-28 12:43:35,0.00318200,0.45000000
2018-02-28 12:43:36,0.00318800,31.00000000
2018-02-28 12:43:44,0.00318800,87.45000000
2018-02-28 12:43:45,0.00318800,12.49000000
2018-02-28 12:43:51,0.00318800,264.10000000
2018-02-28 12:43:51,0.00318800,113.72000000
2018-02-28 12:43:52,0.00318200,7.92000000
2018-02-28 12:43:52,0.00318700,3.15000000
2018-02-28 12:43:58,0.00318700,1.84000000
2018-02-28 12:44:07,0.00318900,2.00000000
2018-02-28 12:44:11,0.00318800,0.50000000
2018-02-28 12:44:19,0.00318800,61.67000000
2018-02-28 12:44:26,0.00318700,6.79000000
2018-02-28 12:44:26,0.00318600,5.81000000
2018-02-28 12:44:26,0.00318500,29.13000000
2018-02-28 12:44:26,0.00318300,20.28000000
2018-02-28 12:44:26,0.00318100,36.58000000
2018-02-28 12:44:26,0.00318000,57.64000000
2018-02-28 12:44:27,0.00318700,0.33000000
2018-02-28 12:44:27,0.00318200,3.14000000
2018-02-28 12:44:27,0.00318000,12.62000000
2018-02-28 12:44:28,0.00318700,31.44000000
2018-02-28 12:44:28,0.00318700,4.79000000
2018-02-28 12:44:29,0.00318600,3.14000000
2018-02-28 12:44:29,0.00318800,0.51000000
2018-02-28 12:44:29,0.00318800,32.74000000
2018-02-28 12:44:36,0.00318800,1.81000000
2018-02-28 12:44:36,0.00318800,0.47000000
2018-02-28 12:44:54,0.00318800,25.35000000
2018-02-28 12:44:57,0.00318800,20.45000000
2018-02-28 12:44:57,0.00318800,8.10000000
2018-02-28 12:45:00,0.00318800,1.03000000
2018-02-28 12:45:07,0.00318900,7.67000000
2018-02-28 12:45:12,0.00319000,35.48000000
2018-02-28 12:45:20,0.00319000,8.39000000
2018-02-28 12:45:20,0.00319100,9.00000000
2018-02-28 12:45:20,0.00319200,0.94000000
2018-02-28 12:45:20,0.00319400,33.93000000
2018-02-28 12:45:20,0.00319400,3.13000000
2018-02-28 12:45:20,0.00319400,44.31000000
2018-02-28 12:45:20,0.00319400,14.99000000
2018-02-28 12:45:25,0.00318900,3.53000000
2018-02-28 12:45:25,0.00318900,31.45000000
2018-02-28 12:45:27,0.00318800,19.76000000
2018-02-28 12:45:29,0.00318600,0.61000000
2018-02-28 12:45:31,0.00318800,0.31000000
2018-02-28 12:45:39,0.00318800,1.61000000
2018-02-28 12:45:43,0.00318800,1.22000000
2018-02-28 12:45:48,0.00318600,36.55000000
2018-02-28 12:45:59,0.00318600,12.62000000
2018-02-28 12:45:59,0.00318600,1.50000000
2018-02-28 12:45:59,0.00318500,9.41000000
2018-02-28 12:46:04,0.00318400,5.41000000
2018-02-28 12:46:04,0.00318100,4.57000000
2018-02-28 12:46:05,0.00318100,18.91000000
2018-02-28 12:46:09,0.00318100,41.88000000
2018-02-28 12:46:10,0.00318100,23.80000000
2018-02-28 12:46:12,0.00318100,16.14000000
2018-02-28 12:46:13,0.00318100,16.18000000
2018-02-28 12:46:13,0.00318700,7.75000000
2018-02-28 12:46:19,0.00318100,29.31000000
2018-02-28 12:46:20,0.00318100,0.01000000
2018-02-28 12:46:25,0.00318100,0.45000000
2018-02-28 12:46:25,0.00318600,0.84000000
2018-02-28 12:46:35,0.00318700,34.12000000
2018-02-28 12:46:40,0.00318600,8.50000000
2018-02-28 12:46:41,0.00318700,1.77000000
2018-02-28 12:46:42,0.00318700,8.00000000
2018-02-28 12:46:53,0.00318600,0.46000000
2018-02-28 12:46:55,0.00318600,2.71000000
2018-02-28 12:46:55,0.00318600,6.66000000
2018-02-28 12:46:55,0.00318600,2.71000000
2018-02-28 12:46:56,0.00318600,2.12000000
2018-02-28 12:46:57,0.00318600,1.65000000
2018-02-28 12:46:57,0.00318600,6.25000000
2018-02-28 12:46:57,0.00318600,1.80000000
2018-02-28 12:46:58,0.00318200,0.63000000
2018-02-28 12:46:58,0.00318500,6.18000000
2018-02-28 12:47:05,0.00318200,6.02000000
2018-02-28 12:47:05,0.00318100,37.38000000
2018-02-28 12:47:07,0.00318000,97.96000000
2018-02-28 12:47:14,0.00318600,1.06000000
2018-02-28 12:47:18,0.00318300,3.08000000
2018-02-28 12:47:18,0.00318000,73.94000000
2018-02-28 12:47:23,0.00317900,30.00000000
2018-02-28 12:47:23,0.00317800,27.48000000
2018-02-28 12:47:24,0.00318000,27.99000000
2018-02-28 12:47:28,0.00318000,0.01000000
2018-02-28 12:47:28,0.00318500,3.99000000
2018-02-28 12:47:30,0.00317800,28.00000000
2018-02-28 12:47:35,0.00318500,5.44000000
2018-02-28 12:47:37,0.00318000,4.00000000
2018-02-28 12:47:38,0.00318000,26.00000000
2018-02-28 12:47:38,0.00318500,26.96000000
2018-02-28 12:47:40,0.00318500,11.39000000
2018-02-28 12:47:44,0.00317800,17.65000000
2018-02-28 12:48:02,0.00317800,2.25000000
2018-02-28 12:48:05,0.00318400,5.00000000
2018-02-28 12:48:09,0.00317900,5.57000000
2018-02-28 12:48:10,0.00317900,13.34000000
2018-02-28 12:48:10,0.00317900,7.40000000
2018-02-28 12:48:10,0.00317900,1.00000000
2018-02-28 12:48:11,0.00317900,49.83000000
2018-02-28 12:48:19,0.00317800,1.53000000
2018-02-28 12:48:20,0.00317900,0.01000000
2018-02-28 12:48:20,0.00318500,9.83000000
2018-02-28 12:48:20,0.00318500,1.56000000
2018-02-28 12:48:21,0.00317800,147.40000000
2018-02-28 12:48:26,0.00318400,1.07000000
2018-02-28 12:48:26,0.00318500,8.21000000
2018-02-28 12:48:26,0.00318700,0.70000000
2018-02-28 12:48:28,0.00318000,3.14000000
2018-02-28 12:48:28,0.00317900,6.86000000
2018-02-28 12:48:33,0.00318000,3.64000000
2018-02-28 12:48:34,0.00318600,3.13000000
2018-02-28 12:48:38,0.00317900,30.00000000
2018-02-28 12:48:42,0.00317900,0.99000000
2018-02-28 12:48:46,0.00318600,3.00000000
2018-02-28 12:48:46,0.00317900,3.63000000
2018-02-28 12:48:53,0.00318600,3.87000000
2018-02-28 12:48:58,0.00318800,2.45000000
2018-02-28 12:48:59,0.00318800,2.96000000
2018-02-28 12:49:02,0.00318800,9.93000000
2018-02-28 12:49:08,0.00318800,5.48000000
2018-02-28 12:49:14,0.00318300,5.22000000
2018-02-28 12:49:15,0.00318800,23.87000000
2018-02-28 12:49:15,0.00318800,3.10000000
2018-02-28 12:49:16,0.00318300,33.97000000
2018-02-28 12:49:16,0.00318800,7.35000000
2018-02-28 12:49:16,0.00318800,6.64000000
2018-02-28 12:49:26,0.00318700,3.13000000
2018-02-28 12:49:27,0.00318500,7.57000000
2018-02-28 12:49:27,0.00318500,2.42000000
2018-02-28 12:49:27,0.00318400,3.42000000
2018-02-28 12:49:29,0.00318400,11.00000000
2018-02-28 12:49:33,0.00318300,0.96000000
2018-02-28 12:49:33,0.00318100,1.46000000
2018-02-28 12:49:33,0.00317900,23.56000000
2018-02-28 12:49:38,0.00317900,37.48000000
2018-02-28 12:49:38,0.00317800,129.71000000
2018-02-28 12:49:38,0.00317700,230.22000000
2018-02-28 12:49:38,0.00317600,76.31000000
2018-02-28 12:49:38,0.00317500,275.02000000
2018-02-28 12:49:49,0.00318000,5.25000000
2018-02-28 12:49:50,0.00318000,4.75000000
2018-02-28 12:49:52,0.00318400,3.96000000
2018-02-28 12:49:52,0.00318700,19.57000000
2018-02-28 12:49:52,0.00318800,22.47000000
2018-02-28 12:50:02,0.00318800,15.68000000
2018-02-28 12:50:27,0.00318300,0.45000000
2018-02-28 12:50:28,0.00318300,4.85000000
2018-02-28 12:50:41,0.00318300,3.14000000
2018-02-28 12:50:45,0.00318300,3.14000000
2018-02-28 12:50:46,0.00318300,0.97000000
2018-02-28 12:50:50,0.00318300,1.00000000
2018-02-28 12:50:54,0.00318800,0.82000000
2018-02-28 12:50:58,0.00318800,2.16000000
2018-02-28 12:50:58,0.00318900,10.63000000
2018-02-28 12:51:16,0.00318400,15.14000000
2018-02-28 12:51:20,0.00318900,8.66000000
2018-02-28 12:51:20,0.00318400,3.00000000
2018-02-28 12:51:24,0.00318900,11.00000000
2018-02-28 12:51:24,0.00318900,3.11000000
2018-02-28 12:51:24,0.00318900,16.93000000
2018-02-28 12:51:24,0.00319000,1.56000000
2018-02-28 12:51:30,0.00318900,2.64000000
2018-02-28 12:51:35,0.00318900,0.47000000
2018-02-28 12:51:35,0.00318600,19.53000000
2018-02-28 12:51:42,0.00318800,0.46000000
2018-02-28 12:51:45,0.00319000,13.03000000
2018-02-28 12:51:52,0.00319000,122.77000000
2018-02-28 12:51:57,0.00319000,112.15000000
2018-02-28 12:51:57,0.00319200,0.91000000
2018-02-28 12:52:04,0.00318500,0.80000000
2018-02-28 12:52:09,0.00318600,4.50000000
2018-02-28 12:52:11,0.00318600,0.02000000
2018-02-28 12:52:11,0.00318500,0.98000000
2018-02-28 12:52:12,0.00318500,25.82000000
2018-02-28 12:52:13,0.00318500,10.38000000
2018-02-28 12:52:13,0.00318500,32.80000000
2018-02-28 12:52:14,0.00318500,19.76000000
2018-02-28 12:52:17,0.00319100,4.19000000
2018-02-28 12:52:22,0.00319100,0.31000000
2018-02-28 12:52:51,0.00319000,10.67000000
2018-02-28 12:52:52,0.00319000,33.33000000
2018-02-28 12:52:52,0.00318700,7.42000000
2018-02-28 12:53:08,0.00318800,3.55000000
2018-02-28 12:53:08,0.00318700,10.89000000
2018-02-28 12:53:24,0.00319100,0.75000000
2018-02-28 12:53:27,0.00319100,0.75000000
2018-02-28 12:53:28,0.00318700,10.84000000
2018-02-28 12:53:28,0.00319100,0.23000000
2018-02-28 12:53:29,0.00319100,0.75000000
2018-02-28 12:53:37,0.00318800,2.75000000
2018-02-28 12:53:42,0.00319100,3.43000000
2018-02-28 12:53:42,0.00319100,1.35000000
2018-02-28 12:53:42,0.00319200,54.82000000
2018-02-28 12:53:42,0.00319100,4.22000000
2018-02-28 12:53:48,0.00319100,11.50000000
2018-02-28 12:53:56,0.00319100,7.86000000
2018-02-28 12:53:58,0.00319100,14.97000000
2018-02-28 12:53:59,0.00319200,7.63000000
2018-02-28 12:53:59,0.00319200,3.90000000
2018-02-28 12:54:01,0.00319300,54.68000000
2018-02-28 12:54:02,0.00319300,4.22000000
2018-02-28 12:54:04,0.00319300,1.68000000
2018-02-28 12:54:04,0.00319200,2.51000000
2018-02-28 12:54:06,0.00319300,0.75000000
2018-02-28 12:54:11,0.00319200,1.22000000
2018-02-28 12:54:15,0.00319300,29.33000000
2018-02-28 12:54:17,0.00319200,8.05000000
2018-02-28 12:54:25,0.00319300,58.02000000
2018-02-28 12:54:27,0.00319400,0.98000000
2018-02-28 12:54:32,0.00319400,3.13000000
2018-02-28 12:54:42,0.00319400,151.55000000
2018-02-28 12:54:42,0.00319200,18.40000000
2018-02-28 12:54:46,0.00319200,37.34000000
2018-02-28 12:54:46,0.00319400,0.28000000
2018-02-28 12:54:46,0.00319500,0.66000000
2018-02-28 12:54:47,0.00319200,8.01000000
2018-02-28 12:54:47,0.00319200,31.97000000
2018-02-28 12:54:47,0.00319100,74.51000000
2018-02-28 12:54:47,0.00319000,26.99000000
2018-02-28 12:54:47,0.00318900,6.45000000
2018-02-28 12:54:58,0.00319400,28.60000000
2018-02-28 12:55:00,0.00319300,8.69000000
2018-02-28 12:55:00,0.00319000,4.16000000
2018-02-28 12:55:02,0.00319400,19.07000000
2018-02-28 12:55:12,0.00318800,3.13000000
2018-02-28 12:55:23,0.00319000,1.62000000
2018-02-28 12:55:23,0.00319400,0.01000000
2018-02-28 12:55:23,0.00319500,0.45000000
2018-02-28 12:55:26,0.00319000,2.51000000
2018-02-28 12:55:27,0.00319500,0.22000000
2018-02-28 12:55:28,0.00319000,2.14000000
2018-02-28 12:55:28,0.00319000,2.14000000
2018-02-28 12:55:29,0.00319500,0.51000000
2018-02-28 12:55:32,0.00319500,1.08000000
2018-02-28 12:55:33,0.00319500,11.30000000
2018-02-28 12:55:38,0.00319500,9.23000000
2018-02-28 12:55:38,0.00319600,0.38000000
2018-02-28 12:55:42,0.00319600,0.50000000
2018-02-28 12:55:46,0.00319600,20.92000000
2018-02-28 12:55:53,0.00319500,0.34000000
2018-02-28 12:55:59,0.00319200,0.40000000
2018-02-28 12:56:03,0.00319200,3.73000000
2018-02-28 12:56:04,0.00319200,16.84000000
2018-02-28 12:56:05,0.00319500,0.46000000
2018-02-28 12:56:05,0.00319600,0.94000000
2018-02-28 12:56:13,0.00319600,24.93000000
2018-02-28 12:56:13,0.00319700,3.65000000
2018-02-28 12:56:18,0.00319700,21.48000000
2018-02-28 12:56:18,0.00319700,21.49000000
2018-02-28 12:56:18,0.00319800,29.28000000
2018-02-28 12:56:19,0.00319800,3.65000000
2018-02-28 12:56:20,0.00319800,3.65000000
2018-02-28 12:56:20,0.00319800,1.64000000
2018-02-28 12:56:25,0.00320000,14.81000000
2018-02-28 12:56:26,0.00319800,0.99000000
2018-02-28 12:56:26,0.00320000,149.94000000
2018-02-28 12:56:28,0.00319800,46.00000000
2018-02-28 12:56:31,0.00320000,64.25000000
2018-02-28 12:56:39,0.00319800,1.80000000
2018-02-28 12:56:39,0.00319400,8.20000000
2018-02-28 12:56:40,0.00319900,8.20000000
2018-02-28 12:56:41,0.00319900,1.13000000
2018-02-28 12:56:42,0.00319700,1.31000000
2018-02-28 12:56:52,0.00319700,10.53000000
2018-02-28 12:57:13,0.00319600,0.99000000
2018-02-28 12:57:13,0.00319700,0.23000000
2018-02-28 12:57:13,0.00320000,31.00000000
2018-02-28 12:57:13,0.00320100,9.45000000
2018-02-28 12:57:13,0.00320100,40.67000000
2018-02-28 12:57:14,0.00320100,1.56000000
2018-02-28 12:57:20,0.00320100,6.53000000
2018-02-28 12:57:37,0.00319600,14.16000000
2018-02-28 12:57:49,0.00319900,14.16000000
2018-02-28 12:57:49,0.00320000,25.84000000
2018-02-28 12:57:53,0.00319900,4.60000000
2018-02-28 12:58:14,0.00320000,14.87000000
2018-02-28 12:58:15,0.00320000,27.79000000
2018-02-28 12:58:21,0.00320100,2.22000000
2018-02-28 12:58:21,0.00320200,9.78000000
2018-02-28 12:58:30,0.00320000,2.08000000
2018-02-28 12:58:32,0.00320000,3.12000000
2018-02-28 12:58:33,0.00320000,22.53000000
2018-02-28 12:58:33,0.00319800,15.75000000
2018-02-28 12:58:44,0.00319800,0.56000000
2018-02-28 12:58:51,0.00319700,3.39000000
2018-02-28 12:58:56,0.00319700,51.66000000
2018-02-28 12:58:56,0.00319700,21.63000000
2018-02-28 12:58:56,0.00319600,10.00000000
2018-02-28 12:59:00,0.00319800,1.58000000
2018-02-28 12:59:01,0.00319800,1.56000000
2018-02-28 12:59:03,0.00319600,10.32000000
2018-02-28 12:59:03,0.00319600,0.51000000
2018-02-28 12:59:04,0.00319600,0.81000000
2018-02-28 12:59:11,0.00319600,1.27000000
2018-02-28 12:59:15,0.00319600,0.11000000
2018-02-28 12:59:16,0.00319500,5.05000000
2018-02-28 12:59:16,0.00319300,30.94000000
2018-02-28 12:59:16,0.00319200,80.36000000
2018-02-28 12:59:16,0.00319100,9.40000000
2018-02-28 12:59:16,0.00319000,165.96000000
2018-02-28 12:59:16,0.00318900,45.18000000
2018-02-28 12:59:20,0.00319500,10.32000000
2018-02-28 12:59:21,0.00319500,1.83000000
2018-02-28 12:59:21,0.00319500,3.29000000
2018-02-28 12:59:21,0.00319500,8.84000000
2018-02-28 12:59:22,0.00319500,13.07000000
2018-02-28 12:59:28,0.00319500,1.99000000
2018-02-28 12:59:28,0.00319000,27.09000000
2018-02-28 12:59:28,0.00318900,40.92000000
2018-02-28 12:59:30,0.00319500,25.75000000
2018-02-28 12:59:30,0.00319500,1.34000000
2018-02-28 12:59:44,0.00319500,5.62000000
2018-02-28 12:59:53,0.00319000,2.72000000
2018-02-28 12:59:57,0.00319000,0.09000000
