DATE,PRICE,VOLUME
2018-02-23 18:00:01,0.00343000,30.00000000
2018-02-23 18:00:02,0.00342700,0.35000000
2018-02-23 18:00:03,0.00342700,6.46000000
2018-02-23 18:00:03,0.00342600,1.20000000
2018-02-23 18:00:04,0.00342600,62.34000000
2018-02-23 18:00:05,0.00342800,1.20000000
2018-02-23 18:00:05,0.00343000,29.05000000
2018-02-23 18:00:10,0.00342500,0.75000000
2018-02-23 18:00:14,0.00342500,2.11000000
2018-02-23 18:00:14,0.00342400,2.89000000
2018-02-23 18:00:25,0.00342400,0.53000000
2018-02-23 18:00:25,0.00342400,0.33000000
2018-02-23 18:00:27,0.00342400,0.32000000
2018-02-23 18:00:33,0.00342800,3.61000000
2018-02-23 18:00:33,0.00342400,11.68000000
2018-02-23 18:00:35,0.00342700,4.61000000
2018-02-23 18:00:35,0.00342800,10.53000000
2018-02-23 18:00:41,0.00342800,0.79000000
2018-02-23 18:00:43,0.00342800,4.00000000
2018-02-23 18:00:43,0.00342400,43.72000000
2018-02-23 18:00:44,0.00342400,28.79000000
2018-02-23 18:00:45,0.00342500,2.86000000
2018-02-23 18:00:48,0.00342400,1.26000000
2018-02-23 18:00:48,0.00342700,2.00000000
2018-02-23 18:00:52,0.00342800,3.00000000
2018-02-23 18:00:53,0.00342400,1.74000000
2018-02-23 18:00:53,0.00342300,57.72000000
2018-02-23 18:00:54,0.00342400,1.25000000
2018-02-23 18:00:54,0.00342700,1.25000000
2018-02-23 18:00:55,0.00342500,0.40000000
2018-02-23 18:00:55,0.00342500,25.57000000
2018-02-23 18:00:59,0.00342500,2.86000000
2018-02-23 18:00:59,0.00342300,10.20000000
2018-02-23 18:01:01,0.00342600,5.84000000
2018-02-23 18:01:02,0.00342700,0.34000000
2018-02-23 18:01:03,0.00342700,0.16000000
2018-02-23 18:01:03,0.00342800,1.15000000
2018-02-23 18:01:03,0.00342200,21.26000000
2018-02-23 18:01:04,0.00342800,2.77000000
2018-02-23 18:01:06,0.00342700,3.80000000
2018-02-23 18:01:06,0.00342700,17.46000000
2018-02-23 18:01:06,0.00342800,19.22000000
2018-02-23 18:01:10,0.00342300,29.47000000
2018-02-23 18:01:11,0.00342200,28.76000000
2018-02-23 18:01:15,0.00342200,5.40000000
2018-02-23 18:01:15,0.00342200,8.76000000
2018-02-23 18:01:15,0.00342200,14.16000000
2018-02-23 18:01:15,0.00342600,28.76000000
2018-02-23 18:01:16,0.00342700,25.99000000
2018-02-23 18:01:16,0.00342800,0.16000000
2018-02-23 18:01:19,0.00342700,4.24000000
2018-02-23 18:01:19,0.00342800,61.61000000
2018-02-23 18:01:19,0.00342800,24.87000000
2018-02-23 18:01:20,0.00342800,70.16000000
2018-02-23 18:01:20,0.00342800,29.32000000
2018-02-23 18:01:20,0.00342800,17.61000000
2018-02-23 18:01:21,0.00343000,2.00000000
2018-02-23 18:01:22,0.00343000,21.06000000
2018-02-23 18:01:22,0.00342800,0.32000000
2018-02-23 18:01:23,0.00343200,29.91000000
2018-02-23 18:01:23,0.00343200,0.09000000
2018-02-23 18:01:26,0.00342800,7.93000000
2018-02-23 18:01:26,0.00343300,2.91000000
2018-02-23 18:01:29,0.00343300,73.00000000
2018-02-23 18:01:30,0.00343300,4.25000000
2018-02-23 18:01:31,0.00343300,91.30000000
2018-02-23 18:01:32,0.00343400,2.92000000
2018-02-23 18:01:34,0.00343000,0.96000000
2018-02-23 18:01:34,0.00343500,1.00000000
2018-02-23 18:01:40,0.00343100,1.00000000
2018-02-23 18:01:40,0.00343100,1.90000000
2018-02-23 18:01:40,0.00343000,0.99000000
2018-02-23 18:01:42,0.00343000,2.00000000
2018-02-23 18:01:44,0.00343000,27.98000000
2018-02-23 18:01:44,0.00343000,0.10000000
2018-02-23 18:01:48,0.00343000,0.35000000
2018-02-23 18:01:49,0.00343000,0.96000000
2018-02-23 18:01:51,0.00343000,23.27000000
2018-02-23 18:01:52,0.00343200,1.00000000
2018-02-23 18:01:52,0.00343200,0.20000000
2018-02-23 18:01:52,0.00343400,1.61000000
2018-02-23 18:02:00,0.00343200,3.29000000
2018-02-23 18:02:01,0.00343200,3.61000000
2018-02-23 18:02:02,0.00343200,0.01000000
2018-02-23 18:02:02,0.00343000,1.99000000
2018-02-23 18:02:04,0.00343200,1.81000000
2018-02-23 18:02:04,0.00343400,0.50000000
2018-02-23 18:02:05,0.00343400,6.18000000
2018-02-23 18:02:06,0.00343400,47.34000000
2018-02-23 18:02:06,0.00343000,248.61000000
2018-02-23 18:02:06,0.00343100,2.86000000
2018-02-23 18:02:06,0.00343000,17.14000000
2018-02-23 18:02:06,0.00343400,7.43000000
2018-02-23 18:02:06,0.00343500,2.70000000
2018-02-23 18:02:09,0.00343300,1.63000000
2018-02-23 18:02:12,0.00343000,1.74000000
2018-02-23 18:02:16,0.00343000,36.02000000
2018-02-23 18:02:16,0.00342900,95.69000000
2018-02-23 18:02:16,0.00342800,1.30000000
2018-02-23 18:02:16,0.00342100,28.92000000
2018-02-23 18:02:16,0.00342000,350.23000000
2018-02-23 18:02:19,0.00343100,34.84000000
2018-02-23 18:02:20,0.00343000,2.84000000
2018-02-23 18:02:21,0.00342600,2.86000000
2018-02-23 18:02:22,0.00342500,2.92000000
2018-02-23 18:02:22,0.00342300,35.46000000
2018-02-23 18:02:24,0.00342900,2.91000000
2018-02-23 18:02:25,0.00342800,2.85000000
2018-02-23 18:02:26,0.00342400,11.77000000
2018-02-23 18:02:27,0.00342800,0.01000000
2018-02-23 18:02:31,0.00342800,7.26000000
2018-02-23 18:02:32,0.00342900,0.01000000
2018-02-23 18:02:32,0.00343000,4.07000000
2018-02-23 18:02:36,0.00343000,6.00000000
2018-02-23 18:02:36,0.00343000,15.52000000
2018-02-23 18:02:36,0.00343000,6.00000000
2018-02-23 18:02:39,0.00343000,4.69000000
2018-02-23 18:02:45,0.00343000,62.73000000
2018-02-23 18:02:46,0.00342600,17.76000000
2018-02-23 18:02:46,0.00342600,0.69000000
2018-02-23 18:02:47,0.00342700,0.88000000
2018-02-23 18:02:48,0.00342800,2.86000000
2018-02-23 18:02:51,0.00343000,16.39000000
2018-02-23 18:02:52,0.00343200,1.26000000
2018-02-23 18:02:53,0.00343200,0.43000000
2018-02-23 18:02:53,0.00343300,12.82000000
2018-02-23 18:02:53,0.00342700,0.86000000
2018-02-23 18:02:56,0.00343000,40.23000000
2018-02-23 18:03:09,0.00343000,0.30000000
2018-02-23 18:03:09,0.00343000,5.98000000
2018-02-23 18:03:16,0.00343000,17.72000000
2018-02-23 18:03:16,0.00343000,26.99000000
2018-02-23 18:03:18,0.00343300,2.90000000
2018-02-23 18:03:19,0.00343300,5.65000000
2018-02-23 18:03:25,0.00343100,10.05000000
2018-02-23 18:03:29,0.00343300,0.41000000
2018-02-23 18:03:32,0.00343100,2.95000000
2018-02-23 18:03:32,0.00343100,49.57000000
2018-02-23 18:03:38,0.00343100,14.00000000
2018-02-23 18:03:38,0.00343100,2.93000000
2018-02-23 18:03:38,0.00343100,11.80000000
2018-02-23 18:03:39,0.00343100,0.85000000
2018-02-23 18:03:44,0.00343200,0.36000000
2018-02-23 18:03:49,0.00343200,2.00000000
2018-02-23 18:03:51,0.00343300,26.39000000
2018-02-23 18:03:53,0.00343300,25.00000000
2018-02-23 18:03:55,0.00343300,8.73000000
2018-02-23 18:03:56,0.00343300,1.36000000
2018-02-23 18:03:56,0.00343400,20.42000000
2018-02-23 18:03:58,0.00343200,0.38000000
2018-02-23 18:04:01,0.00343400,1.54000000
2018-02-23 18:04:04,0.00343400,4.23000000
2018-02-23 18:04:05,0.00343300,8.34000000
2018-02-23 18:04:05,0.00343200,64.64000000
2018-02-23 18:04:05,0.00343400,2.98000000
2018-02-23 18:04:09,0.00343400,47.98000000
2018-02-23 18:04:09,0.00343500,133.27000000
2018-02-23 18:04:09,0.00343600,254.42000000
2018-02-23 18:04:10,0.00343600,6.29000000
2018-02-23 18:04:10,0.00343600,6.29000000
2018-02-23 18:04:10,0.00343600,60.24000000
2018-02-23 18:04:10,0.00343600,10.89000000
2018-02-23 18:04:10,0.00343600,6.29000000
2018-02-23 18:04:10,0.00343600,1.37000000
2018-02-23 18:04:13,0.00343600,2.45000000
2018-02-23 18:04:13,0.00343600,2.43000000
2018-02-23 18:04:14,0.00343600,0.69000000
2018-02-23 18:04:16,0.00343600,13.95000000
2018-02-23 18:04:17,0.00343900,250.00000000
2018-02-23 18:04:18,0.00343600,12.56000000
2018-02-23 18:04:19,0.00343600,5.69000000
2018-02-23 18:04:19,0.00343900,3.00000000
2018-02-23 18:04:24,0.00343700,35.56000000
2018-02-23 18:04:24,0.00343600,97.65000000
2018-02-23 18:04:24,0.00343500,47.54000000
2018-02-23 18:04:24,0.00343400,57.27000000
2018-02-23 18:04:24,0.00343300,25.00000000
2018-02-23 18:04:25,0.00343400,2.91000000
2018-02-23 18:04:25,0.00343300,9.02000000
2018-02-23 18:04:26,0.00343300,29.00000000
2018-02-23 18:04:26,0.00343700,3.20000000
2018-02-23 18:04:26,0.00343800,25.87000000
2018-02-23 18:04:26,0.00343900,3.43000000
2018-02-23 18:04:26,0.00344000,13.74000000
2018-02-23 18:04:26,0.00344300,6.89000000
2018-02-23 18:04:26,0.00344400,2.90000000
2018-02-23 18:04:26,0.00344500,8.63000000
2018-02-23 18:04:26,0.00344600,15.81000000
2018-02-23 18:04:26,0.00344700,65.00000000
2018-02-23 18:04:26,0.00344800,36.38000000
2018-02-23 18:04:26,0.00344900,6.15000000
2018-02-23 18:04:27,0.00343700,1.34000000
2018-02-23 18:04:27,0.00343700,2.73000000
2018-02-23 18:04:27,0.00343800,2.91000000
2018-02-23 18:04:27,0.00344700,5.82000000
2018-02-23 18:04:27,0.00344800,110.00000000
2018-02-23 18:04:27,0.00344900,9.21000000
2018-02-23 18:04:27,0.00343700,0.29000000
2018-02-23 18:04:27,0.00343400,51.03000000
2018-02-23 18:04:27,0.00343900,1.20000000
2018-02-23 18:04:27,0.00343800,4.31000000
2018-02-23 18:04:27,0.00344700,13.80000000
2018-02-23 18:04:27,0.00343800,1.44000000
2018-02-23 18:04:27,0.00343800,1.14000000
2018-02-23 18:04:28,0.00343400,4.36000000
2018-02-23 18:04:28,0.00343400,2.58000000
2018-02-23 18:04:28,0.00343700,0.76000000
2018-02-23 18:04:28,0.00343400,18.83000000
2018-02-23 18:04:28,0.00343300,95.00000000
2018-02-23 18:04:28,0.00343300,25.54000000
2018-02-23 18:04:29,0.00343400,1.14000000
2018-02-23 18:04:30,0.00343700,162.04000000
2018-02-23 18:04:30,0.00343800,2.58000000
2018-02-23 18:04:30,0.00344500,25.84000000
2018-02-23 18:04:30,0.00344400,20.00000000
2018-02-23 18:04:30,0.00343600,2.43000000
2018-02-23 18:04:30,0.00344400,1.00000000
2018-02-23 18:04:31,0.00343800,3.13000000
2018-02-23 18:04:31,0.00343900,2.90000000
2018-02-23 18:04:31,0.00343800,0.08000000
2018-02-23 18:04:31,0.00343800,0.23000000
2018-02-23 18:04:33,0.00344000,4.97000000
2018-02-23 18:04:33,0.00343800,8.31000000
2018-02-23 18:04:33,0.00343800,2.43000000
2018-02-23 18:04:38,0.00344000,47.82000000
2018-02-23 18:04:38,0.00344100,21.29000000
2018-02-23 18:04:38,0.00344200,52.97000000
2018-02-23 18:04:38,0.00343800,5.74000000
2018-02-23 18:04:38,0.00343900,3.21000000
2018-02-23 18:04:39,0.00344200,0.04000000
2018-02-23 18:04:42,0.00343900,11.60000000
2018-02-23 18:04:43,0.00344200,2.93000000
2018-02-23 18:04:45,0.00343900,13.15000000
2018-02-23 18:04:45,0.00343900,0.99000000
2018-02-23 18:04:47,0.00344400,255.54000000
2018-02-23 18:04:47,0.00344400,14.45000000
2018-02-23 18:04:47,0.00344400,0.87000000
2018-02-23 18:04:47,0.00344400,14.98000000
2018-02-23 18:04:48,0.00344400,34.72000000
2018-02-23 18:04:48,0.00344400,0.62000000
2018-02-23 18:04:49,0.00344500,11.43000000
2018-02-23 18:04:50,0.00344400,17.05000000
2018-02-23 18:04:50,0.00344400,5.43000000
2018-02-23 18:04:50,0.00344400,5.25000000
2018-02-23 18:04:51,0.00344400,2.35000000
2018-02-23 18:04:52,0.00344600,1.20000000
2018-02-23 18:04:52,0.00344700,5.35000000
2018-02-23 18:04:52,0.00344400,5.12000000
2018-02-23 18:04:54,0.00344600,7.84000000
2018-02-23 18:04:54,0.00344600,8.69000000
2018-02-23 18:04:54,0.00344600,43.08000000
2018-02-23 18:04:54,0.00344600,2.77000000
2018-02-23 18:04:55,0.00344600,4.50000000
2018-02-23 18:04:55,0.00344600,8.69000000
2018-02-23 18:04:55,0.00344600,29.01000000
2018-02-23 18:04:55,0.00344600,6.36000000
2018-02-23 18:04:55,0.00344600,24.88000000
2018-02-23 18:04:55,0.00344600,5.63000000
2018-02-23 18:04:55,0.00344600,2.12000000
2018-02-23 18:04:55,0.00344600,14.50000000
2018-02-23 18:04:56,0.00344600,3.20000000
2018-02-23 18:04:56,0.00344600,0.57000000
2018-02-23 18:04:56,0.00344600,16.00000000
2018-02-23 18:04:56,0.00344400,2.29000000
2018-02-23 18:04:56,0.00344000,24.84000000
2018-02-23 18:04:56,0.00344000,4.69000000
2018-02-23 18:04:58,0.00344200,1.45000000
2018-02-23 18:04:58,0.00344500,2.92000000
2018-02-23 18:04:58,0.00344400,0.68000000
2018-02-23 18:04:59,0.00344400,11.09000000
2018-02-23 18:04:59,0.00344400,1.97000000
2018-02-23 18:04:59,0.00344400,7.50000000
2018-02-23 18:04:59,0.00344400,0.59000000
2018-02-23 18:05:00,0.00344500,0.75000000
2018-02-23 18:05:01,0.00344400,2.72000000
2018-02-23 18:05:02,0.00344400,2.65000000
2018-02-23 18:05:03,0.00344400,3.48000000
2018-02-23 18:05:03,0.00344500,0.87000000
2018-02-23 18:05:03,0.00344400,0.04000000
2018-02-23 18:05:04,0.00344500,0.73000000
2018-02-23 18:05:08,0.00344400,0.89000000
2018-02-23 18:05:08,0.00344500,145.72000000
2018-02-23 18:05:09,0.00344500,1.70000000
2018-02-23 18:05:10,0.00344700,1.39000000
2018-02-23 18:05:11,0.00344500,0.11000000
2018-02-23 18:05:11,0.00344500,14.01000000
2018-02-23 18:05:11,0.00344500,17.72000000
2018-02-23 18:05:11,0.00344500,14.01000000
2018-02-23 18:05:13,0.00344500,11.60000000
2018-02-23 18:05:14,0.00344500,13.27000000
2018-02-23 18:05:16,0.00344700,0.67000000
2018-02-23 18:05:16,0.00344600,10.96000000
2018-02-23 18:05:17,0.00344600,12.14000000
2018-02-23 18:05:18,0.00344700,25.13000000
2018-02-23 18:05:19,0.00344700,43.95000000
2018-02-23 18:05:20,0.00344700,11.64000000
2018-02-23 18:05:21,0.00344800,4.70000000
2018-02-23 18:05:21,0.00344700,13.67000000
2018-02-23 18:05:22,0.00344700,7.25000000
2018-02-23 18:05:22,0.00344700,2.92000000
2018-02-23 18:05:22,0.00344700,8.54000000
2018-02-23 18:05:22,0.00344700,0.74000000
2018-02-23 18:05:22,0.00344800,9.16000000
2018-02-23 18:05:23,0.00344700,3.00000000
2018-02-23 18:05:23,0.00344700,2.43000000
2018-02-23 18:05:24,0.00344700,2.50000000
2018-02-23 18:05:24,0.00344800,3.23000000
2018-02-23 18:05:25,0.00344700,12.53000000
2018-02-23 18:05:25,0.00344800,1.50000000
2018-02-23 18:05:25,0.00344800,11.41000000
2018-02-23 18:05:25,0.00344900,223.60000000
2018-02-23 18:05:26,0.00344900,13.89000000
2018-02-23 18:05:26,0.00344700,0.30000000
2018-02-23 18:05:27,0.00344800,3.62000000
2018-02-23 18:05:27,0.00345000,437.84000000
2018-02-23 18:05:27,0.00345000,8.69000000
2018-02-23 18:05:27,0.00345000,6.08000000
2018-02-23 18:05:27,0.00345000,3.04000000
2018-02-23 18:05:27,0.00345000,1.00000000
2018-02-23 18:05:27,0.00345300,4.91000000
2018-02-23 18:05:28,0.00345000,28.98000000
2018-02-23 18:05:28,0.00345000,8.67000000
2018-02-23 18:05:28,0.00345000,15.82000000
2018-02-23 18:05:28,0.00345000,8.94000000
2018-02-23 18:05:28,0.00345000,2.56000000
2018-02-23 18:05:28,0.00345000,13.82000000
2018-02-23 18:05:28,0.00345000,8.69000000
2018-02-23 18:05:28,0.00345000,2.54000000
2018-02-23 18:05:28,0.00345000,3.44000000
2018-02-23 18:05:29,0.00345000,196.27000000
2018-02-23 18:05:29,0.00345000,0.63000000
2018-02-23 18:05:29,0.00344900,14.49000000
2018-02-23 18:05:29,0.00345300,1.16000000
2018-02-23 18:05:29,0.00345300,0.63000000
2018-02-23 18:05:30,0.00345300,29.93000000
2018-02-23 18:05:30,0.00345400,1.23000000
2018-02-23 18:05:30,0.00344800,0.63000000
2018-02-23 18:05:30,0.00344800,2.50000000
2018-02-23 18:05:30,0.00344800,16.98000000
2018-02-23 18:05:31,0.00344800,2.85000000
2018-02-23 18:05:31,0.00344800,11.26000000
2018-02-23 18:05:31,0.00345300,14.49000000
2018-02-23 18:05:31,0.00345400,29.98000000
2018-02-23 18:05:31,0.00345500,0.60000000
2018-02-23 18:05:31,0.00345000,10.80000000
2018-02-23 18:05:32,0.00345000,6.29000000
2018-02-23 18:05:32,0.00345000,0.02000000
2018-02-23 18:05:33,0.00345300,1.16000000
2018-02-23 18:05:33,0.00345400,31.09000000
2018-02-23 18:05:33,0.00345500,14.75000000
2018-02-23 18:05:34,0.00345400,3.63000000
2018-02-23 18:05:34,0.00345500,7.58000000
2018-02-23 18:05:34,0.00345500,2.89000000
2018-02-23 18:05:34,0.00345000,0.97000000
2018-02-23 18:05:34,0.00345000,0.97000000
2018-02-23 18:05:35,0.00345000,0.95000000
2018-02-23 18:05:35,0.00344900,0.93000000
2018-02-23 18:05:35,0.00345000,1.16000000
2018-02-23 18:05:35,0.00345000,1.16000000
2018-02-23 18:05:35,0.00345000,3.72000000
2018-02-23 18:05:36,0.00345000,56.85000000
2018-02-23 18:05:36,0.00344900,0.93000000
2018-02-23 18:05:36,0.00345000,8.73000000
2018-02-23 18:05:37,0.00345300,1.16000000
2018-02-23 18:05:37,0.00345400,2.89000000
2018-02-23 18:05:37,0.00345500,9.23000000
2018-02-23 18:05:37,0.00345600,10.00000000
2018-02-23 18:05:37,0.00345700,2.32000000
2018-02-23 18:05:37,0.00345800,40.95000000
2018-02-23 18:05:37,0.00345900,78.83000000
2018-02-23 18:05:37,0.00346000,134.03000000
2018-02-23 18:05:37,0.00345000,8.69000000
2018-02-23 18:05:37,0.00345000,9.04000000
2018-02-23 18:05:38,0.00345100,28.96000000
2018-02-23 18:05:38,0.00345100,8.69000000
2018-02-23 18:05:38,0.00345100,13.96000000
2018-02-23 18:05:38,0.00345000,0.54000000
2018-02-23 18:05:38,0.00345000,21.48000000
2018-02-23 18:05:38,0.00345200,0.64000000
2018-02-23 18:05:38,0.00345200,2.25000000
2018-02-23 18:05:38,0.00345100,0.64000000
2018-02-23 18:05:38,0.00345100,3.84000000
2018-02-23 18:05:38,0.00345100,0.38000000
2018-02-23 18:05:39,0.00345000,8.68000000
2018-02-23 18:05:39,0.00345100,3.21000000
2018-02-23 18:05:39,0.00345000,20.46000000
2018-02-23 18:05:39,0.00345100,0.63000000
2018-02-23 18:05:39,0.00345200,1.06000000
2018-02-23 18:05:39,0.00345000,0.56000000
2018-02-23 18:05:40,0.00344900,28.98000000
2018-02-23 18:05:40,0.00344900,19.62000000
2018-02-23 18:05:40,0.00344900,13.21000000
2018-02-23 18:05:41,0.00345000,5.49000000
2018-02-23 18:05:41,0.00344900,2.54000000
2018-02-23 18:05:41,0.00345500,5.79000000
2018-02-23 18:05:41,0.00345600,5.39000000
2018-02-23 18:05:41,0.00345800,21.95000000
2018-02-23 18:05:42,0.00345100,1.14000000
2018-02-23 18:05:42,0.00345100,0.02000000
2018-02-23 18:05:42,0.00345400,4.37000000
2018-02-23 18:05:42,0.00345000,5.60000000
2018-02-23 18:05:43,0.00345000,5.79000000
2018-02-23 18:05:43,0.00344900,0.68000000
2018-02-23 18:05:43,0.00344900,4.18000000
2018-02-23 18:05:43,0.00345600,76.06000000
2018-02-23 18:05:44,0.00345100,3.19000000
2018-02-23 18:05:44,0.00345000,7.86000000
2018-02-23 18:05:44,0.00345700,43.90000000
2018-02-23 18:05:44,0.00345800,30.56000000
2018-02-23 18:05:44,0.00345800,7.95000000
2018-02-23 18:05:44,0.00345900,126.13000000
2018-02-23 18:05:45,0.00345300,0.67000000
2018-02-23 18:05:45,0.00345300,0.67000000
2018-02-23 18:05:45,0.00345200,0.67000000
2018-02-23 18:05:45,0.00345200,0.47000000
2018-02-23 18:05:45,0.00345200,2.91000000
2018-02-23 18:05:46,0.00345100,43.10000000
2018-02-23 18:05:46,0.00345100,3.56000000
2018-02-23 18:05:46,0.00345100,0.39000000
2018-02-23 18:05:46,0.00345200,1.06000000
2018-02-23 18:05:46,0.00345600,2.50000000
2018-02-23 18:05:46,0.00345700,1.16000000
2018-02-23 18:05:46,0.00345800,5.79000000
2018-02-23 18:05:46,0.00345900,14.49000000
2018-02-23 18:05:47,0.00345100,3.19000000
2018-02-23 18:05:47,0.00345100,0.88000000
2018-02-23 18:05:48,0.00345100,8.69000000
2018-02-23 18:05:48,0.00345100,9.31000000
2018-02-23 18:05:48,0.00345100,1.00000000
2018-02-23 18:05:48,0.00345600,2.89000000
2018-02-23 18:05:48,0.00345700,19.57000000
2018-02-23 18:05:48,0.00345800,25.40000000
2018-02-23 18:05:48,0.00345800,2.52000000
2018-02-23 18:05:50,0.00345200,0.46000000
2018-02-23 18:05:50,0.00345300,3.49000000
2018-02-23 18:05:50,0.00345300,8.68000000
2018-02-23 18:05:50,0.00345300,5.86000000
2018-02-23 18:05:52,0.00345600,1.16000000
2018-02-23 18:05:52,0.00345800,23.09000000
2018-02-23 18:05:52,0.00345900,12.89000000
2018-02-23 18:05:52,0.00346000,304.63000000
2018-02-23 18:05:52,0.00346100,25.60000000
2018-02-23 18:05:52,0.00346200,24.53000000
2018-02-23 18:05:52,0.00346400,46.51000000
2018-02-23 18:05:52,0.00346500,125.51000000
2018-02-23 18:05:52,0.00345600,0.50000000
2018-02-23 18:05:53,0.00345400,2.22000000
2018-02-23 18:05:53,0.00345500,1.00000000
2018-02-23 18:05:53,0.00345600,21.68000000
2018-02-23 18:05:53,0.00346000,5.54000000
2018-02-23 18:05:53,0.00346000,0.03000000
2018-02-23 18:05:54,0.00345500,0.16000000
2018-02-23 18:05:54,0.00345400,5.99000000
2018-02-23 18:05:54,0.00345400,1.44000000
2018-02-23 18:05:54,0.00345400,8.00000000
2018-02-23 18:05:54,0.00345400,50.39000000
2018-02-23 18:05:54,0.00345300,124.10000000
2018-02-23 18:05:55,0.00345400,1.20000000
2018-02-23 18:05:56,0.00345400,0.70000000
2018-02-23 18:05:57,0.00345400,1.83000000
2018-02-23 18:05:58,0.00345400,3.00000000
2018-02-23 18:05:58,0.00345400,0.20000000
2018-02-23 18:05:59,0.00345400,0.32000000
2018-02-23 18:05:59,0.00345400,1.16000000
2018-02-23 18:05:59,0.00345400,0.35000000
2018-02-23 18:06:00,0.00345400,1.16000000
2018-02-23 18:06:00,0.00345400,1.36000000
2018-02-23 18:06:01,0.00345400,0.88000000
2018-02-23 18:06:01,0.00345400,1.17000000
2018-02-23 18:06:01,0.00345400,1.62000000
2018-02-23 18:06:01,0.00345400,5.24000000
2018-02-23 18:06:01,0.00345300,0.25000000
2018-02-23 18:06:01,0.00345300,1.38000000
2018-02-23 18:06:01,0.00345400,0.94000000
2018-02-23 18:06:01,0.00345300,0.74000000
2018-02-23 18:06:02,0.00345300,0.32000000
2018-02-23 18:06:03,0.00345300,0.14000000
2018-02-23 18:06:03,0.00345200,0.89000000
2018-02-23 18:06:04,0.00345300,0.92000000
2018-02-23 18:06:04,0.00345400,19.18000000
2018-02-23 18:06:06,0.00345200,6.41000000
2018-02-23 18:06:06,0.00345200,5.46000000
2018-02-23 18:06:06,0.00345400,6.41000000
2018-02-23 18:06:06,0.00345400,1.74000000
2018-02-23 18:06:07,0.00345400,0.67000000
2018-02-23 18:06:07,0.00345400,0.51000000
2018-02-23 18:06:07,0.00345200,0.78000000
2018-02-23 18:06:08,0.00345500,8.34000000
2018-02-23 18:06:08,0.00345200,0.73000000
2018-02-23 18:06:09,0.00345300,1.43000000
2018-02-23 18:06:09,0.00345300,8.57000000
2018-02-23 18:06:09,0.00345300,1.79000000
2018-02-23 18:06:12,0.00345400,6.18000000
2018-02-23 18:06:14,0.00345400,1.20000000
2018-02-23 18:06:14,0.00345500,8.07000000
2018-02-23 18:06:16,0.00345500,3.66000000
2018-02-23 18:06:16,0.00345400,6.34000000
2018-02-23 18:06:16,0.00345800,3.74000000
2018-02-23 18:06:19,0.00345700,0.99000000
2018-02-23 18:06:21,0.00345700,1.78000000
2018-02-23 18:06:21,0.00345600,2.55000000
2018-02-23 18:06:22,0.00345600,2.45000000
2018-02-23 18:06:23,0.00345600,11.36000000
2018-02-23 18:06:24,0.00345600,0.94000000
2018-02-23 18:06:25,0.00345700,0.54000000
2018-02-23 18:06:25,0.00345700,1.03000000
2018-02-23 18:06:25,0.00345800,2.04000000
2018-02-23 18:06:25,0.00345900,2.26000000
2018-02-23 18:06:31,0.00345800,10.00000000
2018-02-23 18:06:31,0.00345900,67.66000000
2018-02-23 18:06:32,0.00345900,2.89000000
2018-02-23 18:06:32,0.00345700,6.66000000
2018-02-23 18:06:32,0.00345700,0.80000000
2018-02-23 18:06:33,0.00345900,0.79000000
2018-02-23 18:06:33,0.00345900,15.89000000
2018-02-23 18:06:33,0.00345900,47.92000000
2018-02-23 18:06:35,0.00345900,0.84000000
2018-02-23 18:06:35,0.00345900,42.04000000
2018-02-23 18:06:36,0.00345700,4.38000000
2018-02-23 18:06:36,0.00345700,0.12000000
2018-02-23 18:06:37,0.00345900,105.80000000
2018-02-23 18:06:38,0.00345600,0.85000000
2018-02-23 18:06:38,0.00345600,44.28000000
2018-02-23 18:06:38,0.00345600,3.70000000
2018-02-23 18:06:40,0.00345700,0.35000000
2018-02-23 18:06:40,0.00345900,0.38000000
2018-02-23 18:06:41,0.00345900,17.30000000
2018-02-23 18:06:42,0.00345700,0.88000000
2018-02-23 18:06:42,0.00345700,14.95000000
2018-02-23 18:06:43,0.00345900,4.00000000
2018-02-23 18:06:45,0.00345900,9.74000000
2018-02-23 18:06:46,0.00345900,40.58000000
2018-02-23 18:06:46,0.00345900,5.50000000
2018-02-23 18:06:49,0.00346000,10.84000000
2018-02-23 18:06:52,0.00346000,12.48000000
2018-02-23 18:06:53,0.00346000,1.68000000
2018-02-23 18:06:53,0.00345900,2.91000000
2018-02-23 18:06:53,0.00346300,1.16000000
2018-02-23 18:06:53,0.00346400,24.14000000
2018-02-23 18:06:55,0.00346000,6.46000000
2018-02-23 18:06:55,0.00345900,4.97000000
2018-02-23 18:06:56,0.00346000,2.17000000
2018-02-23 18:06:56,0.00345900,2.93000000
2018-02-23 18:06:56,0.00346000,0.41000000
2018-02-23 18:06:56,0.00346000,0.76000000
2018-02-23 18:06:59,0.00346000,6.43000000
2018-02-23 18:07:00,0.00346400,1.18000000
2018-02-23 18:07:00,0.00346400,1.06000000
2018-02-23 18:07:01,0.00346400,1.32000000
2018-02-23 18:07:01,0.00346400,2.83000000
2018-02-23 18:07:02,0.00346400,4.57000000
2018-02-23 18:07:04,0.00346400,15.02000000
2018-02-23 18:07:04,0.00346400,1.27000000
2018-02-23 18:07:04,0.00346500,13.73000000
2018-02-23 18:07:04,0.00346400,5.85000000
2018-02-23 18:07:04,0.00346500,17.56000000
2018-02-23 18:07:05,0.00346300,2.97000000
2018-02-23 18:07:05,0.00346500,40.22000000
2018-02-23 18:07:05,0.00346000,1.84000000
2018-02-23 18:07:07,0.00346100,13.08000000
2018-02-23 18:07:07,0.00346100,1.44000000
2018-02-23 18:07:07,0.00346100,1.42000000
2018-02-23 18:07:07,0.00346100,1.58000000
2018-02-23 18:07:07,0.00346100,1.46000000
2018-02-23 18:07:07,0.00346100,1.46000000
2018-02-23 18:07:07,0.00346100,5.15000000
2018-02-23 18:07:07,0.00346000,13.05000000
2018-02-23 18:07:08,0.00346400,0.64000000
2018-02-23 18:07:08,0.00346400,1.46000000
2018-02-23 18:07:08,0.00346400,0.09000000
2018-02-23 18:07:08,0.00346000,0.65000000
2018-02-23 18:07:08,0.00346000,17.12000000
2018-02-23 18:07:08,0.00346000,113.20000000
2018-02-23 18:07:08,0.00346000,2.04000000
2018-02-23 18:07:09,0.00346000,0.73000000
2018-02-23 18:07:09,0.00346000,7.42000000
2018-02-23 18:07:09,0.00346000,3.02000000
2018-02-23 18:07:10,0.00346400,1.32000000
2018-02-23 18:07:10,0.00346000,1.56000000
2018-02-23 18:07:10,0.00346000,2.14000000
2018-02-23 18:07:10,0.00346000,0.65000000
2018-02-23 18:07:11,0.00346000,0.38000000
2018-02-23 18:07:11,0.00346000,29.35000000
2018-02-23 18:07:11,0.00346000,2.94000000
2018-02-23 18:07:12,0.00346100,1.34000000
2018-02-23 18:07:12,0.00346200,18.02000000
2018-02-23 18:07:12,0.00346200,0.58000000
2018-02-23 18:07:12,0.00346100,0.74000000
2018-02-23 18:07:13,0.00346100,27.97000000
2018-02-23 18:07:13,0.00346000,16.34000000
2018-02-23 18:07:13,0.00346200,5.67000000
2018-02-23 18:07:13,0.00346300,2.69000000
2018-02-23 18:07:13,0.00346000,0.73000000
2018-02-23 18:07:13,0.00346300,5.35000000
2018-02-23 18:07:14,0.00346000,1.02000000
2018-02-23 18:07:14,0.00346000,2.78000000
2018-02-23 18:07:14,0.00346000,0.59000000
2018-02-23 18:07:14,0.00346000,2.10000000
2018-02-23 18:07:15,0.00346000,1.46000000
2018-02-23 18:07:15,0.00346000,5.82000000
2018-02-23 18:07:16,0.00346000,11.57000000
2018-02-23 18:07:18,0.00346000,1.44000000
2018-02-23 18:07:18,0.00346000,5.88000000
2018-02-23 18:07:18,0.00346000,1.92000000
2018-02-23 18:07:18,0.00346300,16.96000000
2018-02-23 18:07:18,0.00346000,1.23000000
2018-02-23 18:07:18,0.00346000,0.79000000
2018-02-23 18:07:18,0.00346000,0.84000000
2018-02-23 18:07:19,0.00346100,8.24000000
2018-02-23 18:07:19,0.00346100,5.57000000
2018-02-23 18:07:19,0.00346000,1.51000000
2018-02-23 18:07:19,0.00346000,0.58000000
2018-02-23 18:07:20,0.00346000,1.16000000
2018-02-23 18:07:20,0.00346000,0.73000000
2018-02-23 18:07:20,0.00346100,0.85000000
2018-02-23 18:07:21,0.00346100,1.28000000
2018-02-23 18:07:21,0.00346400,5.20000000
2018-02-23 18:07:21,0.00346100,13.25000000
2018-02-23 18:07:22,0.00346100,0.68000000
2018-02-23 18:07:24,0.00346100,29.15000000
2018-02-23 18:07:24,0.00346500,0.46000000
2018-02-23 18:07:25,0.00346100,1.00000000
2018-02-23 18:07:27,0.00346500,0.77000000
2018-02-23 18:07:27,0.00346200,1.46000000
2018-02-23 18:07:28,0.00346500,4.63000000
2018-02-23 18:07:28,0.00346500,3.59000000
2018-02-23 18:07:29,0.00346200,11.71000000
2018-02-23 18:07:29,0.00346100,43.49000000
2018-02-23 18:07:29,0.00346400,3.00000000
2018-02-23 18:07:29,0.00346500,14.59000000
2018-02-23 18:07:32,0.00346400,2.89000000
2018-02-23 18:07:32,0.00346500,0.33000000
2018-02-23 18:07:34,0.00346300,14.19000000
2018-02-23 18:07:34,0.00346300,15.02000000
2018-02-23 18:07:34,0.00346300,7.28000000
2018-02-23 18:07:34,0.00346300,21.17000000
2018-02-23 18:07:34,0.00346300,43.03000000
2018-02-23 18:07:35,0.00346300,121.34000000
2018-02-23 18:07:35,0.00346300,2.60000000
2018-02-23 18:07:36,0.00346300,8.88000000
2018-02-23 18:07:38,0.00346500,15.35000000
2018-02-23 18:07:39,0.00346500,33.22000000
2018-02-23 18:07:39,0.00346600,23.07000000
2018-02-23 18:07:40,0.00346600,4.50000000
2018-02-23 18:07:40,0.00346600,1.21000000
2018-02-23 18:07:41,0.00346600,3.39000000
2018-02-23 18:07:41,0.00346600,0.42000000
2018-02-23 18:07:44,0.00346600,45.02000000
2018-02-23 18:07:44,0.00346400,1.12000000
2018-02-23 18:07:44,0.00346400,2.92000000
2018-02-23 18:07:44,0.00346400,1.01000000
2018-02-23 18:07:44,0.00346400,0.49000000
2018-02-23 18:07:44,0.00346400,3.96000000
2018-02-23 18:07:44,0.00346600,1.54000000
2018-02-23 18:07:45,0.00346400,0.69000000
2018-02-23 18:07:46,0.00346500,1.83000000
2018-02-23 18:07:46,0.00346500,6.41000000
2018-02-23 18:07:47,0.00346500,2.50000000
2018-02-23 18:07:48,0.00346500,14.81000000
2018-02-23 18:07:48,0.00346500,1.26000000
2018-02-23 18:07:48,0.00346600,11.29000000
2018-02-23 18:07:48,0.00346500,0.61000000
2018-02-23 18:07:49,0.00346600,4.51000000
2018-02-23 18:07:49,0.00346500,157.58000000
2018-02-23 18:07:49,0.00346500,19.17000000
2018-02-23 18:07:49,0.00346600,0.07000000
2018-02-23 18:07:49,0.00346600,1.20000000
2018-02-23 18:07:49,0.00346600,1.00000000
2018-02-23 18:07:49,0.00346600,0.62000000
2018-02-23 18:07:50,0.00346600,39.54000000
2018-02-23 18:07:50,0.00346600,0.97000000
2018-02-23 18:07:51,0.00346600,2.37000000
2018-02-23 18:07:51,0.00346600,0.40000000
2018-02-23 18:07:51,0.00346600,10.96000000
2018-02-23 18:07:52,0.00346600,1.41000000
2018-02-23 18:07:53,0.00346600,17.07000000
2018-02-23 18:07:53,0.00346600,0.55000000
2018-02-23 18:07:53,0.00346600,2.50000000
2018-02-23 18:07:54,0.00346600,30.73000000
2018-02-23 18:07:54,0.00346600,14.96000000
2018-02-23 18:07:54,0.00346600,5.95000000
2018-02-23 18:07:54,0.00346500,24.50000000
2018-02-23 18:07:56,0.00346500,5.54000000
2018-02-23 18:07:56,0.00346600,4.06000000
2018-02-23 18:07:56,0.00346600,3.11000000
2018-02-23 18:07:56,0.00346600,0.75000000
2018-02-23 18:07:58,0.00346600,19.12000000
2018-02-23 18:07:58,0.00346500,115.19000000
2018-02-23 18:07:58,0.00346500,1.28000000
2018-02-23 18:07:59,0.00346500,9.99000000
2018-02-23 18:08:00,0.00346500,0.30000000
2018-02-23 18:08:01,0.00346500,24.35000000
2018-02-23 18:08:01,0.00346500,124.33000000
2018-02-23 18:08:03,0.00346500,102.27000000
2018-02-23 18:08:04,0.00346600,26.37000000
2018-02-23 18:08:04,0.00346500,302.28000000
2018-02-23 18:08:04,0.00346400,30.17000000
2018-02-23 18:08:04,0.00346300,76.10000000
2018-02-23 18:08:04,0.00346300,34.39000000
2018-02-23 18:08:04,0.00346200,1.08000000
2018-02-23 18:08:05,0.00346200,35.50000000
2018-02-23 18:08:05,0.00346000,55.28000000
2018-02-23 18:08:05,0.00345700,10.89000000
2018-02-23 18:08:06,0.00345700,7.42000000
2018-02-23 18:08:06,0.00345700,0.87000000
2018-02-23 18:08:06,0.00345700,3.84000000
2018-02-23 18:08:06,0.00345700,1.17000000
2018-02-23 18:08:06,0.00345700,0.73000000
2018-02-23 18:08:06,0.00345700,1.00000000
2018-02-23 18:08:07,0.00345700,2.73000000
2018-02-23 18:08:07,0.00345700,0.44000000
2018-02-23 18:08:07,0.00346000,55.42000000
2018-02-23 18:08:07,0.00345700,4.78000000
2018-02-23 18:08:07,0.00345700,1.44000000
2018-02-23 18:08:07,0.00345700,9.38000000
2018-02-23 18:08:07,0.00345700,0.73000000
2018-02-23 18:08:07,0.00345700,0.97000000
2018-02-23 18:08:07,0.00345700,1.30000000
2018-02-23 18:08:07,0.00345700,1.44000000
2018-02-23 18:08:07,0.00345700,4.35000000
2018-02-23 18:08:07,0.00345700,1.46000000
2018-02-23 18:08:07,0.00345700,1.16000000
2018-02-23 18:08:07,0.00345700,0.88000000
2018-02-23 18:08:07,0.00345700,0.77000000
2018-02-23 18:08:07,0.00345700,0.74000000
2018-02-23 18:08:07,0.00345700,0.73000000
2018-02-23 18:08:07,0.00345700,0.58000000
2018-02-23 18:08:07,0.00345700,46.06000000
2018-02-23 18:08:07,0.00345700,1.16000000
2018-02-23 18:08:07,0.00345700,3.96000000
2018-02-23 18:08:07,0.00345700,0.74000000
2018-02-23 18:08:07,0.00345700,1.16000000
2018-02-23 18:08:07,0.00345700,1.29000000
2018-02-23 18:08:07,0.00345700,0.58000000
2018-02-23 18:08:08,0.00345700,17.12000000
2018-02-23 18:08:08,0.00345700,0.44000000
2018-02-23 18:08:08,0.00346000,1.14000000
2018-02-23 18:08:08,0.00345700,1.46000000
2018-02-23 18:08:08,0.00345700,1.52000000
2018-02-23 18:08:08,0.00346000,7.13000000
2018-02-23 18:08:08,0.00345700,15.38000000
2018-02-23 18:08:08,0.00345700,2.04000000
2018-02-23 18:08:08,0.00345700,1.74000000
2018-02-23 18:08:08,0.00345700,10.17000000
2018-02-23 18:08:08,0.00345700,0.74000000
2018-02-23 18:08:08,0.00345700,1.46000000
2018-02-23 18:08:08,0.00345700,1.46000000
2018-02-23 18:08:08,0.00345700,0.97000000
2018-02-23 18:08:08,0.00345700,3.35000000
2018-02-23 18:08:08,0.00345700,1.44000000
2018-02-23 18:08:08,0.00345700,1.05000000
2018-02-23 18:08:08,0.00346000,3.62000000
2018-02-23 18:08:08,0.00346200,17.11000000
2018-02-23 18:08:08,0.00345700,2.68000000
2018-02-23 18:08:08,0.00345700,0.35000000
2018-02-23 18:08:08,0.00345700,1.18000000
2018-02-23 18:08:08,0.00345700,0.91000000
2018-02-23 18:08:08,0.00345700,1.46000000
2018-02-23 18:08:08,0.00345600,0.44000000
2018-02-23 18:08:08,0.00346000,5.88000000
2018-02-23 18:08:08,0.00346000,1.76000000
2018-02-23 18:08:08,0.00346000,0.35000000
2018-02-23 18:08:08,0.00346000,5.04000000
2018-02-23 18:08:09,0.00346000,1.02000000
2018-02-23 18:08:09,0.00346000,1.77000000
2018-02-23 18:08:09,0.00345600,6.00000000
2018-02-23 18:08:09,0.00345700,0.74000000
2018-02-23 18:08:09,0.00345700,0.88000000
2018-02-23 18:08:09,0.00345700,1.58000000
2018-02-23 18:08:09,0.00346000,1.46000000
2018-02-23 18:08:09,0.00346000,0.73000000
2018-02-23 18:08:10,0.00346000,1.46000000
2018-02-23 18:08:10,0.00346000,2.52000000
2018-02-23 18:08:10,0.00346000,1.44000000
2018-02-23 18:08:10,0.00346000,0.95000000
2018-02-23 18:08:10,0.00345700,0.51000000
2018-02-23 18:08:10,0.00345700,0.65000000
2018-02-23 18:08:10,0.00345500,0.94000000
2018-02-23 18:08:10,0.00345500,0.65000000
2018-02-23 18:08:10,0.00345700,1.62000000
2018-02-23 18:08:10,0.00345700,1.27000000
2018-02-23 18:08:10,0.00345500,12.56000000
2018-02-23 18:08:10,0.00345500,21.62000000
2018-02-23 18:08:10,0.00345500,7.48000000
2018-02-23 18:08:11,0.00345200,3.00000000
2018-02-23 18:08:11,0.00345800,31.81000000
2018-02-23 18:08:11,0.00345000,14.50000000
2018-02-23 18:08:11,0.00344800,14.47000000
2018-02-23 18:08:11,0.00344600,27.86000000
2018-02-23 18:08:11,0.00344600,8.17000000
2018-02-23 18:08:11,0.00344500,2.59000000
2018-02-23 18:08:12,0.00345000,2.92000000
2018-02-23 18:08:12,0.00345000,0.46000000
2018-02-23 18:08:12,0.00345800,0.46000000
2018-02-23 18:08:12,0.00344500,1.73000000
2018-02-23 18:08:12,0.00345500,0.71000000
2018-02-23 18:08:12,0.00345500,0.73000000
2018-02-23 18:08:13,0.00345200,0.74000000
2018-02-23 18:08:13,0.00345200,0.41000000
2018-02-23 18:08:13,0.00345500,3.20000000
2018-02-23 18:08:13,0.00345600,5.44000000
2018-02-23 18:08:13,0.00345700,0.36000000
2018-02-23 18:08:13,0.00345200,0.23000000
2018-02-23 18:08:13,0.00344600,0.51000000
2018-02-23 18:08:14,0.00344700,2.21000000
2018-02-23 18:08:14,0.00344700,0.74000000
2018-02-23 18:08:14,0.00344800,2.50000000
2018-02-23 18:08:14,0.00344700,26.86000000
2018-02-23 18:08:14,0.00344700,0.74000000
2018-02-23 18:08:14,0.00344700,2.95000000
2018-02-23 18:08:14,0.00344700,0.74000000
2018-02-23 18:08:14,0.00345600,1.01000000
2018-02-23 18:08:15,0.00344800,1.18000000
2018-02-23 18:08:15,0.00344800,1.46000000
2018-02-23 18:08:15,0.00344800,0.44000000
2018-02-23 18:08:15,0.00345600,2.72000000
2018-02-23 18:08:15,0.00344800,0.58000000
2018-02-23 18:08:15,0.00345500,1.37000000
2018-02-23 18:08:15,0.00344800,0.56000000
2018-02-23 18:08:15,0.00344800,1.46000000
2018-02-23 18:08:15,0.00344800,0.12000000
2018-02-23 18:08:15,0.00344700,11.31000000
2018-02-23 18:08:15,0.00344700,1.03000000
2018-02-23 18:08:16,0.00345200,1.59000000
2018-02-23 18:08:16,0.00345200,1.94000000
2018-02-23 18:08:16,0.00345200,6.92000000
2018-02-23 18:08:16,0.00345200,6.98000000
2018-02-23 18:08:16,0.00345200,0.95000000
2018-02-23 18:08:16,0.00344700,0.62000000
2018-02-23 18:08:16,0.00345200,0.62000000
2018-02-23 18:08:16,0.00344700,0.68000000
2018-02-23 18:08:16,0.00344700,0.74000000
2018-02-23 18:08:16,0.00344700,0.65000000
2018-02-23 18:08:16,0.00344800,0.73000000
2018-02-23 18:08:16,0.00344800,0.65000000
2018-02-23 18:08:16,0.00345000,0.89000000
2018-02-23 18:08:16,0.00345000,0.73000000
2018-02-23 18:08:17,0.00345000,0.73000000
2018-02-23 18:08:17,0.00345000,20.61000000
2018-02-23 18:08:17,0.00345000,1.47000000
2018-02-23 18:08:17,0.00345000,0.37000000
2018-02-23 18:08:17,0.00345000,0.74000000
2018-02-23 18:08:17,0.00345000,0.74000000
2018-02-23 18:08:17,0.00345000,0.80000000
2018-02-23 18:08:18,0.00345000,57.92000000
2018-02-23 18:08:18,0.00344800,37.51000000
2018-02-23 18:08:18,0.00344600,28.49000000
2018-02-23 18:08:18,0.00344400,2.70000000
2018-02-23 18:08:18,0.00344200,42.44000000
2018-02-23 18:08:18,0.00344200,72.90000000
2018-02-23 18:08:18,0.00344200,5.87000000
2018-02-23 18:08:18,0.00344200,4.89000000
2018-02-23 18:08:18,0.00344200,2.62000000
2018-02-23 18:08:18,0.00344200,86.93000000
2018-02-23 18:08:18,0.00344200,5.87000000
2018-02-23 18:08:18,0.00344200,6.00000000
2018-02-23 18:08:18,0.00344200,7.93000000
2018-02-23 18:08:18,0.00345400,50.63000000
2018-02-23 18:08:18,0.00344400,20.87000000
2018-02-23 18:08:18,0.00344400,15.40000000
2018-02-23 18:08:18,0.00344400,20.87000000
2018-02-23 18:08:18,0.00344400,8.68000000
2018-02-23 18:08:18,0.00344400,7.89000000
2018-02-23 18:08:18,0.00344400,4.21000000
2018-02-23 18:08:18,0.00344400,3.59000000
2018-02-23 18:08:18,0.00344300,1.01000000
2018-02-23 18:08:18,0.00344100,7.67000000
2018-02-23 18:08:18,0.00344100,1.31000000
2018-02-23 18:08:18,0.00344400,1.12000000
2018-02-23 18:08:18,0.00344400,7.22000000
2018-02-23 18:08:18,0.00345300,19.42000000
2018-02-23 18:08:19,0.00345300,1.89000000
2018-02-23 18:08:19,0.00345300,4.40000000
2018-02-23 18:08:19,0.00345200,7.93000000
2018-02-23 18:08:19,0.00345300,2.21000000
2018-02-23 18:08:19,0.00345300,2.08000000
2018-02-23 18:08:19,0.00345300,1.71000000
2018-02-23 18:08:20,0.00344300,5.82000000
2018-02-23 18:08:20,0.00344400,0.74000000
2018-02-23 18:08:20,0.00344400,2.48000000
2018-02-23 18:08:20,0.00344300,2.29000000
2018-02-23 18:08:21,0.00344400,1.15000000
2018-02-23 18:08:21,0.00344400,4.00000000
2018-02-23 18:08:21,0.00344400,0.88000000
2018-02-23 18:08:21,0.00344400,3.93000000
2018-02-23 18:08:21,0.00345100,9.02000000
2018-02-23 18:08:21,0.00344400,1.35000000
2018-02-23 18:08:21,0.00345200,0.32000000
2018-02-23 18:08:21,0.00344400,0.62000000
2018-02-23 18:08:21,0.00344400,0.35000000
2018-02-23 18:08:21,0.00344400,1.29000000
2018-02-23 18:08:22,0.00344400,0.32000000
2018-02-23 18:08:22,0.00344400,0.53000000
2018-02-23 18:08:22,0.00344400,0.74000000
2018-02-23 18:08:22,0.00344500,0.73000000
2018-02-23 18:08:22,0.00344500,0.74000000
2018-02-23 18:08:22,0.00344500,0.68000000
2018-02-23 18:08:22,0.00345000,2.85000000
2018-02-23 18:08:22,0.00344500,1.08000000
2018-02-23 18:08:22,0.00344400,5.71000000
2018-02-23 18:08:22,0.00344400,1.18000000
2018-02-23 18:08:22,0.00345100,92.65000000
2018-02-23 18:08:22,0.00344400,4.40000000
2018-02-23 18:08:22,0.00344400,1.03000000
2018-02-23 18:08:22,0.00344400,0.73000000
2018-02-23 18:08:22,0.00344400,26.20000000
2018-02-23 18:08:22,0.00345000,5.00000000
2018-02-23 18:08:23,0.00344900,3.23000000
2018-02-23 18:08:23,0.00345000,5.74000000
2018-02-23 18:08:23,0.00344300,0.88000000
2018-02-23 18:08:23,0.00345200,2.90000000
2018-02-23 18:08:23,0.00344300,1.40000000
2018-02-23 18:08:23,0.00344300,0.54000000
2018-02-23 18:08:24,0.00344400,0.46000000
2018-02-23 18:08:24,0.00344400,1.03000000
2018-02-23 18:08:24,0.00344400,1.47000000
2018-02-23 18:08:24,0.00344400,0.27000000
2018-02-23 18:08:24,0.00344300,2.44000000
2018-02-23 18:08:24,0.00344300,0.54000000
2018-02-23 18:08:24,0.00345200,0.62000000
2018-02-23 18:08:25,0.00344300,2.77000000
2018-02-23 18:08:25,0.00344300,0.21000000
2018-02-23 18:08:25,0.00345100,6.05000000
2018-02-23 18:08:25,0.00345200,0.29000000
2018-02-23 18:08:25,0.00344200,14.75000000
2018-02-23 18:08:26,0.00344300,1.50000000
2018-02-23 18:08:26,0.00344300,0.88000000
2018-02-23 18:08:26,0.00344300,0.86000000
2018-02-23 18:08:26,0.00344200,0.52000000
2018-02-23 18:08:26,0.00345000,0.58000000
2018-02-23 18:08:26,0.00344200,0.16000000
2018-02-23 18:08:26,0.00345000,1.03000000
2018-02-23 18:08:27,0.00344800,3.24000000
2018-02-23 18:08:27,0.00344900,4.88000000
2018-02-23 18:08:27,0.00345000,14.40000000
2018-02-23 18:08:27,0.00344100,0.74000000
2018-02-23 18:08:28,0.00345000,5.96000000
2018-02-23 18:08:28,0.00345100,8.53000000
2018-02-23 18:08:28,0.00344200,0.73000000
2018-02-23 18:08:28,0.00345100,12.37000000
2018-02-23 18:08:29,0.00344100,0.35000000
2018-02-23 18:08:29,0.00344300,1.17000000
2018-02-23 18:08:29,0.00344500,2.04000000
2018-02-23 18:08:29,0.00344700,0.86000000
2018-02-23 18:08:29,0.00345000,4.33000000
2018-02-23 18:08:29,0.00345100,0.98000000
2018-02-23 18:08:29,0.00345000,2.89000000
2018-02-23 18:08:30,0.00344900,0.73000000
2018-02-23 18:08:30,0.00345000,2.17000000
2018-02-23 18:08:30,0.00345000,4.05000000
2018-02-23 18:08:30,0.00345000,2.85000000
2018-02-23 18:08:30,0.00345100,2.81000000
2018-02-23 18:08:30,0.00344400,1.20000000
2018-02-23 18:08:30,0.00344200,7.64000000
2018-02-23 18:08:30,0.00344200,8.91000000
2018-02-23 18:08:31,0.00344200,0.74000000
2018-02-23 18:08:31,0.00344500,3.24000000
2018-02-23 18:08:31,0.00344200,0.88000000
2018-02-23 18:08:31,0.00344200,2.68000000
2018-02-23 18:08:31,0.00344200,0.88000000
2018-02-23 18:08:31,0.00344800,1.20000000
2018-02-23 18:08:31,0.00344200,0.81000000
2018-02-23 18:08:32,0.00344200,0.35000000
2018-02-23 18:08:32,0.00344300,1.12000000
2018-02-23 18:08:32,0.00344300,0.56000000
2018-02-23 18:08:32,0.00345000,29.00000000
2018-02-23 18:08:32,0.00344400,0.65000000
2018-02-23 18:08:32,0.00344900,0.80000000
2018-02-23 18:08:32,0.00345100,13.69000000
2018-02-23 18:08:33,0.00344400,0.47000000
2018-02-23 18:08:33,0.00345000,3.24000000
2018-02-23 18:08:33,0.00345100,8.04000000
2018-02-23 18:08:33,0.00345200,29.96000000
2018-02-23 18:08:33,0.00345300,20.28000000
2018-02-23 18:08:33,0.00345300,1.33000000
2018-02-23 18:08:34,0.00345300,37.14000000
2018-02-23 18:08:34,0.00345300,0.01000000
2018-02-23 18:08:34,0.00344600,0.48000000
2018-02-23 18:08:34,0.00344600,0.72000000
2018-02-23 18:08:34,0.00344400,24.24000000
2018-02-23 18:08:34,0.00344300,35.03000000
2018-02-23 18:08:35,0.00344300,0.74000000
2018-02-23 18:08:35,0.00344800,1.20000000
2018-02-23 18:08:35,0.00344600,0.72000000
2018-02-23 18:08:36,0.00344400,4.46000000
2018-02-23 18:08:36,0.00344400,9.30000000
2018-02-23 18:08:36,0.00344400,1.74000000
2018-02-23 18:08:36,0.00344400,0.65000000
2018-02-23 18:08:36,0.00344400,0.88000000
2018-02-23 18:08:36,0.00344400,1.17000000
2018-02-23 18:08:36,0.00344600,0.34000000
2018-02-23 18:08:36,0.00345100,9.16000000
2018-02-23 18:08:37,0.00344400,0.73000000
2018-02-23 18:08:37,0.00344400,2.80000000
2018-02-23 18:08:37,0.00344500,2.35000000
2018-02-23 18:08:37,0.00344500,0.74000000
2018-02-23 18:08:37,0.00344500,0.10000000
2018-02-23 18:08:37,0.00344300,23.41000000
2018-02-23 18:08:38,0.00344900,2.90000000
2018-02-23 18:08:38,0.00344900,3.07000000
2018-02-23 18:08:39,0.00344900,0.73000000
2018-02-23 18:08:39,0.00344900,0.20000000
2018-02-23 18:08:39,0.00344300,0.39000000
2018-02-23 18:08:39,0.00344300,0.74000000
2018-02-23 18:08:39,0.00344400,42.44000000
2018-02-23 18:08:39,0.00344400,73.69000000
2018-02-23 18:08:39,0.00344900,42.45000000
2018-02-23 18:08:39,0.00345000,109.66000000
2018-02-23 18:08:40,0.00345000,72.46000000
2018-02-23 18:08:40,0.00344400,2.59000000
2018-02-23 18:08:40,0.00344400,0.61000000
2018-02-23 18:08:40,0.00344300,0.01000000
2018-02-23 18:08:40,0.00344300,0.06000000
2018-02-23 18:08:40,0.00344100,0.67000000
2018-02-23 18:08:41,0.00344700,1.20000000
2018-02-23 18:08:41,0.00344900,3.20000000
2018-02-23 18:08:43,0.00344300,2.09000000
2018-02-23 18:08:43,0.00345000,38.77000000
2018-02-23 18:08:43,0.00345000,72.46000000
2018-02-23 18:08:44,0.00344300,0.88000000
2018-02-23 18:08:44,0.00344300,0.74000000
2018-02-23 18:08:44,0.00344300,1.03000000
2018-02-23 18:08:44,0.00344300,0.88000000
2018-02-23 18:08:45,0.00344400,0.74000000
2018-02-23 18:08:46,0.00344400,0.73000000
2018-02-23 18:08:46,0.00344400,1.46000000
2018-02-23 18:08:47,0.00345000,14.49000000
2018-02-23 18:08:47,0.00345000,0.66000000
2018-02-23 18:08:47,0.00344500,3.28000000
2018-02-23 18:08:47,0.00345000,56.39000000
2018-02-23 18:08:47,0.00345100,2.43000000
2018-02-23 18:08:48,0.00344500,26.85000000
2018-02-23 18:08:48,0.00344500,11.65000000
2018-02-23 18:08:48,0.00344400,1.43000000
2018-02-23 18:08:48,0.00344400,0.77000000
2018-02-23 18:08:48,0.00344400,15.64000000
2018-02-23 18:08:49,0.00344900,2.93000000
2018-02-23 18:08:49,0.00345000,3.95000000
2018-02-23 18:08:49,0.00345000,1.67000000
2018-02-23 18:08:49,0.00345100,0.05000000
2018-02-23 18:08:49,0.00345200,11.34000000
2018-02-23 18:08:50,0.00344500,2.02000000
2018-02-23 18:08:50,0.00344600,1.20000000
2018-02-23 18:08:50,0.00344500,5.32000000
2018-02-23 18:08:51,0.00344400,0.47000000
2018-02-23 18:08:51,0.00344400,0.64000000
2018-02-23 18:08:51,0.00344700,3.21000000
2018-02-23 18:08:51,0.00344800,1.20000000
2018-02-23 18:08:51,0.00344400,5.60000000
2018-02-23 18:08:51,0.00344400,1.34000000
2018-02-23 18:08:51,0.00345100,0.08000000
2018-02-23 18:08:52,0.00344400,7.03000000
2018-02-23 18:08:52,0.00344400,87.08000000
2018-02-23 18:08:52,0.00344600,1.16000000
2018-02-23 18:08:52,0.00345000,2.90000000
2018-02-23 18:08:53,0.00344300,3.63000000
2018-02-23 18:08:53,0.00344500,0.73000000
2018-02-23 18:08:53,0.00344500,1.52000000
2018-02-23 18:08:54,0.00344500,0.44000000
2018-02-23 18:08:54,0.00344500,1.82000000
2018-02-23 18:08:54,0.00344500,0.32000000
2018-02-23 18:08:54,0.00344700,1.20000000
2018-02-23 18:08:54,0.00344900,13.30000000
2018-02-23 18:08:54,0.00344500,2.94000000
2018-02-23 18:08:54,0.00344500,0.44000000
2018-02-23 18:08:55,0.00344500,2.95000000
2018-02-23 18:08:55,0.00344500,0.85000000
2018-02-23 18:08:55,0.00344500,1.28000000
2018-02-23 18:08:55,0.00344500,0.47000000
2018-02-23 18:08:56,0.00344500,2.55000000
2018-02-23 18:08:56,0.00344900,0.30000000
2018-02-23 18:08:56,0.00344500,0.65000000
2018-02-23 18:08:57,0.00344500,0.74000000
2018-02-23 18:08:57,0.00344500,0.65000000
2018-02-23 18:08:58,0.00344500,1.47000000
2018-02-23 18:08:58,0.00344900,0.72000000
2018-02-23 18:08:58,0.00344900,2.09000000
2018-02-23 18:08:58,0.00344500,1.74000000
2018-02-23 18:08:58,0.00344500,3.11000000
2018-02-23 18:08:58,0.00344500,1.74000000
2018-02-23 18:08:59,0.00344500,0.72000000
2018-02-23 18:09:00,0.00344900,9.00000000
2018-02-23 18:09:00,0.00345000,43.68000000
2018-02-23 18:09:01,0.00345100,2.17000000
2018-02-23 18:09:01,0.00345000,11.10000000
2018-02-23 18:09:01,0.00344500,0.35000000
2018-02-23 18:09:02,0.00344500,2.95000000
2018-02-23 18:09:02,0.00344800,0.15000000
2018-02-23 18:09:02,0.00345100,0.01000000
2018-02-23 18:09:02,0.00344500,5.88000000
2018-02-23 18:09:03,0.00344500,1.20000000
2018-02-23 18:09:03,0.00344500,4.26000000
2018-02-23 18:09:03,0.00344500,0.74000000
2018-02-23 18:09:04,0.00345000,2.90000000
2018-02-23 18:09:04,0.00345000,13.76000000
2018-02-23 18:09:04,0.00345100,49.43000000
2018-02-23 18:09:05,0.00344500,0.97000000
2018-02-23 18:09:05,0.00344500,0.50000000
2018-02-23 18:09:06,0.00344600,42.45000000
2018-02-23 18:09:06,0.00344500,180.08000000
2018-02-23 18:09:06,0.00345100,22.36000000
2018-02-23 18:09:06,0.00345000,42.45000000
2018-02-23 18:09:06,0.00345100,78.44000000
2018-02-23 18:09:06,0.00345200,50.00000000
2018-02-23 18:09:06,0.00345700,25.01000000
2018-02-23 18:09:07,0.00345600,5.80000000
2018-02-23 18:09:07,0.00345700,7.20000000
2018-02-23 18:09:07,0.00345700,48.86000000
2018-02-23 18:09:08,0.00345600,0.40000000
2018-02-23 18:09:08,0.00345800,10.00000000
2018-02-23 18:09:08,0.00345900,1.81000000
2018-02-23 18:09:10,0.00345800,3.05000000
2018-02-23 18:09:10,0.00345400,1.16000000
2018-02-23 18:09:11,0.00345600,0.77000000
2018-02-23 18:09:12,0.00345600,0.19000000
2018-02-23 18:09:13,0.00345600,0.05000000
2018-02-23 18:09:13,0.00345600,0.15000000
2018-02-23 18:09:13,0.00345600,2.27000000
2018-02-23 18:09:13,0.00345800,45.11000000
2018-02-23 18:09:14,0.00345800,0.01000000
2018-02-23 18:09:15,0.00345700,0.72000000
2018-02-23 18:09:15,0.00345700,0.74000000
2018-02-23 18:09:15,0.00345700,1.37000000
2018-02-23 18:09:15,0.00345700,0.01000000
2018-02-23 18:09:15,0.00345300,127.45000000
2018-02-23 18:09:15,0.00345200,1.38000000
2018-02-23 18:09:15,0.00345700,0.72000000
2018-02-23 18:09:16,0.00345700,0.34000000
2018-02-23 18:09:16,0.00345800,12.94000000
2018-02-23 18:09:16,0.00345800,0.72000000
2018-02-23 18:09:16,0.00345800,0.72000000
2018-02-23 18:09:17,0.00345400,1.16000000
2018-02-23 18:09:17,0.00345300,3.16000000
2018-02-23 18:09:17,0.00345600,0.72000000
2018-02-23 18:09:18,0.00345500,2.14000000
2018-02-23 18:09:18,0.00345200,2.61000000
2018-02-23 18:09:18,0.00345200,1.17000000
2018-02-23 18:09:18,0.00345200,4.92000000
2018-02-23 18:09:19,0.00345200,0.52000000
2018-02-23 18:09:19,0.00345500,1.01000000
2018-02-23 18:09:20,0.00345500,0.01000000
2018-02-23 18:09:20,0.00345600,0.44000000
2018-02-23 18:09:20,0.00345700,0.13000000
2018-02-23 18:09:20,0.00345200,21.97000000
2018-02-23 18:09:22,0.00345100,0.35000000
2018-02-23 18:09:23,0.00345100,1.07000000
2018-02-23 18:09:24,0.00345600,1.73000000
2018-02-23 18:09:26,0.00345600,0.50000000
2018-02-23 18:09:27,0.00345600,3.56000000
2018-02-23 18:09:27,0.00345700,1.25000000
2018-02-23 18:09:27,0.00345800,20.42000000
2018-02-23 18:09:27,0.00345800,2.89000000
2018-02-23 18:09:27,0.00345800,1.07000000
2018-02-23 18:09:27,0.00345800,2.95000000
2018-02-23 18:09:30,0.00345200,14.84000000
2018-02-23 18:09:33,0.00345400,1.16000000
2018-02-23 18:09:34,0.00345500,2.00000000
2018-02-23 18:09:34,0.00345600,0.29000000
2018-02-23 18:09:34,0.00345500,0.35000000
2018-02-23 18:09:34,0.00345500,29.79000000
2018-02-23 18:09:37,0.00345300,2.50000000
2018-02-23 18:09:39,0.00345300,1.43000000
2018-02-23 18:09:39,0.00345300,2.17000000
2018-02-23 18:09:40,0.00345500,0.87000000
2018-02-23 18:09:44,0.00345500,2.34000000
2018-02-23 18:09:44,0.00345600,0.87000000
2018-02-23 18:09:47,0.00345600,3.85000000
2018-02-23 18:09:48,0.00345600,0.31000000
2018-02-23 18:09:48,0.00345800,9.02000000
2018-02-23 18:09:50,0.00345700,32.11000000
2018-02-23 18:09:53,0.00345600,10.02000000
2018-02-23 18:09:54,0.00345600,1.16000000
2018-02-23 18:09:54,0.00345800,1.07000000
2018-02-23 18:09:55,0.00345800,29.47000000
2018-02-23 18:09:56,0.00345800,5.11000000
2018-02-23 18:09:56,0.00345900,3.92000000
2018-02-23 18:09:57,0.00345900,1.04000000
2018-02-23 18:09:58,0.00345900,8.66000000
2018-02-23 18:09:58,0.00345900,10.34000000
2018-02-23 18:09:58,0.00345700,8.66000000
2018-02-23 18:09:58,0.00345700,4.07000000
2018-02-23 18:09:59,0.00345900,0.58000000
2018-02-23 18:09:59,0.00345900,3.49000000
2018-02-23 18:09:59,0.00345900,5.50000000
2018-02-23 18:10:00,0.00345900,0.86000000
2018-02-23 18:10:00,0.00345900,78.77000000
2018-02-23 18:10:01,0.00346000,21.99000000
2018-02-23 18:10:01,0.00345900,45.37000000
2018-02-23 18:10:01,0.00345900,37.39000000
2018-02-23 18:10:01,0.00345900,28.72000000
2018-02-23 18:10:01,0.00345900,6.08000000
2018-02-23 18:10:02,0.00345700,0.74000000
2018-02-23 18:10:02,0.00345900,2.89000000
2018-02-23 18:10:02,0.00346000,12.13000000
2018-02-23 18:10:04,0.00346000,0.72000000
2018-02-23 18:10:04,0.00346000,0.72000000
2018-02-23 18:10:05,0.00346000,0.72000000
2018-02-23 18:10:05,0.00346000,0.64000000
2018-02-23 18:10:08,0.00346000,39.47000000
2018-02-23 18:10:08,0.00346000,166.78000000
2018-02-23 18:10:08,0.00346000,29.19000000
2018-02-23 18:10:08,0.00346000,20.96000000
2018-02-23 18:10:09,0.00346000,42.09000000
2018-02-23 18:10:09,0.00346000,3.80000000
2018-02-23 18:10:10,0.00345700,12.00000000
2018-02-23 18:10:11,0.00346000,0.87000000
2018-02-23 18:10:12,0.00346000,0.72000000
2018-02-23 18:10:13,0.00346000,0.72000000
2018-02-23 18:10:14,0.00345700,1.28000000
2018-02-23 18:10:15,0.00345700,3.00000000
2018-02-23 18:10:16,0.00345900,1.45000000
2018-02-23 18:10:16,0.00345900,9.00000000
2018-02-23 18:10:16,0.00345900,1.01000000
2018-02-23 18:10:16,0.00345700,76.41000000
2018-02-23 18:10:16,0.00345600,39.68000000
2018-02-23 18:10:19,0.00345900,14.46000000
2018-02-23 18:10:19,0.00345900,0.64000000
2018-02-23 18:10:19,0.00345600,1.28000000
2018-02-23 18:10:19,0.00345900,0.72000000
2018-02-23 18:10:20,0.00345600,1.46000000
2018-02-23 18:10:20,0.00345900,2.52000000
2018-02-23 18:10:20,0.00345900,50.47000000
2018-02-23 18:10:20,0.00345600,25.91000000
2018-02-23 18:10:20,0.00345900,69.81000000
2018-02-23 18:10:20,0.00345800,15.00000000
2018-02-23 18:10:21,0.00345600,2.04000000
2018-02-23 18:10:21,0.00345600,1.46000000
2018-02-23 18:10:21,0.00345800,15.29000000
2018-02-23 18:10:22,0.00345600,2.04000000
2018-02-23 18:10:23,0.00345800,18.94000000
2018-02-23 18:10:24,0.00345600,10.85000000
2018-02-23 18:10:24,0.00345600,3.23000000
2018-02-23 18:10:29,0.00345600,30.80000000
2018-02-23 18:10:29,0.00345600,4.51000000
2018-02-23 18:10:30,0.00345700,48.68000000
2018-02-23 18:10:30,0.00345700,85.00000000
2018-02-23 18:10:31,0.00345800,55.73000000
2018-02-23 18:10:31,0.00345800,43.81000000
2018-02-23 18:10:32,0.00345600,0.29000000
2018-02-23 18:10:32,0.00345700,17.98000000
2018-02-23 18:10:33,0.00345600,39.40000000
2018-02-23 18:10:34,0.00345600,9.30000000
2018-02-23 18:10:36,0.00345400,2.75000000
2018-02-23 18:10:37,0.00345600,0.86000000
2018-02-23 18:10:37,0.00345600,0.30000000
2018-02-23 18:10:37,0.00345400,2.75000000
2018-02-23 18:10:38,0.00345600,16.42000000
2018-02-23 18:10:38,0.00345600,2.02000000
2018-02-23 18:10:38,0.00345400,0.02000000
2018-02-23 18:10:38,0.00345400,0.27000000
2018-02-23 18:10:38,0.00345300,2.57000000
2018-02-23 18:10:39,0.00345300,3.38000000
2018-02-23 18:10:40,0.00345300,0.65000000
2018-02-23 18:10:40,0.00345300,2.56000000
2018-02-23 18:10:40,0.00345300,1.34000000
2018-02-23 18:10:40,0.00345300,3.00000000
2018-02-23 18:10:40,0.00345300,1.17000000
2018-02-23 18:10:41,0.00345300,0.80000000
2018-02-23 18:10:43,0.00345300,0.73000000
2018-02-23 18:10:45,0.00345200,0.52000000
2018-02-23 18:10:45,0.00345200,1.33000000
2018-02-23 18:10:45,0.00345200,4.64000000
2018-02-23 18:10:46,0.00345200,0.73000000
2018-02-23 18:10:46,0.00345500,0.73000000
2018-02-23 18:10:46,0.00345600,2.16000000
2018-02-23 18:10:47,0.00345200,2.63000000
2018-02-23 18:10:48,0.00345200,0.74000000
2018-02-23 18:10:49,0.00345200,1.00000000
2018-02-23 18:10:49,0.00345300,0.95000000
2018-02-23 18:10:49,0.00345300,17.05000000
2018-02-23 18:10:49,0.00345300,1.62000000
2018-02-23 18:10:50,0.00345600,2.17000000
2018-02-23 18:10:51,0.00345300,0.43000000
2018-02-23 18:10:52,0.00345300,0.53000000
2018-02-23 18:10:55,0.00345500,1.86000000
2018-02-23 18:10:56,0.00345600,14.67000000
2018-02-23 18:10:57,0.00345500,2.05000000
2018-02-23 18:10:59,0.00345400,0.43000000
2018-02-23 18:11:02,0.00345800,0.72000000
2018-02-23 18:11:04,0.00345400,1.00000000
2018-02-23 18:11:06,0.00345600,10.98000000
2018-02-23 18:11:09,0.00345600,0.97000000
2018-02-23 18:11:10,0.00345600,22.26000000
2018-02-23 18:11:12,0.00345600,9.12000000
2018-02-23 18:11:13,0.00345600,4.16000000
2018-02-23 18:11:15,0.00345700,8.67000000
2018-02-23 18:11:16,0.00345800,35.80000000
2018-02-23 18:11:17,0.00345700,0.43000000
2018-02-23 18:11:17,0.00345800,62.41000000
2018-02-23 18:11:19,0.00345800,5.78000000
2018-02-23 18:11:20,0.00345800,183.25000000
2018-02-23 18:11:20,0.00345800,48.56000000
2018-02-23 18:11:21,0.00346000,2.68000000
2018-02-23 18:11:22,0.00345700,17.35000000
2018-02-23 18:11:22,0.00346000,140.67000000
2018-02-23 18:11:23,0.00345700,8.48000000
2018-02-23 18:11:26,0.00345800,1.00000000
2018-02-23 18:11:27,0.00345800,0.52000000
2018-02-23 18:11:29,0.00346000,2.17000000
2018-02-23 18:11:31,0.00345900,11.17000000
2018-02-23 18:11:33,0.00345900,36.35000000
2018-02-23 18:11:33,0.00346000,14.98000000
2018-02-23 18:11:33,0.00346000,50.26000000
2018-02-23 18:11:33,0.00346000,25.25000000
2018-02-23 18:11:35,0.00346000,43.75000000
2018-02-23 18:11:35,0.00346100,2.82000000
2018-02-23 18:11:35,0.00346200,3.00000000
2018-02-23 18:11:35,0.00346300,45.21000000
2018-02-23 18:11:36,0.00346500,14.19000000
2018-02-23 18:11:36,0.00346600,42.45000000
2018-02-23 18:11:36,0.00346700,6.04000000
2018-02-23 18:11:36,0.00346800,15.20000000
2018-02-23 18:11:36,0.00346900,39.92000000
2018-02-23 18:11:36,0.00347000,21.11000000
2018-02-23 18:11:36,0.00347200,10.38000000
2018-02-23 18:11:36,0.00347300,46.37000000
2018-02-23 18:11:36,0.00346200,5.49000000
2018-02-23 18:11:37,0.00346300,4.19000000
2018-02-23 18:11:37,0.00346300,0.97000000
2018-02-23 18:11:39,0.00346600,0.96000000
2018-02-23 18:11:39,0.00347100,5.76000000
2018-02-23 18:11:39,0.00347200,1.73000000
2018-02-23 18:11:39,0.00347300,5.69000000
2018-02-23 18:11:40,0.00346600,1.92000000
2018-02-23 18:11:40,0.00346500,1.16000000
2018-02-23 18:11:40,0.00346400,42.45000000
2018-02-23 18:11:40,0.00346400,3.19000000
2018-02-23 18:11:40,0.00346300,4.99000000
2018-02-23 18:11:40,0.00346400,11.95000000
2018-02-23 18:11:42,0.00346400,6.25000000
2018-02-23 18:11:43,0.00346300,0.58000000
2018-02-23 18:11:45,0.00346000,2.44000000
2018-02-23 18:11:45,0.00346000,1.46000000
2018-02-23 18:11:45,0.00346000,55.29000000
2018-02-23 18:11:45,0.00346000,1.10000000
2018-02-23 18:11:45,0.00346000,0.60000000
2018-02-23 18:11:46,0.00346000,1.46000000
2018-02-23 18:11:46,0.00346000,1.16000000
2018-02-23 18:11:46,0.00346000,1.46000000
2018-02-23 18:11:46,0.00346000,1.46000000
2018-02-23 18:11:46,0.00346000,2.60000000
2018-02-23 18:11:47,0.00346000,1.34000000
2018-02-23 18:11:47,0.00346300,34.42000000
2018-02-23 18:11:47,0.00346600,10.15000000
2018-02-23 18:11:47,0.00346700,53.28000000
2018-02-23 18:11:47,0.00346000,1.56000000
2018-02-23 18:11:48,0.00346200,1.28000000
2018-02-23 18:11:48,0.00346200,13.70000000
2018-02-23 18:11:48,0.00346000,0.15000000
2018-02-23 18:11:48,0.00346100,5.77000000
2018-02-23 18:11:48,0.00346000,4.73000000
2018-02-23 18:11:48,0.00346000,0.73000000
2018-02-23 18:11:48,0.00346000,0.82000000
2018-02-23 18:11:49,0.00346000,1.12000000
2018-02-23 18:11:49,0.00346500,1.16000000
2018-02-23 18:11:49,0.00346600,5.58000000
2018-02-23 18:11:49,0.00346900,1.16000000
2018-02-23 18:11:49,0.00347000,27.22000000
2018-02-23 18:11:49,0.00346000,41.33000000
2018-02-23 18:11:50,0.00346200,1.44000000
2018-02-23 18:11:50,0.00346200,1.56000000
2018-02-23 18:11:55,0.00346700,1.01000000
2018-02-23 18:11:55,0.00346300,5.00000000
2018-02-23 18:11:55,0.00346200,0.58000000
2018-02-23 18:11:55,0.00346100,42.54000000
2018-02-23 18:11:58,0.00346200,31.26000000
2018-02-23 18:11:58,0.00346200,0.93000000
2018-02-23 18:12:02,0.00346200,15.62000000
2018-02-23 18:12:02,0.00346200,1.01000000
2018-02-23 18:12:09,0.00346400,5.08000000
2018-02-23 18:12:10,0.00346400,12.23000000
2018-02-23 18:12:10,0.00346400,45.10000000
2018-02-23 18:12:10,0.00346200,75.54000000
2018-02-23 18:12:11,0.00346300,7.05000000
2018-02-23 18:12:15,0.00346300,14.96000000
2018-02-23 18:12:15,0.00346200,24.04000000
2018-02-23 18:12:17,0.00346400,0.53000000
2018-02-23 18:12:17,0.00346600,13.47000000
2018-02-23 18:12:17,0.00346400,1.37000000
2018-02-23 18:12:18,0.00346400,2.90000000
2018-02-23 18:12:19,0.00346500,0.63000000
2018-02-23 18:12:21,0.00346400,1.44000000
2018-02-23 18:12:22,0.00346500,4.13000000
2018-02-23 18:12:22,0.00346500,1.21000000
2018-02-23 18:12:23,0.00346500,1.10000000
2018-02-23 18:12:24,0.00346700,2.88000000
2018-02-23 18:12:25,0.00346500,69.27000000
2018-02-23 18:12:26,0.00346500,69.27000000
2018-02-23 18:12:27,0.00346500,0.70000000
2018-02-23 18:12:27,0.00347000,6.42000000
2018-02-23 18:12:30,0.00347000,10.00000000
2018-02-23 18:12:31,0.00346500,0.01000000
2018-02-23 18:12:36,0.00346800,12.16000000
2018-02-23 18:12:37,0.00346800,5.45000000
2018-02-23 18:12:37,0.00346800,3.02000000
2018-02-23 18:12:38,0.00346800,108.62000000
2018-02-23 18:12:40,0.00346800,9.65000000
2018-02-23 18:12:41,0.00346900,5.01000000
2018-02-23 18:12:42,0.00346800,117.20000000
2018-02-23 18:12:42,0.00346900,20.58000000
2018-02-23 18:12:42,0.00346900,4.41000000
2018-02-23 18:12:43,0.00346800,0.35000000
2018-02-23 18:12:43,0.00347000,2.45000000
2018-02-23 18:12:44,0.00347000,126.11000000
2018-02-23 18:12:44,0.00347200,15.00000000
2018-02-23 18:12:44,0.00347300,108.62000000
2018-02-23 18:12:44,0.00347500,242.90000000
2018-02-23 18:12:44,0.00347500,21.37000000
2018-02-23 18:12:49,0.00347400,39.21000000
2018-02-23 18:12:49,0.00347500,25.32000000
2018-02-23 18:12:49,0.00346900,2.62000000
2018-02-23 18:12:51,0.00347500,2.08000000
2018-02-23 18:12:52,0.00347500,0.54000000
2018-02-23 18:12:53,0.00347500,5.00000000
2018-02-23 18:12:54,0.00347100,0.97000000
2018-02-23 18:12:55,0.00347100,20.00000000
2018-02-23 18:12:55,0.00347300,1.16000000
2018-02-23 18:12:55,0.00347100,0.40000000
2018-02-23 18:12:57,0.00347200,1.47000000
2018-02-23 18:12:57,0.00347200,0.87000000
2018-02-23 18:12:59,0.00347200,0.57000000
2018-02-23 18:13:00,0.00347300,7.91000000
2018-02-23 18:13:05,0.00347500,8.48000000
2018-02-23 18:13:06,0.00347400,7.08000000
2018-02-23 18:13:06,0.00347300,7.36000000
2018-02-23 18:13:07,0.00347500,4.64000000
2018-02-23 18:13:10,0.00347400,1.94000000
2018-02-23 18:13:10,0.00347500,6.52000000
2018-02-23 18:13:13,0.00347500,38.03000000
2018-02-23 18:13:13,0.00347300,0.64000000
2018-02-23 18:13:13,0.00347300,0.78000000
2018-02-23 18:13:13,0.00347300,4.35000000
2018-02-23 18:13:13,0.00347300,0.58000000
2018-02-23 18:13:16,0.00347400,0.46000000
2018-02-23 18:13:16,0.00347400,24.91000000
2018-02-23 18:13:16,0.00347300,132.67000000
2018-02-23 18:13:16,0.00347200,37.09000000
2018-02-23 18:13:17,0.00347400,3.02000000
2018-02-23 18:13:17,0.00347400,27.31000000
2018-02-23 18:13:17,0.00347500,1.45000000
2018-02-23 18:13:17,0.00347300,13.82000000
2018-02-23 18:13:19,0.00347400,0.56000000
2018-02-23 18:13:19,0.00347300,5.00000000
2018-02-23 18:13:20,0.00347300,64.77000000
2018-02-23 18:13:20,0.00347100,6.18000000
2018-02-23 18:13:21,0.00347300,17.82000000
2018-02-23 18:13:21,0.00347400,0.02000000
2018-02-23 18:13:21,0.00347500,46.06000000
2018-02-23 18:13:22,0.00347400,14.16000000
2018-02-23 18:13:23,0.00347300,0.41000000
2018-02-23 18:13:24,0.00347200,0.55000000
2018-02-23 18:13:24,0.00347300,7.11000000
2018-02-23 18:13:24,0.00347500,100.37000000
2018-02-23 18:13:25,0.00347100,0.73000000
2018-02-23 18:13:25,0.00347100,3.08000000
2018-02-23 18:13:25,0.00347400,2.87000000
2018-02-23 18:13:26,0.00347200,0.76000000
2018-02-23 18:13:27,0.00347400,2.50000000
2018-02-23 18:13:27,0.00347200,1.37000000
2018-02-23 18:13:27,0.00347200,26.59000000
2018-02-23 18:13:28,0.00347400,0.46000000
2018-02-23 18:13:28,0.00347400,8.63000000
2018-02-23 18:13:28,0.00347400,8.63000000
2018-02-23 18:13:28,0.00347400,3.91000000
2018-02-23 18:13:29,0.00347400,4.05000000
2018-02-23 18:13:29,0.00347500,3.18000000
2018-02-23 18:13:29,0.00347200,1.44000000
2018-02-23 18:13:29,0.00347200,4.98000000
2018-02-23 18:13:29,0.00347200,1.25000000
2018-02-23 18:13:30,0.00347400,2.17000000
2018-02-23 18:13:31,0.00347500,4.33000000
2018-02-23 18:13:31,0.00347500,30.39000000
2018-02-23 18:13:31,0.00347500,336.32000000
2018-02-23 18:13:32,0.00347500,0.87000000
2018-02-23 18:13:32,0.00347500,2.00000000
2018-02-23 18:13:33,0.00347500,4.87000000
2018-02-23 18:13:33,0.00347500,14.43000000
2018-02-23 18:13:35,0.00347600,6.34000000
2018-02-23 18:13:35,0.00347600,7.32000000
2018-02-23 18:13:35,0.00347600,0.50000000
2018-02-23 18:13:37,0.00347600,4.49000000
2018-02-23 18:13:38,0.00347700,10.00000000
2018-02-23 18:13:38,0.00347900,11.94000000
2018-02-23 18:13:38,0.00348000,10.00000000
2018-02-23 18:13:38,0.00347500,14.43000000
2018-02-23 18:13:38,0.00347500,4.00000000
2018-02-23 18:13:38,0.00348000,13.68000000
2018-02-23 18:13:39,0.00347600,1.00000000
2018-02-23 18:13:40,0.00347600,0.92000000
2018-02-23 18:13:40,0.00347600,0.92000000
2018-02-23 18:13:40,0.00347600,10.96000000
2018-02-23 18:13:40,0.00347500,53.12000000
2018-02-23 18:13:40,0.00347400,8.05000000
2018-02-23 18:13:42,0.00348000,0.50000000
2018-02-23 18:13:43,0.00347600,1.16000000
2018-02-23 18:13:43,0.00347400,5.39000000
2018-02-23 18:13:45,0.00347800,1.16000000
2018-02-23 18:13:45,0.00348000,51.78000000
2018-02-23 18:13:48,0.00348000,3.00000000
2018-02-23 18:13:50,0.00347600,1.16000000
2018-02-23 18:13:50,0.00347500,3.22000000
2018-02-23 18:13:51,0.00347600,1.43000000
2018-02-23 18:13:51,0.00347500,7.18000000
2018-02-23 18:13:53,0.00347800,1.16000000
2018-02-23 18:13:53,0.00348000,28.24000000
2018-02-23 18:13:54,0.00347500,3.33000000
2018-02-23 18:13:54,0.00348000,35.90000000
2018-02-23 18:13:54,0.00348100,1.50000000
2018-02-23 18:13:54,0.00348200,9.02000000
2018-02-23 18:13:54,0.00348300,0.72000000
2018-02-23 18:13:55,0.00348300,0.25000000
2018-02-23 18:13:57,0.00347800,1.16000000
2018-02-23 18:13:57,0.00347700,1.92000000
2018-02-23 18:13:58,0.00348100,0.77000000
2018-02-23 18:14:00,0.00347800,1.90000000
2018-02-23 18:14:03,0.00347800,3.07000000
2018-02-23 18:14:03,0.00348100,0.39000000
2018-02-23 18:14:03,0.00348200,3.69000000
2018-02-23 18:14:03,0.00347700,3.83000000
2018-02-23 18:14:03,0.00347500,51.75000000
2018-02-23 18:14:03,0.00347400,54.87000000
2018-02-23 18:14:03,0.00347200,28.82000000
2018-02-23 18:14:03,0.00347100,3.68000000
2018-02-23 18:14:04,0.00347300,1.49000000
2018-02-23 18:14:04,0.00347300,0.73000000
2018-02-23 18:14:04,0.00347400,1.46000000
2018-02-23 18:14:05,0.00347400,1.41000000
2018-02-23 18:14:05,0.00347300,0.22000000
2018-02-23 18:14:05,0.00347500,1.00000000
2018-02-23 18:14:05,0.00347500,1.00000000
2018-02-23 18:14:05,0.00347300,1.46000000
2018-02-23 18:14:05,0.00347500,1.83000000
2018-02-23 18:14:05,0.00347400,0.84000000
2018-02-23 18:14:05,0.00347300,13.68000000
2018-02-23 18:14:05,0.00347300,1.44000000
2018-02-23 18:14:05,0.00347300,3.36000000
2018-02-23 18:14:05,0.00347800,0.73000000
2018-02-23 18:14:05,0.00347800,2.26000000
2018-02-23 18:14:05,0.00347800,0.73000000
2018-02-23 18:14:06,0.00347800,0.58000000
2018-02-23 18:14:06,0.00347800,3.44000000
2018-02-23 18:14:06,0.00347800,1.74000000
2018-02-23 18:14:06,0.00347800,0.20000000
2018-02-23 18:14:06,0.00347300,2.38000000
2018-02-23 18:14:06,0.00347300,0.73000000
2018-02-23 18:14:06,0.00347300,2.88000000
2018-02-23 18:14:07,0.00347300,0.35000000
2018-02-23 18:14:07,0.00347300,1.46000000
2018-02-23 18:14:07,0.00347300,1.17000000
2018-02-23 18:14:07,0.00347300,0.35000000
2018-02-23 18:14:07,0.00347300,0.64000000
2018-02-23 18:14:07,0.00347300,5.76000000
2018-02-23 18:14:08,0.00347300,1.56000000
2018-02-23 18:14:08,0.00347400,1.16000000
2018-02-23 18:14:08,0.00347400,8.73000000
2018-02-23 18:14:08,0.00347400,1.44000000
2018-02-23 18:14:08,0.00347400,1.16000000
2018-02-23 18:14:08,0.00347400,1.44000000
2018-02-23 18:14:09,0.00347400,7.53000000
2018-02-23 18:14:09,0.00347300,1.16000000
2018-02-23 18:14:09,0.00347600,18.92000000
2018-02-23 18:14:09,0.00347500,2.87000000
2018-02-23 18:14:09,0.00347500,2.87000000
2018-02-23 18:14:09,0.00347500,19.69000000
2018-02-23 18:14:09,0.00347400,1.44000000
2018-02-23 18:14:09,0.00347400,5.31000000
2018-02-23 18:14:09,0.00347400,2.02000000
2018-02-23 18:14:09,0.00347400,0.73000000
2018-02-23 18:14:10,0.00347400,0.55000000
2018-02-23 18:14:10,0.00347400,0.73000000
2018-02-23 18:14:10,0.00347400,0.41000000
2018-02-23 18:14:10,0.00347400,1.44000000
2018-02-23 18:14:10,0.00347400,1.44000000
2018-02-23 18:14:10,0.00347400,6.02000000
2018-02-23 18:14:10,0.00347400,1.44000000
2018-02-23 18:14:10,0.00347400,2.90000000
2018-02-23 18:14:10,0.00347400,0.73000000
2018-02-23 18:14:10,0.00347500,1.74000000
2018-02-23 18:14:10,0.00347500,1.16000000
2018-02-23 18:14:10,0.00347500,0.70000000
2018-02-23 18:14:10,0.00347500,0.09000000
2018-02-23 18:14:11,0.00347200,1.74000000
2018-02-23 18:14:11,0.00347600,1.00000000
2018-02-23 18:14:11,0.00347200,4.40000000
2018-02-23 18:14:11,0.00347200,0.73000000
2018-02-23 18:14:11,0.00347200,0.84000000
2018-02-23 18:14:12,0.00347400,0.69000000
2018-02-23 18:14:12,0.00347400,0.69000000
2018-02-23 18:14:12,0.00347400,2.59000000
2018-02-23 18:14:12,0.00347400,3.03000000
2018-02-23 18:14:12,0.00347200,0.69000000
2018-02-23 18:14:12,0.00347400,3.95000000
2018-02-23 18:14:12,0.00347200,2.48000000
2018-02-23 18:14:12,0.00347200,1.44000000
2018-02-23 18:14:13,0.00347200,0.44000000
2018-02-23 18:14:13,0.00347200,1.44000000
2018-02-23 18:14:13,0.00347200,23.22000000
2018-02-23 18:14:13,0.00347600,22.61000000
2018-02-23 18:14:13,0.00347700,6.88000000
2018-02-23 18:14:13,0.00347800,5.75000000
2018-02-23 18:14:13,0.00347800,1.74000000
2018-02-23 18:14:13,0.00347800,1.04000000
2018-02-23 18:14:13,0.00347800,2.32000000
2018-02-23 18:14:13,0.00347800,2.29000000
2018-02-23 18:14:13,0.00347800,1.44000000
2018-02-23 18:14:13,0.00347800,2.63000000
2018-02-23 18:14:13,0.00347800,2.90000000
2018-02-23 18:14:14,0.00347800,1.02000000
2018-02-23 18:14:14,0.00347800,18.17000000
2018-02-23 18:14:14,0.00347400,16.22000000
2018-02-23 18:14:14,0.00347200,27.34000000
2018-02-23 18:14:14,0.00347400,20.00000000
2018-02-23 18:14:14,0.00347400,8.61000000
2018-02-23 18:14:14,0.00347200,3.02000000
2018-02-23 18:14:14,0.00347200,1.22000000
2018-02-23 18:14:14,0.00347200,0.73000000
2018-02-23 18:14:14,0.00347200,1.44000000
2018-02-23 18:14:14,0.00347400,8.61000000
2018-02-23 18:14:14,0.00347200,0.73000000
2018-02-23 18:14:14,0.00347400,10.15000000
2018-02-23 18:14:14,0.00347200,0.73000000
2018-02-23 18:14:14,0.00347400,2.54000000
2018-02-23 18:14:14,0.00347400,1.42000000
2018-02-23 18:14:14,0.00347400,1.12000000
2018-02-23 18:14:14,0.00347200,10.99000000
2018-02-23 18:14:15,0.00347500,1.46000000
2018-02-23 18:14:15,0.00348000,40.76000000
2018-02-23 18:14:15,0.00348100,0.58000000
2018-02-23 18:14:15,0.00348300,28.55000000
2018-02-23 18:14:15,0.00347500,0.70000000
2018-02-23 18:14:15,0.00347600,1.44000000
2018-02-23 18:14:15,0.00347600,0.43000000
2018-02-23 18:14:15,0.00347700,1.44000000
2018-02-23 18:14:15,0.00347700,1.43000000
2018-02-23 18:14:15,0.00347600,0.03000000
2018-02-23 18:14:16,0.00347600,69.81000000
2018-02-23 18:14:16,0.00347600,1.62000000
2018-02-23 18:14:16,0.00347600,6.75000000
2018-02-23 18:14:16,0.00347600,2.04000000
2018-02-23 18:14:16,0.00347800,0.64000000
2018-02-23 18:14:17,0.00347800,0.21000000
2018-02-23 18:14:17,0.00347800,2.22000000
2018-02-23 18:14:17,0.00347800,0.44000000
2018-02-23 18:14:17,0.00347800,1.44000000
2018-02-23 18:14:17,0.00347800,0.73000000
2018-02-23 18:14:17,0.00347800,3.28000000
2018-02-23 18:14:17,0.00347800,1.40000000
2018-02-23 18:14:18,0.00347800,1.46000000
2018-02-23 18:14:18,0.00347800,25.98000000
2018-02-23 18:14:18,0.00347800,9.18000000
2018-02-23 18:14:18,0.00347800,0.59000000
2018-02-23 18:14:18,0.00347800,1.46000000
2018-02-23 18:14:18,0.00347800,28.80000000
2018-02-23 18:14:18,0.00347800,0.73000000
2018-02-23 18:14:19,0.00347800,14.51000000
2018-02-23 18:14:19,0.00348100,1.57000000
2018-02-23 18:14:19,0.00347800,2.92000000
2018-02-23 18:14:19,0.00347800,144.38000000
2018-02-23 18:14:19,0.00347700,25.35000000
2018-02-23 18:14:19,0.00347600,94.77000000
2018-02-23 18:14:19,0.00347500,31.94000000
2018-02-23 18:14:19,0.00347400,28.08000000
2018-02-23 18:14:19,0.00347400,1.42000000
2018-02-23 18:14:20,0.00347400,10.68000000
2018-02-23 18:14:20,0.00347300,5.75000000
2018-02-23 18:14:20,0.00347200,8.68000000
2018-02-23 18:14:22,0.00347200,2.93000000
2018-02-23 18:14:23,0.00347200,0.87000000
2018-02-23 18:14:24,0.00347400,0.42000000
2018-02-23 18:14:24,0.00347700,1.00000000
2018-02-23 18:14:24,0.00347400,2.90000000
2018-02-23 18:14:25,0.00347400,5.20000000
2018-02-23 18:14:25,0.00347400,0.93000000
2018-02-23 18:14:25,0.00347400,2.66000000
2018-02-23 18:14:25,0.00347400,2.81000000
2018-02-23 18:14:25,0.00347400,5.70000000
2018-02-23 18:14:25,0.00347400,1.02000000
2018-02-23 18:14:25,0.00347400,0.44000000
2018-02-23 18:14:25,0.00347400,0.73000000
2018-02-23 18:14:25,0.00347400,1.46000000
2018-02-23 18:14:25,0.00347500,9.93000000
2018-02-23 18:14:25,0.00347600,43.42000000
2018-02-23 18:14:25,0.00347600,1.37000000
2018-02-23 18:14:26,0.00347600,10.13000000
2018-02-23 18:14:26,0.00347600,3.05000000
2018-02-23 18:14:26,0.00347600,1.69000000
2018-02-23 18:14:26,0.00347700,14.50000000
2018-02-23 18:14:26,0.00347600,0.63000000
2018-02-23 18:14:27,0.00347700,16.18000000
2018-02-23 18:14:27,0.00347800,3.83000000
2018-02-23 18:14:28,0.00347900,14.42000000
2018-02-23 18:14:29,0.00347900,25.77000000
2018-02-23 18:14:29,0.00347900,1.00000000
2018-02-23 18:14:29,0.00347900,1.26000000
2018-02-23 18:14:29,0.00347900,2.90000000
2018-02-23 18:14:29,0.00347900,14.01000000
2018-02-23 18:14:29,0.00347900,84.60000000
2018-02-23 18:14:29,0.00347600,43.38000000
2018-02-23 18:14:29,0.00347500,25.32000000
2018-02-23 18:14:29,0.00347400,23.19000000
2018-02-23 18:14:29,0.00347400,8.61000000
2018-02-23 18:14:29,0.00347400,8.61000000
2018-02-23 18:14:29,0.00347400,8.63000000
2018-02-23 18:14:29,0.00347400,47.43000000
2018-02-23 18:14:30,0.00347400,8.62000000
2018-02-23 18:14:30,0.00347400,0.46000000
2018-02-23 18:14:30,0.00347400,8.63000000
2018-02-23 18:14:30,0.00347400,28.70000000
2018-02-23 18:14:30,0.00347400,6.88000000
2018-02-23 18:14:30,0.00347300,10.56000000
2018-02-23 18:14:31,0.00347400,15.24000000
2018-02-23 18:14:31,0.00347300,16.71000000
2018-02-23 18:14:31,0.00347400,2.29000000
2018-02-23 18:14:31,0.00347400,8.63000000
2018-02-23 18:14:31,0.00347400,3.55000000
2018-02-23 18:14:32,0.00347300,1.14000000
2018-02-23 18:14:32,0.00347800,25.32000000
2018-02-23 18:14:33,0.00347900,2.87000000
2018-02-23 18:14:33,0.00347800,0.58000000
2018-02-23 18:14:33,0.00347800,1.72000000
2018-02-23 18:14:34,0.00347800,1.46000000
2018-02-23 18:14:34,0.00348000,15.00000000
2018-02-23 18:14:34,0.00347800,40.86000000
2018-02-23 18:14:35,0.00347800,6.36000000
2018-02-23 18:14:35,0.00347800,53.57000000
2018-02-23 18:14:35,0.00347800,3.44000000
2018-02-23 18:14:37,0.00347800,13.80000000
2018-02-23 18:14:37,0.00347800,1.17000000
2018-02-23 18:14:38,0.00347800,35.18000000
2018-02-23 18:14:38,0.00347400,18.17000000
2018-02-23 18:14:39,0.00347400,1.44000000
2018-02-23 18:14:40,0.00347400,4.20000000
2018-02-23 18:14:40,0.00347400,0.58000000
2018-02-23 18:14:40,0.00347800,0.43000000
2018-02-23 18:14:41,0.00347700,5.64000000
2018-02-23 18:14:41,0.00347400,0.35000000
2018-02-23 18:14:42,0.00347700,12.88000000
2018-02-23 18:14:44,0.00347400,0.41000000
2018-02-23 18:14:45,0.00347700,4.08000000
2018-02-23 18:14:45,0.00347600,0.58000000
2018-02-23 18:14:45,0.00347700,6.45000000
2018-02-23 18:14:45,0.00347400,1.28000000
2018-02-23 18:14:45,0.00347500,47.42000000
2018-02-23 18:14:46,0.00347500,1.13000000
2018-02-23 18:14:46,0.00347500,1.18000000
2018-02-23 18:14:46,0.00347400,0.58000000
2018-02-23 18:14:47,0.00347500,8.61000000
2018-02-23 18:14:47,0.00347500,0.46000000
2018-02-23 18:14:47,0.00347400,0.58000000
2018-02-23 18:14:47,0.00347500,27.50000000
2018-02-23 18:14:47,0.00347500,7.97000000
2018-02-23 18:14:47,0.00347500,47.43000000
2018-02-23 18:14:48,0.00347500,33.68000000
2018-02-23 18:14:48,0.00347400,12.04000000
2018-02-23 18:14:48,0.00347400,5.62000000
2018-02-23 18:14:48,0.00347400,0.01000000
2018-02-23 18:14:49,0.00347500,3.52000000
2018-02-23 18:14:49,0.00347500,13.00000000
2018-02-23 18:14:49,0.00347500,1.00000000
2018-02-23 18:14:49,0.00347400,5.86000000
2018-02-23 18:14:49,0.00347500,3.52000000
2018-02-23 18:14:49,0.00347500,47.42000000
2018-02-23 18:14:49,0.00347500,17.60000000
2018-02-23 18:14:49,0.00347400,6.58000000
2018-02-23 18:14:50,0.00347500,0.41000000
2018-02-23 18:14:50,0.00347500,21.94000000
2018-02-23 18:14:50,0.00347500,22.38000000
2018-02-23 18:14:50,0.00347500,0.86000000
2018-02-23 18:14:50,0.00347500,11.73000000
2018-02-23 18:14:51,0.00347700,0.58000000
2018-02-23 18:14:51,0.00347800,7.55000000
2018-02-23 18:14:52,0.00347500,13.18000000
2018-02-23 18:14:52,0.00347500,2.17000000
2018-02-23 18:14:53,0.00347500,42.92000000
2018-02-23 18:14:53,0.00347300,0.06000000
2018-02-23 18:14:53,0.00347500,8.57000000
2018-02-23 18:14:53,0.00347300,109.91000000
2018-02-23 18:14:53,0.00347200,59.17000000
2018-02-23 18:14:53,0.00347100,155.56000000
2018-02-23 18:14:53,0.00347500,23.83000000
2018-02-23 18:14:53,0.00347700,32.01000000
2018-02-23 18:14:53,0.00347000,14.05000000
2018-02-23 18:14:54,0.00347000,5.76000000
2018-02-23 18:14:55,0.00347500,0.91000000
2018-02-23 18:14:55,0.00347500,14.50000000
2018-02-23 18:14:55,0.00347500,0.45000000
2018-02-23 18:14:55,0.00347200,0.28000000
2018-02-23 18:14:55,0.00347200,2.60000000
2018-02-23 18:14:55,0.00347400,1.43000000
2018-02-23 18:14:56,0.00347400,1.98000000
2018-02-23 18:14:56,0.00347400,0.73000000
2018-02-23 18:14:56,0.00347400,0.58000000
2018-02-23 18:14:56,0.00347400,8.78000000
2018-02-23 18:14:56,0.00347400,1.19000000
2018-02-23 18:14:56,0.00347400,0.44000000
2018-02-23 18:14:56,0.00347400,14.68000000
2018-02-23 18:14:56,0.00346900,1.23000000
2018-02-23 18:14:56,0.00346900,1.34000000
2018-02-23 18:14:57,0.00346900,0.54000000
2018-02-23 18:14:57,0.00347600,11.51000000
2018-02-23 18:14:57,0.00346900,0.59000000
2018-02-23 18:14:57,0.00346900,9.02000000
2018-02-23 18:14:57,0.00346900,1.40000000
2018-02-23 18:14:58,0.00347000,2.45000000
2018-02-23 18:14:58,0.00347000,0.73000000
2018-02-23 18:14:58,0.00346900,0.35000000
2018-02-23 18:14:58,0.00346900,1.34000000
2018-02-23 18:14:58,0.00346900,7.52000000
2018-02-23 18:14:58,0.00346900,0.79000000
2018-02-23 18:14:58,0.00346900,2.96000000
2018-02-23 18:14:58,0.00346900,0.73000000
2018-02-23 18:14:58,0.00346900,2.90000000
2018-02-23 18:14:58,0.00346900,2.77000000
2018-02-23 18:14:59,0.00347400,7.37000000
2018-02-23 18:14:59,0.00347200,3.68000000
2018-02-23 18:15:00,0.00346500,1.47000000
2018-02-23 18:15:00,0.00346600,2.88000000
2018-02-23 18:15:00,0.00346500,7.92000000
2018-02-23 18:15:01,0.00347100,11.52000000
2018-02-23 18:15:01,0.00346500,5.82000000
2018-02-23 18:15:01,0.00346500,0.73000000
2018-02-23 18:15:01,0.00346500,2.31000000
2018-02-23 18:15:01,0.00346500,0.73000000
2018-02-23 18:15:01,0.00346500,3.35000000
2018-02-23 18:15:01,0.00346500,0.67000000
2018-02-23 18:15:01,0.00346500,8.79000000
2018-02-23 18:15:02,0.00346500,2.93000000
2018-02-23 18:15:02,0.00346500,5.06000000
2018-02-23 18:15:02,0.00346500,1.28000000
2018-02-23 18:15:02,0.00346500,1.46000000
2018-02-23 18:15:02,0.00346600,4.22000000
2018-02-23 18:15:02,0.00346600,1.46000000
2018-02-23 18:15:02,0.00346600,0.82000000
2018-02-23 18:15:02,0.00346600,1.50000000
2018-02-23 18:15:02,0.00346600,2.62000000
2018-02-23 18:15:02,0.00346600,0.61000000
2018-02-23 18:15:02,0.00346600,0.35000000
2018-02-23 18:15:02,0.00346600,1.08000000
2018-02-23 18:15:02,0.00346600,2.92000000
2018-02-23 18:15:02,0.00346900,14.73000000
2018-02-23 18:15:02,0.00346900,2.05000000
2018-02-23 18:15:02,0.00346600,0.58000000
2018-02-23 18:15:02,0.00346600,2.06000000
2018-02-23 18:15:02,0.00346600,0.73000000
2018-02-23 18:15:03,0.00346600,0.88000000
2018-02-23 18:15:03,0.00346600,0.73000000
2018-02-23 18:15:03,0.00346600,3.50000000
2018-02-23 18:15:03,0.00346600,11.26000000
2018-02-23 18:15:03,0.00346600,0.65000000
2018-02-23 18:15:03,0.00346600,32.16000000
2018-02-23 18:15:03,0.00346600,1.02000000
2018-02-23 18:15:03,0.00346600,2.90000000
2018-02-23 18:15:03,0.00346600,12.95000000
2018-02-23 18:15:03,0.00346500,0.73000000
2018-02-23 18:15:03,0.00346500,1.53000000
2018-02-23 18:15:03,0.00346500,0.73000000
2018-02-23 18:15:03,0.00346500,0.86000000
2018-02-23 18:15:03,0.00346500,1.20000000
2018-02-23 18:15:03,0.00346500,2.83000000
2018-02-23 18:15:03,0.00346900,27.88000000
2018-02-23 18:15:04,0.00346500,0.70000000
2018-02-23 18:15:04,0.00346500,0.73000000
2018-02-23 18:15:04,0.00346800,11.53000000
2018-02-23 18:15:04,0.00346800,19.40000000
2018-02-23 18:15:04,0.00346900,95.57000000
2018-02-23 18:15:04,0.00346500,0.73000000
2018-02-23 18:15:05,0.00346500,0.72000000
2018-02-23 18:15:06,0.00346500,0.73000000
2018-02-23 18:15:06,0.00346500,43.36000000
2018-02-23 18:15:06,0.00346500,1.54000000
2018-02-23 18:15:06,0.00346900,3.18000000
2018-02-23 18:15:06,0.00347000,8.35000000
2018-02-23 18:15:07,0.00346500,0.73000000
2018-02-23 18:15:07,0.00346500,34.33000000
2018-02-23 18:15:07,0.00346400,40.18000000
2018-02-23 18:15:07,0.00346200,3.00000000
2018-02-23 18:15:07,0.00346100,0.75000000
2018-02-23 18:15:07,0.00346000,21.36000000
2018-02-23 18:15:07,0.00345800,24.71000000
2018-02-23 18:15:08,0.00346400,13.81000000
2018-02-23 18:15:08,0.00346900,0.58000000
2018-02-23 18:15:08,0.00347000,11.53000000
2018-02-23 18:15:08,0.00347000,37.44000000
2018-02-23 18:15:08,0.00346900,2.96000000
2018-02-23 18:15:09,0.00346900,2.94000000
2018-02-23 18:15:09,0.00347000,10.51000000
2018-02-23 18:15:09,0.00346900,1.47000000
2018-02-23 18:15:09,0.00346900,45.15000000
2018-02-23 18:15:09,0.00347000,5.23000000
2018-02-23 18:15:10,0.00347100,4.99000000
2018-02-23 18:15:10,0.00347000,1.68000000
2018-02-23 18:15:11,0.00347000,2.38000000
2018-02-23 18:15:11,0.00347000,1.46000000
2018-02-23 18:15:11,0.00347000,10.33000000
2018-02-23 18:15:11,0.00346000,1.47000000
2018-02-23 18:15:11,0.00346600,2.37000000
2018-02-23 18:15:11,0.00346000,2.49000000
2018-02-23 18:15:11,0.00345900,0.41000000
2018-02-23 18:15:11,0.00345900,0.44000000
2018-02-23 18:15:11,0.00346000,0.65000000
2018-02-23 18:15:11,0.00346000,0.49000000
2018-02-23 18:15:11,0.00345900,0.03000000
2018-02-23 18:15:12,0.00346500,3.83000000
2018-02-23 18:15:12,0.00345900,0.35000000
2018-02-23 18:15:12,0.00346400,1.07000000
2018-02-23 18:15:12,0.00346000,0.52000000
2018-02-23 18:15:12,0.00346300,1.23000000
2018-02-23 18:15:12,0.00346400,0.82000000
2018-02-23 18:15:12,0.00346000,0.54000000
2018-02-23 18:15:12,0.00346000,0.38000000
2018-02-23 18:15:12,0.00345900,1.09000000
2018-02-23 18:15:12,0.00345900,0.58000000
2018-02-23 18:15:12,0.00345900,1.46000000
2018-02-23 18:15:13,0.00345900,1.05000000
2018-02-23 18:15:13,0.00345900,7.44000000
2018-02-23 18:15:13,0.00345900,2.06000000
2018-02-23 18:15:13,0.00345900,0.64000000
2018-02-23 18:15:14,0.00345900,0.93000000
2018-02-23 18:15:14,0.00346400,28.94000000
2018-02-23 18:15:14,0.00346400,11.55000000
2018-02-23 18:15:14,0.00345900,13.44000000
2018-02-23 18:15:14,0.00345900,10.28000000
2018-02-23 18:15:14,0.00346500,3.25000000
2018-02-23 18:15:15,0.00346000,2.56000000
2018-02-23 18:15:16,0.00346400,1.88000000
2018-02-23 18:15:16,0.00345900,29.08000000
2018-02-23 18:15:16,0.00346400,0.32000000
2018-02-23 18:15:16,0.00346400,2.93000000
2018-02-23 18:15:17,0.00345900,4.09000000
2018-02-23 18:15:17,0.00346300,0.58000000
2018-02-23 18:15:17,0.00346400,6.27000000
2018-02-23 18:15:18,0.00346500,0.87000000
2018-02-23 18:15:19,0.00345900,0.96000000
2018-02-23 18:15:20,0.00345900,0.96000000
2018-02-23 18:15:20,0.00346000,28.55000000
2018-02-23 18:15:21,0.00346000,14.63000000
2018-02-23 18:15:21,0.00346100,2.31000000
2018-02-23 18:15:21,0.00345900,0.59000000
2018-02-23 18:15:21,0.00345900,0.70000000
2018-02-23 18:15:22,0.00346100,3.00000000
2018-02-23 18:15:22,0.00345900,0.35000000
2018-02-23 18:15:22,0.00345900,273.44000000
2018-02-23 18:15:22,0.00345800,85.00000000
2018-02-23 18:15:22,0.00345700,68.96000000
2018-02-23 18:15:24,0.00345800,92.69000000
2018-02-23 18:15:24,0.00345800,0.46000000
2018-02-23 18:15:24,0.00345800,12.72000000
2018-02-23 18:15:24,0.00345800,4.05000000
2018-02-23 18:15:24,0.00345800,0.97000000
2018-02-23 18:15:25,0.00345800,0.04000000
2018-02-23 18:15:25,0.00346000,0.54000000
2018-02-23 18:15:25,0.00346000,0.46000000
2018-02-23 18:15:25,0.00345700,15.23000000
2018-02-23 18:15:25,0.00345700,9.39000000
2018-02-23 18:15:25,0.00345900,13.94000000
2018-02-23 18:15:26,0.00345900,3.84000000
2018-02-23 18:15:26,0.00345900,8.66000000
2018-02-23 18:15:26,0.00345900,2.20000000
2018-02-23 18:15:26,0.00345900,13.81000000
2018-02-23 18:15:26,0.00346000,193.09000000
2018-02-23 18:15:26,0.00346100,19.60000000
2018-02-23 18:15:26,0.00346100,2.02000000
2018-02-23 18:15:27,0.00345700,2.22000000
2018-02-23 18:15:28,0.00345700,2.32000000
2018-02-23 18:15:28,0.00345700,0.48000000
2018-02-23 18:15:29,0.00346000,0.46000000
2018-02-23 18:15:29,0.00346000,0.12000000
2018-02-23 18:15:29,0.00346100,81.10000000
2018-02-23 18:15:29,0.00346200,3.82000000
2018-02-23 18:15:29,0.00345900,2.32000000
2018-02-23 18:15:30,0.00345900,0.35000000
2018-02-23 18:15:30,0.00345900,1.46000000
2018-02-23 18:15:30,0.00346000,25.87000000
2018-02-23 18:15:30,0.00346200,0.95000000
2018-02-23 18:15:30,0.00345900,2.30000000
2018-02-23 18:15:30,0.00345700,5.56000000
2018-02-23 18:15:31,0.00345600,2.94000000
2018-02-23 18:15:31,0.00346000,4.29000000
2018-02-23 18:15:32,0.00346000,0.01000000
2018-02-23 18:15:32,0.00346200,1.08000000
2018-02-23 18:15:32,0.00346000,0.76000000
2018-02-23 18:15:33,0.00346000,0.29000000
2018-02-23 18:15:34,0.00345700,1.46000000
2018-02-23 18:15:34,0.00345700,57.58000000
2018-02-23 18:15:35,0.00345700,0.79000000
2018-02-23 18:15:36,0.00345700,0.08000000
2018-02-23 18:15:37,0.00345700,14.40000000
2018-02-23 18:15:37,0.00345800,8.32000000
2018-02-23 18:15:42,0.00345700,0.91000000
2018-02-23 18:15:43,0.00345700,14.46000000
2018-02-23 18:15:43,0.00345800,2.89000000
2018-02-23 18:15:44,0.00345700,0.92000000
2018-02-23 18:15:44,0.00345600,4.34000000
2018-02-23 18:15:44,0.00345500,0.39000000
2018-02-23 18:15:45,0.00345700,0.58000000
2018-02-23 18:15:45,0.00345800,2.31000000
2018-02-23 18:15:48,0.00345800,0.32000000
2018-02-23 18:15:48,0.00345500,5.50000000
2018-02-23 18:15:50,0.00345500,5.22000000
2018-02-23 18:15:51,0.00345400,2.95000000
2018-02-23 18:15:53,0.00345700,12.43000000
2018-02-23 18:15:55,0.00345700,0.92000000
2018-02-23 18:15:55,0.00345500,4.55000000
2018-02-23 18:15:56,0.00345500,10.31000000
2018-02-23 18:15:56,0.00345500,2.18000000
2018-02-23 18:15:56,0.00345500,54.91000000
2018-02-23 18:15:57,0.00345400,11.00000000
2018-02-23 18:15:58,0.00345400,44.10000000
2018-02-23 18:15:58,0.00345400,19.00000000
2018-02-23 18:15:58,0.00345400,0.13000000
2018-02-23 18:15:58,0.00345300,0.41000000
2018-02-23 18:15:58,0.00345200,69.46000000
2018-02-23 18:16:00,0.00345400,4.13000000
2018-02-23 18:16:00,0.00345200,3.93000000
2018-02-23 18:16:00,0.00345100,83.83000000
2018-02-23 18:16:00,0.00345000,376.63000000
2018-02-23 18:16:00,0.00345400,0.32000000
2018-02-23 18:16:01,0.00345200,0.36000000
2018-02-23 18:16:01,0.00345400,0.65000000
2018-02-23 18:16:03,0.00345400,0.07000000
2018-02-23 18:16:03,0.00345400,3.90000000
2018-02-23 18:16:03,0.00345400,2.00000000
2018-02-23 18:16:04,0.00345100,37.00000000
2018-02-23 18:16:07,0.00345400,3.04000000
2018-02-23 18:16:07,0.00345100,15.78000000
2018-02-23 18:16:07,0.00345100,9.16000000
2018-02-23 18:16:11,0.00345400,209.00000000
2018-02-23 18:16:11,0.00345500,112.84000000
2018-02-23 18:16:11,0.00345600,27.00000000
2018-02-23 18:16:12,0.00345400,2.28000000
2018-02-23 18:16:12,0.00345300,1.24000000
2018-02-23 18:16:14,0.00345500,5.92000000
2018-02-23 18:16:14,0.00345500,28.58000000
2018-02-23 18:16:17,0.00345500,1.17000000
2018-02-23 18:16:17,0.00345800,0.58000000
2018-02-23 18:16:18,0.00345600,12.55000000
2018-02-23 18:16:18,0.00345500,2.80000000
2018-02-23 18:16:19,0.00345900,16.81000000
2018-02-23 18:16:20,0.00345600,1.30000000
2018-02-23 18:16:20,0.00345900,4.33000000
2018-02-23 18:16:21,0.00345600,2.92000000
2018-02-23 18:16:21,0.00346000,3.00000000
2018-02-23 18:16:24,0.00346000,0.76000000
2018-02-23 18:16:24,0.00346100,85.00000000
2018-02-23 18:16:24,0.00346100,2.56000000
2018-02-23 18:16:24,0.00346100,2.56000000
2018-02-23 18:16:24,0.00346100,1.13000000
2018-02-23 18:16:24,0.00346100,1.06000000
2018-02-23 18:16:24,0.00346100,17.41000000
2018-02-23 18:16:24,0.00346100,0.48000000
2018-02-23 18:16:25,0.00346100,6.75000000
2018-02-23 18:16:25,0.00346100,8.65000000
2018-02-23 18:16:25,0.00346100,1.06000000
2018-02-23 18:16:26,0.00346100,1.14000000
2018-02-23 18:16:26,0.00345900,1.50000000
2018-02-23 18:16:26,0.00345800,11.57000000
2018-02-23 18:16:26,0.00345700,4.61000000
2018-02-23 18:16:28,0.00345700,1.46000000
2018-02-23 18:16:30,0.00345800,8.67000000
2018-02-23 18:16:30,0.00346000,1.16000000
2018-02-23 18:16:30,0.00345800,7.51000000
2018-02-23 18:16:30,0.00345900,0.68000000
2018-02-23 18:16:31,0.00346200,16.18000000
2018-02-23 18:16:31,0.00346300,1.16000000
2018-02-23 18:16:32,0.00346200,112.26000000
2018-02-23 18:16:33,0.00346400,0.21000000
2018-02-23 18:16:36,0.00346400,3.31000000
2018-02-23 18:16:37,0.00346600,2.88000000
2018-02-23 18:16:38,0.00346500,14.50000000
2018-02-23 18:16:38,0.00346500,75.67000000
2018-02-23 18:16:38,0.00346500,9.33000000
2018-02-23 18:16:38,0.00346600,8.16000000
2018-02-23 18:16:40,0.00346300,3.04000000
2018-02-23 18:16:40,0.00346800,0.58000000
2018-02-23 18:16:45,0.00346900,4.55000000
2018-02-23 18:16:45,0.00347100,42.45000000
2018-02-23 18:16:45,0.00347200,13.32000000
2018-02-23 18:16:46,0.00346700,0.40000000
2018-02-23 18:16:46,0.00346700,16.37000000
2018-02-23 18:16:46,0.00346700,21.02000000
2018-02-23 18:16:46,0.00346700,10.42000000
2018-02-23 18:16:46,0.00346600,45.02000000
2018-02-23 18:16:47,0.00346600,241.06000000
2018-02-23 18:16:51,0.00346900,45.02000000
2018-02-23 18:16:51,0.00347000,3.19000000
2018-02-23 18:16:51,0.00347000,2.57000000
2018-02-23 18:16:51,0.00347100,32.00000000
2018-02-23 18:16:55,0.00346500,0.95000000
2018-02-23 18:16:55,0.00347000,5.17000000
2018-02-23 18:16:55,0.00347000,74.35000000
2018-02-23 18:16:56,0.00347200,3.32000000
2018-02-23 18:16:56,0.00347300,23.33000000
2018-02-23 18:16:56,0.00347400,5.16000000
2018-02-23 18:16:56,0.00346800,1.14000000
2018-02-23 18:16:57,0.00346800,0.02000000
2018-02-23 18:16:57,0.00346700,4.58000000
2018-02-23 18:16:58,0.00346900,3.22000000
2018-02-23 18:16:58,0.00347000,1.16000000
2018-02-23 18:16:58,0.00347000,1.70000000
2018-02-23 18:16:58,0.00347000,0.02000000
2018-02-23 18:16:58,0.00346700,1.69000000
2018-02-23 18:16:58,0.00346800,42.51000000
2018-02-23 18:16:58,0.00346700,73.64000000
2018-02-23 18:16:59,0.00347400,7.94000000
2018-02-23 18:16:59,0.00347000,8.64000000
2018-02-23 18:16:59,0.00347000,1.36000000
2018-02-23 18:16:59,0.00346700,0.16000000
2018-02-23 18:16:59,0.00346900,1.16000000
2018-02-23 18:16:59,0.00346800,5.76000000
2018-02-23 18:16:59,0.00346700,7.54000000
2018-02-23 18:16:59,0.00346800,2.87000000
2018-02-23 18:16:59,0.00346800,3.38000000
2018-02-23 18:17:00,0.00346800,28.82000000
2018-02-23 18:17:00,0.00346800,7.37000000
2018-02-23 18:17:00,0.00346800,0.01000000
2018-02-23 18:17:00,0.00346700,28.75000000
2018-02-23 18:17:01,0.00346700,0.88000000
2018-02-23 18:17:01,0.00347200,2.63000000
2018-02-23 18:17:01,0.00347200,3.91000000
2018-02-23 18:17:02,0.00346800,19.00000000
2018-02-23 18:17:02,0.00346900,0.45000000
2018-02-23 18:17:02,0.00346700,14.01000000
2018-02-23 18:17:02,0.00347100,37.79000000
2018-02-23 18:17:02,0.00347200,23.49000000
2018-02-23 18:17:04,0.00346800,0.93000000
2018-02-23 18:17:05,0.00346900,14.46000000
2018-02-23 18:17:06,0.00346900,0.32000000
2018-02-23 18:17:06,0.00347200,95.61000000
2018-02-23 18:17:06,0.00347200,3.67000000
2018-02-23 18:17:06,0.00347200,8.63000000
2018-02-23 18:17:07,0.00347200,0.91000000
2018-02-23 18:17:07,0.00347200,5.47000000
2018-02-23 18:17:07,0.00346900,14.46000000
2018-02-23 18:17:07,0.00346900,8.64000000
2018-02-23 18:17:07,0.00346900,6.38000000
2018-02-23 18:17:07,0.00347200,6.38000000
2018-02-23 18:17:07,0.00347300,1.16000000
2018-02-23 18:17:07,0.00347400,7.46000000
2018-02-23 18:17:07,0.00346900,0.32000000
2018-02-23 18:17:08,0.00346900,0.32000000
2018-02-23 18:17:09,0.00346900,14.46000000
2018-02-23 18:17:10,0.00347000,5.91000000
2018-02-23 18:17:10,0.00346900,0.92000000
2018-02-23 18:17:10,0.00346900,72.30000000
2018-02-23 18:17:11,0.00346900,13.87000000
2018-02-23 18:17:13,0.00346900,106.14000000
2018-02-23 18:17:13,0.00346900,14.46000000
2018-02-23 18:17:14,0.00346900,8.60000000
2018-02-23 18:17:15,0.00347400,20.89000000
2018-02-23 18:17:15,0.00347400,8.59000000
2018-02-23 18:17:17,0.00347200,0.90000000
2018-02-23 18:17:17,0.00347300,23.92000000
2018-02-23 18:17:17,0.00347400,12.40000000
2018-02-23 18:17:18,0.00347000,0.46000000
2018-02-23 18:17:18,0.00347000,0.01000000
2018-02-23 18:17:18,0.00346900,71.37000000
2018-02-23 18:17:18,0.00346900,85.84000000
2018-02-23 18:17:19,0.00346900,28.82000000
2018-02-23 18:17:19,0.00346900,4.32000000
2018-02-23 18:17:19,0.00346900,3.23000000
2018-02-23 18:17:23,0.00347300,108.92000000
2018-02-23 18:17:23,0.00347400,52.73000000
2018-02-23 18:17:23,0.00347500,493.93000000
2018-02-23 18:17:24,0.00346900,1.62000000
2018-02-23 18:17:24,0.00346900,0.57000000
2018-02-23 18:17:24,0.00346900,5.17000000
2018-02-23 18:17:26,0.00347500,98.71000000
2018-02-23 18:17:26,0.00346900,3.17000000
2018-02-23 18:17:28,0.00347000,37.63000000
2018-02-23 18:17:30,0.00347400,1.01000000
2018-02-23 18:17:31,0.00347400,2.87000000
2018-02-23 18:17:32,0.00347000,1.00000000
2018-02-23 18:17:32,0.00347400,0.98000000
2018-02-23 18:17:32,0.00347000,14.95000000
2018-02-23 18:17:34,0.00347300,5.77000000
2018-02-23 18:17:34,0.00347400,14.14000000
2018-02-23 18:17:36,0.00347400,5.75000000
2018-02-23 18:17:36,0.00347400,4.23000000
2018-02-23 18:17:43,0.00347500,0.63000000
2018-02-23 18:17:43,0.00347500,40.00000000
2018-02-23 18:17:43,0.00347400,0.95000000
2018-02-23 18:17:47,0.00347400,2.21000000
2018-02-23 18:17:48,0.00347500,1.78000000
2018-02-23 18:17:49,0.00347100,105.76000000
2018-02-23 18:17:52,0.00347100,74.33000000
2018-02-23 18:17:53,0.00347100,20.83000000
2018-02-23 18:17:53,0.00347100,2.65000000
2018-02-23 18:17:54,0.00347000,40.36000000
2018-02-23 18:17:56,0.00347100,5.91000000
2018-02-23 18:17:56,0.00347100,6.55000000
2018-02-23 18:17:56,0.00347000,26.67000000
2018-02-23 18:17:57,0.00347000,0.58000000
2018-02-23 18:17:57,0.00347000,3.04000000
2018-02-23 18:17:57,0.00347000,3.05000000
2018-02-23 18:17:57,0.00346900,3.05000000
2018-02-23 18:17:57,0.00346900,52.37000000
2018-02-23 18:17:57,0.00347000,1.00000000
2018-02-23 18:17:59,0.00346900,57.66000000
2018-02-23 18:18:02,0.00347000,28.78000000
2018-02-23 18:18:03,0.00347000,4.68000000
2018-02-23 18:18:04,0.00347000,20.86000000
2018-02-23 18:18:04,0.00346800,7.48000000
2018-02-23 18:18:04,0.00346800,1.31000000
2018-02-23 18:18:05,0.00347000,6.04000000
2018-02-23 18:18:05,0.00346800,0.38000000
2018-02-23 18:18:05,0.00347000,0.01000000
2018-02-23 18:18:05,0.00347100,3.51000000
2018-02-23 18:18:05,0.00346800,0.04000000
2018-02-23 18:18:06,0.00347100,0.94000000
2018-02-23 18:18:06,0.00347100,0.72000000
2018-02-23 18:18:07,0.00347000,1.00000000
2018-02-23 18:18:08,0.00346900,0.40000000
2018-02-23 18:18:09,0.00346500,9.28000000
2018-02-23 18:18:10,0.00346800,0.46000000
2018-02-23 18:18:10,0.00346400,1.15000000
2018-02-23 18:18:10,0.00346000,0.19000000
2018-02-23 18:18:11,0.00346500,3.94000000
2018-02-23 18:18:11,0.00346500,1.02000000
2018-02-23 18:18:11,0.00346500,0.84000000
2018-02-23 18:18:12,0.00346500,0.86000000
2018-02-23 18:18:12,0.00346800,5.29000000
2018-02-23 18:18:12,0.00346500,0.73000000
2018-02-23 18:18:12,0.00346500,0.87000000
2018-02-23 18:18:12,0.00346800,0.01000000
2018-02-23 18:18:12,0.00346900,17.33000000
2018-02-23 18:18:12,0.00346500,4.12000000
2018-02-23 18:18:12,0.00346500,1.17000000
2018-02-23 18:18:13,0.00346800,0.44000000
2018-02-23 18:18:13,0.00346800,1.17000000
2018-02-23 18:18:14,0.00346800,9.19000000
2018-02-23 18:18:14,0.00346500,0.82000000
2018-02-23 18:18:14,0.00346500,5.13000000
2018-02-23 18:18:14,0.00346500,0.87000000
2018-02-23 18:18:15,0.00346900,20.37000000
2018-02-23 18:18:17,0.00346600,14.67000000
2018-02-23 18:18:17,0.00346900,55.79000000
2018-02-23 18:18:18,0.00346600,0.43000000
2018-02-23 18:18:18,0.00346900,1.00000000
2018-02-23 18:18:19,0.00346600,2.35000000
2018-02-23 18:18:20,0.00346600,1.05000000
2018-02-23 18:18:20,0.00346600,0.64000000
2018-02-23 18:18:21,0.00346600,3.36000000
2018-02-23 18:18:22,0.00346600,2.90000000
2018-02-23 18:18:22,0.00346600,2.92000000
2018-02-23 18:18:22,0.00346900,5.65000000
2018-02-23 18:18:23,0.00346600,1.46000000
2018-02-23 18:18:23,0.00346600,13.96000000
2018-02-23 18:18:24,0.00346600,0.55000000
2018-02-23 18:18:24,0.00346600,0.66000000
2018-02-23 18:18:24,0.00346800,12.75000000
2018-02-23 18:18:24,0.00346600,6.28000000
2018-02-23 18:18:25,0.00346600,1.46000000
2018-02-23 18:18:28,0.00346600,0.88000000
2018-02-23 18:18:31,0.00346600,5.53000000
2018-02-23 18:18:35,0.00346800,12.10000000
2018-02-23 18:18:37,0.00346800,18.72000000
2018-02-23 18:18:37,0.00346700,1.13000000
2018-02-23 18:18:38,0.00346800,14.42000000
2018-02-23 18:18:38,0.00346700,2.90000000
2018-02-23 18:18:39,0.00346800,4.48000000
2018-02-23 18:18:39,0.00346900,9.93000000
2018-02-23 18:18:41,0.00346800,66.77000000
2018-02-23 18:18:41,0.00346800,14.42000000
2018-02-23 18:18:42,0.00346600,5.65000000
2018-02-23 18:18:42,0.00346900,45.89000000
2018-02-23 18:18:42,0.00347000,6.47000000
2018-02-23 18:18:43,0.00347100,14.41000000
2018-02-23 18:18:44,0.00347000,13.70000000
2018-02-23 18:18:44,0.00347200,2.58000000
2018-02-23 18:18:45,0.00346800,8.48000000
2018-02-23 18:18:46,0.00347200,3.17000000
2018-02-23 18:18:48,0.00347100,9.57000000
2018-02-23 18:18:48,0.00347200,0.34000000
2018-02-23 18:18:48,0.00347200,0.33000000
2018-02-23 18:18:48,0.00347200,0.85000000
2018-02-23 18:18:48,0.00347200,1.34000000
2018-02-23 18:18:48,0.00347200,0.56000000
2018-02-23 18:18:48,0.00347200,8.72000000
2018-02-23 18:18:48,0.00347200,1.00000000
2018-02-23 18:18:49,0.00347200,0.28000000
2018-02-23 18:18:52,0.00347200,10.42000000
2018-02-23 18:18:55,0.00347200,22.72000000
2018-02-23 18:18:58,0.00347200,10.93000000
2018-02-23 18:18:59,0.00347100,1.40000000
2018-02-23 18:19:04,0.00347100,27.32000000
2018-02-23 18:19:04,0.00347000,19.66000000
2018-02-23 18:19:06,0.00347100,37.21000000
2018-02-23 18:19:07,0.00347200,2.53000000
2018-02-23 18:19:09,0.00347200,9.10000000
2018-02-23 18:19:14,0.00347100,28.98000000
2018-02-23 18:19:14,0.00347000,32.30000000
2018-02-23 18:19:15,0.00347200,27.29000000
2018-02-23 18:19:16,0.00347200,1.12000000
2018-02-23 18:19:18,0.00347200,2.81000000
2018-02-23 18:19:24,0.00347200,0.65000000
2018-02-23 18:19:29,0.00347300,2.00000000
2018-02-23 18:19:30,0.00347300,2.87000000
2018-02-23 18:19:33,0.00347300,2.12000000
2018-02-23 18:19:33,0.00347400,0.75000000
2018-02-23 18:19:34,0.00347100,1.91000000
2018-02-23 18:19:35,0.00347100,28.80000000
2018-02-23 18:19:35,0.00347100,19.89000000
2018-02-23 18:19:45,0.00347100,25.47000000
2018-02-23 18:19:45,0.00347100,3.05000000
2018-02-23 18:19:46,0.00347400,0.29000000
2018-02-23 18:19:48,0.00347100,1.00000000
2018-02-23 18:19:48,0.00347400,1.87000000
2018-02-23 18:19:50,0.00347400,0.52000000
2018-02-23 18:19:51,0.00347400,35.94000000
2018-02-23 18:19:54,0.00347400,7.65000000
2018-02-23 18:20:06,0.00347200,67.91000000
2018-02-23 18:20:06,0.00347100,31.35000000
2018-02-23 18:20:07,0.00347400,1.57000000
2018-02-23 18:20:12,0.00347200,3.39000000
2018-02-23 18:20:12,0.00347100,12.87000000
2018-02-23 18:20:23,0.00347100,35.85000000
2018-02-23 18:20:27,0.00347000,136.01000000
2018-02-23 18:20:27,0.00347000,166.91000000
2018-02-23 18:20:27,0.00347000,151.45000000
2018-02-23 18:20:31,0.00346900,0.35000000
2018-02-23 18:20:31,0.00346800,3.95000000
2018-02-23 18:20:33,0.00346800,1.65000000
2018-02-23 18:20:36,0.00346600,0.85000000
2018-02-23 18:20:36,0.00346500,2.27000000
2018-02-23 18:20:38,0.00346500,5.80000000
2018-02-23 18:20:40,0.00346800,0.77000000
2018-02-23 18:20:40,0.00346800,3.35000000
2018-02-23 18:20:40,0.00346500,0.58000000
2018-02-23 18:20:40,0.00346500,0.73000000
2018-02-23 18:20:42,0.00346500,0.44000000
2018-02-23 18:20:43,0.00346500,5.37000000
2018-02-23 18:20:44,0.00346400,0.41000000
2018-02-23 18:20:44,0.00346400,17.03000000
2018-02-23 18:20:46,0.00346500,3.38000000
2018-02-23 18:20:47,0.00346300,0.84000000
2018-02-23 18:20:47,0.00346100,23.14000000
2018-02-23 18:20:47,0.00346100,13.56000000
2018-02-23 18:20:52,0.00346100,1.00000000
2018-02-23 18:20:52,0.00346100,6.87000000
2018-02-23 18:20:52,0.00346100,7.06000000
2018-02-23 18:20:52,0.00346100,7.06000000
2018-02-23 18:20:52,0.00346100,2.00000000
2018-02-23 18:20:53,0.00346100,0.52000000
2018-02-23 18:20:53,0.00346100,7.06000000
2018-02-23 18:20:53,0.00346100,5.50000000
2018-02-23 18:20:54,0.00346000,19.00000000
2018-02-23 18:20:55,0.00346000,11.58000000
2018-02-23 18:20:56,0.00346000,1.17000000
2018-02-23 18:20:57,0.00346000,9.67000000
2018-02-23 18:20:57,0.00346000,21.05000000
2018-02-23 18:20:57,0.00346000,1.17000000
2018-02-23 18:20:57,0.00346000,15.56000000
2018-02-23 18:20:57,0.00346100,13.69000000
2018-02-23 18:20:57,0.00346400,5.18000000
2018-02-23 18:20:57,0.00345900,4.27000000
2018-02-23 18:20:58,0.00346000,11.83000000
2018-02-23 18:20:58,0.00346400,2.76000000
2018-02-23 18:20:59,0.00346200,4.20000000
2018-02-23 18:21:02,0.00346400,24.27000000
2018-02-23 18:21:02,0.00346200,1.46000000
2018-02-23 18:21:12,0.00346300,5.44000000
2018-02-23 18:21:12,0.00346300,2.50000000
2018-02-23 18:21:12,0.00346300,8.46000000
