DATE,PRICE,VOLUME
2018-03-01 07:00:00,0.00306700,0.79000000
2018-03-01 07:00:00,0.00306700,0.79000000
2018-03-01 07:00:00,0.00306700,0.79000000
2018-03-01 07:00:01,0.00306700,0.51000000
2018-03-01 07:00:01,0.00306700,0.51000000
2018-03-01 07:00:01,0.00306700,1.60000000
2018-03-01 07:00:01,0.00306800,0.01000000
2018-03-01 07:00:02,0.00306800,30.00000000
2018-03-01 07:00:03,0.00306800,17.74000000
2018-03-01 07:00:03,0.00306900,30.00000000
2018-03-01 07:00:03,0.00306900,2.30000000
2018-03-01 07:00:04,0.00306900,16.01000000
2018-03-01 07:00:04,0.00306900,0.81000000
2018-03-01 07:00:04,0.00306900,26.24000000
2018-03-01 07:00:04,0.00307000,3.76000000
2018-03-01 07:00:06,0.00307000,24.20000000
2018-03-01 07:00:06,0.00307000,1.14000000
2018-03-01 07:00:06,0.00307000,0.81000000
2018-03-01 07:00:07,0.00307000,0.84000000
2018-03-01 07:00:07,0.00307000,0.72000000
2018-03-01 07:00:08,0.00307000,57.35000000
2018-03-01 07:00:08,0.00307200,14.31000000
2018-03-01 07:00:10,0.00307100,1.79000000
2018-03-01 07:00:10,0.00307100,0.74000000
2018-03-01 07:00:11,0.00307100,0.72000000
2018-03-01 07:00:11,0.00307100,3.26000000
2018-03-01 07:00:11,0.00307100,0.98000000
2018-03-01 07:00:12,0.00307100,24.30000000
2018-03-01 07:00:12,0.00307100,0.56000000
2018-03-01 07:00:14,0.00307200,0.33000000
2018-03-01 07:00:14,0.00307200,0.88000000
2018-03-01 07:00:14,0.00307200,30.00000000
2018-03-01 07:00:15,0.00307100,0.98000000
2018-03-01 07:00:15,0.00307100,0.80000000
2018-03-01 07:00:17,0.00307100,0.65000000
2018-03-01 07:00:18,0.00307100,0.63000000
2018-03-01 07:00:19,0.00307100,0.81000000
2018-03-01 07:00:19,0.00307100,8.14000000
2018-03-01 07:00:20,0.00307100,18.76000000
2018-03-01 07:00:20,0.00307300,13.80000000
2018-03-01 07:00:22,0.00307300,5.34000000
2018-03-01 07:00:22,0.00307300,3.90000000
2018-03-01 07:00:22,0.00306700,0.51000000
2018-03-01 07:00:25,0.00307300,0.36000000
2018-03-01 07:00:26,0.00307200,1.14000000
2018-03-01 07:00:26,0.00307200,3.36000000
2018-03-01 07:00:26,0.00307300,12.91000000
2018-03-01 07:00:27,0.00307300,4.07000000
2018-03-01 07:00:30,0.00307300,12.60000000
2018-03-01 07:00:31,0.00307300,12.60000000
2018-03-01 07:00:32,0.00307300,0.94000000
2018-03-01 07:00:34,0.00307000,1.61000000
2018-03-01 07:00:36,0.00307000,1.39000000
2018-03-01 07:00:38,0.00307000,1.39000000
2018-03-01 07:00:38,0.00307000,2.76000000
2018-03-01 07:00:39,0.00307000,0.42000000
2018-03-01 07:00:39,0.00307000,0.94000000
2018-03-01 07:00:40,0.00307000,0.65000000
2018-03-01 07:00:40,0.00307100,80.24000000
2018-03-01 07:00:41,0.00307100,152.82000000
2018-03-01 07:00:41,0.00307400,104.68000000
2018-03-01 07:00:43,0.00307400,2.60000000
2018-03-01 07:00:45,0.00307400,0.80000000
2018-03-01 07:00:45,0.00307400,14.50000000
2018-03-01 07:00:45,0.00307400,3.20000000
2018-03-01 07:00:49,0.00307400,0.80000000
2018-03-01 07:00:50,0.00307400,29.25000000
2018-03-01 07:00:50,0.00307500,32.55000000
2018-03-01 07:00:51,0.00307500,169.25000000
2018-03-01 07:00:53,0.00307700,1.00000000
2018-03-01 07:00:55,0.00307700,0.49000000
2018-03-01 07:00:55,0.00307500,59.98000000
2018-03-01 07:00:56,0.00307800,0.81000000
2018-03-01 07:00:57,0.00307500,3.38000000
2018-03-01 07:00:57,0.00307800,0.68000000
2018-03-01 07:00:58,0.00307800,0.50000000
2018-03-01 07:01:00,0.00307900,0.82000000
2018-03-01 07:01:00,0.00307900,0.81000000
2018-03-01 07:01:01,0.00307900,0.78000000
2018-03-01 07:01:03,0.00307900,6.43000000
2018-03-01 07:01:03,0.00307900,0.81000000
2018-03-01 07:01:03,0.00307900,0.48000000
2018-03-01 07:01:04,0.00307900,0.97000000
2018-03-01 07:01:05,0.00307900,13.78000000
2018-03-01 07:01:05,0.00307900,2.15000000
2018-03-01 07:01:09,0.00307900,6.97000000
2018-03-01 07:01:10,0.00307900,23.03000000
2018-03-01 07:01:11,0.00307900,2.96000000
2018-03-01 07:01:14,0.00307900,11.11000000
2018-03-01 07:01:14,0.00307900,42.00000000
2018-03-01 07:01:16,0.00307800,0.97000000
2018-03-01 07:01:17,0.00307800,0.81000000
2018-03-01 07:01:18,0.00307800,0.17000000
2018-03-01 07:01:25,0.00307800,3.67000000
2018-03-01 07:01:27,0.00307900,1.62000000
2018-03-01 07:01:29,0.00307800,7.46000000
2018-03-01 07:01:34,0.00307900,36.00000000
2018-03-01 07:01:38,0.00307900,7.36000000
2018-03-01 07:01:40,0.00307800,0.23000000
2018-03-01 07:01:40,0.00307900,31.36000000
2018-03-01 07:01:41,0.00308000,11.69000000
2018-03-01 07:01:41,0.00308000,56.95000000
2018-03-01 07:01:41,0.00307800,18.67000000
2018-03-01 07:01:42,0.00307800,27.69000000
2018-03-01 07:01:54,0.00308100,0.75000000
2018-03-01 07:01:55,0.00307800,1.61000000
2018-03-01 07:01:57,0.00307800,2.75000000
2018-03-01 07:01:57,0.00307800,2.54000000
2018-03-01 07:02:02,0.00307800,0.81000000
2018-03-01 07:02:04,0.00307800,0.81000000
2018-03-01 07:02:04,0.00307800,0.95000000
2018-03-01 07:02:06,0.00307800,3.93000000
2018-03-01 07:02:07,0.00307800,34.08000000
2018-03-01 07:02:07,0.00308100,34.14000000
2018-03-01 07:02:15,0.00308100,63.06000000
2018-03-01 07:02:15,0.00308200,307.07000000
2018-03-01 07:02:16,0.00308200,108.17000000
2018-03-01 07:02:17,0.00307600,9.73000000
2018-03-01 07:02:21,0.00308300,1.54000000
2018-03-01 07:02:26,0.00308100,9.73000000
2018-03-01 07:02:28,0.00308100,75.60000000
2018-03-01 07:02:28,0.00308100,61.15000000
2018-03-01 07:02:34,0.00308300,1.61000000
2018-03-01 07:02:37,0.00308300,7.39000000
2018-03-01 07:02:39,0.00308200,0.50000000
2018-03-01 07:02:46,0.00308300,0.73000000
2018-03-01 07:02:46,0.00308300,8.90000000
2018-03-01 07:02:47,0.00308300,16.25000000
2018-03-01 07:02:48,0.00308300,3.25000000
2018-03-01 07:02:49,0.00308300,1.00000000
2018-03-01 07:02:51,0.00308300,1.30000000
2018-03-01 07:02:52,0.00308300,3.25000000
2018-03-01 07:02:52,0.00308300,2.00000000
2018-03-01 07:02:53,0.00308300,472.10000000
2018-03-01 07:02:53,0.00308200,1.81000000
2018-03-01 07:02:54,0.00308400,1.21000000
2018-03-01 07:02:55,0.00308400,1.19000000
2018-03-01 07:02:55,0.00308200,1.00000000
2018-03-01 07:02:56,0.00308200,4.74000000
2018-03-01 07:03:05,0.00308300,3.20000000
2018-03-01 07:03:05,0.00308200,30.06000000
2018-03-01 07:03:11,0.00308200,7.10000000
2018-03-01 07:03:16,0.00308200,167.90000000
2018-03-01 07:03:16,0.00308100,154.46000000
2018-03-01 07:03:22,0.00308100,1.55000000
2018-03-01 07:03:31,0.00308500,1.30000000
2018-03-01 07:03:31,0.00308900,28.01000000
2018-03-01 07:03:31,0.00308900,9.32000000
2018-03-01 07:03:31,0.00308900,2.50000000
2018-03-01 07:03:32,0.00308900,4.26000000
2018-03-01 07:03:32,0.00308900,24.65000000
2018-03-01 07:03:32,0.00308900,2.50000000
2018-03-01 07:03:32,0.00308900,81.20000000
2018-03-01 07:03:32,0.00308900,7.73000000
2018-03-01 07:03:32,0.00308900,17.00000000
2018-03-01 07:03:32,0.00308900,1.12000000
2018-03-01 07:03:33,0.00308900,9.71000000
2018-03-01 07:03:33,0.00308900,25.55000000
2018-03-01 07:03:34,0.00308300,2.39000000
2018-03-01 07:03:34,0.00308300,1.01000000
2018-03-01 07:03:34,0.00308200,15.23000000
2018-03-01 07:03:50,0.00308300,15.23000000
2018-03-01 07:03:50,0.00308400,18.21000000
2018-03-01 07:03:57,0.00308400,113.73000000
2018-03-01 07:04:03,0.00308300,22.67000000
2018-03-01 07:04:03,0.00308300,5.00000000
2018-03-01 07:04:05,0.00308400,50.00000000
2018-03-01 07:04:17,0.00308300,5.20000000
2018-03-01 07:04:18,0.00308400,2.30000000
2018-03-01 07:04:20,0.00308400,1.90000000
2018-03-01 07:04:26,0.00308400,64.17000000
2018-03-01 07:04:26,0.00308600,5.53000000
2018-03-01 07:04:31,0.00308600,0.41000000
2018-03-01 07:04:32,0.00308400,5.00000000
2018-03-01 07:04:38,0.00308400,5.00000000
2018-03-01 07:04:39,0.00308600,1.63000000
2018-03-01 07:04:39,0.00308900,4.25000000
2018-03-01 07:04:42,0.00308600,0.87000000
2018-03-01 07:04:42,0.00308400,2.38000000
2018-03-01 07:04:43,0.00308400,0.87000000
2018-03-01 07:04:43,0.00308400,1.00000000
2018-03-01 07:04:48,0.00308800,0.80000000
2018-03-01 07:05:03,0.00308800,0.60000000
2018-03-01 07:05:08,0.00308800,0.58000000
2018-03-01 07:05:08,0.00308800,0.40000000
2018-03-01 07:05:09,0.00308400,3.01000000
2018-03-01 07:05:10,0.00308800,7.62000000
2018-03-01 07:05:11,0.00308800,3.25000000
2018-03-01 07:05:15,0.00308900,17.99000000
2018-03-01 07:05:15,0.00309000,32.11000000
2018-03-01 07:05:15,0.00308800,3.00000000
2018-03-01 07:05:17,0.00309000,22.36000000
2018-03-01 07:05:18,0.00308800,36.06000000
2018-03-01 07:05:18,0.00308500,19.88000000
2018-03-01 07:05:20,0.00308900,1.29000000
2018-03-01 07:05:32,0.00308900,18.59000000
2018-03-01 07:05:32,0.00308900,3.74000000
2018-03-01 07:05:33,0.00308900,63.74000000
2018-03-01 07:05:34,0.00308900,16.24000000
2018-03-01 07:05:36,0.00308900,17.50000000
2018-03-01 07:05:36,0.00308900,9.71000000
2018-03-01 07:05:38,0.00308900,9.71000000
2018-03-01 07:05:38,0.00309000,5.62000000
2018-03-01 07:05:38,0.00308900,0.47000000
2018-03-01 07:05:39,0.00308900,0.70000000
2018-03-01 07:05:40,0.00308900,9.71000000
2018-03-01 07:05:40,0.00309000,0.69000000
2018-03-01 07:05:42,0.00308900,1.84000000
2018-03-01 07:05:45,0.00308900,75.00000000
2018-03-01 07:05:49,0.00308900,50.00000000
2018-03-01 07:05:49,0.00308900,0.50000000
2018-03-01 07:05:58,0.00308900,15.91000000
2018-03-01 07:06:01,0.00308900,6.75000000
2018-03-01 07:06:04,0.00308900,5.68000000
2018-03-01 07:06:10,0.00309000,1.53000000
2018-03-01 07:06:13,0.00309000,18.26000000
2018-03-01 07:06:14,0.00309000,6.94000000
2018-03-01 07:06:27,0.00308900,103.48000000
2018-03-01 07:06:27,0.00308800,227.70000000
2018-03-01 07:06:30,0.00308800,32.72000000
2018-03-01 07:06:32,0.00308800,1.56000000
2018-03-01 07:06:38,0.00309000,6.47000000
2018-03-01 07:06:38,0.00309000,3.23000000
2018-03-01 07:06:40,0.00309000,0.45000000
2018-03-01 07:06:45,0.00308800,27.53000000
2018-03-01 07:06:45,0.00308700,3.65000000
2018-03-01 07:06:46,0.00309000,4.00000000
2018-03-01 07:06:48,0.00309100,3.23000000
2018-03-01 07:06:50,0.00309000,0.33000000
2018-03-01 07:06:50,0.00308800,2.90000000
2018-03-01 07:06:51,0.00308800,12.15000000
2018-03-01 07:06:51,0.00308900,2.51000000
2018-03-01 07:06:51,0.00309100,0.73000000
2018-03-01 07:07:01,0.00309100,1.03000000
2018-03-01 07:07:03,0.00308900,24.97000000
2018-03-01 07:07:05,0.00309100,4.20000000
2018-03-01 07:07:07,0.00309200,3.23000000
2018-03-01 07:07:11,0.00309200,1.72000000
2018-03-01 07:07:14,0.00309200,3.80000000
2018-03-01 07:07:14,0.00309500,7.89000000
2018-03-01 07:07:22,0.00309500,0.42000000
2018-03-01 07:07:40,0.00309500,25.84000000
2018-03-01 07:07:44,0.00309500,96.79000000
2018-03-01 07:07:46,0.00309500,35.54000000
2018-03-01 07:07:50,0.00309500,4.04000000
2018-03-01 07:07:55,0.00309100,0.80000000
2018-03-01 07:07:55,0.00309500,39.61000000
2018-03-01 07:07:59,0.00309100,33.82000000
2018-03-01 07:08:02,0.00309400,4.85000000
2018-03-01 07:08:10,0.00309400,6.46000000
2018-03-01 07:08:13,0.00309400,7.35000000
2018-03-01 07:08:13,0.00309500,953.75000000
2018-03-01 07:08:14,0.00309500,9.56000000
2018-03-01 07:08:14,0.00309500,3.24000000
2018-03-01 07:08:15,0.00309500,1.33000000
2018-03-01 07:08:16,0.00309500,1.36000000
2018-03-01 07:08:16,0.00309500,39.77000000
2018-03-01 07:08:17,0.00309500,0.56000000
2018-03-01 07:08:18,0.00309500,3.08000000
2018-03-01 07:08:23,0.00309200,1.92000000
2018-03-01 07:08:24,0.00309200,1.72000000
2018-03-01 07:08:24,0.00309200,1.24000000
2018-03-01 07:08:32,0.00309400,1.76000000
2018-03-01 07:08:34,0.00309400,16.82000000
2018-03-01 07:08:34,0.00309500,1.07000000
2018-03-01 07:08:35,0.00309500,32.31000000
2018-03-01 07:08:41,0.00309500,0.80000000
2018-03-01 07:08:45,0.00309500,8.61000000
2018-03-01 07:08:47,0.00309500,1.61000000
2018-03-01 07:08:49,0.00309500,8.16000000
2018-03-01 07:08:49,0.00309600,0.55000000
2018-03-01 07:08:50,0.00309500,1.28000000
2018-03-01 07:08:50,0.00309500,68.61000000
2018-03-01 07:08:57,0.00309600,3.22000000
2018-03-01 07:08:58,0.00309500,6.69000000
2018-03-01 07:08:59,0.00309400,2.72000000
2018-03-01 07:09:03,0.00309500,22.61000000
2018-03-01 07:09:07,0.00309500,1.96000000
2018-03-01 07:09:09,0.00309500,9.69000000
2018-03-01 07:09:15,0.00309500,3.23000000
2018-03-01 07:09:25,0.00309500,0.52000000
2018-03-01 07:09:33,0.00309500,6.46000000
2018-03-01 07:09:39,0.00309500,0.97000000
2018-03-01 07:09:42,0.00309500,22.61000000
2018-03-01 07:09:42,0.00309400,0.18000000
2018-03-01 07:09:44,0.00309400,0.26000000
2018-03-01 07:09:48,0.00309500,6.46000000
2018-03-01 07:09:49,0.00309500,2.00000000
2018-03-01 07:09:55,0.00309400,99.84000000
2018-03-01 07:09:55,0.00309400,19.39000000
2018-03-01 07:10:01,0.00309400,5.00000000
2018-03-01 07:10:07,0.00309400,6.46000000
2018-03-01 07:10:13,0.00309500,19.38000000
2018-03-01 07:10:19,0.00309400,3.00000000
2018-03-01 07:10:19,0.00309500,7.00000000
2018-03-01 07:10:21,0.00309500,9.69000000
2018-03-01 07:10:44,0.00309500,3.23000000
2018-03-01 07:10:47,0.00309400,0.60000000
2018-03-01 07:10:47,0.00309500,0.79000000
2018-03-01 07:10:50,0.00309500,6.46000000
2018-03-01 07:10:56,0.00309500,1.08000000
2018-03-01 07:11:11,0.00309500,12.92000000
2018-03-01 07:11:17,0.00309300,8.00000000
2018-03-01 07:11:17,0.00309300,2.74000000
2018-03-01 07:11:17,0.00309200,0.49000000
2018-03-01 07:11:20,0.00309200,51.13000000
2018-03-01 07:11:20,0.00309100,26.22000000
2018-03-01 07:11:22,0.00309400,0.74000000
2018-03-01 07:11:22,0.00309100,108.77000000
2018-03-01 07:11:22,0.00309000,0.70000000
2018-03-01 07:11:23,0.00309000,11.95000000
2018-03-01 07:11:32,0.00309400,1.10000000
2018-03-01 07:11:34,0.00309400,1.78000000
2018-03-01 07:11:37,0.00309500,16.15000000
2018-03-01 07:11:39,0.00309400,1.81000000
2018-03-01 07:11:44,0.00309400,3.20000000
2018-03-01 07:11:46,0.00309500,12.92000000
2018-03-01 07:11:48,0.00309500,0.81000000
2018-03-01 07:11:56,0.00309400,7.00000000
2018-03-01 07:11:58,0.00309500,6.46000000
2018-03-01 07:12:06,0.00309400,0.72000000
2018-03-01 07:12:20,0.00309100,3.27000000
2018-03-01 07:12:20,0.00308800,26.41000000
2018-03-01 07:12:21,0.00308800,0.39000000
2018-03-01 07:12:22,0.00309400,15.53000000
2018-03-01 07:12:22,0.00309500,5.98000000
2018-03-01 07:12:22,0.00309600,23.45000000
2018-03-01 07:12:22,0.00309600,4.62000000
2018-03-01 07:12:23,0.00308800,21.37000000
2018-03-01 07:12:25,0.00309000,0.43000000
2018-03-01 07:12:26,0.00309400,60.79000000
2018-03-01 07:12:26,0.00309000,15.08000000
2018-03-01 07:12:26,0.00308900,5.21000000
2018-03-01 07:12:26,0.00309600,1.03000000
2018-03-01 07:12:26,0.00309600,29.77000000
2018-03-01 07:12:26,0.00309700,6.65000000
2018-03-01 07:12:47,0.00309200,0.41000000
2018-03-01 07:12:58,0.00309200,16.75000000
2018-03-01 07:12:58,0.00309300,5.21000000
2018-03-01 07:12:58,0.00309700,70.91000000
2018-03-01 07:12:59,0.00309700,67.80000000
2018-03-01 07:13:01,0.00309300,1.86000000
2018-03-01 07:13:14,0.00309100,99.99000000
2018-03-01 07:13:14,0.00309100,4.70000000
2018-03-01 07:13:14,0.00309300,0.08000000
2018-03-01 07:13:15,0.00309300,3.16000000
2018-03-01 07:13:15,0.00309300,1.36000000
2018-03-01 07:13:15,0.00309400,1.94000000
2018-03-01 07:13:15,0.00309500,1.77000000
2018-03-01 07:13:17,0.00309500,2.35000000
2018-03-01 07:13:18,0.00309700,94.40000000
2018-03-01 07:13:18,0.00309700,0.81000000
2018-03-01 07:13:22,0.00309500,1.39000000
2018-03-01 07:13:23,0.00309500,9.69000000
2018-03-01 07:13:23,0.00309500,8.09000000
2018-03-01 07:13:23,0.00309700,2.02000000
2018-03-01 07:13:24,0.00309700,23.43000000
2018-03-01 07:13:26,0.00309300,4.90000000
2018-03-01 07:13:35,0.00309500,0.61000000
2018-03-01 07:13:36,0.00309600,1.04000000
2018-03-01 07:13:37,0.00309600,0.53000000
2018-03-01 07:13:39,0.00309600,9.66000000
2018-03-01 07:13:40,0.00309600,28.76000000
2018-03-01 07:13:49,0.00309600,0.89000000
2018-03-01 07:13:49,0.00309700,68.16000000
2018-03-01 07:13:49,0.00310000,54.99000000
2018-03-01 07:13:53,0.00310000,0.71000000
2018-03-01 07:13:55,0.00309500,4.39000000
2018-03-01 07:13:55,0.00309300,59.94000000
2018-03-01 07:13:55,0.00309100,74.10000000
2018-03-01 07:14:14,0.00309300,5.00000000
2018-03-01 07:14:14,0.00309200,4.90000000
2018-03-01 07:14:17,0.00309700,7.09000000
2018-03-01 07:15:02,0.00309600,9.68000000
2018-03-01 07:15:05,0.00309600,2.69000000
2018-03-01 07:15:06,0.00309600,8.43000000
2018-03-01 07:15:20,0.00309700,8.62000000
2018-03-01 07:15:22,0.00309800,3.00000000
2018-03-01 07:15:32,0.00309800,1.60000000
2018-03-01 07:15:33,0.00309800,0.30000000
2018-03-01 07:15:34,0.00309800,0.53000000
2018-03-01 07:15:35,0.00309800,2.37000000
2018-03-01 07:15:36,0.00309800,0.01000000
2018-03-01 07:15:36,0.00309800,13.44000000
2018-03-01 07:15:36,0.00309900,6.81000000
2018-03-01 07:15:42,0.00309600,0.13000000
2018-03-01 07:15:49,0.00309600,2.56000000
2018-03-01 07:15:49,0.00309400,1.30000000
2018-03-01 07:15:54,0.00309700,11.95000000
2018-03-01 07:15:58,0.00309900,9.68000000
2018-03-01 07:16:04,0.00309800,3.11000000
2018-03-01 07:16:04,0.00309900,0.11000000
2018-03-01 07:16:10,0.00309900,3.22000000
2018-03-01 07:16:18,0.00309700,0.39000000
2018-03-01 07:16:18,0.00309800,5.00000000
2018-03-01 07:16:34,0.00309800,103.29000000
2018-03-01 07:16:41,0.00309800,5.33000000
2018-03-01 07:16:53,0.00309800,60.33000000
2018-03-01 07:16:55,0.00309700,0.44000000
2018-03-01 07:16:58,0.00309800,27.48000000
2018-03-01 07:17:00,0.00309800,3.29000000
2018-03-01 07:17:05,0.00309800,5.00000000
2018-03-01 07:17:07,0.00309800,0.53000000
2018-03-01 07:17:08,0.00309800,1.12000000
2018-03-01 07:17:12,0.00309800,0.02000000
2018-03-01 07:17:12,0.00309900,6.18000000
2018-03-01 07:17:12,0.00310000,1.65000000
2018-03-01 07:17:15,0.00309700,2.60000000
2018-03-01 07:17:17,0.00310000,17.68000000
2018-03-01 07:17:19,0.00310000,5.88000000
2018-03-01 07:17:20,0.00310000,0.97000000
2018-03-01 07:17:20,0.00309800,0.45000000
2018-03-01 07:17:21,0.00310000,1.27000000
2018-03-01 07:17:22,0.00310000,32.27000000
2018-03-01 07:17:22,0.00310000,57.46000000
2018-03-01 07:17:30,0.00309900,32.27000000
2018-03-01 07:17:30,0.00309900,123.34000000
2018-03-01 07:17:30,0.00309900,18.30000000
2018-03-01 07:17:31,0.00309900,22.71000000
2018-03-01 07:17:31,0.00309900,2.14000000
2018-03-01 07:17:34,0.00309800,2.05000000
2018-03-01 07:17:43,0.00309800,1.54000000
2018-03-01 07:17:49,0.00309900,1.43000000
2018-03-01 07:17:51,0.00309800,0.10000000
2018-03-01 07:17:57,0.00309800,1.16000000
2018-03-01 07:18:01,0.00309900,18.22000000
2018-03-01 07:18:05,0.00309900,30.70000000
2018-03-01 07:18:06,0.00309800,122.13000000
2018-03-01 07:18:09,0.00309800,3.48000000
2018-03-01 07:18:11,0.00309900,15.65000000
2018-03-01 07:18:15,0.00309900,52.26000000
2018-03-01 07:18:18,0.00309900,26.13000000
2018-03-01 07:18:19,0.00309900,31.79000000
2018-03-01 07:18:20,0.00309900,17.20000000
2018-03-01 07:18:26,0.00309900,0.93000000
2018-03-01 07:18:41,0.00309800,42.22000000
2018-03-01 07:18:42,0.00309800,28.44000000
2018-03-01 07:18:44,0.00309600,1.89000000
2018-03-01 07:18:44,0.00309500,109.01000000
2018-03-01 07:18:44,0.00309400,64.89000000
2018-03-01 07:18:44,0.00309300,79.26000000
2018-03-01 07:18:44,0.00309200,66.50000000
2018-03-01 07:18:44,0.00309100,309.05000000
2018-03-01 07:18:46,0.00309700,4.60000000
2018-03-01 07:18:47,0.00309700,23.27000000
2018-03-01 07:18:47,0.00309800,52.61000000
2018-03-01 07:18:49,0.00309800,48.95000000
2018-03-01 07:18:50,0.00309800,3.21000000
2018-03-01 07:18:52,0.00309800,0.90000000
2018-03-01 07:18:59,0.00309800,30.37000000
2018-03-01 07:19:00,0.00309800,117.87000000
2018-03-01 07:19:00,0.00309800,16.79000000
2018-03-01 07:19:00,0.00309900,1.25000000
2018-03-01 07:19:00,0.00309900,3.20000000
2018-03-01 07:19:01,0.00309800,13.43000000
2018-03-01 07:19:02,0.00309600,11.93000000
2018-03-01 07:19:06,0.00309300,0.55000000
2018-03-01 07:19:10,0.00309800,4.80000000
2018-03-01 07:19:18,0.00309300,133.16000000
2018-03-01 07:19:18,0.00309300,0.33000000
2018-03-01 07:19:18,0.00309300,7.60000000
2018-03-01 07:19:20,0.00309300,8.49000000
2018-03-01 07:19:20,0.00309700,1.07000000
2018-03-01 07:19:24,0.00309700,3.23000000
2018-03-01 07:19:25,0.00309300,3.05000000
2018-03-01 07:19:29,0.00309700,7.56000000
2018-03-01 07:19:30,0.00309700,15.89000000
2018-03-01 07:19:36,0.00309800,13.00000000
2018-03-01 07:19:38,0.00309300,8.30000000
2018-03-01 07:19:40,0.00309700,6.46000000
2018-03-01 07:19:40,0.00309700,39.67000000
2018-03-01 07:19:43,0.00309800,19.36000000
2018-03-01 07:19:49,0.00309800,100.06000000
2018-03-01 07:19:50,0.00309800,20.45000000
2018-03-01 07:19:52,0.00309800,0.58000000
2018-03-01 07:19:55,0.00309800,93.60000000
2018-03-01 07:19:59,0.00309700,18.21000000
2018-03-01 07:20:02,0.00309700,13.18000000
2018-03-01 07:20:04,0.00309700,13.94000000
2018-03-01 07:20:05,0.00309800,10.00000000
2018-03-01 07:20:06,0.00309800,4.00000000
2018-03-01 07:20:09,0.00309800,2.17000000
2018-03-01 07:20:09,0.00309800,1.45000000
2018-03-01 07:20:13,0.00309800,6.46000000
2018-03-01 07:20:15,0.00309800,3.00000000
2018-03-01 07:20:18,0.00309800,30.51000000
2018-03-01 07:20:24,0.00309700,225.28000000
2018-03-01 07:20:27,0.00309800,57.59000000
2018-03-01 07:20:28,0.00309200,1.94000000
2018-03-01 07:20:28,0.00309100,24.60000000
2018-03-01 07:20:28,0.00309000,10.52000000
2018-03-01 07:20:28,0.00309800,38.11000000
2018-03-01 07:20:29,0.00309700,0.66000000
2018-03-01 07:20:29,0.00309700,9.33000000
2018-03-01 07:20:36,0.00309100,0.88000000
2018-03-01 07:20:36,0.00309700,16.66000000
2018-03-01 07:20:38,0.00309700,44.38000000
2018-03-01 07:20:42,0.00309700,101.31000000
2018-03-01 07:20:43,0.00309700,90.41000000
2018-03-01 07:20:43,0.00309700,2.85000000
2018-03-01 07:20:49,0.00309800,12.91000000
2018-03-01 07:21:01,0.00309800,25.82000000
2018-03-01 07:21:02,0.00309400,0.55000000
2018-03-01 07:21:02,0.00309800,43.99000000
2018-03-01 07:21:17,0.00309800,0.63000000
2018-03-01 07:21:20,0.00309800,161.39000000
2018-03-01 07:21:27,0.00309800,90.38000000
2018-03-01 07:21:28,0.00309800,5.90000000
2018-03-01 07:21:28,0.00309900,0.10000000
2018-03-01 07:21:33,0.00309900,38.72000000
2018-03-01 07:21:33,0.00309900,59.59000000
2018-03-01 07:21:35,0.00309900,3.22000000
2018-03-01 07:21:35,0.00309400,5.00000000
2018-03-01 07:21:38,0.00309400,3.04000000
2018-03-01 07:21:38,0.00309200,5.06000000
2018-03-01 07:21:43,0.00309200,1.63000000
2018-03-01 07:21:45,0.00309900,32.26000000
2018-03-01 07:21:52,0.00309900,6.69000000
2018-03-01 07:21:57,0.00309900,3.00000000
2018-03-01 07:22:01,0.00310000,136.88000000
2018-03-01 07:22:03,0.00310000,57.41000000
2018-03-01 07:22:03,0.00310000,12.90000000
2018-03-01 07:22:03,0.00309900,135.59000000
2018-03-01 07:22:09,0.00309600,2.15000000
2018-03-01 07:22:23,0.00309800,0.35000000
2018-03-01 07:22:27,0.00309600,12.00000000
2018-03-01 07:22:27,0.00309500,3.17000000
2018-03-01 07:22:28,0.00309800,41.96000000
2018-03-01 07:22:31,0.00309600,1.55000000
2018-03-01 07:22:36,0.00309600,58.96000000
2018-03-01 07:22:36,0.00309700,0.60000000
2018-03-01 07:22:36,0.00309800,67.92000000
2018-03-01 07:22:36,0.00310000,109.98000000
2018-03-01 07:22:40,0.00310000,100.00000000
2018-03-01 07:22:44,0.00310000,37.96000000
2018-03-01 07:22:50,0.00309700,0.53000000
2018-03-01 07:22:54,0.00310000,122.58000000
2018-03-01 07:22:56,0.00310000,384.75000000
2018-03-01 07:23:00,0.00310000,33.36000000
2018-03-01 07:23:00,0.00310000,67.67000000
2018-03-01 07:23:00,0.00310000,32.25000000
2018-03-01 07:23:01,0.00310000,420.05000000
2018-03-01 07:23:04,0.00310100,0.39000000
2018-03-01 07:23:07,0.00310000,1.29000000
2018-03-01 07:23:07,0.00310100,32.31000000
2018-03-01 07:23:09,0.00310100,1.29000000
2018-03-01 07:23:10,0.00310100,0.49000000
2018-03-01 07:23:11,0.00310100,4.83000000
2018-03-01 07:23:11,0.00310100,0.01000000
2018-03-01 07:23:12,0.00310100,1.28000000
2018-03-01 07:23:12,0.00310200,0.33000000
2018-03-01 07:23:12,0.00310300,17.73000000
2018-03-01 07:23:13,0.00310300,24.03000000
2018-03-01 07:23:13,0.00310300,7.64000000
2018-03-01 07:23:13,0.00310500,2.00000000
2018-03-01 07:23:13,0.00310700,0.77000000
2018-03-01 07:23:13,0.00310800,131.55000000
2018-03-01 07:23:13,0.00310900,1.85000000
2018-03-01 07:23:13,0.00311000,34.22000000
2018-03-01 07:23:15,0.00310100,2.29000000
2018-03-01 07:23:18,0.00310100,1.83000000
2018-03-01 07:23:18,0.00310200,3.75000000
2018-03-01 07:23:18,0.00310300,1.38000000
2018-03-01 07:23:19,0.00310300,8.60000000
2018-03-01 07:23:19,0.00310400,3.22000000
2018-03-01 07:23:19,0.00310300,1.83000000
2018-03-01 07:23:21,0.00310200,19.97000000
2018-03-01 07:23:22,0.00310200,2.12000000
2018-03-01 07:23:23,0.00310200,32.21000000
2018-03-01 07:23:23,0.00310200,26.07000000
2018-03-01 07:23:23,0.00310300,1.40000000
2018-03-01 07:23:23,0.00310400,12.76000000
2018-03-01 07:23:24,0.00310000,1.27000000
2018-03-01 07:23:25,0.00310400,9.66000000
2018-03-01 07:23:26,0.00310200,18.17000000
2018-03-01 07:23:29,0.00310200,7.13000000
2018-03-01 07:23:29,0.00310200,1.22000000
2018-03-01 07:23:32,0.00310200,16.25000000
2018-03-01 07:23:34,0.00310000,13.86000000
2018-03-01 07:23:38,0.00310400,1.00000000
2018-03-01 07:23:42,0.00310400,103.70000000
2018-03-01 07:23:44,0.00310000,134.84000000
2018-03-01 07:23:46,0.00310000,100.00000000
2018-03-01 07:23:48,0.00310000,6.42000000
2018-03-01 07:23:49,0.00310000,16.12000000
2018-03-01 07:23:51,0.00309900,20.00000000
2018-03-01 07:23:52,0.00309800,2.03000000
2018-03-01 07:23:52,0.00309900,0.69000000
2018-03-01 07:23:53,0.00309900,0.48000000
2018-03-01 07:23:56,0.00309900,48.40000000
2018-03-01 07:23:57,0.00309800,0.70000000
2018-03-01 07:24:00,0.00309900,0.15000000
2018-03-01 07:24:02,0.00309900,9.67000000
2018-03-01 07:24:04,0.00309900,5.97000000
2018-03-01 07:24:04,0.00309900,1.75000000
2018-03-01 07:24:07,0.00309900,1.03000000
2018-03-01 07:24:08,0.00309900,37.71000000
2018-03-01 07:24:08,0.00309700,0.65000000
2018-03-01 07:24:08,0.00309900,0.02000000
2018-03-01 07:24:08,0.00310000,19.34000000
2018-03-01 07:24:09,0.00309700,0.49000000
2018-03-01 07:24:10,0.00309700,6.43000000
2018-03-01 07:24:12,0.00309800,3.97000000
2018-03-01 07:24:13,0.00309800,8.08000000
2018-03-01 07:24:13,0.00309800,6.12000000
2018-03-01 07:24:14,0.00310000,2.41000000
2018-03-01 07:24:14,0.00310000,6.45000000
2018-03-01 07:24:15,0.00310000,10.00000000
2018-03-01 07:24:19,0.00310000,99.20000000
2018-03-01 07:24:20,0.00309800,1.50000000
2018-03-01 07:24:20,0.00310000,12.90000000
2018-03-01 07:24:25,0.00309800,9.99000000
2018-03-01 07:24:26,0.00310000,9.25000000
2018-03-01 07:24:29,0.00310000,2.31000000
2018-03-01 07:24:32,0.00310000,6.16000000
2018-03-01 07:24:32,0.00310000,15.44000000
2018-03-01 07:24:33,0.00310500,1.93000000
2018-03-01 07:24:33,0.00310700,11.81000000
2018-03-01 07:24:33,0.00310900,5.00000000
2018-03-01 07:24:33,0.00311000,115.52000000
2018-03-01 07:24:36,0.00311000,3.34000000
2018-03-01 07:24:37,0.00311000,1.29000000
2018-03-01 07:24:38,0.00310300,0.72000000
2018-03-01 07:24:45,0.00310900,0.02000000
2018-03-01 07:24:47,0.00310900,0.70000000
2018-03-01 07:24:47,0.00311000,29.97000000
2018-03-01 07:25:01,0.00310600,1.60000000
2018-03-01 07:25:02,0.00310600,11.40000000
2018-03-01 07:25:02,0.00310600,1.61000000
2018-03-01 07:25:03,0.00310600,0.79000000
2018-03-01 07:25:05,0.00310500,0.98000000
2018-03-01 07:25:06,0.00310600,0.81000000
2018-03-01 07:25:06,0.00310900,1.07000000
2018-03-01 07:25:06,0.00311000,1.85000000
2018-03-01 07:25:07,0.00311000,1.00000000
2018-03-01 07:25:13,0.00310600,17.21000000
2018-03-01 07:25:14,0.00310600,21.50000000
2018-03-01 07:25:18,0.00310500,3.86000000
2018-03-01 07:25:20,0.00310500,3.86000000
2018-03-01 07:25:22,0.00310600,5.00000000
2018-03-01 07:25:23,0.00310600,3.05000000
2018-03-01 07:25:28,0.00310600,7.08000000
2018-03-01 07:25:33,0.00310600,4.05000000
2018-03-01 07:25:35,0.00310600,7.20000000
2018-03-01 07:25:40,0.00310600,3.21000000
2018-03-01 07:25:40,0.00310500,13.28000000
2018-03-01 07:25:40,0.00310300,9.66000000
2018-03-01 07:25:40,0.00310100,3.04000000
2018-03-01 07:25:40,0.00309900,27.57000000
2018-03-01 07:25:40,0.00309800,99.95000000
2018-03-01 07:25:40,0.00309700,315.84000000
2018-03-01 07:25:40,0.00309400,32.32000000
2018-03-01 07:25:40,0.00309300,119.94000000
2018-03-01 07:25:40,0.00309000,62.72000000
2018-03-01 07:25:40,0.00309000,145.55000000
2018-03-01 07:25:40,0.00309000,17.44000000
2018-03-01 07:25:40,0.00309000,178.32000000
2018-03-01 07:25:40,0.00309000,97.03000000
2018-03-01 07:25:40,0.00309000,97.03000000
2018-03-01 07:25:40,0.00309000,48.67000000
2018-03-01 07:25:40,0.00309000,149.74000000
2018-03-01 07:25:40,0.00309000,3.22000000
2018-03-01 07:25:40,0.00309000,120.00000000
2018-03-01 07:25:40,0.00308900,3.22000000
2018-03-01 07:25:40,0.00309000,180.00000000
2018-03-01 07:25:41,0.00309000,16.18000000
2018-03-01 07:25:41,0.00309000,70.00000000
2018-03-01 07:25:41,0.00309000,24.05000000
2018-03-01 07:25:41,0.00309000,54.57000000
2018-03-01 07:25:41,0.00309000,9.70000000
2018-03-01 07:25:41,0.00309000,16.18000000
2018-03-01 07:25:41,0.00309000,2.49000000
2018-03-01 07:25:41,0.00310600,4.26000000
2018-03-01 07:25:41,0.00310500,14.17000000
2018-03-01 07:25:41,0.00310500,2.01000000
2018-03-01 07:25:41,0.00309500,0.55000000
2018-03-01 07:25:41,0.00309000,13.62000000
2018-03-01 07:25:41,0.00309000,3.21000000
2018-03-01 07:25:45,0.00309900,3.04000000
2018-03-01 07:25:45,0.00310000,3.37000000
2018-03-01 07:25:45,0.00309200,0.72000000
2018-03-01 07:25:47,0.00310000,6.29000000
2018-03-01 07:25:47,0.00310100,17.91000000
2018-03-01 07:25:49,0.00310100,3.80000000
2018-03-01 07:25:49,0.00310100,5.86000000
2018-03-01 07:25:49,0.00310200,3.80000000
2018-03-01 07:25:49,0.00309400,0.64000000
2018-03-01 07:25:49,0.00309400,12.28000000
2018-03-01 07:25:49,0.00309300,3.77000000
2018-03-01 07:25:49,0.00310100,5.11000000
2018-03-01 07:25:50,0.00310100,8.02000000
2018-03-01 07:25:53,0.00309100,11.63000000
2018-03-01 07:25:53,0.00309000,20.68000000
2018-03-01 07:25:55,0.00309500,48.48000000
2018-03-01 07:25:55,0.00309000,16.84000000
2018-03-01 07:25:56,0.00309000,16.18000000
2018-03-01 07:25:56,0.00309000,0.29000000
2018-03-01 07:25:56,0.00309400,15.40000000
2018-03-01 07:25:56,0.00309500,39.61000000
2018-03-01 07:25:56,0.00309500,8.94000000
2018-03-01 07:25:56,0.00309600,12.92000000
2018-03-01 07:25:56,0.00309900,11.38000000
2018-03-01 07:25:56,0.00310000,3.04000000
2018-03-01 07:25:56,0.00310100,103.31000000
2018-03-01 07:25:56,0.00310200,19.94000000
2018-03-01 07:25:57,0.00310200,0.01000000
2018-03-01 07:25:57,0.00310400,4.50000000
2018-03-01 07:25:57,0.00310600,2.39000000
2018-03-01 07:25:58,0.00309300,0.72000000
2018-03-01 07:26:03,0.00309700,1.14000000
2018-03-01 07:26:04,0.00309700,15.20000000
2018-03-01 07:26:07,0.00310200,0.72000000
2018-03-01 07:26:07,0.00310300,0.09000000
2018-03-01 07:26:11,0.00309700,4.81000000
2018-03-01 07:26:11,0.00309700,4.82000000
2018-03-01 07:26:11,0.00309700,4.82000000
2018-03-01 07:26:11,0.00309700,4.82000000
2018-03-01 07:26:12,0.00309600,15.40000000
2018-03-01 07:26:12,0.00309700,1.29000000
2018-03-01 07:26:13,0.00309700,6.12000000
2018-03-01 07:26:14,0.00309700,2.16000000
2018-03-01 07:26:14,0.00310000,1.06000000
2018-03-01 07:26:14,0.00310000,0.56000000
2018-03-01 07:26:14,0.00310100,0.85000000
2018-03-01 07:26:19,0.00309900,9.68000000
2018-03-01 07:26:29,0.00310400,6.44000000
2018-03-01 07:26:42,0.00309700,10.87000000
2018-03-01 07:26:43,0.00310200,10.87000000
2018-03-01 07:26:43,0.00310300,24.57000000
2018-03-01 07:26:49,0.00310300,42.33000000
2018-03-01 07:26:49,0.00310300,51.56000000
2018-03-01 07:26:49,0.00310300,7.38000000
2018-03-01 07:26:49,0.00310300,51.55000000
2018-03-01 07:26:49,0.00309800,1.10000000
2018-03-01 07:26:49,0.00309700,3.19000000
2018-03-01 07:26:49,0.00309600,15.45000000
2018-03-01 07:26:50,0.00310200,23.65000000
2018-03-01 07:26:51,0.00310000,3.22000000
2018-03-01 07:26:51,0.00310000,4.81000000
2018-03-01 07:26:53,0.00309400,3.00000000
2018-03-01 07:26:55,0.00309900,4.48000000
2018-03-01 07:26:57,0.00309900,1.52000000
2018-03-01 07:27:01,0.00309400,1.62000000
2018-03-01 07:27:01,0.00309900,4.83000000
2018-03-01 07:27:01,0.00309900,3.22000000
2018-03-01 07:27:01,0.00309900,4.59000000
2018-03-01 07:27:05,0.00310000,11.61000000
2018-03-01 07:27:07,0.00310000,6.45000000
2018-03-01 07:27:11,0.00309900,31.41000000
2018-03-01 07:27:13,0.00310000,3.67000000
2018-03-01 07:27:14,0.00310200,59.02000000
2018-03-01 07:27:16,0.00310200,5.51000000
2018-03-01 07:27:19,0.00310200,6.44000000
2018-03-01 07:27:19,0.00309900,15.63000000
2018-03-01 07:27:19,0.00309900,18.57000000
2018-03-01 07:27:20,0.00310000,1.99000000
2018-03-01 07:27:20,0.00310100,7.91000000
2018-03-01 07:27:25,0.00310000,12.90000000
2018-03-01 07:27:30,0.00310000,10.00000000
2018-03-01 07:27:30,0.00310000,5.85000000
2018-03-01 07:27:33,0.00310200,14.15000000
2018-03-01 07:27:35,0.00309600,12.92000000
2018-03-01 07:27:36,0.00309600,12.92000000
2018-03-01 07:27:37,0.00310100,6.44000000
2018-03-01 07:27:38,0.00309600,10.42000000
2018-03-01 07:27:39,0.00310100,6.48000000
2018-03-01 07:27:39,0.00310200,6.44000000
2018-03-01 07:27:39,0.00310200,13.24000000
2018-03-01 07:27:40,0.00310300,6.48000000
2018-03-01 07:27:41,0.00310300,0.60000000
2018-03-01 07:27:41,0.00310400,53.99000000
2018-03-01 07:27:42,0.00310400,6.48000000
2018-03-01 07:27:42,0.00310500,41.78000000
2018-03-01 07:27:42,0.00310500,3.38000000
2018-03-01 07:27:43,0.00310500,3.22000000
2018-03-01 07:27:44,0.00310500,1.69000000
2018-03-01 07:27:44,0.00310500,6.90000000
2018-03-01 07:27:44,0.00310500,3.22000000
2018-03-01 07:27:45,0.00310500,6.89000000
2018-03-01 07:27:46,0.00310500,4.34000000
2018-03-01 07:27:46,0.00310500,5.64000000
2018-03-01 07:27:46,0.00310500,1.64000000
2018-03-01 07:27:47,0.00310500,10.00000000
2018-03-01 07:27:47,0.00310500,117.67000000
2018-03-01 07:27:48,0.00310500,2.32000000
2018-03-01 07:27:49,0.00310200,2.70000000
2018-03-01 07:27:50,0.00310500,3.22000000
2018-03-01 07:27:51,0.00310200,10.54000000
2018-03-01 07:27:52,0.00310200,1.69000000
2018-03-01 07:27:52,0.00310200,4.01000000
2018-03-01 07:27:53,0.00310200,1.69000000
2018-03-01 07:27:53,0.00310200,119.98000000
2018-03-01 07:27:54,0.00310200,0.92000000
2018-03-01 07:27:56,0.00310200,25.14000000
2018-03-01 07:27:57,0.00310200,26.40000000
2018-03-01 07:27:57,0.00310200,3.22000000
2018-03-01 07:27:58,0.00310200,1.93000000
2018-03-01 07:28:00,0.00310200,10.53000000
2018-03-01 07:28:03,0.00310200,22.81000000
2018-03-01 07:28:03,0.00310000,30.76000000
2018-03-01 07:28:10,0.00310500,2.25000000
2018-03-01 07:28:12,0.00310500,26.05000000
2018-03-01 07:28:18,0.00310500,62.43000000
2018-03-01 07:28:18,0.00310200,1.99000000
2018-03-01 07:28:18,0.00310500,55.13000000
2018-03-01 07:28:18,0.00310600,10.05000000
2018-03-01 07:28:18,0.00310700,0.64000000
2018-03-01 07:28:18,0.00310800,0.98000000
2018-03-01 07:28:18,0.00310900,35.44000000
2018-03-01 07:28:19,0.00310900,22.72000000
2018-03-01 07:28:19,0.00311000,88.59000000
2018-03-01 07:28:20,0.00311000,16.24000000
2018-03-01 07:28:21,0.00310100,0.22000000
2018-03-01 07:28:21,0.00310900,54.84000000
2018-03-01 07:28:21,0.00311000,3.90000000
2018-03-01 07:28:43,0.00310400,2.81000000
2018-03-01 07:28:47,0.00311000,7.07000000
2018-03-01 07:29:06,0.00310900,24.74000000
2018-03-01 07:29:10,0.00310300,21.98000000
2018-03-01 07:29:10,0.00310100,1.07000000
2018-03-01 07:29:10,0.00310000,1.09000000
2018-03-01 07:29:12,0.00310600,1.09000000
2018-03-01 07:29:12,0.00310700,25.01000000
2018-03-01 07:29:12,0.00310800,0.40000000
2018-03-01 07:29:17,0.00310800,0.32000000
2018-03-01 07:29:17,0.00310900,16.55000000
2018-03-01 07:29:17,0.00311000,148.48000000
2018-03-01 07:29:18,0.00311000,16.08000000
2018-03-01 07:29:18,0.00311000,92.32000000
2018-03-01 07:29:18,0.00311000,30.32000000
2018-03-01 07:29:19,0.00310800,2.00000000
2018-03-01 07:29:20,0.00311100,0.55000000
2018-03-01 07:29:20,0.00311100,1.20000000
2018-03-01 07:29:20,0.00311200,16.25000000
2018-03-01 07:29:21,0.00311200,10.00000000
2018-03-01 07:29:22,0.00311200,2.74000000
2018-03-01 07:29:22,0.00311200,0.82000000
2018-03-01 07:29:22,0.00311200,51.00000000
2018-03-01 07:29:23,0.00311200,6.78000000
2018-03-01 07:29:23,0.00311200,57.50000000
2018-03-01 07:29:23,0.00311200,11.00000000
2018-03-01 07:29:23,0.00311200,18.62000000
2018-03-01 07:29:24,0.00311200,14.12000000
2018-03-01 07:29:24,0.00311200,51.00000000
2018-03-01 07:29:24,0.00311200,6.42000000
2018-03-01 07:29:26,0.00311200,3.21000000
2018-03-01 07:29:31,0.00311100,7.79000000
2018-03-01 07:29:36,0.00311200,19.99000000
2018-03-01 07:29:37,0.00311200,10.00000000
2018-03-01 07:29:43,0.00311200,20.00000000
2018-03-01 07:29:45,0.00311200,6.36000000
2018-03-01 07:29:47,0.00311200,6.36000000
2018-03-01 07:29:48,0.00311200,104.45000000
2018-03-01 07:29:49,0.00311200,28.45000000
2018-03-01 07:29:49,0.00311200,32.13000000
2018-03-01 07:29:50,0.00311200,387.64000000
2018-03-01 07:29:55,0.00310800,0.61000000
2018-03-01 07:29:55,0.00311100,8.44000000
2018-03-01 07:29:55,0.00311200,13.32000000
2018-03-01 07:29:57,0.00310400,1.43000000
2018-03-01 07:29:59,0.00311000,20.00000000
2018-03-01 07:29:59,0.00311200,122.55000000
2018-03-01 07:30:00,0.00310500,1.30000000
2018-03-01 07:30:01,0.00310500,4.61000000
2018-03-01 07:30:01,0.00311200,108.73000000
2018-03-01 07:30:01,0.00311500,2.00000000
2018-03-01 07:30:03,0.00311200,13.66000000
2018-03-01 07:30:04,0.00311200,0.74000000
2018-03-01 07:30:04,0.00311500,2.31000000
2018-03-01 07:30:04,0.00311700,9.27000000
2018-03-01 07:30:04,0.00311900,9.00000000
2018-03-01 07:30:04,0.00312000,38.50000000
2018-03-01 07:30:04,0.00312100,41.02000000
2018-03-01 07:30:08,0.00312000,4.50000000
2018-03-01 07:30:08,0.00312100,22.19000000
2018-03-01 07:30:09,0.00312000,1.03000000
2018-03-01 07:30:11,0.00312000,3.47000000
2018-03-01 07:30:20,0.00312000,2.00000000
2018-03-01 07:30:24,0.00311300,9.63000000
2018-03-01 07:30:24,0.00311200,3.21000000
2018-03-01 07:30:27,0.00311800,15.54000000
2018-03-01 07:30:27,0.00311900,4.08000000
2018-03-01 07:30:27,0.00312000,1.12000000
2018-03-01 07:30:28,0.00312000,29.35000000
2018-03-01 07:30:28,0.00312100,114.63000000
2018-03-01 07:30:29,0.00311300,0.42000000
2018-03-01 07:30:29,0.00311300,7.82000000
2018-03-01 07:30:34,0.00312000,0.80000000
2018-03-01 07:30:37,0.00312000,53.84000000
2018-03-01 07:30:37,0.00312100,104.48000000
2018-03-01 07:30:37,0.00312400,120.00000000
2018-03-01 07:30:37,0.00312500,672.01000000
2018-03-01 07:30:37,0.00312600,4.01000000
2018-03-01 07:30:37,0.00312600,8.28000000
2018-03-01 07:30:37,0.00312600,2.34000000
2018-03-01 07:30:37,0.00311300,8.27000000
2018-03-01 07:30:37,0.00311300,1.36000000
2018-03-01 07:30:37,0.00311200,9.26000000
2018-03-01 07:30:43,0.00311700,1.28000000
2018-03-01 07:30:43,0.00311700,7.32000000
2018-03-01 07:30:43,0.00311800,9.63000000
2018-03-01 07:30:43,0.00311900,62.91000000
2018-03-01 07:30:43,0.00312400,8.64000000
2018-03-01 07:30:43,0.00312600,10.00000000
2018-03-01 07:30:43,0.00312900,29.19000000
2018-03-01 07:30:46,0.00311900,7.24000000
2018-03-01 07:30:47,0.00311300,0.81000000
2018-03-01 07:30:48,0.00311200,0.81000000
2018-03-01 07:30:49,0.00311300,3.21000000
2018-03-01 07:30:59,0.00311400,0.51000000
2018-03-01 07:31:01,0.00311900,3.20000000
2018-03-01 07:31:03,0.00311900,0.80000000
2018-03-01 07:31:05,0.00311900,2.46000000
2018-03-01 07:31:08,0.00311800,1.60000000
2018-03-01 07:31:08,0.00311900,1.60000000
2018-03-01 07:31:13,0.00311400,42.96000000
2018-03-01 07:31:14,0.00311400,67.47000000
2018-03-01 07:31:15,0.00311400,38.76000000
2018-03-01 07:31:17,0.00311200,1.93000000
2018-03-01 07:31:18,0.00311200,6.08000000
2018-03-01 07:31:19,0.00311200,1.00000000
2018-03-01 07:31:19,0.00310900,0.49000000
2018-03-01 07:31:19,0.00310900,0.15000000
2018-03-01 07:31:20,0.00311200,2.21000000
2018-03-01 07:31:20,0.00311300,54.77000000
2018-03-01 07:31:20,0.00311500,31.82000000
2018-03-01 07:31:20,0.00311800,2.59000000
2018-03-01 07:31:20,0.00311900,32.55000000
2018-03-01 07:31:20,0.00311900,0.61000000
2018-03-01 07:31:20,0.00311900,11.00000000
2018-03-01 07:31:20,0.00311900,0.41000000
2018-03-01 07:31:20,0.00311900,38.47000000
2018-03-01 07:31:21,0.00311900,156.08000000
2018-03-01 07:31:21,0.00311500,0.81000000
2018-03-01 07:31:21,0.00311500,2.23000000
2018-03-01 07:31:21,0.00311300,9.63000000
2018-03-01 07:31:21,0.00311000,27.24000000
2018-03-01 07:31:21,0.00310900,63.84000000
2018-03-01 07:31:21,0.00310800,85.77000000
2018-03-01 07:31:22,0.00311000,1.78000000
2018-03-01 07:31:22,0.00311000,0.81000000
2018-03-01 07:31:22,0.00311000,0.39000000
2018-03-01 07:31:22,0.00311000,0.72000000
2018-03-01 07:31:25,0.00311000,0.42000000
2018-03-01 07:31:26,0.00311000,0.39000000
2018-03-01 07:31:27,0.00311000,0.46000000
2018-03-01 07:31:27,0.00311400,0.47000000
2018-03-01 07:31:28,0.00311200,63.84000000
2018-03-01 07:31:28,0.00311300,54.77000000
2018-03-01 07:31:28,0.00311600,9.08000000
2018-03-01 07:31:28,0.00311000,0.65000000
2018-03-01 07:31:29,0.00311000,0.87000000
2018-03-01 07:31:29,0.00311100,15.20000000
2018-03-01 07:31:29,0.00311000,0.72000000
2018-03-01 07:31:29,0.00311000,1.30000000
2018-03-01 07:31:29,0.00311000,0.94000000
2018-03-01 07:31:29,0.00311000,0.62000000
2018-03-01 07:31:29,0.00311100,15.20000000
2018-03-01 07:31:30,0.00311100,0.66000000
2018-03-01 07:31:30,0.00311100,1.69000000
2018-03-01 07:31:34,0.00311100,12.89000000
2018-03-01 07:31:34,0.00311000,7.11000000
2018-03-01 07:31:35,0.00311200,9.81000000
2018-03-01 07:31:38,0.00311600,29.73000000
2018-03-01 07:31:38,0.00311600,0.82000000
2018-03-01 07:31:38,0.00311600,1.73000000
2018-03-01 07:31:39,0.00311100,4.00000000
2018-03-01 07:31:40,0.00311000,252.22000000
2018-03-01 07:31:42,0.00310800,0.43000000
2018-03-01 07:31:44,0.00310400,0.81000000
2018-03-01 07:31:44,0.00310400,2.18000000
2018-03-01 07:31:44,0.00310400,0.65000000
2018-03-01 07:31:45,0.00310500,17.43000000
2018-03-01 07:31:45,0.00310400,1.22000000
2018-03-01 07:31:45,0.00310400,2.18000000
2018-03-01 07:31:45,0.00310400,1.14000000
2018-03-01 07:31:46,0.00310500,1.33000000
2018-03-01 07:31:46,0.00310500,5.34000000
2018-03-01 07:31:46,0.00310500,0.58000000
2018-03-01 07:31:46,0.00310400,0.40000000
2018-03-01 07:31:46,0.00310700,2.02000000
2018-03-01 07:31:47,0.00310400,0.33000000
2018-03-01 07:31:48,0.00310400,0.84000000
2018-03-01 07:31:48,0.00310700,2.00000000
2018-03-01 07:31:48,0.00310800,1.30000000
2018-03-01 07:31:48,0.00311000,3.11000000
2018-03-01 07:31:49,0.00311000,1.84000000
2018-03-01 07:31:49,0.00310400,0.88000000
2018-03-01 07:31:49,0.00310400,4.23000000
2018-03-01 07:31:49,0.00310400,1.61000000
2018-03-01 07:31:51,0.00310500,0.81000000
2018-03-01 07:31:53,0.00310700,1.48000000
2018-03-01 07:31:55,0.00311000,32.17000000
2018-03-01 07:31:55,0.00311000,6.49000000
2018-03-01 07:31:55,0.00310800,0.81000000
2018-03-01 07:31:55,0.00310800,1.63000000
2018-03-01 07:31:56,0.00311000,0.52000000
2018-03-01 07:31:56,0.00311000,12.74000000
2018-03-01 07:31:56,0.00311000,20.85000000
2018-03-01 07:31:56,0.00311000,15.70000000
2018-03-01 07:31:56,0.00310900,0.98000000
2018-03-01 07:31:57,0.00310900,0.75000000
2018-03-01 07:31:58,0.00311000,0.81000000
2018-03-01 07:31:59,0.00311000,1.53000000
2018-03-01 07:31:59,0.00311000,72.67000000
2018-03-01 07:32:00,0.00311000,4.91000000
2018-03-01 07:32:03,0.00310900,0.98000000
2018-03-01 07:32:10,0.00311000,0.35000000
2018-03-01 07:32:17,0.00310600,0.68000000
2018-03-01 07:32:18,0.00311000,31.83000000
2018-03-01 07:32:22,0.00310800,0.35000000
2018-03-01 07:32:22,0.00311000,17.22000000
2018-03-01 07:32:26,0.00311000,19.57000000
2018-03-01 07:32:28,0.00311000,26.59000000
2018-03-01 07:32:30,0.00310600,2.46000000
2018-03-01 07:32:33,0.00311000,33.15000000
2018-03-01 07:32:33,0.00311200,29.25000000
2018-03-01 07:32:33,0.00311400,1.53000000
2018-03-01 07:32:33,0.00312000,3.65000000
2018-03-01 07:32:33,0.00312300,0.64000000
2018-03-01 07:32:33,0.00312700,5.44000000
2018-03-01 07:32:33,0.00312900,120.00000000
2018-03-01 07:32:33,0.00313000,56.34000000
2018-03-01 07:32:33,0.00313000,41.60000000
2018-03-01 07:32:44,0.00311400,4.40000000
2018-03-01 07:32:50,0.00311500,3.10000000
2018-03-01 07:32:50,0.00311400,10.85000000
2018-03-01 07:32:50,0.00311300,19.87000000
2018-03-01 07:32:55,0.00311300,0.34000000
2018-03-01 07:32:55,0.00311300,0.88000000
2018-03-01 07:32:59,0.00311800,2.73000000
2018-03-01 07:33:03,0.00311800,12.67000000
2018-03-01 07:33:04,0.00311400,18.08000000
2018-03-01 07:33:04,0.00311000,3.53000000
2018-03-01 07:33:04,0.00310900,27.32000000
2018-03-01 07:33:04,0.00310800,69.88000000
2018-03-01 07:33:10,0.00311200,6.72000000
2018-03-01 07:33:16,0.00311200,9.64000000
2018-03-01 07:33:20,0.00311700,3.65000000
2018-03-01 07:33:21,0.00311200,0.98000000
2018-03-01 07:33:22,0.00311200,24.48000000
2018-03-01 07:33:22,0.00310900,32.13000000
2018-03-01 07:33:24,0.00310900,2.05000000
2018-03-01 07:33:32,0.00310900,10.35000000
2018-03-01 07:33:35,0.00310900,11.55000000
2018-03-01 07:33:42,0.00311100,24.62000000
2018-03-01 07:33:49,0.00310900,36.55000000
2018-03-01 07:33:53,0.00311100,14.12000000
2018-03-01 07:33:53,0.00311600,83.84000000
2018-03-01 07:33:53,0.00310900,2.26000000
2018-03-01 07:33:55,0.00311700,87.37000000
2018-03-01 07:33:55,0.00311800,9.63000000
2018-03-01 07:33:55,0.00312000,32.61000000
2018-03-01 07:33:55,0.00312200,3.04000000
2018-03-01 07:33:55,0.00312400,1.15000000
2018-03-01 07:33:58,0.00311700,0.61000000
2018-03-01 07:34:00,0.00311200,16.13000000
2018-03-01 07:34:32,0.00311200,10.47000000
2018-03-01 07:34:32,0.00311100,4.79000000
2018-03-01 07:34:34,0.00311700,0.14000000
2018-03-01 07:34:39,0.00311300,9.63000000
2018-03-01 07:34:48,0.00311300,2.50000000
2018-03-01 07:35:08,0.00311900,3.72000000
2018-03-01 07:35:15,0.00311400,7.06000000
2018-03-01 07:35:17,0.00311400,20.40000000
2018-03-01 07:35:17,0.00311300,47.03000000
2018-03-01 07:35:22,0.00311400,27.46000000
2018-03-01 07:35:24,0.00311400,9.63000000
2018-03-01 07:35:27,0.00311400,5.61000000
2018-03-01 07:35:32,0.00311500,1.00000000
2018-03-01 07:35:37,0.00311400,19.26000000
2018-03-01 07:35:42,0.00311300,0.50000000
2018-03-01 07:35:43,0.00311300,2.75000000
2018-03-01 07:35:48,0.00311300,1.28000000
2018-03-01 07:35:50,0.00311300,1.28000000
2018-03-01 07:35:53,0.00311300,1.28000000
2018-03-01 07:35:57,0.00311500,0.35000000
2018-03-01 07:36:00,0.00311500,0.33000000
2018-03-01 07:36:05,0.00311300,0.52000000
2018-03-01 07:36:05,0.00311300,0.36000000
2018-03-01 07:36:09,0.00311500,0.36000000
2018-03-01 07:36:10,0.00311300,124.16000000
2018-03-01 07:36:16,0.00311300,3.73000000
2018-03-01 07:36:20,0.00311300,44.97000000
2018-03-01 07:36:20,0.00311300,2.62000000
2018-03-01 07:36:20,0.00311300,67.82000000
2018-03-01 07:36:21,0.00311200,3.87000000
2018-03-01 07:36:24,0.00311200,9.47000000
2018-03-01 07:36:24,0.00310900,3.34000000
2018-03-01 07:36:26,0.00311300,0.80000000
2018-03-01 07:36:28,0.00311300,1.57000000
2018-03-01 07:36:30,0.00311200,16.01000000
2018-03-01 07:36:36,0.00311200,2.10000000
2018-03-01 07:36:36,0.00310900,19.90000000
2018-03-01 07:36:40,0.00310900,25.63000000
2018-03-01 07:36:40,0.00310900,1.14000000
2018-03-01 07:36:40,0.00310900,6.58000000
2018-03-01 07:36:40,0.00310800,1.28000000
2018-03-01 07:36:44,0.00310800,0.01000000
2018-03-01 07:36:44,0.00310800,1.00000000
2018-03-01 07:37:10,0.00310500,1.76000000
2018-03-01 07:37:12,0.00311200,5.52000000
2018-03-01 07:37:18,0.00311200,4.12000000
2018-03-01 07:37:25,0.00311200,3.22000000
2018-03-01 07:37:25,0.00311300,1.23000000
2018-03-01 07:37:25,0.00311500,18.08000000
2018-03-01 07:37:26,0.00311500,8.00000000
2018-03-01 07:37:26,0.00311500,0.01000000
2018-03-01 07:37:26,0.00310800,7.77000000
2018-03-01 07:37:33,0.00310900,1.29000000
2018-03-01 07:37:35,0.00311000,1.29000000
2018-03-01 07:37:40,0.00311300,2.88000000
2018-03-01 07:37:40,0.00311400,14.94000000
2018-03-01 07:37:41,0.00311400,0.74000000
2018-03-01 07:37:41,0.00311000,96.99000000
2018-03-01 07:37:43,0.00311000,8.95000000
2018-03-01 07:37:57,0.00311400,1.18000000
2018-03-01 07:37:57,0.00311000,1.07000000
2018-03-01 07:37:58,0.00311400,27.19000000
2018-03-01 07:37:59,0.00311000,3.83000000
2018-03-01 07:38:00,0.00311400,76.48000000
2018-03-01 07:38:00,0.00311500,7.77000000
2018-03-01 07:38:00,0.00311900,6.83000000
2018-03-01 07:38:00,0.00312200,0.64000000
2018-03-01 07:38:00,0.00312300,3.16000000
2018-03-01 07:38:00,0.00312400,39.49000000
2018-03-01 07:38:03,0.00311400,3.21000000
2018-03-01 07:38:05,0.00311600,6.41000000
2018-03-01 07:38:05,0.00311200,3.18000000
2018-03-01 07:38:07,0.00312000,2.14000000
2018-03-01 07:38:08,0.00311500,26.62000000
2018-03-01 07:38:09,0.00311400,12.84000000
2018-03-01 07:38:11,0.00311900,0.12000000
2018-03-01 07:38:13,0.00311900,5.92000000
2018-03-01 07:38:15,0.00311400,3.76000000
2018-03-01 07:38:22,0.00311400,25.69000000
2018-03-01 07:38:28,0.00311400,25.69000000
2018-03-01 07:38:32,0.00311400,0.58000000
2018-03-01 07:38:33,0.00311400,69.61000000
2018-03-01 07:38:34,0.00311400,14.53000000
2018-03-01 07:38:34,0.00311300,7.94000000
2018-03-01 07:38:36,0.00311900,3.20000000
2018-03-01 07:38:42,0.00311600,3.08000000
2018-03-01 07:38:47,0.00311400,3.37000000
2018-03-01 07:38:47,0.00311300,10.16000000
2018-03-01 07:38:47,0.00311100,0.64000000
2018-03-01 07:38:47,0.00311000,11.44000000
2018-03-01 07:38:51,0.00311000,0.94000000
2018-03-01 07:38:58,0.00311000,1.30000000
2018-03-01 07:39:07,0.00311900,32.04000000
2018-03-01 07:39:07,0.00311900,23.28000000
2018-03-01 07:39:07,0.00311900,95.78000000
2018-03-01 07:39:08,0.00311100,115.49000000
2018-03-01 07:39:08,0.00311100,0.53000000
2018-03-01 07:39:08,0.00311000,2.68000000
2018-03-01 07:39:15,0.00311100,0.80000000
2018-03-01 07:39:29,0.00312000,1.41000000
2018-03-01 07:39:29,0.00312100,14.39000000
2018-03-01 07:39:34,0.00311500,12.84000000
2018-03-01 07:39:39,0.00312200,12.84000000
2018-03-01 07:39:39,0.00312200,27.15000000
2018-03-01 07:39:39,0.00311200,15.53000000
2018-03-01 07:39:39,0.00311100,11.62000000
2018-03-01 07:39:48,0.00311500,2.00000000
2018-03-01 07:39:50,0.00311400,2.25000000
2018-03-01 07:39:50,0.00311300,9.63000000
2018-03-01 07:39:50,0.00311100,3.19000000
2018-03-01 07:39:51,0.00311100,16.07000000
2018-03-01 07:39:51,0.00311000,9.80000000
2018-03-01 07:39:51,0.00311100,1.00000000
2018-03-01 07:39:52,0.00311100,16.07000000
2018-03-01 07:39:52,0.00311000,0.80000000
2018-03-01 07:39:52,0.00311100,8.92000000
2018-03-01 07:39:53,0.00311300,9.33000000
2018-03-01 07:40:05,0.00311800,0.93000000
2018-03-01 07:40:05,0.00311300,12.00000000
2018-03-01 07:40:11,0.00311300,5.48000000
2018-03-01 07:40:12,0.00311300,0.05000000
2018-03-01 07:40:16,0.00311600,0.80000000
2018-03-01 07:40:28,0.00311300,8.68000000
2018-03-01 07:40:32,0.00311400,4.48000000
2018-03-01 07:40:40,0.00311400,70.28000000
2018-03-01 07:40:40,0.00311300,42.59000000
2018-03-01 07:40:50,0.00311300,2.48000000
2018-03-01 07:40:55,0.00311300,82.43000000
2018-03-01 07:40:55,0.00311200,8.21000000
2018-03-01 07:40:58,0.00311300,4.00000000
2018-03-01 07:40:59,0.00311200,0.50000000
2018-03-01 07:41:08,0.00311100,11.97000000
2018-03-01 07:41:10,0.00311200,0.80000000
2018-03-01 07:41:12,0.00311100,0.91000000
2018-03-01 07:41:12,0.00311000,17.05000000
2018-03-01 07:41:27,0.00311000,32.25000000
2018-03-01 07:41:32,0.00311100,6.51000000
2018-03-01 07:41:37,0.00311000,5.41000000
2018-03-01 07:41:37,0.00311100,3.21000000
2018-03-01 07:41:37,0.00311100,70.36000000
2018-03-01 07:41:47,0.00311100,10.27000000
2018-03-01 07:41:48,0.00311100,1.76000000
2018-03-01 07:42:10,0.00311100,31.93000000
2018-03-01 07:42:18,0.00311100,134.49000000
2018-03-01 07:42:21,0.00311100,7.71000000
2018-03-01 07:42:31,0.00311100,3.90000000
2018-03-01 07:42:34,0.00311100,0.02000000
2018-03-01 07:42:41,0.00311100,1.25000000
2018-03-01 07:42:46,0.00311000,9.64000000
2018-03-01 07:42:49,0.00311100,59.77000000
2018-03-01 07:42:51,0.00311100,8.59000000
2018-03-01 07:42:51,0.00311000,61.13000000
2018-03-01 07:42:52,0.00311100,117.26000000
2018-03-01 07:42:58,0.00311000,1.01000000
2018-03-01 07:43:01,0.00310800,3.26000000
2018-03-01 07:43:01,0.00310800,0.98000000
2018-03-01 07:43:02,0.00310900,8.19000000
2018-03-01 07:43:05,0.00310800,0.81000000
2018-03-01 07:43:07,0.00310800,21.96000000
2018-03-01 07:43:12,0.00310800,32.93000000
2018-03-01 07:43:14,0.00310800,48.76000000
2018-03-01 07:43:16,0.00310800,15.66000000
2018-03-01 07:43:18,0.00310600,30.87000000
2018-03-01 07:43:22,0.00310800,0.34000000
2018-03-01 07:43:22,0.00310800,0.81000000
2018-03-01 07:43:23,0.00310800,0.14000000
2018-03-01 07:43:24,0.00310700,1.29000000
2018-03-01 07:43:25,0.00310700,13.36000000
2018-03-01 07:43:26,0.00310700,1.29000000
2018-03-01 07:43:28,0.00310700,0.99000000
2018-03-01 07:43:28,0.00310700,0.30000000
2018-03-01 07:43:28,0.00310600,0.04000000
2018-03-01 07:43:30,0.00311000,3.49000000
2018-03-01 07:43:32,0.00311000,2.57000000
2018-03-01 07:43:35,0.00311000,2.57000000
2018-03-01 07:43:44,0.00310500,0.65000000
2018-03-01 07:43:44,0.00311000,11.96000000
2018-03-01 07:43:46,0.00311100,6.39000000
2018-03-01 07:43:54,0.00311100,11.23000000
2018-03-01 07:43:59,0.00311100,107.90000000
2018-03-01 07:43:59,0.00311000,8.24000000
2018-03-01 07:43:59,0.00310500,12.66000000
2018-03-01 07:43:59,0.00310400,79.10000000
2018-03-01 07:44:06,0.00311000,1.29000000
2018-03-01 07:44:09,0.00311000,1.29000000
2018-03-01 07:45:10,0.00310900,10.09000000
2018-03-01 07:45:10,0.00310600,5.96000000
2018-03-01 07:45:24,0.00310700,1.40000000
2018-03-01 07:45:24,0.00310500,18.78000000
2018-03-01 07:45:33,0.00311000,55.72000000
2018-03-01 07:45:52,0.00310900,9.65000000
2018-03-01 07:45:52,0.00310900,58.28000000
2018-03-01 07:45:52,0.00311000,703.27000000
2018-03-01 07:45:55,0.00311000,1.29000000
2018-03-01 07:45:59,0.00311000,1.29000000
2018-03-01 07:46:03,0.00310900,9.65000000
2018-03-01 07:46:04,0.00310900,88.33000000
2018-03-01 07:46:12,0.00310800,3.09000000
2018-03-01 07:46:17,0.00310800,1.38000000
2018-03-01 07:46:18,0.00310800,1.00000000
2018-03-01 07:46:18,0.00310800,2.58000000
2018-03-01 07:46:18,0.00310800,1.60000000
2018-03-01 07:46:18,0.00310700,307.22000000
2018-03-01 07:46:18,0.00310700,20.00000000
2018-03-01 07:46:19,0.00310700,81.01000000
2018-03-01 07:46:19,0.00310700,8.40000000
2018-03-01 07:46:20,0.00310700,48.60000000
2018-03-01 07:46:22,0.00310600,0.97000000
2018-03-01 07:46:24,0.00310500,5.59000000
2018-03-01 07:46:26,0.00310500,68.46000000
2018-03-01 07:46:32,0.00310800,5.19000000
2018-03-01 07:46:32,0.00310900,18.98000000
2018-03-01 07:46:32,0.00310500,195.96000000
2018-03-01 07:46:47,0.00310900,172.11000000
2018-03-01 07:46:49,0.00310500,30.47000000
2018-03-01 07:46:49,0.00310900,14.45000000
2018-03-01 07:46:56,0.00310900,29.22000000
2018-03-01 07:47:02,0.00310500,0.55000000
2018-03-01 07:47:02,0.00310500,4.95000000
2018-03-01 07:47:02,0.00310800,1.56000000
2018-03-01 07:47:35,0.00310800,7.58000000
2018-03-01 07:47:55,0.00310800,1.22000000
2018-03-01 07:47:56,0.00310800,1.29000000
2018-03-01 07:47:59,0.00310800,2.84000000
2018-03-01 07:48:08,0.00310600,8.36000000
2018-03-01 07:48:18,0.00310500,2.95000000
2018-03-01 07:48:25,0.00310700,0.50000000
2018-03-01 07:48:45,0.00310700,4.80000000
2018-03-01 07:48:50,0.00310600,4.33000000
2018-03-01 07:48:59,0.00310600,6.66000000
2018-03-01 07:48:59,0.00310600,18.98000000
2018-03-01 07:49:03,0.00310600,24.41000000
2018-03-01 07:49:03,0.00310600,17.00000000
2018-03-01 07:49:03,0.00310600,17.00000000
2018-03-01 07:49:09,0.00310500,29.19000000
2018-03-01 07:49:15,0.00310500,0.54000000
2018-03-01 07:49:19,0.00310400,19.17000000
2018-03-01 07:49:20,0.00310400,35.00000000
2018-03-01 07:49:28,0.00310500,14.00000000
2018-03-01 07:49:29,0.00310400,7.83000000
2018-03-01 07:49:29,0.00310500,50.00000000
2018-03-01 07:49:29,0.00310500,7.55000000
2018-03-01 07:49:29,0.00310500,7.81000000
2018-03-01 07:49:33,0.00310500,4.68000000
2018-03-01 07:49:34,0.00310700,1.40000000
2018-03-01 07:49:34,0.00310700,2.63000000
2018-03-01 07:49:41,0.00310500,945.06000000
2018-03-01 07:49:49,0.00310500,50.00000000
2018-03-01 07:49:51,0.00310500,149.16000000
2018-03-01 07:49:52,0.00310500,43.89000000
2018-03-01 07:49:57,0.00310400,9.80000000
2018-03-01 07:49:59,0.00310400,1.60000000
2018-03-01 07:50:03,0.00310400,17.00000000
2018-03-01 07:50:06,0.00310400,49.95000000
2018-03-01 07:50:07,0.00310400,132.71000000
2018-03-01 07:50:12,0.00310400,5.56000000
2018-03-01 07:50:15,0.00310400,252.48000000
2018-03-01 07:50:20,0.00310500,0.68000000
2018-03-01 07:50:23,0.00310500,5.32000000
2018-03-01 07:50:34,0.00310500,193.00000000
2018-03-01 07:50:35,0.00310500,7.60000000
2018-03-01 07:50:36,0.00310400,2.20000000
2018-03-01 07:50:45,0.00310500,3.22000000
2018-03-01 07:50:47,0.00310500,3.33000000
2018-03-01 07:50:59,0.00310400,5.00000000
2018-03-01 07:51:00,0.00310500,1.29000000
2018-03-01 07:51:03,0.00310500,10.47000000
2018-03-01 07:51:05,0.00310500,2.93000000
2018-03-01 07:51:07,0.00310500,1.29000000
2018-03-01 07:51:19,0.00310500,1.29000000
2018-03-01 07:51:19,0.00310500,20.15000000
2018-03-01 07:51:25,0.00310500,0.83000000
2018-03-01 07:51:26,0.00310500,3.22000000
2018-03-01 07:51:27,0.00310400,4.49000000
2018-03-01 07:51:48,0.00310500,57.97000000
2018-03-01 07:51:56,0.00310500,0.42000000
2018-03-01 07:51:58,0.00310500,20.97000000
2018-03-01 07:51:59,0.00310500,2.99000000
2018-03-01 07:52:01,0.00310400,199.81000000
2018-03-01 07:52:03,0.00310400,6.21000000
2018-03-01 07:52:05,0.00310500,2.27000000
2018-03-01 07:52:05,0.00310500,1.00000000
2018-03-01 07:52:06,0.00310500,0.41000000
2018-03-01 07:52:10,0.00310500,2.27000000
2018-03-01 07:52:14,0.00310500,0.33000000
2018-03-01 07:52:16,0.00310500,1.29000000
2018-03-01 07:52:17,0.00310500,26.75000000
2018-03-01 07:52:20,0.00310500,1.29000000
2018-03-01 07:52:22,0.00310500,1.29000000
2018-03-01 07:52:23,0.00310500,1.29000000
2018-03-01 07:52:24,0.00310500,42.29000000
2018-03-01 07:52:31,0.00310400,6.92000000
2018-03-01 07:52:35,0.00310500,3.08000000
2018-03-01 07:53:00,0.00310500,33.00000000
2018-03-01 07:53:03,0.00310500,3.73000000
2018-03-01 07:53:16,0.00310400,64.96000000
2018-03-01 07:53:26,0.00310400,8.53000000
2018-03-01 07:53:32,0.00310500,0.06000000
2018-03-01 07:53:41,0.00310500,2.00000000
2018-03-01 07:53:43,0.00310400,0.87000000
2018-03-01 07:53:46,0.00310500,11.27000000
2018-03-01 07:53:50,0.00310500,1.60000000
2018-03-01 07:54:17,0.00310500,5.59000000
2018-03-01 07:54:21,0.00310500,25.43000000
2018-03-01 07:54:23,0.00310400,99.87000000
2018-03-01 07:54:24,0.00310400,5.62000000
2018-03-01 07:54:41,0.00310500,9.84000000
2018-03-01 07:54:42,0.00310500,4.55000000
2018-03-01 07:54:43,0.00310500,1.21000000
2018-03-01 07:54:44,0.00310400,42.06000000
2018-03-01 07:54:44,0.00310500,0.91000000
2018-03-01 07:54:46,0.00310400,12.84000000
2018-03-01 07:54:47,0.00310400,176.72000000
2018-03-01 07:54:48,0.00310400,9.66000000
2018-03-01 07:54:51,0.00310500,0.69000000
2018-03-01 07:54:54,0.00310400,25.00000000
2018-03-01 07:54:56,0.00310500,21.91000000
2018-03-01 07:55:03,0.00310500,3.88000000
2018-03-01 07:55:06,0.00310500,1.00000000
2018-03-01 07:55:06,0.00310500,47.17000000
2018-03-01 07:55:12,0.00310400,2.28000000
2018-03-01 07:55:24,0.00310400,9.84000000
2018-03-01 07:55:25,0.00310500,21.92000000
2018-03-01 07:55:36,0.00310500,0.46000000
2018-03-01 07:55:44,0.00310500,389.21000000
2018-03-01 07:55:49,0.00310500,3.64000000
2018-03-01 07:55:52,0.00310500,25.00000000
2018-03-01 07:56:15,0.00310500,2.84000000
2018-03-01 07:56:28,0.00310500,186.00000000
2018-03-01 07:56:36,0.00310400,35.50000000
2018-03-01 07:56:45,0.00310400,31.00000000
2018-03-01 07:56:50,0.00310500,9.83000000
2018-03-01 07:56:55,0.00310400,15.00000000
2018-03-01 07:56:58,0.00310400,48.61000000
2018-03-01 07:57:03,0.00310500,20.00000000
2018-03-01 07:57:23,0.00310400,1.08000000
2018-03-01 07:57:27,0.00310400,1.49000000
2018-03-01 07:57:28,0.00310400,112.10000000
2018-03-01 07:57:33,0.00310400,27.26000000
2018-03-01 07:57:34,0.00310400,15.58000000
2018-03-01 07:57:37,0.00310400,27.26000000
2018-03-01 07:57:40,0.00310400,27.26000000
2018-03-01 07:57:40,0.00310500,4.00000000
2018-03-01 07:57:44,0.00310400,27.26000000
2018-03-01 07:57:47,0.00310400,18.00000000
2018-03-01 07:57:50,0.00310500,18.30000000
2018-03-01 07:57:51,0.00310400,4.27000000
2018-03-01 07:57:53,0.00310500,5.15000000
2018-03-01 07:57:53,0.00310400,27.26000000
2018-03-01 07:57:57,0.00310500,2.96000000
2018-03-01 07:58:01,0.00310400,72.32000000
2018-03-01 07:58:07,0.00310400,0.08000000
2018-03-01 07:58:13,0.00310500,0.20000000
2018-03-01 07:58:13,0.00310500,1.16000000
2018-03-01 07:58:31,0.00310500,135.39000000
2018-03-01 07:58:35,0.00310500,21.12000000
2018-03-01 07:58:37,0.00310500,2.59000000
2018-03-01 07:58:39,0.00310500,15.55000000
2018-03-01 07:58:41,0.00310500,3.63000000
2018-03-01 07:58:43,0.00310500,1.29000000
2018-03-01 07:58:48,0.00310600,6.00000000
2018-03-01 07:58:56,0.00310500,25.00000000
2018-03-01 07:59:05,0.00310500,57.97000000
2018-03-01 07:59:11,0.00310500,60.24000000
2018-03-01 07:59:14,0.00310400,9.66000000
2018-03-01 07:59:23,0.00310400,46.79000000
2018-03-01 07:59:24,0.00310500,27.09000000
2018-03-01 07:59:31,0.00310400,16.11000000
2018-03-01 07:59:58,0.00310400,16.11000000
