DATE,PRICE,VOLUME
2018-02-25 21:00:02,0.00363500,1.03000000
2018-02-25 21:00:08,0.00363500,1.10000000
2018-02-25 21:00:21,0.00363500,1.00000000
2018-02-25 21:00:22,0.00362700,8.27000000
2018-02-25 21:00:22,0.00362600,14.91000000
2018-02-25 21:00:24,0.00362800,2.75000000
2018-02-25 21:00:24,0.00362600,2.25000000
2018-02-25 21:00:25,0.00363500,1.20000000
2018-02-25 21:00:26,0.00363400,2.75000000
2018-02-25 21:00:26,0.00363300,5.50000000
2018-02-25 21:00:27,0.00363300,2.77000000
2018-02-25 21:00:27,0.00363500,5.09000000
2018-02-25 21:00:28,0.00363500,4.43000000
2018-02-25 21:00:28,0.00363600,9.98000000
2018-02-25 21:00:29,0.00362800,2.75000000
2018-02-25 21:00:29,0.00362700,8.25000000
2018-02-25 21:00:29,0.00362700,0.02000000
2018-02-25 21:00:30,0.00362700,0.50000000
2018-02-25 21:00:30,0.00362700,2.50000000
2018-02-25 21:00:30,0.00362700,17.97000000
2018-02-25 21:00:37,0.00362700,6.91000000
2018-02-25 21:00:37,0.00363100,2.75000000
2018-02-25 21:00:38,0.00363100,0.88000000
2018-02-25 21:00:38,0.00363100,10.31000000
2018-02-25 21:00:43,0.00363100,1.06000000
2018-02-25 21:00:50,0.00363200,0.40000000
2018-02-25 21:00:52,0.00363200,0.02000000
2018-02-25 21:00:52,0.00363400,7.85000000
2018-02-25 21:00:54,0.00363500,43.14000000
2018-02-25 21:00:54,0.00363500,2.27000000
2018-02-25 21:00:54,0.00363600,0.48000000
2018-02-25 21:00:56,0.00363100,2.61000000
2018-02-25 21:00:57,0.00363500,5.07000000
2018-02-25 21:00:57,0.00363600,2.23000000
2018-02-25 21:00:57,0.00363100,0.88000000
2018-02-25 21:00:59,0.00363500,91.18000000
2018-02-25 21:01:06,0.00363600,14.35000000
2018-02-25 21:01:07,0.00363600,32.15000000
2018-02-25 21:01:08,0.00363100,0.88000000
2018-02-25 21:01:16,0.00363600,42.70000000
2018-02-25 21:01:16,0.00363700,34.81000000
2018-02-25 21:01:18,0.00363100,0.88000000
2018-02-25 21:01:19,0.00363700,12.39000000
2018-02-25 21:01:25,0.00363700,0.88000000
2018-02-25 21:01:26,0.00363100,2.31000000
2018-02-25 21:01:27,0.00363100,2.68000000
2018-02-25 21:01:27,0.00363700,0.66000000
2018-02-25 21:01:28,0.00363100,0.88000000
2018-02-25 21:01:32,0.00363700,8.56000000
2018-02-25 21:01:34,0.00363700,13.23000000
2018-02-25 21:01:34,0.00363700,2.41000000
2018-02-25 21:01:48,0.00363700,6.85000000
2018-02-25 21:01:50,0.00363700,0.36000000
2018-02-25 21:01:51,0.00363700,1.00000000
2018-02-25 21:01:51,0.00363700,5.00000000
2018-02-25 21:01:51,0.00363100,1.00000000
2018-02-25 21:01:56,0.00363800,0.30000000
2018-02-25 21:01:58,0.00363200,0.88000000
2018-02-25 21:02:00,0.00363800,68.83000000
2018-02-25 21:02:08,0.00363200,0.88000000
2018-02-25 21:02:09,0.00363700,2.76000000
2018-02-25 21:02:09,0.00363700,13.81000000
2018-02-25 21:02:10,0.00363700,0.88000000
2018-02-25 21:02:10,0.00363800,3.63000000
2018-02-25 21:02:10,0.00364000,0.82000000
2018-02-25 21:02:10,0.00364100,1.62000000
2018-02-25 21:02:10,0.00363700,11.27000000
2018-02-25 21:02:13,0.00363800,5.11000000
2018-02-25 21:02:17,0.00363800,62.83000000
2018-02-25 21:02:18,0.00363300,0.50000000
2018-02-25 21:02:18,0.00363300,0.38000000
2018-02-25 21:02:19,0.00363800,31.41000000
2018-02-25 21:02:20,0.00363800,19.70000000
2018-02-25 21:02:27,0.00363800,9.85000000
2018-02-25 21:02:28,0.00363200,0.88000000
2018-02-25 21:02:32,0.00363800,8.75000000
2018-02-25 21:02:32,0.00363800,1.61000000
2018-02-25 21:02:33,0.00363800,2.56000000
2018-02-25 21:02:34,0.00363800,0.01000000
2018-02-25 21:02:38,0.00363500,13.81000000
2018-02-25 21:02:42,0.00364000,46.43000000
2018-02-25 21:02:43,0.00364000,38.15000000
2018-02-25 21:02:43,0.00364100,4.13000000
2018-02-25 21:02:52,0.00363400,8.90000000
2018-02-25 21:02:52,0.00363400,1.00000000
2018-02-25 21:03:04,0.00363800,2.03000000
2018-02-25 21:03:05,0.00363800,1.08000000
2018-02-25 21:03:07,0.00363800,0.88000000
2018-02-25 21:03:11,0.00363800,38.00000000
2018-02-25 21:03:18,0.00363900,0.88000000
2018-02-25 21:03:20,0.00363900,125.00000000
2018-02-25 21:03:21,0.00363900,1.27000000
2018-02-25 21:03:25,0.00363900,0.03000000
2018-02-25 21:03:25,0.00363800,29.01000000
2018-02-25 21:03:32,0.00363400,1.84000000
2018-02-25 21:03:35,0.00363800,13.80000000
2018-02-25 21:03:35,0.00363800,2.32000000
2018-02-25 21:03:36,0.00363800,3.42000000
2018-02-25 21:03:37,0.00363800,13.80000000
2018-02-25 21:03:38,0.00363800,0.88000000
2018-02-25 21:03:38,0.00363800,63.28000000
2018-02-25 21:03:39,0.00363800,13.80000000
2018-02-25 21:03:40,0.00363800,2.00000000
2018-02-25 21:03:41,0.00363800,4.60000000
2018-02-25 21:03:42,0.00363800,12.66000000
2018-02-25 21:03:43,0.00363800,13.80000000
2018-02-25 21:03:44,0.00363800,30.00000000
2018-02-25 21:03:44,0.00364000,44.59000000
2018-02-25 21:03:45,0.00363800,13.80000000
2018-02-25 21:03:47,0.00364000,22.29000000
2018-02-25 21:03:47,0.00363800,0.88000000
2018-02-25 21:03:48,0.00363900,0.50000000
2018-02-25 21:03:48,0.00363800,13.30000000
2018-02-25 21:03:49,0.00363800,2.53000000
2018-02-25 21:03:50,0.00363800,13.80000000
2018-02-25 21:03:52,0.00363800,13.80000000
2018-02-25 21:03:53,0.00363800,12.59000000
2018-02-25 21:03:55,0.00363800,4.35000000
2018-02-25 21:03:56,0.00363800,1.00000000
2018-02-25 21:03:57,0.00363800,0.88000000
2018-02-25 21:03:58,0.00363800,13.80000000
2018-02-25 21:03:58,0.00363800,0.64000000
2018-02-25 21:03:59,0.00363800,15.65000000
2018-02-25 21:04:04,0.00363800,1.43000000
2018-02-25 21:04:05,0.00363800,13.80000000
2018-02-25 21:04:06,0.00363800,308.61000000
2018-02-25 21:04:09,0.00363800,57.89000000
2018-02-25 21:04:09,0.00363800,65.20000000
2018-02-25 21:04:14,0.00363800,32.59000000
2018-02-25 21:04:16,0.00363800,1.54000000
2018-02-25 21:04:17,0.00363500,155.77000000
2018-02-25 21:04:18,0.00363500,0.50000000
2018-02-25 21:04:19,0.00363500,0.46000000
2018-02-25 21:04:19,0.00363500,63.65000000
2018-02-25 21:04:21,0.00363500,0.46000000
2018-02-25 21:04:22,0.00363500,31.60000000
2018-02-25 21:04:23,0.00363500,9.80000000
2018-02-25 21:04:23,0.00363500,2.35000000
2018-02-25 21:04:23,0.00363500,10.91000000
2018-02-25 21:04:25,0.00363500,0.66000000
2018-02-25 21:04:25,0.00363500,5.06000000
2018-02-25 21:04:27,0.00363500,2.06000000
2018-02-25 21:04:30,0.00363500,0.66000000
2018-02-25 21:04:32,0.00363400,3.98000000
2018-02-25 21:04:37,0.00363500,0.14000000
2018-02-25 21:04:37,0.00363800,2.61000000
2018-02-25 21:04:39,0.00363400,44.99000000
2018-02-25 21:04:44,0.00363600,16.75000000
2018-02-25 21:04:45,0.00363600,16.77000000
2018-02-25 21:04:50,0.00363800,17.85000000
2018-02-25 21:04:53,0.00363600,1.43000000
2018-02-25 21:05:00,0.00363400,0.18000000
2018-02-25 21:05:02,0.00363500,8.52000000
2018-02-25 21:05:08,0.00363500,2.05000000
2018-02-25 21:05:14,0.00363800,1.10000000
2018-02-25 21:05:15,0.00363500,13.19000000
2018-02-25 21:05:16,0.00363500,10.95000000
2018-02-25 21:05:16,0.00363500,1.10000000
2018-02-25 21:05:17,0.00363500,9.86000000
2018-02-25 21:05:20,0.00363600,2.52000000
2018-02-25 21:05:22,0.00363800,5.47000000
2018-02-25 21:05:31,0.00363800,39.33000000
2018-02-25 21:05:31,0.00363800,2.74000000
2018-02-25 21:05:32,0.00363800,9.00000000
2018-02-25 21:05:32,0.00363800,95.40000000
2018-02-25 21:05:32,0.00363800,15.23000000
2018-02-25 21:05:33,0.00363700,0.98000000
2018-02-25 21:05:35,0.00363700,36.62000000
2018-02-25 21:05:35,0.00363600,21.11000000
2018-02-25 21:05:35,0.00363500,13.05000000
2018-02-25 21:05:40,0.00363800,38.67000000
2018-02-25 21:05:40,0.00363800,30.48000000
2018-02-25 21:05:56,0.00363700,1.85000000
2018-02-25 21:05:56,0.00363500,0.81000000
2018-02-25 21:06:01,0.00363600,0.60000000
2018-02-25 21:06:01,0.00363700,0.66000000
2018-02-25 21:06:03,0.00363700,0.66000000
2018-02-25 21:06:04,0.00363600,1.63000000
2018-02-25 21:06:06,0.00363700,0.54000000
2018-02-25 21:06:08,0.00363800,15.33000000
2018-02-25 21:06:10,0.00363800,4.46000000
2018-02-25 21:06:12,0.00363800,0.66000000
2018-02-25 21:06:14,0.00363800,0.77000000
2018-02-25 21:06:17,0.00363700,0.12000000
2018-02-25 21:06:17,0.00363600,0.37000000
2018-02-25 21:06:17,0.00363800,0.30000000
2018-02-25 21:06:21,0.00363800,0.36000000
2018-02-25 21:06:22,0.00363800,21.28000000
2018-02-25 21:06:30,0.00363800,7.23000000
2018-02-25 21:06:34,0.00364000,13.58000000
2018-02-25 21:06:35,0.00363800,1.42000000
2018-02-25 21:06:36,0.00363800,8.30000000
2018-02-25 21:06:49,0.00364000,9.82000000
2018-02-25 21:06:51,0.00364000,0.66000000
2018-02-25 21:06:53,0.00364000,6.61000000
2018-02-25 21:06:53,0.00364000,2.57000000
2018-02-25 21:06:54,0.00364000,1.33000000
2018-02-25 21:06:55,0.00364100,0.66000000
2018-02-25 21:06:57,0.00364100,1.68000000
2018-02-25 21:06:57,0.00364000,0.88000000
2018-02-25 21:07:02,0.00364100,1.71000000
2018-02-25 21:07:16,0.00364000,7.62000000
2018-02-25 21:07:19,0.00364100,0.50000000
2018-02-25 21:07:19,0.00364500,6.43000000
2018-02-25 21:07:21,0.00364500,2.81000000
2018-02-25 21:07:23,0.00364500,3.15000000
2018-02-25 21:07:23,0.00364600,0.42000000
2018-02-25 21:07:23,0.00364700,33.08000000
2018-02-25 21:07:26,0.00364700,2.29000000
2018-02-25 21:07:28,0.00364700,34.31000000
2018-02-25 21:07:32,0.00364100,2.74000000
2018-02-25 21:07:32,0.00364600,2.74000000
2018-02-25 21:07:38,0.00364200,2.74000000
2018-02-25 21:07:41,0.00364200,1.19000000
2018-02-25 21:07:41,0.00364100,0.31000000
2018-02-25 21:07:42,0.00364300,1.00000000
2018-02-25 21:07:44,0.00364600,38.35000000
2018-02-25 21:07:44,0.00364700,0.50000000
2018-02-25 21:07:44,0.00364800,19.48000000
2018-02-25 21:07:45,0.00364100,2.74000000
2018-02-25 21:07:46,0.00364700,0.82000000
2018-02-25 21:07:46,0.00364800,18.50000000
2018-02-25 21:07:47,0.00364100,0.50000000
2018-02-25 21:07:52,0.00364700,2.74000000
2018-02-25 21:07:52,0.00364200,1.37000000
2018-02-25 21:07:59,0.00364200,37.98000000
2018-02-25 21:08:00,0.00364200,1.42000000
2018-02-25 21:08:05,0.00364300,0.95000000
2018-02-25 21:08:13,0.00364400,20.21000000
2018-02-25 21:08:13,0.00364200,2.35000000
2018-02-25 21:08:14,0.00364500,4.74000000
2018-02-25 21:08:14,0.00364200,29.79000000
2018-02-25 21:08:16,0.00364500,4.68000000
2018-02-25 21:08:18,0.00364500,0.66000000
2018-02-25 21:08:18,0.00364400,18.94000000
2018-02-25 21:08:20,0.00364500,12.92000000
2018-02-25 21:08:22,0.00364500,1.40000000
2018-02-25 21:08:25,0.00364500,0.66000000
2018-02-25 21:08:27,0.00364500,0.66000000
2018-02-25 21:08:29,0.00364500,1.66000000
2018-02-25 21:08:30,0.00364500,0.64000000
2018-02-25 21:08:32,0.00364500,0.41000000
2018-02-25 21:08:32,0.00364600,0.95000000
2018-02-25 21:08:32,0.00364500,0.60000000
2018-02-25 21:08:34,0.00364600,25.40000000
2018-02-25 21:08:34,0.00364600,2.74000000
2018-02-25 21:08:36,0.00364600,11.43000000
2018-02-25 21:08:37,0.00364600,2.74000000
2018-02-25 21:08:38,0.00364600,1.22000000
2018-02-25 21:08:39,0.00364600,0.48000000
2018-02-25 21:08:39,0.00364700,2.26000000
2018-02-25 21:08:41,0.00364700,12.70000000
2018-02-25 21:08:42,0.00364600,2.97000000
2018-02-25 21:08:42,0.00364700,0.41000000
2018-02-25 21:08:43,0.00364700,12.70000000
2018-02-25 21:08:44,0.00364600,10.19000000
2018-02-25 21:08:44,0.00364500,11.92000000
2018-02-25 21:08:45,0.00364700,12.70000000
2018-02-25 21:08:46,0.00364600,0.55000000
2018-02-25 21:08:47,0.00364700,4.22000000
2018-02-25 21:08:49,0.00364700,1.18000000
2018-02-25 21:08:52,0.00364700,21.86000000
2018-02-25 21:08:56,0.00364700,1.12000000
2018-02-25 21:08:57,0.00364700,7.78000000
2018-02-25 21:08:57,0.00364700,0.79000000
2018-02-25 21:09:01,0.00364800,86.94000000
2018-02-25 21:09:03,0.00364700,32.72000000
2018-02-25 21:09:05,0.00364700,0.62000000
2018-02-25 21:09:05,0.00364600,0.01000000
2018-02-25 21:09:05,0.00364500,7.61000000
2018-02-25 21:09:10,0.00364800,0.50000000
2018-02-25 21:09:10,0.00364500,46.82000000
2018-02-25 21:09:18,0.00364500,9.02000000
2018-02-25 21:09:21,0.00364500,7.99000000
2018-02-25 21:09:23,0.00364500,3.72000000
2018-02-25 21:09:25,0.00364500,1.88000000
2018-02-25 21:09:27,0.00365000,7.86000000
2018-02-25 21:09:34,0.00364900,3.93000000
2018-02-25 21:09:39,0.00364900,100.66000000
2018-02-25 21:09:39,0.00364900,2.74000000
2018-02-25 21:09:43,0.00364900,1.02000000
2018-02-25 21:09:43,0.00364900,5.85000000
2018-02-25 21:09:45,0.00364900,1.64000000
2018-02-25 21:09:48,0.00364900,0.66000000
2018-02-25 21:09:50,0.00364900,13.54000000
2018-02-25 21:09:51,0.00364900,2.74000000
2018-02-25 21:09:53,0.00364900,3.79000000
2018-02-25 21:09:55,0.00364900,1.08000000
2018-02-25 21:09:56,0.00364900,2.74000000
2018-02-25 21:09:57,0.00364900,2.74000000
2018-02-25 21:09:59,0.00364500,1.15000000
2018-02-25 21:09:59,0.00364800,4.04000000
2018-02-25 21:09:59,0.00364900,48.61000000
2018-02-25 21:09:59,0.00364900,2.23000000
2018-02-25 21:10:02,0.00364900,0.66000000
2018-02-25 21:10:04,0.00364900,0.66000000
2018-02-25 21:10:12,0.00364900,2.74000000
2018-02-25 21:10:14,0.00364900,14.97000000
2018-02-25 21:10:14,0.00364500,109.90000000
2018-02-25 21:10:14,0.00364900,36.75000000
2018-02-25 21:10:14,0.00364500,1.50000000
2018-02-25 21:10:17,0.00364600,0.88000000
2018-02-25 21:10:21,0.00364600,1.43000000
2018-02-25 21:10:22,0.00364900,59.72000000
2018-02-25 21:10:23,0.00364600,4.99000000
2018-02-25 21:10:24,0.00364600,1.71000000
2018-02-25 21:10:28,0.00364600,0.88000000
2018-02-25 21:10:29,0.00364600,54.28000000
2018-02-25 21:10:29,0.00364900,17.94000000
2018-02-25 21:10:31,0.00364900,2.74000000
2018-02-25 21:10:37,0.00365000,2.74000000
2018-02-25 21:10:38,0.00364900,3.35000000
2018-02-25 21:10:38,0.00364900,0.65000000
2018-02-25 21:10:41,0.00364600,50.68000000
2018-02-25 21:10:41,0.00364900,0.23000000
2018-02-25 21:10:45,0.00365000,159.22000000
2018-02-25 21:10:47,0.00364900,0.88000000
2018-02-25 21:10:49,0.00365100,9.55000000
2018-02-25 21:10:53,0.00365000,0.81000000
2018-02-25 21:10:54,0.00365100,13.73000000
2018-02-25 21:10:55,0.00365300,2.12000000
2018-02-25 21:10:56,0.00365100,13.73000000
2018-02-25 21:10:57,0.00365100,5.69000000
2018-02-25 21:10:57,0.00365300,2.84000000
2018-02-25 21:10:57,0.00365100,2.43000000
2018-02-25 21:10:58,0.00365100,1.32000000
2018-02-25 21:10:58,0.00365100,2.75000000
2018-02-25 21:10:58,0.00365100,1.04000000
2018-02-25 21:11:00,0.00365100,13.73000000
2018-02-25 21:11:02,0.00365100,2.75000000
2018-02-25 21:11:03,0.00365300,3.28000000
2018-02-25 21:11:03,0.00365100,4.79000000
2018-02-25 21:11:04,0.00365100,2.75000000
2018-02-25 21:11:05,0.00365100,1.62000000
2018-02-25 21:11:06,0.00365100,1.34000000
2018-02-25 21:11:07,0.00365100,1.65000000
2018-02-25 21:11:08,0.00365300,85.13000000
2018-02-25 21:11:09,0.00365300,0.41000000
2018-02-25 21:11:09,0.00365300,13.73000000
2018-02-25 21:11:10,0.00365300,15.51000000
2018-02-25 21:11:11,0.00365300,10.00000000
2018-02-25 21:11:11,0.00365300,13.73000000
2018-02-25 21:11:11,0.00365300,6.63000000
2018-02-25 21:11:13,0.00365300,13.73000000
2018-02-25 21:11:13,0.00365300,2.84000000
2018-02-25 21:11:14,0.00365300,1.21000000
2018-02-25 21:11:14,0.00365300,1.21000000
2018-02-25 21:11:15,0.00365300,13.73000000
2018-02-25 21:11:15,0.00365400,0.30000000
2018-02-25 21:11:18,0.00365300,0.88000000
2018-02-25 21:11:20,0.00365800,0.63000000
2018-02-25 21:11:22,0.00365800,11.71000000
2018-02-25 21:11:22,0.00365900,6.46000000
2018-02-25 21:11:22,0.00365300,13.69000000
2018-02-25 21:11:26,0.00365300,0.40000000
2018-02-25 21:11:26,0.00365300,13.69000000
2018-02-25 21:11:27,0.00365400,0.94000000
2018-02-25 21:11:27,0.00365800,2.73000000
2018-02-25 21:11:27,0.00365800,2.75000000
2018-02-25 21:11:27,0.00365800,2.73000000
2018-02-25 21:11:27,0.00365400,1.11000000
2018-02-25 21:11:28,0.00365400,0.88000000
2018-02-25 21:11:28,0.00365500,63.80000000
2018-02-25 21:11:28,0.00365400,4.37000000
2018-02-25 21:11:28,0.00365300,34.35000000
2018-02-25 21:11:29,0.00365300,2.73000000
2018-02-25 21:11:31,0.00365700,26.76000000
2018-02-25 21:11:31,0.00365700,13.82000000
2018-02-25 21:11:31,0.00365700,72.40000000
2018-02-25 21:11:32,0.00365700,2.86000000
2018-02-25 21:11:32,0.00365700,13.67000000
2018-02-25 21:11:32,0.00365700,85.81000000
2018-02-25 21:11:34,0.00365700,13.67000000
2018-02-25 21:11:34,0.00365700,14.69000000
2018-02-25 21:11:34,0.00365900,17.00000000
2018-02-25 21:11:34,0.00365900,2.30000000
2018-02-25 21:11:35,0.00365900,3.14000000
2018-02-25 21:11:35,0.00365900,40.00000000
2018-02-25 21:11:35,0.00365900,70.00000000
2018-02-25 21:11:36,0.00365900,13.66000000
2018-02-25 21:11:36,0.00365900,24.27000000
2018-02-25 21:11:36,0.00365900,24.28000000
2018-02-25 21:11:36,0.00365700,7.04000000
2018-02-25 21:11:37,0.00365700,23.53000000
2018-02-25 21:11:39,0.00365700,10.36000000
2018-02-25 21:11:39,0.00365400,3.32000000
2018-02-25 21:11:39,0.00365400,8.00000000
2018-02-25 21:11:42,0.00365800,2.73000000
2018-02-25 21:11:42,0.00365300,15.23000000
2018-02-25 21:11:43,0.00365800,2.73000000
2018-02-25 21:11:44,0.00365300,3.92000000
2018-02-25 21:11:44,0.00365800,2.73000000
2018-02-25 21:11:46,0.00365700,6.86000000
2018-02-25 21:11:46,0.00365300,50.05000000
2018-02-25 21:11:46,0.00365200,29.20000000
2018-02-25 21:11:48,0.00365400,9.36000000
2018-02-25 21:11:48,0.00365700,0.50000000
2018-02-25 21:11:53,0.00365300,1.40000000
2018-02-25 21:11:55,0.00365600,2.73000000
2018-02-25 21:11:58,0.00365200,110.69000000
2018-02-25 21:12:03,0.00365600,0.40000000
2018-02-25 21:12:03,0.00365700,2.33000000
2018-02-25 21:12:04,0.00365200,3.00000000
2018-02-25 21:12:13,0.00365700,4.03000000
2018-02-25 21:12:17,0.00365800,2.73000000
2018-02-25 21:12:18,0.00365700,0.83000000
2018-02-25 21:12:18,0.00365700,0.05000000
2018-02-25 21:12:18,0.00365800,0.81000000
2018-02-25 21:12:19,0.00365800,3.04000000
2018-02-25 21:12:20,0.00365700,1.55000000
2018-02-25 21:12:20,0.00365800,34.45000000
2018-02-25 21:12:24,0.00365700,9.20000000
2018-02-25 21:12:25,0.00365700,0.28000000
2018-02-25 21:12:26,0.00365700,3.46000000
2018-02-25 21:12:27,0.00365700,19.64000000
2018-02-25 21:12:34,0.00365700,2.73000000
2018-02-25 21:12:34,0.00365700,17.70000000
2018-02-25 21:12:35,0.00365700,16.13000000
2018-02-25 21:12:39,0.00365700,30.83000000
2018-02-25 21:12:39,0.00365800,2.25000000
2018-02-25 21:12:39,0.00365900,21.62000000
2018-02-25 21:12:41,0.00365900,11.50000000
2018-02-25 21:12:41,0.00365500,2.30000000
2018-02-25 21:12:41,0.00365500,0.49000000
2018-02-25 21:12:44,0.00365500,2.40000000
2018-02-25 21:12:45,0.00365500,1.51000000
2018-02-25 21:12:46,0.00365500,2.76000000
2018-02-25 21:12:46,0.00365500,2.30000000
2018-02-25 21:12:47,0.00365900,0.52000000
2018-02-25 21:12:47,0.00365900,3.82000000
2018-02-25 21:12:47,0.00365500,1.51000000
2018-02-25 21:12:48,0.00365500,0.88000000
2018-02-25 21:12:53,0.00365500,1.30000000
2018-02-25 21:12:57,0.00365700,2.73000000
2018-02-25 21:12:58,0.00365500,0.88000000
2018-02-25 21:12:58,0.00365700,2.73000000
2018-02-25 21:12:58,0.00365700,2.54000000
2018-02-25 21:13:00,0.00365900,2.73000000
2018-02-25 21:13:05,0.00365900,28.97000000
2018-02-25 21:13:08,0.00365900,7.33000000
2018-02-25 21:13:10,0.00365900,51.23000000
2018-02-25 21:13:10,0.00365500,166.20000000
2018-02-25 21:13:10,0.00365400,1.23000000
2018-02-25 21:13:11,0.00365400,2.74000000
2018-02-25 21:13:12,0.00365800,2.54000000
2018-02-25 21:13:12,0.00366000,47.46000000
2018-02-25 21:13:20,0.00365700,10.75000000
2018-02-25 21:13:21,0.00365700,0.41000000
2018-02-25 21:13:21,0.00365900,1.69000000
2018-02-25 21:13:21,0.00366000,102.62000000
2018-02-25 21:13:22,0.00366000,4.84000000
2018-02-25 21:13:23,0.00366000,2.91000000
2018-02-25 21:13:25,0.00366000,2.74000000
2018-02-25 21:13:25,0.00366000,6.15000000
2018-02-25 21:13:26,0.00366000,0.50000000
2018-02-25 21:13:26,0.00366100,2.23000000
2018-02-25 21:13:30,0.00366100,8.12000000
2018-02-25 21:13:30,0.00366200,35.76000000
2018-02-25 21:13:30,0.00366300,39.44000000
2018-02-25 21:13:31,0.00365700,2.35000000
2018-02-25 21:13:32,0.00366100,23.92000000
2018-02-25 21:13:33,0.00366100,2.95000000
2018-02-25 21:13:33,0.00366100,8.52000000
2018-02-25 21:13:34,0.00366100,2.00000000
2018-02-25 21:13:34,0.00366100,5.43000000
2018-02-25 21:13:34,0.00366100,1.27000000
2018-02-25 21:13:34,0.00365700,1.47000000
2018-02-25 21:13:37,0.00365700,0.03000000
2018-02-25 21:13:40,0.00365900,2.74000000
2018-02-25 21:13:40,0.00365900,0.28000000
2018-02-25 21:13:45,0.00366100,1.28000000
2018-02-25 21:13:45,0.00366100,4.80000000
2018-02-25 21:13:46,0.00366100,5.60000000
2018-02-25 21:13:46,0.00366100,2.74000000
2018-02-25 21:13:46,0.00366100,60.24000000
2018-02-25 21:13:48,0.00366100,2.74000000
2018-02-25 21:13:48,0.00366200,2.92000000
2018-02-25 21:13:49,0.00366100,1.18000000
2018-02-25 21:13:50,0.00366100,2.74000000
2018-02-25 21:13:52,0.00366100,77.11000000
2018-02-25 21:13:54,0.00366100,0.30000000
2018-02-25 21:13:57,0.00366100,6.19000000
2018-02-25 21:13:57,0.00366100,4.25000000
2018-02-25 21:13:58,0.00366100,1.17000000
2018-02-25 21:13:58,0.00366100,0.96000000
2018-02-25 21:13:58,0.00366100,15.69000000
2018-02-25 21:13:58,0.00365900,2.32000000
2018-02-25 21:13:58,0.00365700,2.91000000
2018-02-25 21:13:58,0.00365500,8.47000000
2018-02-25 21:14:05,0.00365500,37.94000000
2018-02-25 21:14:35,0.00365700,5.00000000
2018-02-25 21:14:42,0.00365700,1.00000000
2018-02-25 21:14:43,0.00365700,0.46000000
2018-02-25 21:14:49,0.00366000,1.08000000
2018-02-25 21:14:49,0.00366100,0.95000000
2018-02-25 21:14:54,0.00366100,8.30000000
2018-02-25 21:14:57,0.00366000,3.00000000
2018-02-25 21:14:59,0.00366000,0.30000000
2018-02-25 21:15:02,0.00366000,1.06000000
2018-02-25 21:15:11,0.00366000,9.38000000
2018-02-25 21:15:13,0.00366000,0.28000000
2018-02-25 21:15:15,0.00365800,0.50000000
2018-02-25 21:15:15,0.00366000,2.73000000
2018-02-25 21:15:17,0.00366000,1.58000000
2018-02-25 21:15:18,0.00365800,117.60000000
2018-02-25 21:15:19,0.00365800,21.96000000
2018-02-25 21:15:21,0.00366000,2.73000000
2018-02-25 21:15:25,0.00366000,17.33000000
2018-02-25 21:15:26,0.00366000,71.19000000
2018-02-25 21:15:26,0.00366000,25.58000000
2018-02-25 21:15:26,0.00366000,27.59000000
2018-02-25 21:15:26,0.00366100,2.73000000
2018-02-25 21:15:29,0.00366100,9.40000000
2018-02-25 21:15:29,0.00366200,5.00000000
2018-02-25 21:15:29,0.00366300,7.53000000
2018-02-25 21:15:29,0.00366400,5.80000000
2018-02-25 21:15:29,0.00366500,11.65000000
2018-02-25 21:15:29,0.00366000,0.58000000
2018-02-25 21:15:37,0.00366000,2.43000000
2018-02-25 21:15:41,0.00366000,8.19000000
2018-02-25 21:15:45,0.00366200,1.07000000
2018-02-25 21:15:46,0.00366200,4.00000000
2018-02-25 21:15:47,0.00366200,3.72000000
2018-02-25 21:15:47,0.00366200,0.38000000
2018-02-25 21:15:48,0.00366200,13.66000000
2018-02-25 21:15:50,0.00366400,2.72000000
2018-02-25 21:15:55,0.00366200,0.04000000
2018-02-25 21:15:55,0.00366400,0.66000000
2018-02-25 21:15:58,0.00366200,2.00000000
2018-02-25 21:15:58,0.00366200,0.69000000
2018-02-25 21:15:59,0.00366200,1.42000000
2018-02-25 21:15:59,0.00366400,77.82000000
2018-02-25 21:15:59,0.00366400,10.12000000
2018-02-25 21:16:00,0.00366400,27.28000000
2018-02-25 21:16:00,0.00366400,29.51000000
2018-02-25 21:16:00,0.00366400,188.34000000
2018-02-25 21:16:01,0.00366400,10.11000000
2018-02-25 21:16:01,0.00366400,13.65000000
2018-02-25 21:16:02,0.00366400,12.83000000
2018-02-25 21:16:02,0.00366400,3.33000000
2018-02-25 21:16:03,0.00366400,13.65000000
2018-02-25 21:16:03,0.00366400,2.95000000
2018-02-25 21:16:03,0.00366400,131.02000000
2018-02-25 21:16:03,0.00366200,0.02000000
2018-02-25 21:16:03,0.00366100,0.50000000
2018-02-25 21:16:03,0.00365900,9.19000000
2018-02-25 21:16:06,0.00365900,8.19000000
2018-02-25 21:16:22,0.00366000,0.31000000
2018-02-25 21:16:26,0.00366000,23.06000000
2018-02-25 21:16:29,0.00366000,74.89000000
2018-02-25 21:16:30,0.00366000,3.94000000
2018-02-25 21:16:30,0.00365900,163.40000000
2018-02-25 21:16:30,0.00365800,269.84000000
2018-02-25 21:16:31,0.00365700,12.50000000
2018-02-25 21:16:31,0.00365500,0.28000000
2018-02-25 21:16:31,0.00365400,1.37000000
2018-02-25 21:16:31,0.00365300,0.74000000
2018-02-25 21:16:31,0.00364900,7.75000000
2018-02-25 21:16:41,0.00365600,1.37000000
2018-02-25 21:16:41,0.00365700,1.28000000
2018-02-25 21:16:42,0.00365000,0.82000000
2018-02-25 21:16:42,0.00364900,36.41000000
2018-02-25 21:16:44,0.00365600,0.50000000
2018-02-25 21:16:47,0.00365600,0.32000000
2018-02-25 21:16:49,0.00365700,4.98000000
2018-02-25 21:16:50,0.00365600,2.09000000
2018-02-25 21:16:51,0.00365600,150.22000000
2018-02-25 21:16:51,0.00365700,1.94000000
2018-02-25 21:16:51,0.00365800,199.95000000
2018-02-25 21:16:53,0.00365900,3.66000000
2018-02-25 21:16:53,0.00365800,23.84000000
2018-02-25 21:16:54,0.00365800,2.79000000
2018-02-25 21:16:54,0.00365700,38.60000000
2018-02-25 21:16:56,0.00365700,1.09000000
2018-02-25 21:16:56,0.00365700,24.97000000
2018-02-25 21:16:56,0.00365700,54.45000000
2018-02-25 21:16:58,0.00365800,36.57000000
2018-02-25 21:16:59,0.00365800,40.83000000
2018-02-25 21:17:01,0.00365800,49.52000000
2018-02-25 21:17:01,0.00365700,6.81000000
2018-02-25 21:17:04,0.00365900,56.37000000
2018-02-25 21:17:04,0.00365900,76.21000000
2018-02-25 21:17:06,0.00365900,27.85000000
2018-02-25 21:17:07,0.00365900,123.33000000
2018-02-25 21:17:08,0.00365900,0.01000000
2018-02-25 21:17:08,0.00365700,21.55000000
2018-02-25 21:17:08,0.00365700,41.71000000
2018-02-25 21:17:09,0.00365700,2.92000000
2018-02-25 21:17:10,0.00366000,3.00000000
2018-02-25 21:17:10,0.00366000,0.34000000
2018-02-25 21:17:11,0.00365700,75.29000000
2018-02-25 21:17:11,0.00365600,3.11000000
2018-02-25 21:17:15,0.00365700,1.32000000
2018-02-25 21:17:15,0.00365600,4.13000000
2018-02-25 21:17:15,0.00365100,55.41000000
2018-02-25 21:17:15,0.00365000,16.71000000
2018-02-25 21:17:18,0.00365200,0.86000000
2018-02-25 21:17:20,0.00365900,25.72000000
2018-02-25 21:17:20,0.00365900,39.21000000
2018-02-25 21:17:21,0.00365900,0.86000000
2018-02-25 21:17:22,0.00365900,73.48000000
2018-02-25 21:17:22,0.00365900,0.30000000
2018-02-25 21:17:23,0.00365900,9.68000000
2018-02-25 21:17:23,0.00365900,31.76000000
2018-02-25 21:17:24,0.00365900,31.78000000
2018-02-25 21:17:24,0.00365400,52.07000000
2018-02-25 21:17:24,0.00365300,114.40000000
2018-02-25 21:17:26,0.00365300,2.73000000
2018-02-25 21:17:32,0.00365100,8.08000000
2018-02-25 21:17:32,0.00365800,1.97000000
2018-02-25 21:17:33,0.00365700,19.82000000
2018-02-25 21:17:35,0.00365700,1.09000000
2018-02-25 21:17:35,0.00365100,21.28000000
2018-02-25 21:17:35,0.00365000,56.81000000
2018-02-25 21:17:37,0.00365600,0.81000000
2018-02-25 21:17:37,0.00365600,0.01000000
2018-02-25 21:17:38,0.00365700,2.73000000
2018-02-25 21:17:39,0.00365600,0.30000000
2018-02-25 21:17:40,0.00365600,0.78000000
2018-02-25 21:17:40,0.00365000,4.69000000
2018-02-25 21:17:41,0.00365700,1.09000000
2018-02-25 21:17:41,0.00365000,5.83000000
2018-02-25 21:17:41,0.00365000,8.06000000
2018-02-25 21:17:42,0.00365600,0.71000000
2018-02-25 21:17:43,0.00365100,90.29000000
2018-02-25 21:17:43,0.00365600,0.11000000
2018-02-25 21:17:44,0.00365600,0.98000000
2018-02-25 21:17:45,0.00365500,0.42000000
2018-02-25 21:17:45,0.00365700,2.56000000
2018-02-25 21:17:51,0.00365700,3.19000000
2018-02-25 21:17:53,0.00364900,65.48000000
2018-02-25 21:17:58,0.00365000,11.47000000
2018-02-25 21:17:59,0.00365000,47.66000000
2018-02-25 21:18:01,0.00365000,35.60000000
2018-02-25 21:18:06,0.00365000,1.77000000
2018-02-25 21:18:08,0.00365000,0.66000000
2018-02-25 21:18:10,0.00365000,15.88000000
2018-02-25 21:18:11,0.00365000,16.43000000
2018-02-25 21:18:12,0.00365000,30.00000000
2018-02-25 21:18:14,0.00365000,2.00000000
2018-02-25 21:18:17,0.00365000,15.09000000
2018-02-25 21:18:20,0.00365000,8.21000000
2018-02-25 21:18:27,0.00365500,8.00000000
2018-02-25 21:18:29,0.00365000,108.56000000
2018-02-25 21:18:34,0.00365500,2.73000000
2018-02-25 21:18:37,0.00365000,46.66000000
2018-02-25 21:18:45,0.00365000,52.79000000
2018-02-25 21:18:46,0.00364900,10.29000000
2018-02-25 21:18:49,0.00364900,4.84000000
2018-02-25 21:18:49,0.00364900,8.22000000
2018-02-25 21:18:49,0.00364900,1.67000000
2018-02-25 21:18:49,0.00364800,2.74000000
2018-02-25 21:18:49,0.00364700,6.45000000
2018-02-25 21:18:54,0.00364700,1.35000000
2018-02-25 21:19:01,0.00365000,1.29000000
2018-02-25 21:19:02,0.00365000,39.81000000
2018-02-25 21:19:02,0.00364700,34.50000000
2018-02-25 21:19:02,0.00364700,9.56000000
2018-02-25 21:19:04,0.00364700,4.83000000
2018-02-25 21:19:06,0.00364600,3.19000000
2018-02-25 21:19:06,0.00364500,78.89000000
2018-02-25 21:19:06,0.00364500,107.90000000
2018-02-25 21:19:06,0.00364400,69.92000000
2018-02-25 21:19:06,0.00364400,70.44000000
2018-02-25 21:19:06,0.00364400,38.01000000
2018-02-25 21:19:07,0.00364700,3.62000000
2018-02-25 21:19:07,0.00364400,17.81000000
2018-02-25 21:19:07,0.00365300,3.61000000
2018-02-25 21:19:10,0.00364400,2.36000000
2018-02-25 21:19:11,0.00365000,1.50000000
2018-02-25 21:19:13,0.00365000,0.08000000
2018-02-25 21:19:17,0.00365100,17.62000000
2018-02-25 21:19:19,0.00365100,4.96000000
2018-02-25 21:19:19,0.00364400,0.80000000
2018-02-25 21:19:20,0.00364400,1.92000000
2018-02-25 21:19:20,0.00364300,92.47000000
2018-02-25 21:19:20,0.00364200,8.22000000
2018-02-25 21:19:20,0.00364100,3.13000000
2018-02-25 21:19:20,0.00364000,89.77000000
2018-02-25 21:19:21,0.00365000,24.70000000
2018-02-25 21:19:23,0.00364800,8.21000000
2018-02-25 21:19:23,0.00364900,8.23000000
2018-02-25 21:19:23,0.00365000,18.33000000
2018-02-25 21:19:23,0.00365000,6.56000000
2018-02-25 21:19:25,0.00364700,0.32000000
2018-02-25 21:19:25,0.00364100,2.36000000
2018-02-25 21:19:33,0.00364600,2.66000000
2018-02-25 21:19:53,0.00364500,1.36000000
2018-02-25 21:19:53,0.00364600,6.03000000
2018-02-25 21:19:55,0.00364200,1.49000000
2018-02-25 21:20:03,0.00364600,0.53000000
2018-02-25 21:20:05,0.00364600,4.22000000
2018-02-25 21:20:05,0.00364200,44.85000000
2018-02-25 21:20:08,0.00364300,38.64000000
2018-02-25 21:20:10,0.00364300,115.70000000
2018-02-25 21:20:26,0.00364300,3.42000000
2018-02-25 21:20:28,0.00364300,0.72000000
2018-02-25 21:20:34,0.00364300,1.31000000
2018-02-25 21:20:34,0.00364300,167.34000000
2018-02-25 21:20:45,0.00364600,36.08000000
2018-02-25 21:21:01,0.00365100,2.73000000
2018-02-25 21:21:02,0.00364900,2.73000000
2018-02-25 21:21:05,0.00364900,4.08000000
2018-02-25 21:21:06,0.00364700,2.79000000
2018-02-25 21:21:12,0.00364700,36.25000000
2018-02-25 21:21:13,0.00364700,0.03000000
2018-02-25 21:21:13,0.00364900,2.31000000
2018-02-25 21:21:13,0.00365100,15.93000000
2018-02-25 21:21:13,0.00365500,16.19000000
2018-02-25 21:21:15,0.00365200,13.72000000
2018-02-25 21:21:15,0.00365200,70.00000000
2018-02-25 21:21:15,0.00365500,26.93000000
2018-02-25 21:21:16,0.00365500,26.93000000
2018-02-25 21:21:16,0.00365200,13.72000000
2018-02-25 21:21:26,0.00365500,0.36000000
2018-02-25 21:21:26,0.00365500,5.78000000
2018-02-25 21:21:28,0.00365500,1.76000000
2018-02-25 21:21:40,0.00365300,3.20000000
2018-02-25 21:21:42,0.00365300,64.50000000
2018-02-25 21:21:43,0.00365300,1.83000000
2018-02-25 21:21:49,0.00365400,0.69000000
2018-02-25 21:21:49,0.00365300,63.82000000
2018-02-25 21:21:58,0.00365500,0.85000000
2018-02-25 21:22:07,0.00365300,0.77000000
2018-02-25 21:22:17,0.00365400,2.21000000
2018-02-25 21:22:17,0.00365400,1.98000000
2018-02-25 21:22:17,0.00365300,85.50000000
2018-02-25 21:22:20,0.00365300,9.89000000
2018-02-25 21:22:24,0.00365300,42.99000000
2018-02-25 21:22:28,0.00365400,0.88000000
2018-02-25 21:22:28,0.00365500,37.13000000
2018-02-25 21:22:33,0.00365500,31.13000000
2018-02-25 21:22:35,0.00365500,38.48000000
2018-02-25 21:22:37,0.00365300,2.00000000
2018-02-25 21:22:40,0.00365500,13.25000000
2018-02-25 21:22:40,0.00365500,2.84000000
2018-02-25 21:22:42,0.00365300,17.70000000
2018-02-25 21:22:42,0.00365300,6.14000000
2018-02-25 21:22:49,0.00365300,140.79000000
2018-02-25 21:22:53,0.00365300,0.33000000
2018-02-25 21:22:58,0.00365200,293.28000000
2018-02-25 21:22:58,0.00365200,2.17000000
2018-02-25 21:22:59,0.00365200,1.07000000
2018-02-25 21:23:00,0.00365200,13.98000000
2018-02-25 21:23:08,0.00365300,205.36000000
2018-02-25 21:23:10,0.00365200,7.30000000
2018-02-25 21:23:11,0.00365300,0.38000000
2018-02-25 21:23:16,0.00365400,3.00000000
2018-02-25 21:23:16,0.00365200,2.23000000
2018-02-25 21:23:26,0.00365400,2.73000000
2018-02-25 21:23:30,0.00365200,60.00000000
2018-02-25 21:23:32,0.00365300,0.99000000
2018-02-25 21:23:32,0.00365400,1.74000000
2018-02-25 21:23:35,0.00365400,2.73000000
2018-02-25 21:23:40,0.00365200,20.00000000
2018-02-25 21:23:42,0.00365400,1.37000000
2018-02-25 21:23:44,0.00365400,6.18000000
2018-02-25 21:23:52,0.00365200,5.47000000
2018-02-25 21:23:52,0.00365200,1.00000000
2018-02-25 21:23:55,0.00365200,2.84000000
2018-02-25 21:23:55,0.00365100,23.23000000
2018-02-25 21:23:57,0.00365400,52.17000000
2018-02-25 21:24:11,0.00365000,17.33000000
2018-02-25 21:24:11,0.00365000,8.21000000
2018-02-25 21:24:18,0.00365000,20.17000000
2018-02-25 21:24:22,0.00365000,4.38000000
2018-02-25 21:24:22,0.00364900,10.09000000
2018-02-25 21:24:28,0.00365000,0.41000000
2018-02-25 21:24:30,0.00365000,9.33000000
2018-02-25 21:24:35,0.00364900,0.76000000
2018-02-25 21:24:35,0.00364600,6.84000000
2018-02-25 21:24:39,0.00365400,2.73000000
2018-02-25 21:24:42,0.00364600,0.40000000
2018-02-25 21:24:42,0.00364400,6.59000000
2018-02-25 21:24:46,0.00364600,4.85000000
2018-02-25 21:24:46,0.00364600,150.65000000
2018-02-25 21:24:52,0.00364600,67.12000000
2018-02-25 21:24:57,0.00364400,22.19000000
2018-02-25 21:24:57,0.00364600,6.56000000
2018-02-25 21:24:58,0.00364600,0.88000000
2018-02-25 21:24:59,0.00364600,2.57000000
2018-02-25 21:25:01,0.00364400,146.36000000
2018-02-25 21:25:08,0.00364300,94.51000000
2018-02-25 21:25:09,0.00364300,0.97000000
2018-02-25 21:25:10,0.00364300,5.98000000
2018-02-25 21:25:11,0.00364300,2.00000000
2018-02-25 21:25:11,0.00364300,57.13000000
2018-02-25 21:25:14,0.00364600,22.43000000
2018-02-25 21:25:14,0.00365000,6.59000000
2018-02-25 21:25:14,0.00365400,18.64000000
2018-02-25 21:25:14,0.00365500,49.88000000
2018-02-25 21:25:16,0.00364500,14.42000000
2018-02-25 21:25:16,0.00364400,1.96000000
2018-02-25 21:25:16,0.00364400,8.23000000
2018-02-25 21:25:18,0.00364300,0.50000000
2018-02-25 21:25:20,0.00364400,1.36000000
2018-02-25 21:25:20,0.00364300,82.78000000
2018-02-25 21:25:20,0.00364300,5.79000000
2018-02-25 21:25:21,0.00364300,4.09000000
2018-02-25 21:25:21,0.00364400,14.42000000
2018-02-25 21:25:22,0.00364400,27.44000000
2018-02-25 21:25:22,0.00364400,28.14000000
2018-02-25 21:25:22,0.00364200,26.83000000
2018-02-25 21:25:25,0.00364800,0.64000000
2018-02-25 21:25:43,0.00364300,1.32000000
2018-02-25 21:25:44,0.00364400,1.36000000
2018-02-25 21:25:44,0.00364800,3.64000000
2018-02-25 21:25:45,0.00364800,2.74000000
2018-02-25 21:25:47,0.00364800,1.12000000
2018-02-25 21:25:51,0.00364700,24.00000000
2018-02-25 21:25:51,0.00364800,75.53000000
2018-02-25 21:26:06,0.00364900,2.74000000
2018-02-25 21:26:16,0.00364800,6.81000000
2018-02-25 21:26:16,0.00364900,5.49000000
2018-02-25 21:26:16,0.00365300,2.29000000
2018-02-25 21:26:17,0.00365200,11.00000000
2018-02-25 21:26:17,0.00365300,57.91000000
2018-02-25 21:26:17,0.00365400,11.28000000
2018-02-25 21:26:18,0.00364500,4.70000000
2018-02-25 21:26:21,0.00364600,12.21000000
2018-02-25 21:26:32,0.00364800,1.08000000
2018-02-25 21:26:32,0.00365200,1.66000000
2018-02-25 21:26:35,0.00364500,6.00000000
2018-02-25 21:26:37,0.00364500,2.14000000
2018-02-25 21:26:38,0.00364700,2.74000000
2018-02-25 21:26:39,0.00364800,1.08000000
2018-02-25 21:26:40,0.00364800,3.43000000
2018-02-25 21:26:41,0.00364800,1.47000000
2018-02-25 21:26:42,0.00364800,0.02000000
2018-02-25 21:26:42,0.00364900,1.08000000
2018-02-25 21:26:42,0.00365100,1.37000000
2018-02-25 21:26:42,0.00365200,3.04000000
2018-02-25 21:26:42,0.00365500,1.21000000
2018-02-25 21:26:42,0.00365600,2.19000000
2018-02-25 21:26:42,0.00365600,2.17000000
2018-02-25 21:26:46,0.00364700,2.74000000
2018-02-25 21:26:50,0.00364700,5.18000000
2018-02-25 21:26:51,0.00364500,1.12000000
2018-02-25 21:26:51,0.00364700,32.71000000
2018-02-25 21:26:51,0.00364500,1.08000000
2018-02-25 21:26:52,0.00364500,2.97000000
2018-02-25 21:26:52,0.00364500,62.46000000
2018-02-25 21:26:55,0.00364700,5.54000000
2018-02-25 21:27:00,0.00364800,18.20000000
2018-02-25 21:27:00,0.00365500,19.04000000
2018-02-25 21:27:03,0.00364800,0.82000000
2018-02-25 21:27:03,0.00364700,6.09000000
2018-02-25 21:27:03,0.00364500,17.51000000
2018-02-25 21:27:09,0.00364600,6.00000000
2018-02-25 21:27:09,0.00364500,14.86000000
2018-02-25 21:27:10,0.00364500,19.31000000
2018-02-25 21:27:17,0.00365000,1.00000000
2018-02-25 21:27:19,0.00364600,7.80000000
2018-02-25 21:27:20,0.00364600,12.39000000
2018-02-25 21:27:22,0.00364900,1.36000000
2018-02-25 21:27:24,0.00364900,4.18000000
2018-02-25 21:27:24,0.00364500,21.88000000
2018-02-25 21:27:25,0.00364500,8.16000000
2018-02-25 21:27:26,0.00364400,5.00000000
2018-02-25 21:27:29,0.00364500,36.74000000
2018-02-25 21:27:38,0.00364500,70.76000000
2018-02-25 21:27:42,0.00364500,28.75000000
2018-02-25 21:27:54,0.00364500,7.42000000
2018-02-25 21:28:10,0.00365100,2.68000000
2018-02-25 21:28:14,0.00364600,0.46000000
2018-02-25 21:28:20,0.00364600,8.22000000
2018-02-25 21:28:30,0.00365100,2.73000000
2018-02-25 21:28:43,0.00364700,21.57000000
2018-02-25 21:28:43,0.00364500,13.43000000
2018-02-25 21:28:45,0.00364500,2.75000000
2018-02-25 21:28:45,0.00365000,2.73000000
2018-02-25 21:28:46,0.00365000,2.73000000
2018-02-25 21:28:50,0.00365000,14.16000000
2018-02-25 21:28:50,0.00365100,67.54000000
2018-02-25 21:28:50,0.00365200,8.22000000
2018-02-25 21:28:50,0.00365300,7.34000000
2018-02-25 21:28:50,0.00365500,0.99000000
2018-02-25 21:28:50,0.00365600,2.00000000
2018-02-25 21:28:50,0.00365800,1.73000000
2018-02-25 21:28:50,0.00365900,7.99000000
2018-02-25 21:28:50,0.00366000,57.30000000
2018-02-25 21:28:50,0.00366100,0.28000000
2018-02-25 21:28:50,0.00366400,5.34000000
2018-02-25 21:28:50,0.00366500,28.07000000
2018-02-25 21:28:50,0.00366600,44.12000000
2018-02-25 21:28:52,0.00364800,0.46000000
2018-02-25 21:28:55,0.00364800,7.75000000
2018-02-25 21:28:56,0.00364800,1.63000000
2018-02-25 21:28:57,0.00364800,1.13000000
2018-02-25 21:29:03,0.00364700,14.10000000
2018-02-25 21:29:04,0.00364700,0.06000000
2018-02-25 21:29:05,0.00365500,25.42000000
2018-02-25 21:29:10,0.00364800,0.01000000
2018-02-25 21:29:11,0.00365400,1.37000000
2018-02-25 21:29:11,0.00365500,53.84000000
2018-02-25 21:29:11,0.00365600,1.08000000
2018-02-25 21:29:11,0.00366300,4.49000000
2018-02-25 21:29:12,0.00365200,0.82000000
2018-02-25 21:29:14,0.00365600,1.08000000
2018-02-25 21:29:14,0.00366500,14.12000000
2018-02-25 21:29:15,0.00365200,2.73000000
2018-02-25 21:29:15,0.00365100,2.73000000
2018-02-25 21:29:16,0.00365000,8.18000000
2018-02-25 21:29:17,0.00365600,3.77000000
2018-02-25 21:29:17,0.00365000,23.39000000
2018-02-25 21:29:20,0.00365000,8.21000000
2018-02-25 21:29:21,0.00365100,25.80000000
2018-02-25 21:29:22,0.00365000,0.50000000
2018-02-25 21:29:25,0.00365000,0.50000000
2018-02-25 21:29:25,0.00365600,0.33000000
2018-02-25 21:29:27,0.00365200,0.86000000
2018-02-25 21:29:27,0.00365000,64.20000000
2018-02-25 21:29:31,0.00364800,1.63000000
2018-02-25 21:29:43,0.00364800,0.02000000
2018-02-25 21:29:43,0.00364800,0.79000000
2018-02-25 21:29:48,0.00364800,2.39000000
2018-02-25 21:29:48,0.00364800,56.85000000
2018-02-25 21:29:52,0.00364800,1.00000000
2018-02-25 21:29:54,0.00365300,1.09000000
2018-02-25 21:30:07,0.00365300,25.21000000
2018-02-25 21:30:09,0.00365300,13.72000000
2018-02-25 21:30:13,0.00365300,13.72000000
2018-02-25 21:30:17,0.00365300,2.37000000
2018-02-25 21:30:17,0.00364900,0.37000000
2018-02-25 21:30:20,0.00365000,2.74000000
2018-02-25 21:30:23,0.00365000,2.74000000
2018-02-25 21:30:27,0.00365000,2.74000000
2018-02-25 21:30:31,0.00365500,1.09000000
2018-02-25 21:30:35,0.00364900,55.21000000
2018-02-25 21:30:36,0.00364900,0.71000000
2018-02-25 21:30:42,0.00365000,100.00000000
2018-02-25 21:30:50,0.00365000,2.16000000
2018-02-25 21:30:56,0.00365000,2.73000000
2018-02-25 21:30:59,0.00364900,8.32000000
2018-02-25 21:31:00,0.00364900,3.22000000
2018-02-25 21:31:00,0.00364800,7.74000000
2018-02-25 21:31:00,0.00365000,0.55000000
2018-02-25 21:31:02,0.00364800,7.02000000
2018-02-25 21:31:02,0.00365000,1.00000000
2018-02-25 21:31:08,0.00365000,5.64000000
2018-02-25 21:31:09,0.00365000,3.94000000
2018-02-25 21:31:11,0.00364800,14.36000000
2018-02-25 21:31:15,0.00364800,2.73000000
2018-02-25 21:31:15,0.00364800,1.37000000
2018-02-25 21:31:16,0.00364700,2.00000000
2018-02-25 21:31:22,0.00364800,7.50000000
2018-02-25 21:31:24,0.00364800,0.35000000
2018-02-25 21:31:25,0.00364800,2.74000000
2018-02-25 21:31:28,0.00364700,15.68000000
2018-02-25 21:31:31,0.00364800,2.19000000
2018-02-25 21:31:31,0.00365000,3.81000000
2018-02-25 21:31:51,0.00364700,11.63000000
2018-02-25 21:31:51,0.00364600,2.08000000
2018-02-25 21:31:52,0.00365000,8.30000000
2018-02-25 21:31:55,0.00364600,13.71000000
2018-02-25 21:31:57,0.00364600,13.71000000
2018-02-25 21:31:58,0.00364600,13.71000000
2018-02-25 21:32:01,0.00364600,13.71000000
2018-02-25 21:32:07,0.00364600,33.00000000
2018-02-25 21:32:08,0.00364600,6.94000000
2018-02-25 21:32:21,0.00364600,15.24000000
2018-02-25 21:32:23,0.00364600,13.71000000
2018-02-25 21:32:28,0.00364700,5.59000000
2018-02-25 21:32:29,0.00364700,2.67000000
2018-02-25 21:32:36,0.00364900,2.74000000
2018-02-25 21:32:50,0.00364900,8.18000000
2018-02-25 21:33:07,0.00364700,216.41000000
2018-02-25 21:33:07,0.00364600,56.11000000
2018-02-25 21:33:07,0.00364500,119.96000000
2018-02-25 21:33:14,0.00364500,147.05000000
2018-02-25 21:33:20,0.00364500,1.84000000
2018-02-25 21:33:24,0.00364200,16.95000000
2018-02-25 21:33:26,0.00364400,0.82000000
2018-02-25 21:33:26,0.00364500,14.98000000
2018-02-25 21:33:28,0.00364500,2.74000000
2018-02-25 21:33:31,0.00364500,2.74000000
2018-02-25 21:33:35,0.00364300,8.88000000
2018-02-25 21:33:36,0.00364300,1.45000000
2018-02-25 21:33:36,0.00364400,10.00000000
2018-02-25 21:33:44,0.00364300,189.50000000
2018-02-25 21:33:47,0.00364400,1.12000000
2018-02-25 21:33:54,0.00364400,2.42000000
2018-02-25 21:33:56,0.00364400,3.17000000
2018-02-25 21:33:58,0.00364200,4.12000000
2018-02-25 21:34:02,0.00364400,56.21000000
2018-02-25 21:34:03,0.00364400,0.60000000
2018-02-25 21:34:05,0.00364400,73.21000000
2018-02-25 21:34:05,0.00364500,20.00000000
2018-02-25 21:34:11,0.00364800,0.50000000
2018-02-25 21:34:11,0.00365000,32.07000000
2018-02-25 21:34:11,0.00365100,7.13000000
2018-02-25 21:34:14,0.00365100,0.68000000
2018-02-25 21:34:16,0.00364400,4.50000000
2018-02-25 21:34:16,0.00364300,7.96000000
2018-02-25 21:34:18,0.00364400,0.71000000
2018-02-25 21:34:23,0.00364900,3.61000000
2018-02-25 21:34:27,0.00364200,1.34000000
2018-02-25 21:34:28,0.00364900,0.71000000
2018-02-25 21:34:29,0.00365000,2.73000000
2018-02-25 21:34:31,0.00365000,27.08000000
2018-02-25 21:34:32,0.00364500,14.55000000
2018-02-25 21:34:38,0.00365100,0.34000000
2018-02-25 21:34:38,0.00365200,1.10000000
2018-02-25 21:34:38,0.00365600,1.29000000
2018-02-25 21:34:41,0.00364800,8.22000000
2018-02-25 21:35:08,0.00365400,2.00000000
2018-02-25 21:35:17,0.00365400,6.22000000
2018-02-25 21:35:17,0.00365400,8.21000000
2018-02-25 21:35:17,0.00365400,4.26000000
2018-02-25 21:35:18,0.00365400,11.21000000
2018-02-25 21:35:18,0.00365400,15.47000000
2018-02-25 21:35:18,0.00365400,1.37000000
2018-02-25 21:35:21,0.00365400,1.58000000
2018-02-25 21:35:24,0.00364800,10.43000000
2018-02-25 21:35:24,0.00364600,1.86000000
2018-02-25 21:35:24,0.00364400,4.50000000
2018-02-25 21:35:24,0.00364300,10.20000000
2018-02-25 21:35:24,0.00364200,30.99000000
2018-02-25 21:35:24,0.00364100,114.70000000
2018-02-25 21:35:24,0.00364100,1.29000000
2018-02-25 21:35:24,0.00364100,1.08000000
2018-02-25 21:35:24,0.00364100,12.89000000
2018-02-25 21:35:24,0.00364100,131.53000000
2018-02-25 21:35:24,0.00364100,2.58000000
2018-02-25 21:35:25,0.00364100,5.87000000
2018-02-25 21:35:26,0.00364100,13.73000000
2018-02-25 21:35:26,0.00364100,1.58000000
2018-02-25 21:35:26,0.00364100,170.90000000
2018-02-25 21:35:26,0.00364100,20.51000000
2018-02-25 21:35:26,0.00364100,26.06000000
2018-02-25 21:35:26,0.00364100,32.50000000
2018-02-25 21:35:26,0.00364100,39.45000000
2018-02-25 21:35:26,0.00364100,46.52000000
2018-02-25 21:35:26,0.00364100,52.96000000
2018-02-25 21:35:26,0.00364100,58.02000000
2018-02-25 21:35:26,0.00364100,61.01000000
2018-02-25 21:35:26,0.00364100,61.62000000
2018-02-25 21:35:26,0.00364100,59.83000000
2018-02-25 21:35:26,0.00364100,56.92000000
2018-02-25 21:35:26,0.00364100,1.51000000
2018-02-25 21:35:28,0.00364100,12.51000000
2018-02-25 21:35:28,0.00364100,19.67000000
2018-02-25 21:35:28,0.00364100,20.32000000
2018-02-25 21:35:29,0.00364100,2.39000000
2018-02-25 21:35:29,0.00364100,10.16000000
2018-02-25 21:35:30,0.00364000,1.01000000
2018-02-25 21:35:31,0.00364000,1.36000000
2018-02-25 21:35:35,0.00364100,1.14000000
2018-02-25 21:35:37,0.00364100,158.20000000
2018-02-25 21:35:38,0.00364100,94.10000000
2018-02-25 21:35:41,0.00364100,6.19000000
2018-02-25 21:35:43,0.00364100,3.82000000
2018-02-25 21:36:14,0.00364600,1.10000000
2018-02-25 21:36:15,0.00364200,0.50000000
2018-02-25 21:36:15,0.00364100,6.28000000
2018-02-25 21:36:15,0.00364100,149.15000000
2018-02-25 21:36:16,0.00364600,1.10000000
2018-02-25 21:36:28,0.00364600,10.97000000
2018-02-25 21:36:30,0.00364600,12.57000000
2018-02-25 21:36:30,0.00364900,2.71000000
2018-02-25 21:36:30,0.00365000,70.59000000
2018-02-25 21:36:31,0.00365000,0.06000000
2018-02-25 21:36:31,0.00365100,0.50000000
2018-02-25 21:36:31,0.00365200,0.82000000
2018-02-25 21:36:31,0.00365300,1.36000000
2018-02-25 21:36:31,0.00365300,2.74000000
2018-02-25 21:36:37,0.00365400,1.57000000
2018-02-25 21:36:37,0.00365600,1.16000000
2018-02-25 21:36:38,0.00365600,1.65000000
2018-02-25 21:36:38,0.00365700,1.08000000
2018-02-25 21:36:38,0.00364700,8.22000000
2018-02-25 21:36:38,0.00364600,14.34000000
2018-02-25 21:36:38,0.00364400,1.36000000
2018-02-25 21:36:38,0.00364300,6.06000000
2018-02-25 21:36:44,0.00365200,3.39000000
2018-02-25 21:36:45,0.00365000,2.73000000
2018-02-25 21:36:48,0.00364700,1.36000000
2018-02-25 21:36:48,0.00364800,1.37000000
2018-02-25 21:37:04,0.00364300,4.86000000
2018-02-25 21:37:19,0.00364500,34.27000000
2018-02-25 21:37:23,0.00364600,2.74000000
2018-02-25 21:37:25,0.00364600,0.26000000
2018-02-25 21:37:25,0.00364600,3.85000000
2018-02-25 21:37:25,0.00364700,1.08000000
2018-02-25 21:37:26,0.00364500,24.80000000
2018-02-25 21:37:29,0.00364900,0.50000000
2018-02-25 21:37:29,0.00365100,2.24000000
2018-02-25 21:37:46,0.00365100,1.00000000
2018-02-25 21:37:47,0.00365100,6.50000000
2018-02-25 21:37:49,0.00365200,0.42000000
2018-02-25 21:37:50,0.00365200,5.56000000
2018-02-25 21:37:50,0.00365300,7.45000000
2018-02-25 21:37:55,0.00365300,0.20000000
2018-02-25 21:37:55,0.00365900,46.44000000
2018-02-25 21:37:59,0.00365300,9.24000000
2018-02-25 21:37:59,0.00366000,5.32000000
2018-02-25 21:38:01,0.00365200,8.21000000
2018-02-25 21:38:03,0.00365200,0.50000000
2018-02-25 21:38:03,0.00365100,31.54000000
2018-02-25 21:38:13,0.00365100,23.62000000
2018-02-25 21:38:13,0.00365100,0.09000000
2018-02-25 21:38:14,0.00365100,2.73000000
2018-02-25 21:38:25,0.00364700,1.50000000
2018-02-25 21:38:38,0.00364900,1.51000000
2018-02-25 21:38:38,0.00365000,28.21000000
2018-02-25 21:38:39,0.00364800,1.50000000
2018-02-25 21:38:39,0.00365000,1.23000000
2018-02-25 21:38:40,0.00364700,8.93000000
2018-02-25 21:38:40,0.00364700,6.54000000
2018-02-25 21:38:45,0.00364700,5.17000000
2018-02-25 21:38:48,0.00364900,52.07000000
2018-02-25 21:38:51,0.00365000,2.26000000
2018-02-25 21:38:55,0.00364700,18.00000000
2018-02-25 21:38:58,0.00365000,0.74000000
2018-02-25 21:39:06,0.00364900,0.70000000
2018-02-25 21:39:20,0.00364700,16.43000000
2018-02-25 21:39:39,0.00364900,0.50000000
2018-02-25 21:39:43,0.00364900,6.70000000
2018-02-25 21:39:48,0.00364800,30.00000000
2018-02-25 21:40:07,0.00364800,58.38000000
2018-02-25 21:40:08,0.00364700,4.84000000
2018-02-25 21:40:09,0.00364800,12.66000000
2018-02-25 21:40:14,0.00364700,1.37000000
2018-02-25 21:40:18,0.00364700,26.00000000
2018-02-25 21:40:25,0.00364700,7.18000000
2018-02-25 21:40:35,0.00364700,139.54000000
2018-02-25 21:40:35,0.00364600,70.16000000
2018-02-25 21:40:35,0.00364500,5.00000000
2018-02-25 21:40:38,0.00364500,2.74000000
2018-02-25 21:40:38,0.00364500,2.74000000
2018-02-25 21:40:38,0.00364500,0.36000000
2018-02-25 21:40:50,0.00364500,14.71000000
2018-02-25 21:40:51,0.00364500,10.97000000
2018-02-25 21:40:53,0.00364500,10.97000000
2018-02-25 21:41:05,0.00364400,7.34000000
2018-02-25 21:41:05,0.00364300,0.28000000
2018-02-25 21:41:13,0.00364300,272.13000000
2018-02-25 21:41:16,0.00364300,0.93000000
2018-02-25 21:41:21,0.00364300,2.81000000
2018-02-25 21:41:25,0.00364300,7.89000000
2018-02-25 21:41:28,0.00364300,2.74000000
2018-02-25 21:41:29,0.00364300,6.42000000
2018-02-25 21:41:36,0.00364200,15.80000000
2018-02-25 21:41:41,0.00364100,1.12000000
2018-02-25 21:41:44,0.00364200,4.42000000
2018-02-25 21:41:44,0.00364200,4.81000000
2018-02-25 21:41:52,0.00364200,3.36000000
2018-02-25 21:41:55,0.00364200,4.64000000
2018-02-25 21:41:58,0.00364200,0.30000000
2018-02-25 21:42:05,0.00364200,9.81000000
2018-02-25 21:42:07,0.00364100,35.07000000
2018-02-25 21:42:07,0.00364200,79.99000000
2018-02-25 21:42:08,0.00364200,0.02000000
2018-02-25 21:42:11,0.00364200,221.82000000
2018-02-25 21:42:11,0.00364100,264.48000000
2018-02-25 21:42:11,0.00364000,182.95000000
2018-02-25 21:42:14,0.00364200,4.84000000
2018-02-25 21:42:15,0.00364000,15.24000000
2018-02-25 21:42:24,0.00364000,21.25000000
2018-02-25 21:42:32,0.00364200,2.00000000
2018-02-25 21:42:32,0.00364700,0.74000000
2018-02-25 21:42:33,0.00364700,2.74000000
2018-02-25 21:42:46,0.00364500,0.39000000
2018-02-25 21:42:46,0.00364200,1.61000000
2018-02-25 21:43:05,0.00364200,2.92000000
2018-02-25 21:43:09,0.00364200,1.40000000
2018-02-25 21:43:12,0.00364200,387.13000000
2018-02-25 21:43:14,0.00364200,37.30000000
2018-02-25 21:43:20,0.00364100,2.47000000
2018-02-25 21:43:25,0.00364200,2.81000000
2018-02-25 21:43:26,0.00364100,2.77000000
2018-02-25 21:43:31,0.00364100,64.98000000
2018-02-25 21:43:33,0.00364200,7.38000000
2018-02-25 21:43:43,0.00364100,5.98000000
2018-02-25 21:43:44,0.00364100,41.09000000
2018-02-25 21:43:44,0.00364000,101.03000000
2018-02-25 21:43:44,0.00364200,1.20000000
2018-02-25 21:43:46,0.00364200,30.35000000
2018-02-25 21:43:46,0.00364200,1.10000000
2018-02-25 21:43:54,0.00364100,0.47000000
2018-02-25 21:43:54,0.00364000,22.22000000
2018-02-25 21:43:54,0.00364200,0.93000000
2018-02-25 21:44:01,0.00364200,1.93000000
2018-02-25 21:44:07,0.00364200,2.87000000
2018-02-25 21:44:09,0.00364000,32.70000000
2018-02-25 21:44:21,0.00364100,2.00000000
2018-02-25 21:44:21,0.00364200,0.87000000
2018-02-25 21:44:23,0.00364200,19.22000000
2018-02-25 21:44:24,0.00364200,10.95000000
2018-02-25 21:44:29,0.00364200,2.74000000
2018-02-25 21:44:35,0.00364200,2.74000000
2018-02-25 21:44:39,0.00364000,119.33000000
2018-02-25 21:44:47,0.00364000,12.18000000
2018-02-25 21:44:56,0.00364000,1.47000000
2018-02-25 21:45:02,0.00364100,2.97000000
2018-02-25 21:45:02,0.00364100,7.54000000
2018-02-25 21:45:07,0.00364200,0.81000000
2018-02-25 21:45:09,0.00364100,0.02000000
2018-02-25 21:45:09,0.00364000,8.50000000
2018-02-25 21:45:10,0.00364200,0.95000000
2018-02-25 21:45:10,0.00364100,0.82000000
2018-02-25 21:45:20,0.00364200,2.17000000
2018-02-25 21:45:24,0.00364400,52.14000000
2018-02-25 21:45:32,0.00364400,1.99000000
2018-02-25 21:45:37,0.00364400,46.66000000
2018-02-25 21:45:42,0.00364200,0.46000000
2018-02-25 21:45:42,0.00364200,0.67000000
2018-02-25 21:45:43,0.00364000,27.13000000
2018-02-25 21:45:43,0.00364400,1.37000000
2018-02-25 21:45:45,0.00364400,0.73000000
2018-02-25 21:45:49,0.00364400,0.54000000
2018-02-25 21:46:05,0.00364100,7.00000000
2018-02-25 21:46:05,0.00364000,0.51000000
2018-02-25 21:46:08,0.00364000,2.50000000
2018-02-25 21:46:11,0.00364100,8.23000000
2018-02-25 21:46:17,0.00364100,2.74000000
2018-02-25 21:46:23,0.00364100,2.74000000
2018-02-25 21:46:36,0.00364100,0.11000000
2018-02-25 21:46:38,0.00364100,2.86000000
2018-02-25 21:46:38,0.00364000,18.52000000
2018-02-25 21:46:39,0.00364100,47.59000000
2018-02-25 21:46:39,0.00364100,2.74000000
2018-02-25 21:46:40,0.00364100,1.19000000
2018-02-25 21:46:40,0.00364100,22.43000000
2018-02-25 21:46:42,0.00364400,11.20000000
2018-02-25 21:46:51,0.00364100,0.66000000
2018-02-25 21:46:51,0.00364000,3.32000000
2018-02-25 21:47:24,0.00364100,1.23000000
2018-02-25 21:47:24,0.00364100,0.57000000
2018-02-25 21:47:27,0.00364100,0.66000000
2018-02-25 21:47:29,0.00364100,0.07000000
2018-02-25 21:47:31,0.00364300,2.74000000
2018-02-25 21:47:32,0.00364300,0.66000000
2018-02-25 21:47:32,0.00364300,10.98000000
2018-02-25 21:47:34,0.00364300,2.74000000
2018-02-25 21:47:34,0.00364300,10.98000000
2018-02-25 21:47:36,0.00364300,9.50000000
2018-02-25 21:47:39,0.00364300,2.67000000
2018-02-25 21:47:41,0.00364300,10.98000000
2018-02-25 21:47:43,0.00364300,10.98000000
2018-02-25 21:47:45,0.00364300,3.21000000
2018-02-25 21:47:48,0.00364300,5.15000000
2018-02-25 21:47:50,0.00364300,9.46000000
2018-02-25 21:47:52,0.00364300,1.58000000
2018-02-25 21:47:55,0.00364100,1.37000000
2018-02-25 21:47:55,0.00364300,1.00000000
2018-02-25 21:47:58,0.00364300,20.28000000
2018-02-25 21:47:59,0.00364300,2.86000000
2018-02-25 21:48:04,0.00364400,5.00000000
2018-02-25 21:48:09,0.00364400,3.74000000
2018-02-25 21:48:14,0.00364100,1.37000000
2018-02-25 21:48:15,0.00364100,1.30000000
2018-02-25 21:48:21,0.00364100,1.00000000
2018-02-25 21:48:26,0.00364400,1.91000000
2018-02-25 21:48:29,0.00364100,6.75000000
2018-02-25 21:48:29,0.00364100,1.18000000
2018-02-25 21:48:34,0.00364200,18.60000000
2018-02-25 21:48:37,0.00364200,0.24000000
2018-02-25 21:48:37,0.00364300,1.67000000
2018-02-25 21:48:44,0.00364300,1.01000000
2018-02-25 21:48:49,0.00364400,1.50000000
2018-02-25 21:48:51,0.00364400,0.67000000
2018-02-25 21:48:54,0.00364400,0.66000000
2018-02-25 21:48:55,0.00364300,5.45000000
2018-02-25 21:48:56,0.00364300,2.04000000
2018-02-25 21:48:57,0.00364300,0.39000000
2018-02-25 21:48:57,0.00364400,1.32000000
2018-02-25 21:49:06,0.00364400,1.10000000
2018-02-25 21:49:14,0.00364100,4.66000000
2018-02-25 21:49:15,0.00364100,2.31000000
2018-02-25 21:49:16,0.00364100,26.39000000
2018-02-25 21:49:17,0.00364100,9.01000000
2018-02-25 21:49:18,0.00364100,148.28000000
2018-02-25 21:49:18,0.00364100,0.38000000
2018-02-25 21:49:20,0.00364100,0.93000000
2018-02-25 21:49:23,0.00364000,36.15000000
2018-02-25 21:49:28,0.00364400,15.51000000
2018-02-25 21:49:30,0.00364400,4.34000000
2018-02-25 21:49:32,0.00364400,1.22000000
2018-02-25 21:49:35,0.00364400,0.66000000
2018-02-25 21:50:00,0.00364400,34.40000000
2018-02-25 21:50:00,0.00364400,28.71000000
2018-02-25 21:50:02,0.00364000,0.28000000
2018-02-25 21:50:03,0.00364300,21.07000000
2018-02-25 21:50:03,0.00364400,0.41000000
2018-02-25 21:50:03,0.00364400,1.08000000
2018-02-25 21:50:03,0.00364400,5.44000000
2018-02-25 21:50:05,0.00364400,12.30000000
2018-02-25 21:50:05,0.00364000,0.24000000
2018-02-25 21:50:08,0.00364100,1.90000000
2018-02-25 21:50:09,0.00364100,1.06000000
2018-02-25 21:50:09,0.00364100,0.93000000
2018-02-25 21:50:11,0.00364300,0.41000000
2018-02-25 21:50:12,0.00364100,0.77000000
2018-02-25 21:50:14,0.00364100,1.06000000
2018-02-25 21:50:14,0.00364100,1.06000000
2018-02-25 21:50:18,0.00364100,0.55000000
2018-02-25 21:50:18,0.00364200,0.41000000
2018-02-25 21:50:19,0.00364300,0.67000000
2018-02-25 21:50:19,0.00364500,4.33000000
2018-02-25 21:50:22,0.00364200,0.25000000
2018-02-25 21:50:22,0.00364100,166.63000000
2018-02-25 21:50:22,0.00364000,27.13000000
2018-02-25 21:50:26,0.00364400,0.76000000
2018-02-25 21:50:26,0.00364500,7.11000000
2018-02-25 21:50:29,0.00364000,28.05000000
2018-02-25 21:50:39,0.00364400,1.37000000
2018-02-25 21:50:39,0.00364500,1.37000000
2018-02-25 21:50:40,0.00364500,2.74000000
2018-02-25 21:50:43,0.00364100,22.18000000
2018-02-25 21:50:43,0.00364000,91.09000000
2018-02-25 21:50:44,0.00364000,2.75000000
2018-02-25 21:50:44,0.00364000,15.98000000
2018-02-25 21:50:46,0.00364500,2.00000000
2018-02-25 21:50:51,0.00364500,0.75000000
2018-02-25 21:50:53,0.00364000,0.81000000
2018-02-25 21:50:56,0.00364000,0.66000000
2018-02-25 21:50:58,0.00364000,0.55000000
2018-02-25 21:50:59,0.00364000,1.30000000
2018-02-25 21:51:08,0.00364400,8.23000000
2018-02-25 21:51:11,0.00364000,112.92000000
2018-02-25 21:51:16,0.00364100,7.50000000
2018-02-25 21:51:16,0.00364100,2.10000000
2018-02-25 21:51:22,0.00364400,35.64000000
2018-02-25 21:51:28,0.00364100,2.66000000
2018-02-25 21:51:36,0.00364500,4.09000000
2018-02-25 21:52:03,0.00364100,2.08000000
2018-02-25 21:52:03,0.00364100,0.77000000
2018-02-25 21:52:06,0.00364100,1.05000000
2018-02-25 21:52:06,0.00364100,3.04000000
2018-02-25 21:52:09,0.00364400,2.17000000
2018-02-25 21:52:12,0.00364100,21.19000000
2018-02-25 21:52:14,0.00364100,2.18000000
2018-02-25 21:52:14,0.00364100,6.79000000
2018-02-25 21:52:15,0.00364100,0.50000000
2018-02-25 21:52:15,0.00364100,2.52000000
2018-02-25 21:52:16,0.00364100,8.31000000
2018-02-25 21:52:16,0.00364100,5.33000000
2018-02-25 21:52:22,0.00364400,7.57000000
2018-02-25 21:52:31,0.00364500,2.83000000
2018-02-25 21:52:33,0.00364500,2.74000000
2018-02-25 21:52:33,0.00364500,0.80000000
2018-02-25 21:52:41,0.00364300,1.01000000
2018-02-25 21:52:51,0.00364500,9.63000000
2018-02-25 21:52:54,0.00364200,9.20000000
2018-02-25 21:53:02,0.00364300,2.06000000
2018-02-25 21:53:08,0.00364300,8.71000000
2018-02-25 21:53:08,0.00364200,5.71000000
2018-02-25 21:53:08,0.00364100,9.23000000
2018-02-25 21:53:10,0.00364500,41.31000000
2018-02-25 21:53:10,0.00364100,5.00000000
2018-02-25 21:53:13,0.00364100,3.66000000
2018-02-25 21:53:19,0.00364500,5.30000000
2018-02-25 21:53:22,0.00364500,22.33000000
2018-02-25 21:53:36,0.00364500,27.43000000
2018-02-25 21:53:53,0.00364200,0.49000000
2018-02-25 21:53:53,0.00364100,1.66000000
2018-02-25 21:54:03,0.00364100,17.07000000
2018-02-25 21:54:10,0.00364500,3.55000000
2018-02-25 21:54:25,0.00364400,5.34000000
2018-02-25 21:54:25,0.00364100,56.00000000
2018-02-25 21:54:26,0.00364100,10.33000000
2018-02-25 21:54:28,0.00364100,0.30000000
2018-02-25 21:54:43,0.00364400,43.22000000
2018-02-25 21:54:45,0.00364500,26.17000000
2018-02-25 21:54:49,0.00364500,3.44000000
2018-02-25 21:54:52,0.00364500,7.11000000
2018-02-25 21:54:52,0.00364500,6.00000000
2018-02-25 21:55:02,0.00364500,1.93000000
2018-02-25 21:55:04,0.00364600,5.38000000
2018-02-25 21:55:05,0.00364600,8.79000000
2018-02-25 21:55:05,0.00364600,2.53000000
2018-02-25 21:55:05,0.00364500,39.33000000
2018-02-25 21:55:08,0.00364700,0.88000000
2018-02-25 21:55:12,0.00364600,2.26000000
2018-02-25 21:55:12,0.00364500,103.19000000
2018-02-25 21:55:12,0.00364500,2.00000000
2018-02-25 21:55:13,0.00364500,68.79000000
2018-02-25 21:55:13,0.00364500,9.54000000
2018-02-25 21:55:14,0.00364500,9.99000000
2018-02-25 21:55:18,0.00364700,0.88000000
2018-02-25 21:55:20,0.00364700,15.89000000
2018-02-25 21:55:21,0.00364500,53.74000000
2018-02-25 21:55:23,0.00364500,13.66000000
2018-02-25 21:55:23,0.00364500,0.02000000
2018-02-25 21:55:27,0.00364700,9.98000000
2018-02-25 21:55:28,0.00364700,0.88000000
2018-02-25 21:55:28,0.00364700,0.77000000
2018-02-25 21:55:29,0.00364400,86.71000000
2018-02-25 21:55:29,0.00364200,1.34000000
2018-02-25 21:55:29,0.00364200,14.00000000
2018-02-25 21:55:29,0.00364200,13.73000000
2018-02-25 21:55:30,0.00364200,18.00000000
2018-02-25 21:55:30,0.00364200,20.81000000
2018-02-25 21:55:30,0.00364200,37.37000000
2018-02-25 21:55:31,0.00364200,6.78000000
2018-02-25 21:55:32,0.00364200,67.18000000
2018-02-25 21:55:33,0.00364200,0.02000000
2018-02-25 21:55:35,0.00364700,1.42000000
2018-02-25 21:55:37,0.00364700,36.85000000
2018-02-25 21:55:37,0.00364700,0.01000000
2018-02-25 21:55:41,0.00364700,1.37000000
2018-02-25 21:55:46,0.00364800,1.58000000
2018-02-25 21:55:47,0.00364800,11.50000000
2018-02-25 21:55:48,0.00364900,1.58000000
2018-02-25 21:55:50,0.00364900,1.10000000
2018-02-25 21:55:52,0.00364900,1.10000000
2018-02-25 21:55:54,0.00364900,1.10000000
2018-02-25 21:55:56,0.00364800,2.08000000
2018-02-25 21:55:57,0.00364900,1.10000000
2018-02-25 21:56:00,0.00364900,7.45000000
2018-02-25 21:56:01,0.00364800,15.76000000
2018-02-25 21:56:10,0.00364800,0.64000000
2018-02-25 21:56:13,0.00364800,1.78000000
2018-02-25 21:56:13,0.00364800,2.50000000
2018-02-25 21:56:15,0.00364800,24.82000000
2018-02-25 21:56:18,0.00364800,4.08000000
2018-02-25 21:56:20,0.00364800,1.14000000
2018-02-25 21:56:22,0.00364800,0.66000000
2018-02-25 21:56:23,0.00364800,5.48000000
2018-02-25 21:56:25,0.00364800,3.29000000
2018-02-25 21:56:26,0.00364800,1.18000000
2018-02-25 21:56:38,0.00364700,1.61000000
2018-02-25 21:56:44,0.00364700,2.00000000
2018-02-25 21:56:44,0.00364800,0.66000000
2018-02-25 21:56:44,0.00364900,8.99000000
2018-02-25 21:56:44,0.00365000,0.35000000
2018-02-25 21:56:45,0.00364700,15.00000000
2018-02-25 21:56:45,0.00364700,3.81000000
2018-02-25 21:56:46,0.00364700,21.87000000
2018-02-25 21:56:53,0.00364700,1.37000000
2018-02-25 21:56:54,0.00364700,1.61000000
2018-02-25 21:56:57,0.00364700,8.25000000
2018-02-25 21:57:03,0.00364900,1.37000000
2018-02-25 21:57:06,0.00364900,0.97000000
2018-02-25 21:57:22,0.00364900,6.21000000
2018-02-25 21:57:25,0.00364900,15.18000000
2018-02-25 21:57:26,0.00364900,1.00000000
2018-02-25 21:57:26,0.00364900,107.03000000
2018-02-25 21:57:29,0.00364900,29.60000000
2018-02-25 21:57:30,0.00365000,2.74000000
2018-02-25 21:57:31,0.00364900,3.63000000
2018-02-25 21:57:33,0.00365000,2.73000000
2018-02-25 21:57:33,0.00365000,0.80000000
2018-02-25 21:57:38,0.00365000,45.72000000
2018-02-25 21:57:41,0.00365000,76.45000000
2018-02-25 21:57:42,0.00365000,38.21000000
2018-02-25 21:57:43,0.00365000,27.17000000
2018-02-25 21:57:43,0.00365000,141.30000000
2018-02-25 21:57:45,0.00364900,0.63000000
2018-02-25 21:57:45,0.00364900,25.00000000
2018-02-25 21:57:46,0.00365000,35.44000000
2018-02-25 21:57:47,0.00365000,17.73000000
2018-02-25 21:57:48,0.00365000,47.80000000
2018-02-25 21:57:49,0.00365000,1.79000000
2018-02-25 21:57:49,0.00365000,23.01000000
2018-02-25 21:57:49,0.00365000,10.84000000
2018-02-25 21:57:51,0.00365000,0.66000000
2018-02-25 21:57:52,0.00364900,6.35000000
2018-02-25 21:57:53,0.00364900,7.69000000
2018-02-25 21:57:53,0.00365100,1.42000000
2018-02-25 21:57:53,0.00365000,11.15000000
2018-02-25 21:57:54,0.00365000,16.41000000
2018-02-25 21:57:55,0.00365100,0.66000000
2018-02-25 21:57:56,0.00365100,6.65000000
2018-02-25 21:57:57,0.00365100,37.21000000
2018-02-25 21:57:58,0.00364900,3.00000000
2018-02-25 21:57:59,0.00364900,2.93000000
2018-02-25 21:57:59,0.00364900,1.66000000
2018-02-25 21:57:59,0.00365100,0.51000000
2018-02-25 21:58:00,0.00364900,24.69000000
2018-02-25 21:58:00,0.00365100,37.49000000
2018-02-25 21:58:00,0.00364900,24.73000000
2018-02-25 21:58:03,0.00364900,27.39000000
2018-02-25 21:58:03,0.00364900,36.81000000
2018-02-25 21:58:06,0.00364900,5.00000000
2018-02-25 21:58:16,0.00364900,23.67000000
2018-02-25 21:58:25,0.00365000,3.00000000
2018-02-25 21:58:29,0.00364900,3.06000000
2018-02-25 21:58:29,0.00364900,2.75000000
2018-02-25 21:58:31,0.00365000,2.73000000
2018-02-25 21:58:31,0.00365000,0.66000000
2018-02-25 21:58:35,0.00365000,2.73000000
2018-02-25 21:58:37,0.00364900,20.00000000
2018-02-25 21:58:41,0.00364900,13.33000000
2018-02-25 21:58:47,0.00364900,18.72000000
2018-02-25 21:58:47,0.00364900,5.47000000
2018-02-25 21:58:51,0.00364900,5.08000000
2018-02-25 21:58:51,0.00364900,4.53000000
2018-02-25 21:58:53,0.00364900,52.96000000
2018-02-25 21:58:56,0.00364900,1.15000000
2018-02-25 21:58:57,0.00364900,126.44000000
2018-02-25 21:58:57,0.00365000,0.24000000
2018-02-25 21:58:57,0.00364900,3.12000000
2018-02-25 21:59:00,0.00365000,8.47000000
2018-02-25 21:59:02,0.00365100,9.58000000
2018-02-25 21:59:02,0.00365200,2.61000000
2018-02-25 21:59:02,0.00365400,0.92000000
2018-02-25 21:59:02,0.00365500,5.23000000
2018-02-25 21:59:02,0.00365600,1.06000000
2018-02-25 21:59:02,0.00365700,0.50000000
2018-02-25 21:59:02,0.00365800,4.77000000
2018-02-25 21:59:13,0.00365100,0.50000000
2018-02-25 21:59:13,0.00365100,18.71000000
2018-02-25 21:59:20,0.00365200,2.54000000
2018-02-25 21:59:21,0.00365200,0.41000000
2018-02-25 21:59:22,0.00365200,27.37000000
2018-02-25 21:59:22,0.00365200,1.29000000
2018-02-25 21:59:26,0.00365200,5.50000000
2018-02-25 21:59:27,0.00365200,0.46000000
2018-02-25 21:59:28,0.00365200,2.97000000
2018-02-25 21:59:29,0.00365200,27.37000000
2018-02-25 21:59:29,0.00365200,3.06000000
2018-02-25 21:59:31,0.00365200,2.70000000
2018-02-25 21:59:32,0.00365200,0.50000000
2018-02-25 21:59:34,0.00365200,27.37000000
2018-02-25 21:59:34,0.00365200,3.72000000
2018-02-25 21:59:36,0.00365200,40.84000000
2018-02-25 21:59:37,0.00365100,8.27000000
2018-02-25 21:59:38,0.00365100,0.58000000
2018-02-25 21:59:42,0.00365200,0.05000000
2018-02-25 21:59:42,0.00365600,3.11000000
2018-02-25 21:59:43,0.00365100,4.79000000
2018-02-25 21:59:43,0.00365100,18.26000000
2018-02-25 21:59:43,0.00365600,1.04000000
2018-02-25 21:59:44,0.00365100,27.37000000
2018-02-25 21:59:44,0.00365100,85.40000000
2018-02-25 21:59:44,0.00365100,3.65000000
2018-02-25 21:59:45,0.00365100,2.41000000
2018-02-25 21:59:45,0.00365300,1.08000000
2018-02-25 21:59:45,0.00365500,1.37000000
2018-02-25 21:59:45,0.00365600,11.25000000
2018-02-25 21:59:46,0.00365100,27.37000000
2018-02-25 21:59:46,0.00365100,15.84000000
2018-02-25 21:59:52,0.00365100,0.96000000
2018-02-25 21:59:58,0.00365000,5.50000000
