DATE,PRICE,VOLUME
2018-02-24 02:59:59,0.00369800,19.31000000
2018-02-24 03:00:00,0.00369800,12.95000000
2018-02-24 03:00:01,0.00369900,6.00000000
2018-02-24 03:00:02,0.00369900,12.00000000
2018-02-24 03:00:02,0.00369800,54.84000000
2018-02-24 03:00:03,0.00369600,1.89000000
2018-02-24 03:00:03,0.00369600,11.25000000
2018-02-24 03:00:04,0.00369800,12.41000000
2018-02-24 03:00:04,0.00369800,121.05000000
2018-02-24 03:00:05,0.00369900,2.68000000
2018-02-24 03:00:05,0.00369800,34.11000000
2018-02-24 03:00:05,0.00369600,0.09000000
2018-02-24 03:00:05,0.00369500,24.25000000
2018-02-24 03:00:05,0.00369700,5.00000000
2018-02-24 03:00:05,0.00369700,5.30000000
2018-02-24 03:00:05,0.00369500,47.86000000
2018-02-24 03:00:05,0.00369500,3.41000000
2018-02-24 03:00:06,0.00369800,2.02000000
2018-02-24 03:00:08,0.00369800,16.98000000
2018-02-24 03:00:08,0.00369900,73.29000000
2018-02-24 03:00:08,0.00369500,0.97000000
2018-02-24 03:00:09,0.00369400,0.77000000
2018-02-24 03:00:11,0.00369400,11.10000000
2018-02-24 03:00:14,0.00369400,0.16000000
2018-02-24 03:00:14,0.00369300,2.08000000
2018-02-24 03:00:14,0.00369200,2.56000000
2018-02-24 03:00:14,0.00369000,38.20000000
2018-02-24 03:00:14,0.00368900,92.78000000
2018-02-24 03:00:14,0.00368800,155.09000000
2018-02-24 03:00:14,0.00369500,1.53000000
2018-02-24 03:00:14,0.00369500,1.53000000
2018-02-24 03:00:14,0.00369500,1.53000000
2018-02-24 03:00:14,0.00369400,41.00000000
2018-02-24 03:00:15,0.00369400,23.40000000
2018-02-24 03:00:17,0.00369400,9.79000000
2018-02-24 03:00:18,0.00369400,44.21000000
2018-02-24 03:00:21,0.00369000,0.54000000
2018-02-24 03:00:21,0.00369400,8.79000000
2018-02-24 03:00:22,0.00369000,2.56000000
2018-02-24 03:00:22,0.00369400,19.00000000
2018-02-24 03:00:22,0.00369000,2.18000000
2018-02-24 03:00:22,0.00368900,1.46000000
2018-02-24 03:00:23,0.00369000,5.29000000
2018-02-24 03:00:23,0.00368900,21.99000000
2018-02-24 03:00:23,0.00368800,0.56000000
2018-02-24 03:00:24,0.00369300,2.71000000
2018-02-24 03:00:24,0.00369300,1.62000000
2018-02-24 03:00:25,0.00369300,0.21000000
2018-02-24 03:00:27,0.00369300,2.77000000
2018-02-24 03:00:28,0.00369300,2.83000000
2018-02-24 03:00:28,0.00369000,5.29000000
2018-02-24 03:00:29,0.00369000,57.36000000
2018-02-24 03:00:29,0.00369300,343.93000000
2018-02-24 03:00:29,0.00369300,2.93000000
2018-02-24 03:00:29,0.00369300,8.08000000
2018-02-24 03:00:30,0.00369300,20.48000000
2018-02-24 03:00:30,0.00369300,8.08000000
2018-02-24 03:00:30,0.00369300,8.08000000
2018-02-24 03:00:31,0.00369300,8.08000000
2018-02-24 03:00:31,0.00369300,8.08000000
2018-02-24 03:00:31,0.00369300,8.08000000
2018-02-24 03:00:31,0.00369000,26.94000000
2018-02-24 03:00:31,0.00368900,95.88000000
2018-02-24 03:00:31,0.00368800,252.80000000
2018-02-24 03:00:31,0.00369300,8.08000000
2018-02-24 03:00:32,0.00369300,8.08000000
2018-02-24 03:00:32,0.00369300,8.08000000
2018-02-24 03:00:32,0.00369200,8.08000000
2018-02-24 03:00:32,0.00369200,15.35000000
2018-02-24 03:00:32,0.00369300,42.23000000
2018-02-24 03:00:33,0.00369300,8.08000000
2018-02-24 03:00:33,0.00369300,8.08000000
2018-02-24 03:00:33,0.00369000,13.71000000
2018-02-24 03:00:33,0.00368800,121.33000000
2018-02-24 03:00:33,0.00368600,113.73000000
2018-02-24 03:00:33,0.00369300,8.08000000
2018-02-24 03:00:34,0.00369300,0.19000000
2018-02-24 03:00:35,0.00369000,1.04000000
2018-02-24 03:00:38,0.00369300,8.70000000
2018-02-24 03:00:38,0.00369000,1.18000000
2018-02-24 03:00:39,0.00368700,4.95000000
2018-02-24 03:00:40,0.00368700,2.02000000
2018-02-24 03:00:40,0.00368700,4.13000000
2018-02-24 03:00:46,0.00369000,5.26000000
2018-02-24 03:00:46,0.00369100,8.71000000
2018-02-24 03:00:46,0.00368800,2.22000000
2018-02-24 03:00:46,0.00368700,32.51000000
2018-02-24 03:00:49,0.00368700,2.15000000
2018-02-24 03:00:49,0.00368700,2.22000000
2018-02-24 03:00:53,0.00368700,0.05000000
2018-02-24 03:00:53,0.00369000,79.06000000
2018-02-24 03:00:53,0.00368600,63.67000000
2018-02-24 03:00:54,0.00369000,7.48000000
2018-02-24 03:00:57,0.00368600,2.68000000
2018-02-24 03:01:00,0.00368600,20.00000000
2018-02-24 03:01:03,0.00368600,202.82000000
2018-02-24 03:01:05,0.00368600,3.71000000
2018-02-24 03:01:05,0.00368600,1.00000000
2018-02-24 03:01:05,0.00368600,0.05000000
2018-02-24 03:01:05,0.00368600,21.60000000
2018-02-24 03:01:06,0.00368500,2.71000000
2018-02-24 03:01:06,0.00368400,0.30000000
2018-02-24 03:01:06,0.00368100,1.22000000
2018-02-24 03:01:06,0.00368300,0.40000000
2018-02-24 03:01:06,0.00368300,10.00000000
2018-02-24 03:01:06,0.00368300,8.14000000
2018-02-24 03:01:06,0.00368300,2.69000000
2018-02-24 03:01:06,0.00368300,4.50000000
2018-02-24 03:01:06,0.00368300,2.69000000
2018-02-24 03:01:07,0.00368300,21.57000000
2018-02-24 03:01:07,0.00368300,0.01000000
2018-02-24 03:01:07,0.00368600,1.99000000
2018-02-24 03:01:09,0.00368500,5.31000000
2018-02-24 03:01:09,0.00368500,11.80000000
2018-02-24 03:01:11,0.00368500,1.72000000
2018-02-24 03:01:11,0.00368100,1.55000000
2018-02-24 03:01:11,0.00368000,1.24000000
2018-02-24 03:01:12,0.00368500,10.00000000
2018-02-24 03:01:12,0.00368000,2.80000000
2018-02-24 03:01:12,0.00368000,2.79000000
2018-02-24 03:01:12,0.00368000,2.76000000
2018-02-24 03:01:13,0.00368100,11.80000000
2018-02-24 03:01:13,0.00368000,2.79000000
2018-02-24 03:01:13,0.00368000,2.77000000
2018-02-24 03:01:13,0.00368100,27.02000000
2018-02-24 03:01:14,0.00368100,0.41000000
2018-02-24 03:01:14,0.00368100,0.40000000
2018-02-24 03:01:14,0.00368100,136.45000000
2018-02-24 03:01:14,0.00368100,0.40000000
2018-02-24 03:01:14,0.00368600,5.00000000
2018-02-24 03:01:15,0.00368100,2.79000000
2018-02-24 03:01:16,0.00368100,2.00000000
2018-02-24 03:01:16,0.00368000,28.15000000
2018-02-24 03:01:16,0.00367900,17.11000000
2018-02-24 03:01:16,0.00367800,4.84000000
2018-02-24 03:01:16,0.00367800,2.77000000
2018-02-24 03:01:16,0.00368600,0.95000000
2018-02-24 03:01:17,0.00368600,10.00000000
2018-02-24 03:01:17,0.00367800,3.85000000
2018-02-24 03:01:20,0.00367800,8.03000000
2018-02-24 03:01:21,0.00367800,18.86000000
2018-02-24 03:01:22,0.00368200,1.29000000
2018-02-24 03:01:23,0.00368200,17.38000000
2018-02-24 03:01:23,0.00368200,4.38000000
2018-02-24 03:01:23,0.00368200,4.45000000
2018-02-24 03:01:25,0.00367800,13.60000000
2018-02-24 03:01:25,0.00367700,378.47000000
2018-02-24 03:01:25,0.00367600,119.57000000
2018-02-24 03:01:25,0.00367500,162.39000000
2018-02-24 03:01:25,0.00368100,10.60000000
2018-02-24 03:01:25,0.00368200,95.37000000
2018-02-24 03:01:26,0.00367900,8.89000000
2018-02-24 03:01:26,0.00367500,1.96000000
2018-02-24 03:01:26,0.00367500,2.80000000
2018-02-24 03:01:26,0.00367500,2.80000000
2018-02-24 03:01:26,0.00368200,49.51000000
2018-02-24 03:01:26,0.00368100,0.87000000
2018-02-24 03:01:27,0.00367500,2.79000000
2018-02-24 03:01:27,0.00367500,2.80000000
2018-02-24 03:01:27,0.00368100,4.65000000
2018-02-24 03:01:28,0.00367500,5.59000000
2018-02-24 03:01:28,0.00367500,2.78000000
2018-02-24 03:01:28,0.00368000,42.45000000
2018-02-24 03:01:28,0.00368100,42.25000000
2018-02-24 03:01:29,0.00367500,13.98000000
2018-02-24 03:01:29,0.00367500,2.78000000
2018-02-24 03:01:29,0.00367500,2.78000000
2018-02-24 03:01:29,0.00367500,2.80000000
2018-02-24 03:01:29,0.00367500,1.67000000
2018-02-24 03:01:29,0.00367500,45.26000000
2018-02-24 03:01:29,0.00367500,2.80000000
2018-02-24 03:01:30,0.00367600,2.78000000
2018-02-24 03:01:30,0.00368100,2.71000000
2018-02-24 03:01:30,0.00367600,2.78000000
2018-02-24 03:01:30,0.00367600,2.77000000
2018-02-24 03:01:30,0.00367600,0.56000000
2018-02-24 03:01:30,0.00367500,27.29000000
2018-02-24 03:01:30,0.00367500,2.78000000
2018-02-24 03:01:31,0.00367500,1.55000000
2018-02-24 03:01:31,0.00367100,1.25000000
2018-02-24 03:01:31,0.00368000,1.00000000
2018-02-24 03:01:31,0.00367100,2.78000000
2018-02-24 03:01:32,0.00367100,2.78000000
2018-02-24 03:01:32,0.00367100,2.77000000
2018-02-24 03:01:32,0.00367100,2.78000000
2018-02-24 03:01:32,0.00367200,2.79000000
2018-02-24 03:01:33,0.00367200,2.77000000
2018-02-24 03:01:33,0.00367200,2.79000000
2018-02-24 03:01:33,0.00367200,2.79000000
2018-02-24 03:01:33,0.00367200,2.69000000
2018-02-24 03:01:33,0.00367100,0.08000000
2018-02-24 03:01:34,0.00367300,2.80000000
2018-02-24 03:01:34,0.00367300,0.66000000
2018-02-24 03:01:34,0.00367200,1.18000000
2018-02-24 03:01:34,0.00367100,0.93000000
2018-02-24 03:01:34,0.00367100,2.77000000
2018-02-24 03:01:34,0.00368000,2.77000000
2018-02-24 03:01:34,0.00367100,2.78000000
2018-02-24 03:01:34,0.00368000,15.00000000
2018-02-24 03:01:35,0.00367100,0.87000000
2018-02-24 03:01:35,0.00367100,2.76000000
2018-02-24 03:01:35,0.00368000,3.24000000
2018-02-24 03:01:35,0.00368000,2.78000000
2018-02-24 03:01:35,0.00368000,2.77000000
2018-02-24 03:01:35,0.00368000,2.77000000
2018-02-24 03:01:35,0.00368100,69.76000000
2018-02-24 03:01:36,0.00368100,1.36000000
2018-02-24 03:01:36,0.00368000,2.77000000
2018-02-24 03:01:36,0.00368000,3.91000000
2018-02-24 03:01:36,0.00367800,0.30000000
2018-02-24 03:01:36,0.00367400,27.04000000
2018-02-24 03:01:36,0.00367200,29.52000000
2018-02-24 03:01:36,0.00367700,2.27000000
2018-02-24 03:01:36,0.00367700,61.44000000
2018-02-24 03:01:36,0.00367700,3.70000000
2018-02-24 03:01:36,0.00367200,2.77000000
2018-02-24 03:01:36,0.00367200,2.77000000
2018-02-24 03:01:37,0.00367700,13.40000000
2018-02-24 03:01:37,0.00367700,27.23000000
2018-02-24 03:01:37,0.00367700,28.14000000
2018-02-24 03:01:37,0.00367700,23.96000000
2018-02-24 03:01:37,0.00367200,2.77000000
2018-02-24 03:01:37,0.00367200,2.77000000
2018-02-24 03:01:37,0.00367600,7.90000000
2018-02-24 03:01:37,0.00367600,19.45000000
2018-02-24 03:01:38,0.00367600,13.25000000
2018-02-24 03:01:38,0.00367300,1.23000000
2018-02-24 03:01:38,0.00367200,1.54000000
2018-02-24 03:01:38,0.00367700,63.89000000
2018-02-24 03:01:38,0.00367200,0.31000000
2018-02-24 03:01:38,0.00367100,1.07000000
2018-02-24 03:01:38,0.00367100,2.77000000
2018-02-24 03:01:38,0.00367100,2.77000000
2018-02-24 03:01:38,0.00367100,2.77000000
2018-02-24 03:01:38,0.00367700,1.00000000
2018-02-24 03:01:38,0.00367200,2.77000000
2018-02-24 03:01:39,0.00367700,27.21000000
2018-02-24 03:01:39,0.00367700,66.95000000
2018-02-24 03:01:39,0.00367700,0.59000000
2018-02-24 03:01:39,0.00367400,1.18000000
2018-02-24 03:01:39,0.00367200,17.41000000
2018-02-24 03:01:39,0.00367200,2.77000000
2018-02-24 03:01:39,0.00367200,2.77000000
2018-02-24 03:01:39,0.00367200,2.77000000
2018-02-24 03:01:40,0.00367700,27.23000000
2018-02-24 03:01:40,0.00367700,14.34000000
2018-02-24 03:01:40,0.00367200,2.77000000
2018-02-24 03:01:40,0.00367200,2.95000000
2018-02-24 03:01:41,0.00367400,2.77000000
2018-02-24 03:01:41,0.00367400,2.77000000
2018-02-24 03:01:42,0.00367400,2.77000000
2018-02-24 03:01:42,0.00367400,2.76000000
2018-02-24 03:01:43,0.00367400,2.79000000
2018-02-24 03:01:43,0.00367400,1.38000000
2018-02-24 03:01:43,0.00367700,0.02000000
2018-02-24 03:01:44,0.00367900,3.51000000
2018-02-24 03:01:44,0.00367400,2.80000000
2018-02-24 03:01:44,0.00367400,2.80000000
2018-02-24 03:01:44,0.00367400,2.80000000
2018-02-24 03:01:45,0.00367300,2.79000000
2018-02-24 03:01:45,0.00367300,2.80000000
2018-02-24 03:01:46,0.00367400,2.81000000
2018-02-24 03:01:46,0.00367400,2.79000000
2018-02-24 03:01:46,0.00367900,2.46000000
2018-02-24 03:01:46,0.00367400,4.71000000
2018-02-24 03:01:46,0.00367900,11.51000000
2018-02-24 03:01:46,0.00367500,2.91000000
2018-02-24 03:01:46,0.00367400,0.97000000
2018-02-24 03:01:46,0.00367900,0.30000000
2018-02-24 03:01:47,0.00367400,1.22000000
2018-02-24 03:01:47,0.00367300,1.58000000
2018-02-24 03:01:47,0.00367300,2.79000000
2018-02-24 03:01:47,0.00367300,2.80000000
2018-02-24 03:01:47,0.00367300,2.80000000
2018-02-24 03:01:47,0.00367300,2.80000000
2018-02-24 03:01:48,0.00367300,2.80000000
2018-02-24 03:01:48,0.00367300,2.79000000
2018-02-24 03:01:48,0.00367300,2.78000000
2018-02-24 03:01:48,0.00367300,2.80000000
2018-02-24 03:01:49,0.00367900,12.49000000
2018-02-24 03:01:49,0.00367300,2.80000000
2018-02-24 03:01:49,0.00367300,2.79000000
2018-02-24 03:01:50,0.00367300,9.48000000
2018-02-24 03:01:50,0.00367300,2.78000000
2018-02-24 03:01:50,0.00367300,0.63000000
2018-02-24 03:01:50,0.00367200,2.80000000
2018-02-24 03:01:50,0.00367200,2.78000000
2018-02-24 03:01:50,0.00367300,11.39000000
2018-02-24 03:01:51,0.00367200,2.80000000
2018-02-24 03:01:51,0.00367200,2.80000000
2018-02-24 03:01:51,0.00367200,2.77000000
2018-02-24 03:01:51,0.00367200,2.79000000
2018-02-24 03:01:51,0.00367300,1.09000000
2018-02-24 03:01:51,0.00367200,1.68000000
2018-02-24 03:01:52,0.00367200,2.80000000
2018-02-24 03:01:52,0.00367200,2.78000000
2018-02-24 03:01:53,0.00367200,2.77000000
2018-02-24 03:01:53,0.00367200,2.77000000
2018-02-24 03:01:53,0.00367300,30.26000000
2018-02-24 03:01:53,0.00367300,2.41000000
2018-02-24 03:01:53,0.00367200,2.78000000
2018-02-24 03:01:53,0.00367300,21.70000000
2018-02-24 03:01:53,0.00367300,309.29000000
2018-02-24 03:01:53,0.00367200,2.78000000
2018-02-24 03:01:53,0.00367200,2.79000000
2018-02-24 03:01:53,0.00367900,64.96000000
2018-02-24 03:01:53,0.00368000,3.10000000
2018-02-24 03:01:54,0.00367200,15.45000000
2018-02-24 03:01:54,0.00367200,2.77000000
2018-02-24 03:01:54,0.00367200,2.77000000
2018-02-24 03:01:54,0.00367200,2.77000000
2018-02-24 03:01:55,0.00367200,2.78000000
2018-02-24 03:01:55,0.00367200,2.78000000
2018-02-24 03:01:55,0.00367200,2.77000000
2018-02-24 03:01:55,0.00367200,2.78000000
2018-02-24 03:01:56,0.00367200,2.77000000
2018-02-24 03:01:56,0.00367200,2.77000000
2018-02-24 03:01:57,0.00367200,2.77000000
2018-02-24 03:01:57,0.00367200,2.77000000
2018-02-24 03:01:58,0.00367200,2.77000000
2018-02-24 03:01:58,0.00367200,2.77000000
2018-02-24 03:01:59,0.00367200,2.77000000
2018-02-24 03:01:59,0.00367200,2.77000000
2018-02-24 03:01:59,0.00367200,10.91000000
2018-02-24 03:02:00,0.00367900,0.10000000
2018-02-24 03:02:00,0.00367200,2.77000000
2018-02-24 03:02:00,0.00367900,14.00000000
2018-02-24 03:02:00,0.00367200,2.77000000
2018-02-24 03:02:00,0.00367900,10.84000000
2018-02-24 03:02:00,0.00367200,2.77000000
2018-02-24 03:02:01,0.00367200,0.63000000
2018-02-24 03:02:01,0.00367900,10.00000000
2018-02-24 03:02:01,0.00367300,2.72000000
2018-02-24 03:02:01,0.00367200,0.05000000
2018-02-24 03:02:01,0.00367900,17.20000000
2018-02-24 03:02:02,0.00367900,3.31000000
2018-02-24 03:02:02,0.00367200,2.76000000
2018-02-24 03:02:04,0.00367300,1.18000000
2018-02-24 03:02:04,0.00367200,1.59000000
2018-02-24 03:02:04,0.00367200,13.59000000
2018-02-24 03:02:05,0.00367200,2.77000000
2018-02-24 03:02:05,0.00367200,12.26000000
2018-02-24 03:02:05,0.00367200,2.77000000
2018-02-24 03:02:05,0.00367300,2.77000000
2018-02-24 03:02:06,0.00367300,2.40000000
2018-02-24 03:02:06,0.00367200,0.37000000
2018-02-24 03:02:06,0.00367200,2.77000000
2018-02-24 03:02:07,0.00367200,100.78000000
2018-02-24 03:02:07,0.00367800,2.00000000
2018-02-24 03:02:07,0.00367200,0.77000000
2018-02-24 03:02:07,0.00367200,2.77000000
2018-02-24 03:02:07,0.00367200,2.77000000
2018-02-24 03:02:08,0.00367200,2.77000000
2018-02-24 03:02:08,0.00367200,2.77000000
2018-02-24 03:02:09,0.00367200,1.73000000
2018-02-24 03:02:09,0.00367100,1.04000000
2018-02-24 03:02:09,0.00367100,2.77000000
2018-02-24 03:02:10,0.00367100,2.77000000
2018-02-24 03:02:10,0.00367100,2.77000000
2018-02-24 03:02:11,0.00367800,27.00000000
2018-02-24 03:02:11,0.00367100,13.71000000
2018-02-24 03:02:11,0.00367200,2.77000000
2018-02-24 03:02:12,0.00367200,2.77000000
2018-02-24 03:02:13,0.00367800,2.77000000
2018-02-24 03:02:13,0.00367900,92.32000000
2018-02-24 03:02:13,0.00367200,2.77000000
2018-02-24 03:02:13,0.00367800,0.10000000
2018-02-24 03:02:14,0.00367200,4.00000000
2018-02-24 03:02:14,0.00367200,2.77000000
2018-02-24 03:02:15,0.00367200,2.76000000
2018-02-24 03:02:16,0.00367300,0.67000000
2018-02-24 03:02:16,0.00367200,2.09000000
2018-02-24 03:02:17,0.00367800,1.18000000
2018-02-24 03:02:17,0.00367200,16.02000000
2018-02-24 03:02:17,0.00367200,2.77000000
2018-02-24 03:02:17,0.00367200,2.76000000
2018-02-24 03:02:18,0.00367800,2.20000000
2018-02-24 03:02:18,0.00367800,0.30000000
2018-02-24 03:02:19,0.00367200,0.97000000
2018-02-24 03:02:19,0.00367200,1.09000000
2018-02-24 03:02:19,0.00367200,0.94000000
2018-02-24 03:02:19,0.00367800,1.76000000
2018-02-24 03:02:20,0.00367200,6.55000000
2018-02-24 03:02:20,0.00367100,5.74000000
2018-02-24 03:02:20,0.00367000,12.36000000
2018-02-24 03:02:20,0.00366800,22.91000000
2018-02-24 03:02:20,0.00367000,11.77000000
2018-02-24 03:02:20,0.00367000,6.54000000
2018-02-24 03:02:20,0.00367800,0.95000000
2018-02-24 03:02:20,0.00367200,102.86000000
2018-02-24 03:02:21,0.00367800,3.85000000
2018-02-24 03:02:21,0.00367800,8.15000000
2018-02-24 03:02:21,0.00367800,8.15000000
2018-02-24 03:02:21,0.00367800,0.47000000
2018-02-24 03:02:21,0.00367800,4.93000000
2018-02-24 03:02:21,0.00366800,5.85000000
2018-02-24 03:02:21,0.00367800,0.92000000
2018-02-24 03:02:22,0.00366700,2.30000000
2018-02-24 03:02:22,0.00366700,18.23000000
2018-02-24 03:02:22,0.00367700,2.23000000
2018-02-24 03:02:22,0.00367800,2.22000000
2018-02-24 03:02:24,0.00367200,6.17000000
2018-02-24 03:02:25,0.00367500,2.71000000
2018-02-24 03:02:25,0.00367300,9.75000000
2018-02-24 03:02:25,0.00367200,11.54000000
2018-02-24 03:02:25,0.00367100,2.83000000
2018-02-24 03:02:25,0.00367000,13.77000000
2018-02-24 03:02:26,0.00367500,1.07000000
2018-02-24 03:02:27,0.00367200,0.56000000
2018-02-24 03:02:27,0.00367200,1.11000000
2018-02-24 03:02:27,0.00367000,1.68000000
2018-02-24 03:02:27,0.00367100,2.79000000
2018-02-24 03:02:27,0.00367100,9.75000000
2018-02-24 03:02:27,0.00367100,2.79000000
2018-02-24 03:02:28,0.00367100,2.78000000
2018-02-24 03:02:28,0.00367100,2.77000000
2018-02-24 03:02:29,0.00367100,2.79000000
2018-02-24 03:02:29,0.00367100,2.77000000
2018-02-24 03:02:29,0.00367100,2.49000000
2018-02-24 03:02:29,0.00367100,0.71000000
2018-02-24 03:02:29,0.00367000,2.08000000
2018-02-24 03:02:30,0.00367000,2.77000000
2018-02-24 03:02:30,0.00367000,2.78000000
2018-02-24 03:02:31,0.00367000,2.77000000
2018-02-24 03:02:31,0.00367000,82.96000000
2018-02-24 03:02:31,0.00367000,2.77000000
2018-02-24 03:02:32,0.00367500,3.43000000
2018-02-24 03:02:32,0.00367100,1.12000000
2018-02-24 03:02:32,0.00367500,9.88000000
2018-02-24 03:02:32,0.00367000,2.77000000
2018-02-24 03:02:33,0.00367000,2.77000000
2018-02-24 03:02:33,0.00367500,0.15000000
2018-02-24 03:02:33,0.00367000,0.97000000
2018-02-24 03:02:34,0.00367000,62.22000000
2018-02-24 03:02:34,0.00367000,3.00000000
2018-02-24 03:02:34,0.00366900,2.77000000
2018-02-24 03:02:34,0.00367000,3.45000000
2018-02-24 03:02:34,0.00366900,0.06000000
2018-02-24 03:02:34,0.00366800,2.71000000
2018-02-24 03:02:34,0.00367000,0.49000000
2018-02-24 03:02:34,0.00367500,2.23000000
2018-02-24 03:02:35,0.00366800,23.29000000
2018-02-24 03:02:35,0.00366700,26.17000000
2018-02-24 03:02:35,0.00367000,1.37000000
2018-02-24 03:02:36,0.00367000,2.77000000
2018-02-24 03:02:36,0.00367000,70.29000000
2018-02-24 03:02:36,0.00367100,3.05000000
2018-02-24 03:02:36,0.00367000,20.64000000
2018-02-24 03:02:36,0.00367000,4.93000000
2018-02-24 03:02:38,0.00367200,12.92000000
2018-02-24 03:02:38,0.00367400,2.72000000
2018-02-24 03:02:38,0.00366700,1.70000000
2018-02-24 03:02:39,0.00367200,2.48000000
2018-02-24 03:02:40,0.00367500,0.68000000
2018-02-24 03:02:41,0.00367500,0.60000000
2018-02-24 03:02:41,0.00367500,20.00000000
2018-02-24 03:02:42,0.00367000,2.01000000
2018-02-24 03:02:42,0.00366900,2.83000000
2018-02-24 03:02:42,0.00366700,29.30000000
2018-02-24 03:02:42,0.00366700,2.00000000
2018-02-24 03:02:43,0.00366700,2.79000000
2018-02-24 03:02:43,0.00367400,1.00000000
2018-02-24 03:02:44,0.00366700,2.78000000
2018-02-24 03:02:44,0.00366700,11.45000000
2018-02-24 03:02:44,0.00366700,2.78000000
2018-02-24 03:02:44,0.00367400,1.31000000
2018-02-24 03:02:45,0.00367400,68.05000000
2018-02-24 03:02:45,0.00366700,2.77000000
2018-02-24 03:02:45,0.00366700,2.78000000
2018-02-24 03:02:46,0.00366700,18.98000000
2018-02-24 03:02:46,0.00366700,146.98000000
2018-02-24 03:02:46,0.00366700,7.61000000
2018-02-24 03:02:46,0.00366700,2.70000000
2018-02-24 03:02:47,0.00367400,0.30000000
2018-02-24 03:02:47,0.00366600,2.78000000
2018-02-24 03:02:47,0.00367300,1.00000000
2018-02-24 03:02:47,0.00366600,8.34000000
2018-02-24 03:02:48,0.00366600,2.78000000
2018-02-24 03:02:48,0.00366600,30.14000000
2018-02-24 03:02:48,0.00366600,10.84000000
2018-02-24 03:02:48,0.00367300,1.72000000
2018-02-24 03:02:48,0.00367400,66.33000000
2018-02-24 03:02:49,0.00366600,119.17000000
2018-02-24 03:02:49,0.00366600,2.79000000
2018-02-24 03:02:49,0.00366600,2.78000000
2018-02-24 03:02:50,0.00366600,21.12000000
2018-02-24 03:02:50,0.00366500,90.62000000
2018-02-24 03:02:50,0.00366500,17.03000000
2018-02-24 03:02:50,0.00366400,10.51000000
2018-02-24 03:02:50,0.00366400,8.18000000
2018-02-24 03:02:50,0.00366500,1.37000000
2018-02-24 03:02:50,0.00366400,6.46000000
2018-02-24 03:02:50,0.00366400,8.18000000
2018-02-24 03:02:50,0.00366500,2.58000000
2018-02-24 03:02:50,0.00366400,8.18000000
2018-02-24 03:02:50,0.00366500,15.00000000
2018-02-24 03:02:50,0.00366400,2.95000000
2018-02-24 03:02:51,0.00366400,8.17000000
2018-02-24 03:02:51,0.00366500,1.00000000
2018-02-24 03:02:51,0.00366400,2.79000000
2018-02-24 03:02:51,0.00366400,0.87000000
2018-02-24 03:02:51,0.00366400,2.78000000
2018-02-24 03:02:51,0.00366400,2.80000000
2018-02-24 03:02:51,0.00366500,114.48000000
2018-02-24 03:02:51,0.00366500,1.18000000
2018-02-24 03:02:51,0.00366500,10.91000000
2018-02-24 03:02:52,0.00366400,2.79000000
2018-02-24 03:02:52,0.00366500,9.53000000
2018-02-24 03:02:52,0.00367300,26.49000000
2018-02-24 03:02:52,0.00367400,32.19000000
2018-02-24 03:02:52,0.00366400,0.85000000
2018-02-24 03:02:52,0.00366400,2.79000000
2018-02-24 03:02:52,0.00366500,2.79000000
2018-02-24 03:02:52,0.00366500,2.78000000
2018-02-24 03:02:52,0.00366500,2.78000000
2018-02-24 03:02:53,0.00366500,2.79000000
2018-02-24 03:02:53,0.00366500,2.79000000
2018-02-24 03:02:53,0.00366500,5.66000000
2018-02-24 03:02:53,0.00366400,19.25000000
2018-02-24 03:02:53,0.00366200,0.30000000
2018-02-24 03:02:53,0.00366100,6.21000000
2018-02-24 03:02:53,0.00366000,17.13000000
2018-02-24 03:02:54,0.00366000,0.28000000
2018-02-24 03:02:54,0.00366000,9.52000000
2018-02-24 03:02:54,0.00366000,1.79000000
2018-02-24 03:02:54,0.00365900,2.00000000
2018-02-24 03:02:54,0.00365900,25.15000000
2018-02-24 03:02:54,0.00365800,24.85000000
2018-02-24 03:02:54,0.00366000,52.49000000
2018-02-24 03:02:54,0.00365800,2.78000000
2018-02-24 03:02:54,0.00366000,26.42000000
2018-02-24 03:02:55,0.00365800,2.80000000
2018-02-24 03:02:55,0.00366000,0.81000000
2018-02-24 03:02:55,0.00366000,1.05000000
2018-02-24 03:02:55,0.00365800,0.42000000
2018-02-24 03:02:55,0.00365700,67.90000000
2018-02-24 03:02:55,0.00365600,4.45000000
2018-02-24 03:02:55,0.00365500,39.43000000
2018-02-24 03:02:55,0.00365500,1.31000000
2018-02-24 03:02:55,0.00365700,0.74000000
2018-02-24 03:02:55,0.00365700,1.99000000
2018-02-24 03:02:55,0.00365700,15.13000000
2018-02-24 03:02:55,0.00365500,1.89000000
2018-02-24 03:02:55,0.00365700,2.64000000
2018-02-24 03:02:55,0.00366000,1.98000000
2018-02-24 03:02:55,0.00366800,1.09000000
2018-02-24 03:02:55,0.00367300,1.00000000
2018-02-24 03:02:55,0.00366800,45.43000000
2018-02-24 03:02:55,0.00366800,2.78000000
2018-02-24 03:02:56,0.00366800,2.77000000
2018-02-24 03:02:56,0.00366800,70.00000000
2018-02-24 03:02:56,0.00366800,41.41000000
2018-02-24 03:02:57,0.00366100,2.78000000
2018-02-24 03:02:57,0.00366300,3.81000000
2018-02-24 03:02:58,0.00366300,37.64000000
2018-02-24 03:02:58,0.00366400,9.76000000
2018-02-24 03:02:58,0.00366000,2.79000000
2018-02-24 03:02:58,0.00366400,3.98000000
2018-02-24 03:02:58,0.00366000,2.79000000
2018-02-24 03:02:58,0.00366000,2.78000000
2018-02-24 03:02:59,0.00366000,97.07000000
2018-02-24 03:02:59,0.00365900,2.83000000
2018-02-24 03:02:59,0.00365800,0.73000000
2018-02-24 03:02:59,0.00365600,44.18000000
2018-02-24 03:02:59,0.00365500,28.19000000
2018-02-24 03:02:59,0.00365500,4.57000000
2018-02-24 03:02:59,0.00366400,18.82000000
2018-02-24 03:02:59,0.00365500,2.79000000
2018-02-24 03:02:59,0.00365600,2.79000000
2018-02-24 03:03:00,0.00365600,2.77000000
2018-02-24 03:03:00,0.00365500,0.03000000
2018-02-24 03:03:00,0.00366300,3.03000000
2018-02-24 03:03:00,0.00366300,8.14000000
2018-02-24 03:03:00,0.00366300,8.14000000
2018-02-24 03:03:00,0.00366300,8.14000000
2018-02-24 03:03:01,0.00366000,2.79000000
2018-02-24 03:03:01,0.00366300,8.14000000
2018-02-24 03:03:01,0.00366000,2.78000000
2018-02-24 03:03:01,0.00366000,2.80000000
2018-02-24 03:03:01,0.00366300,8.14000000
2018-02-24 03:03:01,0.00366000,12.92000000
2018-02-24 03:03:01,0.00366300,8.14000000
2018-02-24 03:03:01,0.00366300,5.54000000
2018-02-24 03:03:01,0.00366400,2.60000000
2018-02-24 03:03:02,0.00366400,8.14000000
2018-02-24 03:03:02,0.00366400,2.73000000
2018-02-24 03:03:02,0.00366000,2.79000000
2018-02-24 03:03:02,0.00366000,2.78000000
2018-02-24 03:03:02,0.00366400,8.14000000
2018-02-24 03:03:02,0.00366400,8.14000000
2018-02-24 03:03:02,0.00366000,63.31000000
2018-02-24 03:03:02,0.00365600,3.03000000
2018-02-24 03:03:02,0.00365500,91.03000000
2018-02-24 03:03:02,0.00365300,4.50000000
2018-02-24 03:03:02,0.00365200,46.99000000
2018-02-24 03:03:02,0.00365000,52.04000000
2018-02-24 03:03:02,0.00365000,1.25000000
2018-02-24 03:03:02,0.00365000,148.96000000
2018-02-24 03:03:02,0.00364900,114.69000000
2018-02-24 03:03:02,0.00364800,17.90000000
2018-02-24 03:03:02,0.00364900,7.21000000
2018-02-24 03:03:02,0.00366400,0.93000000
2018-02-24 03:03:02,0.00364800,2.79000000
2018-02-24 03:03:03,0.00366200,2.83000000
2018-02-24 03:03:03,0.00366300,17.90000000
2018-02-24 03:03:03,0.00366400,10.38000000
2018-02-24 03:03:03,0.00366100,3.03000000
2018-02-24 03:03:03,0.00366200,5.11000000
2018-02-24 03:03:03,0.00365000,2.79000000
2018-02-24 03:03:03,0.00365500,1.09000000
2018-02-24 03:03:04,0.00365200,1.09000000
2018-02-24 03:03:04,0.00365000,1.70000000
2018-02-24 03:03:04,0.00365500,1.09000000
2018-02-24 03:03:04,0.00365500,10.94000000
2018-02-24 03:03:04,0.00365500,1.09000000
2018-02-24 03:03:04,0.00365500,12.26000000
2018-02-24 03:03:04,0.00365500,8.35000000
2018-02-24 03:03:04,0.00365500,8.14000000
2018-02-24 03:03:04,0.00365100,12.03000000
2018-02-24 03:03:04,0.00365100,2.79000000
2018-02-24 03:03:04,0.00365500,8.14000000
2018-02-24 03:03:04,0.00365500,1.00000000
2018-02-24 03:03:04,0.00365500,8.03000000
2018-02-24 03:03:04,0.00366100,0.14000000
2018-02-24 03:03:04,0.00366100,4.35000000
2018-02-24 03:03:04,0.00366200,3.82000000
2018-02-24 03:03:04,0.00366200,8.17000000
2018-02-24 03:03:04,0.00366200,8.17000000
2018-02-24 03:03:04,0.00366200,8.14000000
2018-02-24 03:03:04,0.00365500,2.83000000
2018-02-24 03:03:04,0.00366200,8.14000000
2018-02-24 03:03:05,0.00366200,8.17000000
2018-02-24 03:03:05,0.00366200,8.14000000
2018-02-24 03:03:05,0.00365500,2.80000000
2018-02-24 03:03:05,0.00365500,2.78000000
2018-02-24 03:03:05,0.00366000,0.40000000
2018-02-24 03:03:05,0.00366200,8.14000000
2018-02-24 03:03:05,0.00366200,8.14000000
2018-02-24 03:03:05,0.00365500,2.80000000
2018-02-24 03:03:05,0.00365500,3.60000000
2018-02-24 03:03:06,0.00366200,8.14000000
2018-02-24 03:03:06,0.00365500,5.00000000
2018-02-24 03:03:06,0.00366200,8.14000000
2018-02-24 03:03:06,0.00366200,8.14000000
2018-02-24 03:03:06,0.00366200,2.73000000
2018-02-24 03:03:06,0.00365600,2.79000000
2018-02-24 03:03:06,0.00366200,47.54000000
2018-02-24 03:03:06,0.00365600,2.78000000
2018-02-24 03:03:06,0.00366000,3.56000000
2018-02-24 03:03:06,0.00366200,0.42000000
2018-02-24 03:03:06,0.00365600,3.98000000
2018-02-24 03:03:07,0.00365600,2.79000000
2018-02-24 03:03:07,0.00365600,2.79000000
2018-02-24 03:03:08,0.00365600,2.78000000
2018-02-24 03:03:08,0.00365600,2.78000000
2018-02-24 03:03:09,0.00366200,7.97000000
2018-02-24 03:03:09,0.00365600,2.78000000
2018-02-24 03:03:10,0.00366100,1.96000000
2018-02-24 03:03:10,0.00366000,2.83000000
2018-02-24 03:03:10,0.00366100,1.44000000
2018-02-24 03:03:10,0.00366200,3.87000000
2018-02-24 03:03:10,0.00366200,8.14000000
2018-02-24 03:03:10,0.00366200,7.92000000
2018-02-24 03:03:10,0.00366300,0.22000000
2018-02-24 03:03:10,0.00365600,18.98000000
2018-02-24 03:03:10,0.00365500,90.99000000
2018-02-24 03:03:10,0.00365500,9.20000000
2018-02-24 03:03:10,0.00365400,2.73000000
2018-02-24 03:03:11,0.00365400,0.54000000
2018-02-24 03:03:11,0.00365500,2.77000000
2018-02-24 03:03:11,0.00366200,1.44000000
2018-02-24 03:03:11,0.00366200,1.44000000
2018-02-24 03:03:11,0.00366200,24.21000000
2018-02-24 03:03:11,0.00366300,18.26000000
2018-02-24 03:03:11,0.00366300,0.87000000
2018-02-24 03:03:12,0.00366200,0.78000000
2018-02-24 03:03:12,0.00366300,8.14000000
2018-02-24 03:03:12,0.00366200,0.66000000
2018-02-24 03:03:12,0.00366300,8.14000000
2018-02-24 03:03:12,0.00365500,0.42000000
2018-02-24 03:03:12,0.00366300,8.14000000
2018-02-24 03:03:12,0.00366300,41.39000000
2018-02-24 03:03:12,0.00366400,62.19000000
2018-02-24 03:03:12,0.00366500,30.11000000
2018-02-24 03:03:12,0.00366600,22.13000000
2018-02-24 03:03:12,0.00366700,19.00000000
2018-02-24 03:03:13,0.00366700,8.18000000
2018-02-24 03:03:13,0.00366700,1.37000000
2018-02-24 03:03:13,0.00366700,6.72000000
2018-02-24 03:03:13,0.00366400,8.14000000
2018-02-24 03:03:13,0.00366400,8.14000000
2018-02-24 03:03:13,0.00366400,8.13000000
2018-02-24 03:03:13,0.00366400,1.69000000
2018-02-24 03:03:13,0.00366400,6.46000000
2018-02-24 03:03:13,0.00365600,12.28000000
2018-02-24 03:03:14,0.00365600,24.37000000
2018-02-24 03:03:14,0.00365600,4.86000000
2018-02-24 03:03:15,0.00366600,1.78000000
2018-02-24 03:03:15,0.00366600,0.01000000
2018-02-24 03:03:15,0.00365700,61.64000000
2018-02-24 03:03:15,0.00365600,114.17000000
2018-02-24 03:03:18,0.00366600,21.22000000
2018-02-24 03:03:19,0.00365700,2.00000000
2018-02-24 03:03:20,0.00366400,2.83000000
2018-02-24 03:03:20,0.00366500,2.73000000
2018-02-24 03:03:20,0.00366600,72.11000000
2018-02-24 03:03:21,0.00365800,40.78000000
2018-02-24 03:03:21,0.00365700,21.55000000
2018-02-24 03:03:21,0.00365800,12.66000000
2018-02-24 03:03:21,0.00366300,2.24000000
2018-02-24 03:03:21,0.00366500,19.56000000
2018-02-24 03:03:21,0.00366600,8.01000000
2018-02-24 03:03:23,0.00366500,2.73000000
2018-02-24 03:03:23,0.00366600,9.34000000
2018-02-24 03:03:23,0.00366100,31.21000000
2018-02-24 03:03:23,0.00366600,80.58000000
2018-02-24 03:03:25,0.00365800,12.62000000
2018-02-24 03:03:26,0.00365800,52.23000000
2018-02-24 03:03:26,0.00365700,17.37000000
2018-02-24 03:03:27,0.00365700,191.29000000
2018-02-24 03:03:27,0.00365700,2.91000000
2018-02-24 03:03:27,0.00366300,2.83000000
2018-02-24 03:03:27,0.00366500,37.72000000
2018-02-24 03:03:28,0.00366500,5.54000000
2018-02-24 03:03:28,0.00366600,12.67000000
2018-02-24 03:03:28,0.00366800,2.78000000
2018-02-24 03:03:28,0.00366900,2.76000000
2018-02-24 03:03:28,0.00367000,12.28000000
2018-02-24 03:03:29,0.00366000,4.04000000
2018-02-24 03:03:30,0.00366000,10.00000000
2018-02-24 03:03:30,0.00366000,8.55000000
2018-02-24 03:03:30,0.00366000,19.64000000
2018-02-24 03:03:30,0.00365900,2.73000000
2018-02-24 03:03:30,0.00365800,36.91000000
2018-02-24 03:03:30,0.00365700,39.56000000
2018-02-24 03:03:30,0.00365600,108.84000000
2018-02-24 03:03:30,0.00365600,37.39000000
2018-02-24 03:03:30,0.00366500,7.49000000
2018-02-24 03:03:33,0.00366000,4.80000000
2018-02-24 03:03:33,0.00365900,4.09000000
2018-02-24 03:03:33,0.00366000,8.18000000
2018-02-24 03:03:33,0.00365900,8.19000000
2018-02-24 03:03:34,0.00365900,3.11000000
2018-02-24 03:03:34,0.00366000,0.30000000
2018-02-24 03:03:35,0.00366000,4.27000000
2018-02-24 03:03:35,0.00366000,2.81000000
2018-02-24 03:03:35,0.00366100,1.89000000
2018-02-24 03:03:35,0.00365900,6.96000000
2018-02-24 03:03:37,0.00365900,24.27000000
2018-02-24 03:03:37,0.00365900,5.51000000
2018-02-24 03:03:37,0.00366100,3.71000000
2018-02-24 03:03:39,0.00366000,20.54000000
2018-02-24 03:03:40,0.00366000,45.34000000
2018-02-24 03:03:40,0.00366000,13.44000000
2018-02-24 03:03:40,0.00366100,26.20000000
2018-02-24 03:03:40,0.00366100,16.33000000
2018-02-24 03:03:41,0.00366100,0.62000000
2018-02-24 03:03:42,0.00366100,33.23000000
2018-02-24 03:03:42,0.00366200,2.83000000
2018-02-24 03:03:42,0.00366400,37.53000000
2018-02-24 03:03:42,0.00366500,16.99000000
2018-02-24 03:03:42,0.00366600,55.11000000
2018-02-24 03:03:43,0.00366600,14.41000000
2018-02-24 03:03:45,0.00366100,8.19000000
2018-02-24 03:03:45,0.00366100,4.33000000
2018-02-24 03:03:45,0.00366100,8.19000000
2018-02-24 03:03:45,0.00366100,6.60000000
2018-02-24 03:03:45,0.00366100,5.79000000
2018-02-24 03:03:45,0.00366100,8.19000000
2018-02-24 03:03:45,0.00366100,0.80000000
2018-02-24 03:03:46,0.00366100,4.23000000
2018-02-24 03:03:46,0.00366100,1.19000000
2018-02-24 03:03:46,0.00366100,2.41000000
2018-02-24 03:03:46,0.00366100,8.18000000
2018-02-24 03:03:48,0.00366500,8.13000000
2018-02-24 03:03:48,0.00366500,8.13000000
2018-02-24 03:03:50,0.00366500,111.03000000
2018-02-24 03:03:50,0.00366100,22.83000000
2018-02-24 03:03:50,0.00366000,79.61000000
2018-02-24 03:03:50,0.00365900,70.22000000
2018-02-24 03:03:53,0.00366400,14.49000000
2018-02-24 03:03:55,0.00366100,5.58000000
2018-02-24 03:03:56,0.00366100,8.19000000
2018-02-24 03:03:56,0.00366100,0.55000000
2018-02-24 03:03:58,0.00366400,21.24000000
2018-02-24 03:03:58,0.00366100,20.93000000
2018-02-24 03:03:58,0.00366100,0.14000000
2018-02-24 03:03:59,0.00366100,64.61000000
2018-02-24 03:03:59,0.00366000,17.82000000
2018-02-24 03:03:59,0.00365900,29.01000000
2018-02-24 03:03:59,0.00365800,347.73000000
2018-02-24 03:03:59,0.00365700,5.73000000
2018-02-24 03:04:01,0.00365900,17.88000000
2018-02-24 03:04:05,0.00365900,16.00000000
2018-02-24 03:04:14,0.00366200,2.83000000
2018-02-24 03:04:14,0.00366400,1.76000000
2018-02-24 03:04:15,0.00365900,39.29000000
2018-02-24 03:04:16,0.00365900,33.60000000
2018-02-24 03:04:16,0.00366400,99.45000000
2018-02-24 03:04:17,0.00366400,24.91000000
2018-02-24 03:04:17,0.00366400,1.26000000
2018-02-24 03:04:17,0.00366400,1.32000000
2018-02-24 03:04:17,0.00366400,3.21000000
2018-02-24 03:04:17,0.00366400,8.18000000
2018-02-24 03:04:17,0.00366400,4.42000000
2018-02-24 03:04:17,0.00366400,2.41000000
2018-02-24 03:04:17,0.00366400,5.16000000
2018-02-24 03:04:17,0.00366400,8.18000000
2018-02-24 03:04:18,0.00366400,1.08000000
2018-02-24 03:04:18,0.00366400,6.49000000
2018-02-24 03:04:18,0.00366400,1.78000000
2018-02-24 03:04:18,0.00366400,22.96000000
2018-02-24 03:04:18,0.00366400,0.46000000
2018-02-24 03:04:19,0.00366400,1.54000000
2018-02-24 03:04:19,0.00366400,26.01000000
2018-02-24 03:04:19,0.00365900,147.42000000
2018-02-24 03:04:20,0.00366500,61.65000000
2018-02-24 03:04:22,0.00366400,0.90000000
2018-02-24 03:04:23,0.00366400,1.93000000
2018-02-24 03:04:23,0.00366500,126.94000000
2018-02-24 03:04:23,0.00366500,23.70000000
2018-02-24 03:04:23,0.00366500,147.43000000
2018-02-24 03:04:24,0.00366500,3.79000000
2018-02-24 03:04:26,0.00366500,28.00000000
2018-02-24 03:04:26,0.00366600,22.67000000
2018-02-24 03:04:27,0.00366700,19.43000000
2018-02-24 03:04:27,0.00366700,2.41000000
2018-02-24 03:04:27,0.00366600,0.32000000
2018-02-24 03:04:27,0.00366600,3.42000000
2018-02-24 03:04:28,0.00366600,0.43000000
2018-02-24 03:04:28,0.00366600,4.88000000
2018-02-24 03:04:28,0.00366600,41.30000000
2018-02-24 03:04:28,0.00366500,17.04000000
2018-02-24 03:04:30,0.00366700,2.05000000
2018-02-24 03:04:31,0.00366000,10.12000000
2018-02-24 03:04:31,0.00365900,8.87000000
2018-02-24 03:04:32,0.00366000,0.82000000
2018-02-24 03:04:32,0.00366000,25.05000000
2018-02-24 03:04:32,0.00365800,14.80000000
2018-02-24 03:04:33,0.00366000,2.72000000
2018-02-24 03:04:33,0.00366000,26.96000000
2018-02-24 03:04:33,0.00366000,5.00000000
2018-02-24 03:04:33,0.00366000,2.72000000
2018-02-24 03:04:34,0.00365800,5.28000000
2018-02-24 03:04:35,0.00366000,92.36000000
2018-02-24 03:04:36,0.00366000,5.30000000
2018-02-24 03:04:37,0.00365800,1.94000000
2018-02-24 03:04:38,0.00366000,298.77000000
2018-02-24 03:04:38,0.00366500,29.19000000
2018-02-24 03:04:38,0.00366700,15.23000000
2018-02-24 03:04:38,0.00366900,8.87000000
2018-02-24 03:04:38,0.00367000,28.16000000
2018-02-24 03:04:38,0.00367200,4.50000000
2018-02-24 03:04:38,0.00367300,25.14000000
2018-02-24 03:04:40,0.00366200,2.39000000
2018-02-24 03:04:40,0.00366300,42.45000000
2018-02-24 03:04:40,0.00366200,29.34000000
2018-02-24 03:04:40,0.00366100,3.71000000
2018-02-24 03:04:40,0.00366000,193.99000000
2018-02-24 03:04:41,0.00366000,2.74000000
2018-02-24 03:04:41,0.00366600,1.09000000
2018-02-24 03:04:41,0.00366900,29.34000000
2018-02-24 03:04:41,0.00367000,2.39000000
2018-02-24 03:04:41,0.00367000,0.98000000
2018-02-24 03:04:41,0.00367000,2.83000000
2018-02-24 03:04:42,0.00367000,24.23000000
2018-02-24 03:04:42,0.00367000,2.17000000
2018-02-24 03:04:43,0.00367000,57.58000000
2018-02-24 03:04:43,0.00366300,2.17000000
2018-02-24 03:04:46,0.00366300,10.14000000
2018-02-24 03:04:49,0.00366400,31.79000000
2018-02-24 03:04:51,0.00366900,16.99000000
2018-02-24 03:04:51,0.00367000,40.00000000
2018-02-24 03:04:52,0.00367100,2.72000000
2018-02-24 03:04:53,0.00367100,0.01000000
2018-02-24 03:04:53,0.00367200,2.71000000
2018-02-24 03:04:59,0.00366600,2.71000000
2018-02-24 03:04:59,0.00366500,2.29000000
2018-02-24 03:05:01,0.00367300,1.87000000
2018-02-24 03:05:02,0.00366500,35.35000000
2018-02-24 03:05:03,0.00366500,40.51000000
2018-02-24 03:05:04,0.00367200,0.83000000
2018-02-24 03:05:04,0.00367100,6.33000000
2018-02-24 03:05:05,0.00367100,8.17000000
2018-02-24 03:05:08,0.00367000,3.40000000
2018-02-24 03:05:09,0.00367000,108.91000000
2018-02-24 03:05:09,0.00367100,27.95000000
2018-02-24 03:05:09,0.00367200,80.29000000
2018-02-24 03:05:09,0.00367300,48.02000000
2018-02-24 03:05:09,0.00367500,213.23000000
2018-02-24 03:05:09,0.00367500,4.74000000
2018-02-24 03:05:09,0.00367500,39.00000000
2018-02-24 03:05:10,0.00367500,19.00000000
2018-02-24 03:05:10,0.00367500,5.31000000
2018-02-24 03:05:10,0.00367500,137.47000000
2018-02-24 03:05:10,0.00367500,1.00000000
2018-02-24 03:05:12,0.00367500,30.10000000
2018-02-24 03:05:12,0.00367500,222.16000000
2018-02-24 03:05:13,0.00367700,2.72000000
2018-02-24 03:05:13,0.00367700,8.68000000
2018-02-24 03:05:14,0.00367600,3.84000000
2018-02-24 03:05:15,0.00367900,29.54000000
2018-02-24 03:05:15,0.00367600,2.05000000
2018-02-24 03:05:15,0.00367600,36.56000000
2018-02-24 03:05:15,0.00367500,8.33000000
2018-02-24 03:05:16,0.00367500,1.00000000
2018-02-24 03:05:18,0.00368000,5.15000000
2018-02-24 03:05:18,0.00367500,27.03000000
2018-02-24 03:05:18,0.00367500,20.72000000
2018-02-24 03:05:18,0.00368000,12.47000000
2018-02-24 03:05:18,0.00367600,6.76000000
2018-02-24 03:05:19,0.00367600,27.68000000
2018-02-24 03:05:19,0.00368000,11.92000000
2018-02-24 03:05:19,0.00367600,1.05000000
2018-02-24 03:05:19,0.00367600,0.62000000
2018-02-24 03:05:20,0.00367600,45.73000000
2018-02-24 03:05:21,0.00367500,1.00000000
2018-02-24 03:05:21,0.00367500,215.57000000
2018-02-24 03:05:21,0.00367500,10.88000000
2018-02-24 03:05:22,0.00367600,3.19000000
2018-02-24 03:05:22,0.00367600,0.52000000
2018-02-24 03:05:23,0.00367500,103.81000000
2018-02-24 03:05:24,0.00367500,111.08000000
2018-02-24 03:05:24,0.00367600,7.52000000
2018-02-24 03:05:24,0.00367500,324.67000000
2018-02-24 03:05:25,0.00367500,1.00000000
2018-02-24 03:05:25,0.00367600,16.61000000
2018-02-24 03:05:26,0.00367500,111.19000000
2018-02-24 03:05:26,0.00367500,177.00000000
2018-02-24 03:05:26,0.00367200,2.83000000
2018-02-24 03:05:26,0.00367000,0.95000000
2018-02-24 03:05:27,0.00367400,0.48000000
2018-02-24 03:05:28,0.00367000,2.16000000
2018-02-24 03:05:28,0.00367000,0.67000000
2018-02-24 03:05:29,0.00367000,0.11000000
2018-02-24 03:05:29,0.00367400,18.77000000
2018-02-24 03:05:29,0.00367400,23.20000000
2018-02-24 03:05:29,0.00367500,13.22000000
2018-02-24 03:05:29,0.00366800,16.34000000
2018-02-24 03:05:29,0.00367500,0.43000000
2018-02-24 03:05:31,0.00367400,16.34000000
2018-02-24 03:05:31,0.00367500,45.90000000
2018-02-24 03:05:31,0.00367600,11.47000000
2018-02-24 03:05:35,0.00367000,32.43000000
2018-02-24 03:05:35,0.00367100,5.44000000
2018-02-24 03:05:36,0.00367100,1.09000000
2018-02-24 03:05:36,0.00367000,1.00000000
2018-02-24 03:05:37,0.00367000,9.02000000
2018-02-24 03:05:37,0.00366900,2.83000000
2018-02-24 03:05:37,0.00366800,5.00000000
2018-02-24 03:05:37,0.00366700,2.19000000
2018-02-24 03:05:37,0.00366700,25.81000000
2018-02-24 03:05:37,0.00366700,0.82000000
2018-02-24 03:05:37,0.00366700,28.14000000
2018-02-24 03:05:39,0.00366700,21.93000000
2018-02-24 03:05:44,0.00366500,26.09000000
2018-02-24 03:05:45,0.00366700,2.59000000
2018-02-24 03:05:45,0.00366700,44.54000000
2018-02-24 03:05:45,0.00367100,29.18000000
2018-02-24 03:05:46,0.00366800,29.18000000
2018-02-24 03:05:46,0.00366700,106.69000000
2018-02-24 03:05:46,0.00366700,1.86000000
2018-02-24 03:05:48,0.00366700,73.55000000
2018-02-24 03:05:48,0.00366700,0.14000000
2018-02-24 03:05:52,0.00366700,16.73000000
2018-02-24 03:05:53,0.00366700,3.06000000
2018-02-24 03:05:53,0.00366700,17.41000000
2018-02-24 03:05:53,0.00366500,47.52000000
2018-02-24 03:05:56,0.00366500,82.76000000
2018-02-24 03:05:56,0.00366300,37.24000000
2018-02-24 03:05:56,0.00366900,2.72000000
2018-02-24 03:05:58,0.00366300,2.24000000
2018-02-24 03:06:00,0.00366300,0.83000000
2018-02-24 03:06:03,0.00366300,0.18000000
2018-02-24 03:06:03,0.00366500,1.14000000
2018-02-24 03:06:06,0.00366500,2.19000000
2018-02-24 03:06:11,0.00366300,21.62000000
2018-02-24 03:06:13,0.00366400,1.56000000
2018-02-24 03:06:13,0.00366300,16.13000000
2018-02-24 03:06:13,0.00366400,0.38000000
2018-02-24 03:06:15,0.00366300,1.55000000
2018-02-24 03:06:18,0.00366300,1.29000000
2018-02-24 03:06:18,0.00366300,3.49000000
2018-02-24 03:06:18,0.00366400,17.34000000
2018-02-24 03:06:18,0.00366500,138.04000000
2018-02-24 03:06:20,0.00366100,2.73000000
2018-02-24 03:06:20,0.00366000,40.46000000
2018-02-24 03:06:20,0.00365900,312.18000000
2018-02-24 03:06:20,0.00365800,42.32000000
2018-02-24 03:06:20,0.00365700,65.84000000
2018-02-24 03:06:20,0.00365600,106.42000000
2018-02-24 03:06:20,0.00366100,1.37000000
2018-02-24 03:06:21,0.00365600,12.87000000
2018-02-24 03:06:21,0.00365500,2.58000000
2018-02-24 03:06:22,0.00366000,0.29000000
2018-02-24 03:06:23,0.00366000,58.54000000
2018-02-24 03:06:25,0.00366000,0.03000000
2018-02-24 03:06:25,0.00366100,2.22000000
2018-02-24 03:06:27,0.00366100,0.05000000
2018-02-24 03:06:28,0.00365500,42.33000000
2018-02-24 03:06:31,0.00365600,1.05000000
2018-02-24 03:06:35,0.00365600,5.00000000
2018-02-24 03:06:35,0.00365600,83.48000000
2018-02-24 03:06:35,0.00365500,66.76000000
2018-02-24 03:06:35,0.00365400,10.00000000
2018-02-24 03:06:35,0.00365400,104.99000000
2018-02-24 03:06:35,0.00365400,8.19000000
2018-02-24 03:06:35,0.00365400,11.31000000
2018-02-24 03:06:35,0.00365400,11.29000000
2018-02-24 03:06:35,0.00365400,1.05000000
2018-02-24 03:06:35,0.00365400,5.19000000
2018-02-24 03:06:36,0.00365400,11.38000000
2018-02-24 03:06:36,0.00365400,31.40000000
2018-02-24 03:06:36,0.00365300,1.09000000
2018-02-24 03:06:36,0.00365200,22.61000000
2018-02-24 03:06:36,0.00365400,6.74000000
2018-02-24 03:06:36,0.00365900,1.78000000
2018-02-24 03:06:37,0.00365900,1.42000000
2018-02-24 03:06:37,0.00365200,5.19000000
2018-02-24 03:06:37,0.00365200,10.88000000
2018-02-24 03:06:38,0.00365600,31.40000000
2018-02-24 03:06:38,0.00365600,1.78000000
2018-02-24 03:06:39,0.00365600,12.71000000
2018-02-24 03:06:41,0.00365600,1.07000000
2018-02-24 03:06:41,0.00365600,21.70000000
2018-02-24 03:06:41,0.00365600,2.74000000
2018-02-24 03:06:41,0.00365600,3.73000000
2018-02-24 03:06:41,0.00365400,1.09000000
2018-02-24 03:06:41,0.00365200,1.38000000
2018-02-24 03:06:41,0.00365100,1.26000000
2018-02-24 03:06:41,0.00365100,19.61000000
2018-02-24 03:06:41,0.00365100,0.01000000
2018-02-24 03:06:41,0.00365100,47.32000000
2018-02-24 03:06:41,0.00365900,0.87000000
2018-02-24 03:06:42,0.00365600,96.97000000
2018-02-24 03:06:43,0.00365600,100.00000000
2018-02-24 03:06:43,0.00365600,0.60000000
2018-02-24 03:06:43,0.00365600,96.97000000
2018-02-24 03:06:44,0.00365600,2.73000000
2018-02-24 03:06:45,0.00365600,10.00000000
2018-02-24 03:06:47,0.00365200,13.48000000
2018-02-24 03:06:48,0.00365200,22.58000000
2018-02-24 03:06:48,0.00365200,9.39000000
2018-02-24 03:06:48,0.00365100,45.00000000
2018-02-24 03:06:49,0.00365100,16.16000000
2018-02-24 03:06:49,0.00365000,24.97000000
2018-02-24 03:06:49,0.00365500,2.83000000
2018-02-24 03:06:49,0.00365600,204.84000000
2018-02-24 03:06:51,0.00365600,62.49000000
2018-02-24 03:06:51,0.00365000,4.99000000
2018-02-24 03:06:52,0.00365600,100.00000000
2018-02-24 03:06:53,0.00365000,502.06000000
2018-02-24 03:06:53,0.00364900,362.76000000
2018-02-24 03:06:53,0.00364700,267.76000000
2018-02-24 03:06:53,0.00364700,1.67000000
2018-02-24 03:06:53,0.00364700,94.68000000
2018-02-24 03:06:54,0.00364700,2.00000000
2018-02-24 03:06:54,0.00364700,1.67000000
2018-02-24 03:06:54,0.00364700,0.33000000
2018-02-24 03:06:54,0.00364700,27.24000000
2018-02-24 03:06:54,0.00364700,6.98000000
2018-02-24 03:06:54,0.00364700,4.25000000
2018-02-24 03:06:54,0.00364700,3.40000000
2018-02-24 03:06:54,0.00364700,0.40000000
2018-02-24 03:06:54,0.00364700,6.82000000
2018-02-24 03:06:54,0.00364500,2.00000000
2018-02-24 03:06:54,0.00364500,9.81000000
2018-02-24 03:06:54,0.00364400,22.18000000
2018-02-24 03:06:54,0.00364300,1.50000000
2018-02-24 03:06:54,0.00364200,0.82000000
2018-02-24 03:06:54,0.00364100,0.70000000
2018-02-24 03:06:54,0.00364000,4.50000000
2018-02-24 03:06:54,0.00363900,3.00000000
2018-02-24 03:06:54,0.00363900,12.94000000
2018-02-24 03:06:54,0.00363900,0.99000000
2018-02-24 03:06:54,0.00364000,5.59000000
2018-02-24 03:06:54,0.00364000,4.90000000
2018-02-24 03:06:54,0.00364600,0.95000000
2018-02-24 03:06:54,0.00364600,8.16000000
2018-02-24 03:06:54,0.00364600,4.14000000
2018-02-24 03:06:55,0.00364600,2.00000000
2018-02-24 03:06:55,0.00364600,27.20000000
2018-02-24 03:06:55,0.00364700,198.20000000
2018-02-24 03:06:55,0.00364700,214.75000000
2018-02-24 03:06:55,0.00364700,5.00000000
2018-02-24 03:06:55,0.00364700,0.99000000
2018-02-24 03:06:55,0.00364700,4.14000000
2018-02-24 03:06:56,0.00364500,2.83000000
2018-02-24 03:06:56,0.00364700,21.03000000
2018-02-24 03:06:56,0.00364700,0.87000000
2018-02-24 03:06:57,0.00364700,1.00000000
2018-02-24 03:06:57,0.00364700,80.41000000
2018-02-24 03:06:57,0.00364700,9.50000000
2018-02-24 03:06:58,0.00364700,26.84000000
2018-02-24 03:06:58,0.00364700,26.84000000
2018-02-24 03:06:58,0.00364700,22.37000000
2018-02-24 03:06:58,0.00364700,26.84000000
2018-02-24 03:06:58,0.00364700,26.84000000
2018-02-24 03:06:58,0.00364700,3.00000000
2018-02-24 03:06:59,0.00364700,100.00000000
2018-02-24 03:06:59,0.00364100,1.20000000
2018-02-24 03:06:59,0.00363900,26.84000000
2018-02-24 03:06:59,0.00364100,2.83000000
2018-02-24 03:06:59,0.00364100,22.00000000
2018-02-24 03:06:59,0.00364100,0.81000000
2018-02-24 03:06:59,0.00364600,14.19000000
2018-02-24 03:07:00,0.00364600,4.11000000
2018-02-24 03:07:00,0.00364600,7.45000000
2018-02-24 03:07:00,0.00364700,4.31000000
2018-02-24 03:07:00,0.00364100,2.74000000
2018-02-24 03:07:00,0.00363900,16.70000000
2018-02-24 03:07:00,0.00363800,68.04000000
2018-02-24 03:07:00,0.00363700,8.97000000
2018-02-24 03:07:00,0.00363600,192.27000000
2018-02-24 03:07:00,0.00364600,2.75000000
2018-02-24 03:07:01,0.00364600,38.95000000
2018-02-24 03:07:01,0.00364700,61.05000000
2018-02-24 03:07:02,0.00364500,2.73000000
2018-02-24 03:07:02,0.00364700,27.27000000
2018-02-24 03:07:02,0.00364700,4.02000000
2018-02-24 03:07:02,0.00364600,1.00000000
2018-02-24 03:07:03,0.00363900,5.49000000
2018-02-24 03:07:03,0.00363900,4.00000000
2018-02-24 03:07:03,0.00363900,2.03000000
2018-02-24 03:07:03,0.00364100,1.19000000
2018-02-24 03:07:03,0.00364700,30.00000000
2018-02-24 03:07:04,0.00364700,2.74000000
2018-02-24 03:07:05,0.00364700,10.00000000
2018-02-24 03:07:05,0.00364700,0.68000000
2018-02-24 03:07:05,0.00364700,5.71000000
2018-02-24 03:07:05,0.00364800,12.33000000
2018-02-24 03:07:05,0.00364900,11.96000000
2018-02-24 03:07:06,0.00364700,0.60000000
2018-02-24 03:07:06,0.00364100,0.24000000
2018-02-24 03:07:06,0.00364100,0.86000000
2018-02-24 03:07:06,0.00364900,2.03000000
2018-02-24 03:07:09,0.00364700,29.89000000
2018-02-24 03:07:09,0.00364100,0.07000000
2018-02-24 03:07:10,0.00364700,0.45000000
2018-02-24 03:07:10,0.00364700,93.40000000
2018-02-24 03:07:10,0.00365100,2.74000000
2018-02-24 03:07:10,0.00365100,15.83000000
2018-02-24 03:07:10,0.00365200,31.53000000
2018-02-24 03:07:11,0.00364700,0.19000000
2018-02-24 03:07:12,0.00365200,31.59000000
2018-02-24 03:07:15,0.00365200,15.79000000
2018-02-24 03:07:17,0.00365400,4.53000000
2018-02-24 03:07:17,0.00365500,18.36000000
2018-02-24 03:07:17,0.00365500,2.73000000
2018-02-24 03:07:18,0.00365200,3.88000000
2018-02-24 03:07:18,0.00365500,16.63000000
2018-02-24 03:07:19,0.00365600,53.40000000
2018-02-24 03:07:20,0.00365600,3.74000000
2018-02-24 03:07:20,0.00365600,6.03000000
2018-02-24 03:07:21,0.00365600,6.03000000
2018-02-24 03:07:22,0.00365200,6.03000000
2018-02-24 03:07:22,0.00365200,5.96000000
2018-02-24 03:07:22,0.00365200,2.18000000
2018-02-24 03:07:23,0.00364900,0.12000000
2018-02-24 03:07:23,0.00364900,3.03000000
2018-02-24 03:07:23,0.00364900,2.55000000
2018-02-24 03:07:23,0.00364900,1.91000000
2018-02-24 03:07:23,0.00364900,0.12000000
2018-02-24 03:07:23,0.00364900,1.10000000
2018-02-24 03:07:23,0.00364900,0.54000000
2018-02-24 03:07:23,0.00364900,1.09000000
2018-02-24 03:07:23,0.00364900,7.90000000
2018-02-24 03:07:23,0.00364900,5.00000000
2018-02-24 03:07:24,0.00364900,5.13000000
2018-02-24 03:07:24,0.00365100,1.21000000
2018-02-24 03:07:24,0.00364900,8.21000000
2018-02-24 03:07:25,0.00365000,4.01000000
2018-02-24 03:07:25,0.00364800,2.74000000
2018-02-24 03:07:25,0.00364700,3.71000000
2018-02-24 03:07:25,0.00363900,6.96000000
2018-02-24 03:07:25,0.00363800,0.30000000
2018-02-24 03:07:25,0.00363700,1.48000000
2018-02-24 03:07:28,0.00364900,14.37000000
2018-02-24 03:07:28,0.00364000,12.30000000
2018-02-24 03:07:29,0.00364800,2.74000000
2018-02-24 03:07:29,0.00364900,7.55000000
2018-02-24 03:07:30,0.00364900,20.53000000
2018-02-24 03:07:30,0.00365000,15.81000000
2018-02-24 03:07:30,0.00365100,22.37000000
2018-02-24 03:07:32,0.00364100,23.35000000
2018-02-24 03:07:33,0.00364900,0.95000000
2018-02-24 03:07:34,0.00364100,2.39000000
2018-02-24 03:07:34,0.00364800,14.37000000
2018-02-24 03:07:35,0.00364100,9.38000000
2018-02-24 03:07:35,0.00364000,6.48000000
2018-02-24 03:07:36,0.00364900,2.74000000
2018-02-24 03:07:36,0.00364100,3.48000000
2018-02-24 03:07:36,0.00364000,16.52000000
2018-02-24 03:07:36,0.00364900,3.84000000
2018-02-24 03:07:36,0.00364800,12.35000000
2018-02-24 03:07:37,0.00364800,0.90000000
2018-02-24 03:07:37,0.00364800,78.76000000
2018-02-24 03:07:38,0.00364100,10.76000000
2018-02-24 03:07:38,0.00364800,6.66000000
2018-02-24 03:07:38,0.00364900,30.19000000
2018-02-24 03:07:40,0.00364800,5.48000000
2018-02-24 03:07:41,0.00364800,17.39000000
2018-02-24 03:07:42,0.00364800,2.74000000
2018-02-24 03:07:42,0.00364800,29.25000000
2018-02-24 03:07:42,0.00364900,19.52000000
2018-02-24 03:07:44,0.00364800,1.52000000
2018-02-24 03:07:44,0.00364900,22.32000000
2018-02-24 03:07:48,0.00364700,1.20000000
2018-02-24 03:07:48,0.00364800,10.00000000
2018-02-24 03:07:48,0.00364900,32.62000000
2018-02-24 03:07:49,0.00364200,43.19000000
2018-02-24 03:07:49,0.00364100,18.93000000
2018-02-24 03:07:49,0.00364100,0.69000000
2018-02-24 03:07:49,0.00364000,0.29000000
2018-02-24 03:07:51,0.00364700,3.12000000
2018-02-24 03:07:54,0.00364700,2.74000000
2018-02-24 03:07:54,0.00364700,3.71000000
2018-02-24 03:07:54,0.00364800,0.30000000
2018-02-24 03:07:54,0.00364800,8.17000000
2018-02-24 03:07:57,0.00364800,0.88000000
2018-02-24 03:07:58,0.00364700,1.56000000
2018-02-24 03:07:58,0.00364700,2.22000000
2018-02-24 03:07:58,0.00364700,0.89000000
2018-02-24 03:07:59,0.00364700,0.81000000
2018-02-24 03:07:59,0.00364800,13.79000000
2018-02-24 03:07:59,0.00364900,150.53000000
2018-02-24 03:08:01,0.00364200,25.16000000
2018-02-24 03:08:01,0.00364200,18.96000000
2018-02-24 03:08:02,0.00364700,7.25000000
2018-02-24 03:08:04,0.00364700,6.80000000
2018-02-24 03:08:04,0.00364800,22.42000000
2018-02-24 03:08:04,0.00364900,4.33000000
2018-02-24 03:08:04,0.00364900,2.00000000
2018-02-24 03:08:04,0.00364900,2.83000000
2018-02-24 03:08:04,0.00364900,2.00000000
2018-02-24 03:08:04,0.00364900,4.67000000
2018-02-24 03:08:04,0.00364900,0.81000000
2018-02-24 03:08:05,0.00364900,5.48000000
2018-02-24 03:08:05,0.00364900,13.68000000
2018-02-24 03:08:05,0.00364900,5.49000000
2018-02-24 03:08:05,0.00364900,8.21000000
2018-02-24 03:08:05,0.00365000,5.64000000
2018-02-24 03:08:05,0.00364900,9.45000000
2018-02-24 03:08:06,0.00364900,2.83000000
2018-02-24 03:08:06,0.00364900,28.21000000
2018-02-24 03:08:06,0.00364900,8.21000000
2018-02-24 03:08:06,0.00365000,5.64000000
2018-02-24 03:08:06,0.00365000,2.44000000
2018-02-24 03:08:07,0.00364900,6.06000000
2018-02-24 03:08:07,0.00364900,27.39000000
2018-02-24 03:08:07,0.00364900,12.41000000
2018-02-24 03:08:07,0.00365000,6.64000000
2018-02-24 03:08:08,0.00364900,4.49000000
2018-02-24 03:08:08,0.00365000,86.55000000
2018-02-24 03:08:09,0.00365000,3.06000000
2018-02-24 03:08:09,0.00364900,1.12000000
2018-02-24 03:08:09,0.00364900,0.93000000
2018-02-24 03:08:09,0.00365000,4.90000000
2018-02-24 03:08:10,0.00365000,15.10000000
2018-02-24 03:08:11,0.00365000,37.66000000
2018-02-24 03:08:11,0.00365100,2.04000000
2018-02-24 03:08:12,0.00365000,49.95000000
2018-02-24 03:08:12,0.00365100,0.66000000
2018-02-24 03:08:13,0.00365100,0.13000000
2018-02-24 03:08:13,0.00365400,4.36000000
2018-02-24 03:08:13,0.00365400,14.67000000
2018-02-24 03:08:13,0.00365500,0.04000000
2018-02-24 03:08:14,0.00365500,35.04000000
2018-02-24 03:08:17,0.00365500,43.33000000
2018-02-24 03:08:18,0.00365400,2.83000000
2018-02-24 03:08:18,0.00365500,32.58000000
2018-02-24 03:08:18,0.00365500,1.92000000
2018-02-24 03:08:20,0.00365000,2.00000000
2018-02-24 03:08:22,0.00365000,7.74000000
2018-02-24 03:08:23,0.00365100,2.83000000
2018-02-24 03:08:24,0.00365400,4.84000000
2018-02-24 03:08:24,0.00365500,172.84000000
2018-02-24 03:08:24,0.00365600,15.89000000
2018-02-24 03:08:24,0.00365700,32.72000000
2018-02-24 03:08:24,0.00365900,42.45000000
2018-02-24 03:08:24,0.00366000,295.15000000
2018-02-24 03:08:24,0.00366000,3.43000000
2018-02-24 03:08:24,0.00366000,6.40000000
2018-02-24 03:08:24,0.00366000,8.00000000
2018-02-24 03:08:24,0.00366000,0.90000000
2018-02-24 03:08:25,0.00366000,8.19000000
2018-02-24 03:08:25,0.00366000,8.18000000
2018-02-24 03:08:25,0.00366000,4.18000000
2018-02-24 03:08:25,0.00366000,3.45000000
2018-02-24 03:08:27,0.00366300,1.21000000
2018-02-24 03:08:27,0.00366400,0.38000000
2018-02-24 03:08:27,0.00366600,6.09000000
2018-02-24 03:08:28,0.00366000,17.02000000
2018-02-24 03:08:28,0.00366100,2.83000000
2018-02-24 03:08:28,0.00366100,8.71000000
2018-02-24 03:08:30,0.00366600,1.59000000
2018-02-24 03:08:32,0.00366300,12.32000000
2018-02-24 03:08:32,0.00366500,2.51000000
2018-02-24 03:08:32,0.00366100,2.48000000
2018-02-24 03:08:34,0.00366100,37.20000000
2018-02-24 03:08:35,0.00366500,79.28000000
2018-02-24 03:08:35,0.00366700,0.82000000
2018-02-24 03:08:35,0.00366800,2.83000000
2018-02-24 03:08:35,0.00366900,22.88000000
2018-02-24 03:08:35,0.00367000,10.19000000
2018-02-24 03:08:36,0.00366200,22.29000000
2018-02-24 03:08:36,0.00366100,4.30000000
2018-02-24 03:08:36,0.00366200,3.06000000
2018-02-24 03:08:37,0.00366200,16.50000000
2018-02-24 03:08:39,0.00366100,20.68000000
2018-02-24 03:08:39,0.00366800,0.28000000
2018-02-24 03:08:40,0.00366100,33.92000000
2018-02-24 03:08:43,0.00366100,14.68000000
2018-02-24 03:08:45,0.00366100,5.00000000
2018-02-24 03:08:47,0.00366800,44.90000000
2018-02-24 03:08:47,0.00366900,47.59000000
2018-02-24 03:08:47,0.00367000,178.00000000
2018-02-24 03:08:47,0.00367000,28.44000000
2018-02-24 03:08:48,0.00367000,35.62000000
2018-02-24 03:08:48,0.00367000,93.27000000
2018-02-24 03:08:48,0.00367000,2.25000000
2018-02-24 03:08:48,0.00367000,1.75000000
2018-02-24 03:08:48,0.00367000,5.85000000
2018-02-24 03:08:48,0.00367000,0.35000000
2018-02-24 03:08:48,0.00367000,3.36000000
2018-02-24 03:08:48,0.00367000,2.74000000
2018-02-24 03:08:48,0.00367000,225.40000000
2018-02-24 03:08:49,0.00367000,5.83000000
2018-02-24 03:08:49,0.00367000,15.93000000
2018-02-24 03:08:49,0.00367000,79.08000000
2018-02-24 03:08:49,0.00367000,65.69000000
2018-02-24 03:08:49,0.00367000,2.47000000
2018-02-24 03:08:50,0.00367000,89.85000000
2018-02-24 03:08:50,0.00367000,1.96000000
2018-02-24 03:08:50,0.00367000,50.00000000
2018-02-24 03:08:51,0.00367000,9.09000000
2018-02-24 03:08:51,0.00367000,2.17000000
2018-02-24 03:08:51,0.00367000,26.64000000
2018-02-24 03:08:51,0.00366400,16.35000000
2018-02-24 03:08:51,0.00366300,54.80000000
2018-02-24 03:08:51,0.00366200,74.94000000
2018-02-24 03:08:51,0.00366100,16.56000000
2018-02-24 03:08:51,0.00366000,30.00000000
2018-02-24 03:08:52,0.00366100,2.62000000
2018-02-24 03:08:52,0.00366100,1.47000000
2018-02-24 03:08:52,0.00365800,6.53000000
2018-02-24 03:08:57,0.00366200,4.09000000
2018-02-24 03:08:57,0.00366600,5.76000000
2018-02-24 03:08:57,0.00366700,1.90000000
2018-02-24 03:08:59,0.00366700,0.01000000
2018-02-24 03:08:59,0.00366000,0.30000000
2018-02-24 03:09:00,0.00366700,1.08000000
2018-02-24 03:09:00,0.00366800,1.19000000
2018-02-24 03:09:00,0.00366900,18.39000000
2018-02-24 03:09:16,0.00366500,0.77000000
2018-02-24 03:09:18,0.00366700,1.74000000
2018-02-24 03:09:18,0.00366800,0.30000000
2018-02-24 03:09:18,0.00366900,29.39000000
2018-02-24 03:09:18,0.00367000,2.47000000
2018-02-24 03:09:18,0.00367100,13.64000000
2018-02-24 03:09:18,0.00367300,11.71000000
2018-02-24 03:09:18,0.00367400,91.50000000
2018-02-24 03:09:18,0.00367500,310.61000000
2018-02-24 03:09:26,0.00366300,42.45000000
2018-02-24 03:09:26,0.00366200,5.56000000
2018-02-24 03:09:26,0.00366100,86.75000000
2018-02-24 03:09:28,0.00366600,1.50000000
2018-02-24 03:09:28,0.00366800,2.73000000
2018-02-24 03:09:28,0.00366900,9.10000000
2018-02-24 03:09:30,0.00366100,2.00000000
2018-02-24 03:09:33,0.00366900,4.18000000
2018-02-24 03:09:37,0.00367300,0.43000000
2018-02-24 03:09:39,0.00366900,0.19000000
2018-02-24 03:09:44,0.00366900,2.26000000
2018-02-24 03:09:44,0.00366700,21.13000000
2018-02-24 03:09:44,0.00366600,26.61000000
2018-02-24 03:09:47,0.00366600,2.22000000
2018-02-24 03:09:47,0.00366500,97.76000000
2018-02-24 03:09:49,0.00366500,31.75000000
2018-02-24 03:09:49,0.00366400,2.83000000
2018-02-24 03:09:49,0.00366300,35.42000000
2018-02-24 03:09:56,0.00367000,0.44000000
2018-02-24 03:09:56,0.00366300,72.31000000
2018-02-24 03:09:59,0.00366300,14.24000000
2018-02-24 03:10:06,0.00366200,22.42000000
2018-02-24 03:10:06,0.00366100,47.58000000
2018-02-24 03:10:07,0.00366200,6.42000000
2018-02-24 03:10:07,0.00366200,3.77000000
2018-02-24 03:10:07,0.00366600,1.48000000
2018-02-24 03:10:07,0.00366700,4.93000000
2018-02-24 03:10:08,0.00366700,0.40000000
2018-02-24 03:10:08,0.00366700,0.40000000
2018-02-24 03:10:08,0.00366700,0.40000000
2018-02-24 03:10:09,0.00366700,1.36000000
2018-02-24 03:10:09,0.00366200,1.37000000
2018-02-24 03:10:09,0.00366100,2.65000000
2018-02-24 03:10:12,0.00366100,51.93000000
2018-02-24 03:10:13,0.00366700,81.99000000
2018-02-24 03:10:14,0.00366700,7.21000000
2018-02-24 03:10:15,0.00366500,1.37000000
2018-02-24 03:10:16,0.00366200,30.11000000
2018-02-24 03:10:16,0.00366500,3.66000000
2018-02-24 03:10:16,0.00366700,47.18000000
2018-02-24 03:10:16,0.00366800,30.00000000
2018-02-24 03:10:16,0.00366900,0.87000000
2018-02-24 03:10:16,0.00367000,235.66000000
2018-02-24 03:10:16,0.00367300,4.63000000
2018-02-24 03:10:18,0.00367700,71.41000000
2018-02-24 03:10:18,0.00367800,18.48000000
2018-02-24 03:10:18,0.00367800,67.74000000
2018-02-24 03:10:18,0.00367800,48.34000000
2018-02-24 03:10:18,0.00367800,0.79000000
2018-02-24 03:10:18,0.00367100,42.45000000
2018-02-24 03:10:18,0.00367000,235.52000000
2018-02-24 03:10:19,0.00367000,0.34000000
2018-02-24 03:10:19,0.00367000,26.14000000
2018-02-24 03:10:20,0.00367800,42.45000000
2018-02-24 03:10:20,0.00367900,36.92000000
2018-02-24 03:10:20,0.00367900,20.86000000
2018-02-24 03:10:21,0.00367800,7.87000000
2018-02-24 03:10:22,0.00367900,87.05000000
2018-02-24 03:10:23,0.00367600,2.83000000
2018-02-24 03:10:25,0.00367200,30.00000000
2018-02-24 03:10:25,0.00367500,0.40000000
2018-02-24 03:10:25,0.00367600,2.83000000
2018-02-24 03:10:25,0.00368000,464.23000000
2018-02-24 03:10:25,0.00368000,14.62000000
2018-02-24 03:10:25,0.00368100,2.75000000
2018-02-24 03:10:25,0.00368200,58.08000000
2018-02-24 03:10:25,0.00368300,45.52000000
2018-02-24 03:10:25,0.00368000,2.33000000
2018-02-24 03:10:25,0.00368300,22.52000000
2018-02-24 03:10:25,0.00368000,0.49000000
2018-02-24 03:10:25,0.00368000,0.63000000
2018-02-24 03:10:26,0.00368000,27.17000000
2018-02-24 03:10:26,0.00368000,39.65000000
2018-02-24 03:10:26,0.00368000,14.58000000
2018-02-24 03:10:26,0.00368100,1.08000000
2018-02-24 03:10:26,0.00368100,11.37000000
2018-02-24 03:10:26,0.00368000,1.08000000
2018-02-24 03:10:27,0.00368100,1.09000000
2018-02-24 03:10:27,0.00368100,25.91000000
2018-02-24 03:10:27,0.00368000,1.09000000
2018-02-24 03:10:27,0.00368000,0.74000000
2018-02-24 03:10:27,0.00368000,6.25000000
2018-02-24 03:10:28,0.00368000,5.63000000
2018-02-24 03:10:28,0.00368000,3.16000000
2018-02-24 03:10:28,0.00368000,3.62000000
2018-02-24 03:10:28,0.00368100,1.08000000
2018-02-24 03:10:28,0.00368000,8.14000000
2018-02-24 03:10:28,0.00368000,7.30000000
2018-02-24 03:10:28,0.00368000,2.36000000
2018-02-24 03:10:28,0.00368000,2.02000000
2018-02-24 03:10:28,0.00368000,4.70000000
2018-02-24 03:10:29,0.00368000,5.12000000
2018-02-24 03:10:29,0.00368000,22.50000000
2018-02-24 03:10:30,0.00368000,21.75000000
2018-02-24 03:10:30,0.00368000,5.19000000
2018-02-24 03:10:30,0.00368000,1.01000000
2018-02-24 03:10:30,0.00368000,13.39000000
2018-02-24 03:10:30,0.00368000,0.83000000
2018-02-24 03:10:31,0.00368100,3.18000000
2018-02-24 03:10:31,0.00368100,5.66000000
2018-02-24 03:10:32,0.00368100,15.00000000
2018-02-24 03:10:32,0.00368000,7.32000000
2018-02-24 03:10:32,0.00368200,1.08000000
2018-02-24 03:10:32,0.00368500,1.82000000
2018-02-24 03:10:32,0.00368000,5.14000000
2018-02-24 03:10:32,0.00368000,24.80000000
2018-02-24 03:10:32,0.00368000,20.00000000
2018-02-24 03:10:32,0.00368000,7.06000000
2018-02-24 03:10:33,0.00368400,23.84000000
2018-02-24 03:10:33,0.00368500,13.59000000
2018-02-24 03:10:34,0.00368400,2.16000000
2018-02-24 03:10:34,0.00368400,0.01000000
2018-02-24 03:10:34,0.00368000,1.94000000
2018-02-24 03:10:35,0.00368100,16.12000000
2018-02-24 03:10:35,0.00368100,5.00000000
2018-02-24 03:10:36,0.00368000,141.37000000
2018-02-24 03:10:37,0.00368000,3.06000000
2018-02-24 03:10:37,0.00367900,2.30000000
2018-02-24 03:10:38,0.00367900,11.52000000
2018-02-24 03:10:38,0.00367900,11.50000000
2018-02-24 03:10:38,0.00367900,51.36000000
2018-02-24 03:10:38,0.00368000,5.00000000
2018-02-24 03:10:39,0.00367900,3.93000000
2018-02-24 03:10:39,0.00367900,4.87000000
2018-02-24 03:10:40,0.00367900,5.41000000
2018-02-24 03:10:41,0.00368200,2.71000000
2018-02-24 03:10:41,0.00368100,10.94000000
2018-02-24 03:10:41,0.00368200,23.18000000
2018-02-24 03:10:41,0.00368300,11.65000000
2018-02-24 03:10:42,0.00368000,0.87000000
2018-02-24 03:10:42,0.00368300,30.80000000
2018-02-24 03:10:42,0.00368400,39.89000000
2018-02-24 03:10:42,0.00368500,28.60000000
2018-02-24 03:10:42,0.00368600,24.42000000
2018-02-24 03:10:42,0.00368700,0.60000000
2018-02-24 03:10:42,0.00368800,0.40000000
2018-02-24 03:10:42,0.00368900,53.33000000
2018-02-24 03:10:42,0.00369000,2.31000000
2018-02-24 03:10:42,0.00369100,26.78000000
2018-02-24 03:10:43,0.00367900,1.19000000
2018-02-24 03:10:43,0.00369000,2.90000000
2018-02-24 03:10:45,0.00368800,0.97000000
2018-02-24 03:10:47,0.00368000,13.12000000
2018-02-24 03:10:47,0.00368000,2.71000000
2018-02-24 03:10:47,0.00368000,2.88000000
2018-02-24 03:10:48,0.00368800,0.01000000
2018-02-24 03:10:49,0.00368000,7.26000000
2018-02-24 03:10:49,0.00368800,5.43000000
2018-02-24 03:10:49,0.00368900,15.83000000
2018-02-24 03:10:49,0.00369000,145.05000000
2018-02-24 03:10:49,0.00369100,41.26000000
2018-02-24 03:10:49,0.00369200,59.74000000
2018-02-24 03:10:50,0.00368000,19.19000000
2018-02-24 03:10:50,0.00367900,134.14000000
2018-02-24 03:10:51,0.00368600,18.90000000
2018-02-24 03:10:51,0.00368100,7.89000000
2018-02-24 03:10:51,0.00368600,4.67000000
2018-02-24 03:10:51,0.00368700,37.65000000
2018-02-24 03:10:51,0.00368800,3.50000000
2018-02-24 03:10:51,0.00368800,15.93000000
2018-02-24 03:10:51,0.00368100,21.45000000
2018-02-24 03:10:51,0.00367900,18.54000000
2018-02-24 03:10:53,0.00368000,1.00000000
2018-02-24 03:10:55,0.00368000,5.41000000
2018-02-24 03:10:56,0.00368000,1.35000000
2018-02-24 03:10:56,0.00368000,4.36000000
2018-02-24 03:10:57,0.00368000,1.35000000
2018-02-24 03:10:57,0.00368000,38.48000000
2018-02-24 03:10:57,0.00367900,18.01000000
2018-02-24 03:10:57,0.00368500,3.94000000
2018-02-24 03:10:57,0.00368600,9.09000000
2018-02-24 03:10:57,0.00368700,5.42000000
2018-02-24 03:10:57,0.00368800,34.78000000
2018-02-24 03:10:57,0.00369000,105.95000000
2018-02-24 03:10:57,0.00367900,8.00000000
2018-02-24 03:10:57,0.00367900,2.21000000
2018-02-24 03:10:58,0.00367900,8.00000000
2018-02-24 03:11:01,0.00367900,2.30000000
2018-02-24 03:11:01,0.00368200,23.59000000
2018-02-24 03:11:01,0.00368300,2.83000000
2018-02-24 03:11:01,0.00368900,42.45000000
2018-02-24 03:11:01,0.00369000,111.45000000
2018-02-24 03:11:01,0.00367900,1.05000000
2018-02-24 03:11:02,0.00367900,20.55000000
2018-02-24 03:11:02,0.00368000,0.43000000
2018-02-24 03:11:03,0.00368100,3.09000000
2018-02-24 03:11:04,0.00368200,1.08000000
2018-02-24 03:11:04,0.00368200,5.00000000
2018-02-24 03:11:04,0.00368200,8.14000000
2018-02-24 03:11:05,0.00368800,4.36000000
2018-02-24 03:11:06,0.00368200,0.09000000
2018-02-24 03:11:07,0.00368200,0.72000000
2018-02-24 03:11:07,0.00368100,1.58000000
2018-02-24 03:11:09,0.00368000,0.65000000
2018-02-24 03:11:11,0.00368000,1.63000000
2018-02-24 03:11:11,0.00367900,14.42000000
2018-02-24 03:11:13,0.00368200,59.02000000
2018-02-24 03:11:13,0.00368000,42.42000000
2018-02-24 03:11:13,0.00368600,9.86000000
2018-02-24 03:11:13,0.00368700,5.11000000
2018-02-24 03:11:13,0.00368900,0.43000000
2018-02-24 03:11:13,0.00369000,9.42000000
2018-02-24 03:11:13,0.00369000,3.71000000
2018-02-24 03:11:13,0.00369000,4.28000000
2018-02-24 03:11:13,0.00369000,29.50000000
2018-02-24 03:11:13,0.00369000,2.14000000
2018-02-24 03:11:13,0.00369000,5.00000000
2018-02-24 03:11:14,0.00369000,2.72000000
2018-02-24 03:11:14,0.00369000,8.06000000
2018-02-24 03:11:14,0.00369000,79.17000000
2018-02-24 03:11:14,0.00368000,4.67000000
2018-02-24 03:11:14,0.00367900,5.42000000
2018-02-24 03:11:14,0.00369000,1.00000000
2018-02-24 03:11:14,0.00369100,1.20000000
2018-02-24 03:11:14,0.00369200,3.60000000
2018-02-24 03:11:14,0.00367900,8.00000000
2018-02-24 03:11:15,0.00368100,2.83000000
2018-02-24 03:11:15,0.00368000,5.17000000
2018-02-24 03:11:17,0.00368100,2.71000000
2018-02-24 03:11:19,0.00368300,5.17000000
2018-02-24 03:11:19,0.00368200,0.94000000
2018-02-24 03:11:23,0.00368200,1.58000000
2018-02-24 03:11:23,0.00368900,0.67000000
2018-02-24 03:11:25,0.00368300,23.62000000
2018-02-24 03:11:26,0.00368300,1.00000000
2018-02-24 03:11:26,0.00368300,4.99000000
2018-02-24 03:11:27,0.00368300,1.02000000
2018-02-24 03:11:27,0.00368200,51.04000000
2018-02-24 03:11:29,0.00368200,1.02000000
2018-02-24 03:11:30,0.00368200,49.58000000
2018-02-24 03:11:30,0.00368100,9.68000000
2018-02-24 03:11:31,0.00368800,25.00000000
2018-02-24 03:11:33,0.00368800,2.71000000
2018-02-24 03:11:33,0.00368100,5.37000000
2018-02-24 03:11:35,0.00368100,37.22000000
2018-02-24 03:11:35,0.00368000,7.82000000
2018-02-24 03:11:35,0.00367900,98.93000000
2018-02-24 03:11:36,0.00368800,8.11000000
2018-02-24 03:11:36,0.00368800,3.49000000
2018-02-24 03:11:36,0.00368000,2.71000000
2018-02-24 03:11:38,0.00368100,2.16000000
2018-02-24 03:11:38,0.00368700,0.98000000
2018-02-24 03:11:38,0.00368800,1.18000000
2018-02-24 03:11:47,0.00368000,36.29000000
2018-02-24 03:11:47,0.00368000,0.90000000
2018-02-24 03:11:48,0.00368800,35.12000000
2018-02-24 03:11:48,0.00368900,96.97000000
2018-02-24 03:11:49,0.00368900,7.14000000
2018-02-24 03:11:51,0.00368900,7.15000000
2018-02-24 03:11:51,0.00368600,2.83000000
2018-02-24 03:11:51,0.00368200,25.58000000
2018-02-24 03:11:51,0.00368100,2.42000000
2018-02-24 03:11:52,0.00368300,23.55000000
2018-02-24 03:11:52,0.00368200,7.24000000
2018-02-24 03:11:56,0.00368200,90.99000000
2018-02-24 03:11:58,0.00368100,32.51000000
2018-02-24 03:11:58,0.00367800,12.32000000
2018-02-24 03:11:59,0.00368100,2.83000000
2018-02-24 03:11:59,0.00367900,2.71000000
2018-02-24 03:11:59,0.00367600,20.06000000
2018-02-24 03:11:59,0.00367300,0.71000000
2018-02-24 03:11:59,0.00367300,0.68000000
2018-02-24 03:11:59,0.00367300,0.68000000
2018-02-24 03:11:59,0.00367300,0.68000000
2018-02-24 03:11:59,0.00367300,2.83000000
2018-02-24 03:11:59,0.00367300,0.67000000
2018-02-24 03:11:59,0.00367300,2.36000000
2018-02-24 03:11:59,0.00367300,4.27000000
2018-02-24 03:11:59,0.00367300,2.36000000
2018-02-24 03:11:59,0.00367300,2.82000000
2018-02-24 03:11:59,0.00367300,2.83000000
2018-02-24 03:12:00,0.00367300,2.83000000
2018-02-24 03:12:00,0.00367300,2.83000000
2018-02-24 03:12:00,0.00367300,6.65000000
2018-02-24 03:12:00,0.00367300,2.84000000
2018-02-24 03:12:01,0.00368300,0.98000000
2018-02-24 03:12:02,0.00368400,59.38000000
2018-02-24 03:12:02,0.00368400,6.62000000
2018-02-24 03:12:04,0.00368500,0.33000000
2018-02-24 03:12:04,0.00368500,1.07000000
2018-02-24 03:12:06,0.00368500,16.32000000
2018-02-24 03:12:09,0.00368400,5.42000000
2018-02-24 03:12:11,0.00368700,19.08000000
2018-02-24 03:12:11,0.00368900,7.42000000
2018-02-24 03:12:11,0.00369000,2.54000000
2018-02-24 03:12:12,0.00369000,0.01000000
2018-02-24 03:12:12,0.00369200,1.24000000
2018-02-24 03:12:12,0.00368700,19.07000000
2018-02-24 03:12:12,0.00368700,0.01000000
2018-02-24 03:12:12,0.00368500,9.12000000
2018-02-24 03:12:12,0.00368400,0.39000000
2018-02-24 03:12:13,0.00368600,94.02000000
2018-02-24 03:12:14,0.00369200,22.39000000
2018-02-24 03:12:15,0.00368600,10.85000000
2018-02-24 03:12:15,0.00368600,31.60000000
2018-02-24 03:12:15,0.00368500,23.58000000
2018-02-24 03:12:15,0.00368400,17.15000000
2018-02-24 03:12:15,0.00368300,2.83000000
2018-02-24 03:12:15,0.00368200,142.02000000
2018-02-24 03:12:15,0.00367800,20.21000000
2018-02-24 03:12:15,0.00367500,1.18000000
2018-02-24 03:12:15,0.00367400,4.55000000
2018-02-24 03:12:15,0.00367300,102.82000000
2018-02-24 03:12:15,0.00367200,4.50000000
2018-02-24 03:12:15,0.00367100,73.38000000
2018-02-24 03:12:17,0.00367800,0.98000000
2018-02-24 03:12:17,0.00367900,1.22000000
2018-02-24 03:12:17,0.00367900,8.14000000
2018-02-24 03:12:17,0.00367900,16.73000000
2018-02-24 03:12:25,0.00368000,0.98000000
2018-02-24 03:12:31,0.00368300,11.48000000
2018-02-24 03:12:31,0.00368000,14.35000000
2018-02-24 03:12:31,0.00368300,30.97000000
2018-02-24 03:12:31,0.00368400,62.09000000
2018-02-24 03:12:33,0.00368400,3.87000000
2018-02-24 03:12:33,0.00368400,13.88000000
2018-02-24 03:12:33,0.00368000,0.44000000
2018-02-24 03:12:33,0.00367900,1.06000000
2018-02-24 03:12:33,0.00367800,88.55000000
2018-02-24 03:12:33,0.00367700,1.18000000
2018-02-24 03:12:33,0.00367200,11.48000000
2018-02-24 03:12:33,0.00367100,3.37000000
2018-02-24 03:12:33,0.00367000,12.37000000
2018-02-24 03:12:33,0.00366700,10.82000000
2018-02-24 03:12:33,0.00366600,0.82000000
2018-02-24 03:12:33,0.00366500,0.79000000
2018-02-24 03:12:36,0.00367800,4.02000000
2018-02-24 03:12:39,0.00368200,7.57000000
2018-02-24 03:12:39,0.00367900,1.06000000
2018-02-24 03:12:39,0.00367800,0.67000000
2018-02-24 03:12:39,0.00366900,0.67000000
2018-02-24 03:12:39,0.00368200,3.91000000
2018-02-24 03:12:40,0.00366900,3.91000000
2018-02-24 03:12:40,0.00368100,2.71000000
2018-02-24 03:12:41,0.00367500,1.08000000
2018-02-24 03:12:41,0.00367100,37.87000000
2018-02-24 03:12:41,0.00367000,8.47000000
2018-02-24 03:12:41,0.00366900,1.35000000
2018-02-24 03:12:41,0.00366800,4.50000000
2018-02-24 03:12:41,0.00366700,25.96000000
2018-02-24 03:12:41,0.00366500,50.76000000
2018-02-24 03:12:41,0.00367800,0.82000000
2018-02-24 03:12:41,0.00368300,0.81000000
2018-02-24 03:12:42,0.00367800,0.82000000
2018-02-24 03:12:42,0.00367800,27.17000000
2018-02-24 03:12:42,0.00367800,65.25000000
2018-02-24 03:12:42,0.00367800,8.14000000
2018-02-24 03:12:43,0.00367800,11.41000000
2018-02-24 03:12:44,0.00367800,1.18000000
2018-02-24 03:12:44,0.00367800,1.44000000
2018-02-24 03:12:45,0.00367800,2.00000000
2018-02-24 03:12:45,0.00368000,2.71000000
2018-02-24 03:12:47,0.00367600,1.18000000
2018-02-24 03:12:48,0.00367500,1.63000000
2018-02-24 03:12:49,0.00367800,8.15000000
2018-02-24 03:12:49,0.00367800,8.15000000
2018-02-24 03:12:49,0.00367800,2.36000000
2018-02-24 03:12:50,0.00367500,6.50000000
2018-02-24 03:12:50,0.00367500,2.75000000
2018-02-24 03:12:50,0.00368000,0.28000000
2018-02-24 03:12:50,0.00367500,63.99000000
2018-02-24 03:12:51,0.00367500,13.92000000
2018-02-24 03:12:52,0.00367400,1.08000000
2018-02-24 03:12:52,0.00367100,2.72000000
2018-02-24 03:12:52,0.00367000,0.30000000
2018-02-24 03:12:52,0.00366600,0.82000000
2018-02-24 03:12:52,0.00366500,5.92000000
2018-02-24 03:12:52,0.00366400,0.82000000
2018-02-24 03:12:52,0.00366300,4.91000000
2018-02-24 03:12:52,0.00366100,3.83000000
2018-02-24 03:12:52,0.00365900,7.16000000
2018-02-24 03:12:53,0.00367600,18.02000000
2018-02-24 03:12:54,0.00367500,2.00000000
2018-02-24 03:12:55,0.00367500,0.72000000
2018-02-24 03:12:55,0.00367600,11.78000000
2018-02-24 03:12:56,0.00367500,0.72000000
2018-02-24 03:12:56,0.00367500,0.10000000
2018-02-24 03:12:56,0.00367600,12.65000000
2018-02-24 03:12:56,0.00367800,10.82000000
2018-02-24 03:12:56,0.00367900,1.92000000
2018-02-24 03:12:56,0.00368000,2.01000000
2018-02-24 03:12:56,0.00366700,2.16000000
2018-02-24 03:12:57,0.00367400,2.83000000
2018-02-24 03:13:06,0.00367400,0.81000000
2018-02-24 03:13:08,0.00367500,2.83000000
2018-02-24 03:13:09,0.00367700,1.35000000
2018-02-24 03:13:10,0.00367800,1.99000000
2018-02-24 03:13:10,0.00367900,2.01000000
2018-02-24 03:13:11,0.00367900,1.82000000
2018-02-24 03:13:12,0.00367800,0.87000000
2018-02-24 03:13:14,0.00367700,2.83000000
2018-02-24 03:13:14,0.00367800,2.53000000
2018-02-24 03:13:14,0.00367900,3.64000000
2018-02-24 03:13:14,0.00367900,2.14000000
2018-02-24 03:13:14,0.00367900,2.83000000
2018-02-24 03:13:15,0.00367900,6.54000000
2018-02-24 03:13:15,0.00367900,3.68000000
2018-02-24 03:13:15,0.00367900,2.42000000
2018-02-24 03:13:15,0.00368000,73.23000000
2018-02-24 03:13:15,0.00368000,2.33000000
2018-02-24 03:13:16,0.00368000,2.48000000
2018-02-24 03:13:16,0.00368000,27.17000000
2018-02-24 03:13:16,0.00368000,91.95000000
2018-02-24 03:13:16,0.00368000,18.93000000
2018-02-24 03:13:17,0.00368000,6.61000000
2018-02-24 03:13:17,0.00368000,38.01000000
2018-02-24 03:13:17,0.00368000,2.96000000
2018-02-24 03:13:17,0.00367900,2.83000000
2018-02-24 03:13:17,0.00367900,22.96000000
2018-02-24 03:13:18,0.00367500,1.15000000
2018-02-24 03:13:18,0.00368200,0.34000000
2018-02-24 03:13:19,0.00368000,2.83000000
2018-02-24 03:13:19,0.00368300,0.30000000
2018-02-24 03:13:19,0.00368400,2.71000000
2018-02-24 03:13:19,0.00368500,119.03000000
2018-02-24 03:13:20,0.00368500,140.11000000
2018-02-24 03:13:20,0.00368500,66.77000000
2018-02-24 03:13:20,0.00368500,0.68000000
2018-02-24 03:13:20,0.00368700,2.90000000
2018-02-24 03:13:20,0.00368500,134.33000000
2018-02-24 03:13:20,0.00368500,0.12000000
2018-02-24 03:13:20,0.00368500,2.00000000
2018-02-24 03:13:21,0.00368500,20.53000000
2018-02-24 03:13:21,0.00368500,2.93000000
2018-02-24 03:13:21,0.00368500,0.65000000
2018-02-24 03:13:21,0.00368500,23.97000000
2018-02-24 03:13:22,0.00368500,2.18000000
2018-02-24 03:13:22,0.00368700,0.96000000
2018-02-24 03:13:22,0.00368500,9.40000000
2018-02-24 03:13:22,0.00368500,0.12000000
2018-02-24 03:13:22,0.00368500,50.00000000
2018-02-24 03:13:22,0.00368500,38.60000000
2018-02-24 03:13:24,0.00368600,8.15000000
2018-02-24 03:13:24,0.00368700,38.51000000
2018-02-24 03:13:24,0.00368800,11.83000000
2018-02-24 03:13:24,0.00368900,28.00000000
2018-02-24 03:13:24,0.00369000,289.10000000
2018-02-24 03:13:24,0.00368500,2.14000000
2018-02-24 03:13:24,0.00369000,0.50000000
2018-02-24 03:13:25,0.00368500,133.27000000
2018-02-24 03:13:27,0.00368500,41.20000000
2018-02-24 03:13:27,0.00368500,2.83000000
2018-02-24 03:13:28,0.00368500,1.07000000
2018-02-24 03:13:28,0.00368500,37.69000000
2018-02-24 03:13:28,0.00368100,4.76000000
2018-02-24 03:13:30,0.00368600,0.76000000
2018-02-24 03:13:33,0.00368000,4.59000000
2018-02-24 03:13:33,0.00367900,0.98000000
2018-02-24 03:13:34,0.00368000,5.24000000
2018-02-24 03:13:36,0.00368000,117.21000000
2018-02-24 03:13:36,0.00368000,0.50000000
2018-02-24 03:13:39,0.00368100,0.68000000
2018-02-24 03:13:40,0.00368100,5.00000000
2018-02-24 03:13:41,0.00368100,2.15000000
2018-02-24 03:13:42,0.00368000,129.99000000
2018-02-24 03:13:42,0.00368100,0.32000000
2018-02-24 03:13:45,0.00368000,24.23000000
2018-02-24 03:13:48,0.00368000,59.94000000
2018-02-24 03:13:48,0.00368000,1.86000000
2018-02-24 03:13:49,0.00368000,3.60000000
2018-02-24 03:13:50,0.00368100,29.51000000
2018-02-24 03:13:53,0.00368000,19.96000000
2018-02-24 03:13:56,0.00368100,1.99000000
2018-02-24 03:13:58,0.00368000,15.00000000
2018-02-24 03:14:00,0.00368000,22.60000000
2018-02-24 03:14:02,0.00368100,4.21000000
2018-02-24 03:14:04,0.00368300,12.26000000
2018-02-24 03:14:06,0.00368100,0.68000000
2018-02-24 03:14:08,0.00368100,0.21000000
2018-02-24 03:14:23,0.00368800,21.10000000
2018-02-24 03:14:23,0.00368800,14.25000000
2018-02-24 03:14:25,0.00368700,0.58000000
2018-02-24 03:14:33,0.00368200,0.70000000
2018-02-24 03:14:34,0.00368200,2.13000000
2018-02-24 03:14:34,0.00368100,55.26000000
2018-02-24 03:14:34,0.00368000,73.76000000
2018-02-24 03:14:34,0.00367900,132.13000000
2018-02-24 03:14:35,0.00368700,3.28000000
2018-02-24 03:14:35,0.00368700,37.69000000
2018-02-24 03:14:36,0.00368600,2.71000000
2018-02-24 03:14:36,0.00368700,24.39000000
2018-02-24 03:14:36,0.00368700,8.11000000
2018-02-24 03:14:37,0.00368700,1.31000000
2018-02-24 03:14:38,0.00367900,8.11000000
2018-02-24 03:14:38,0.00368700,1.24000000
2018-02-24 03:14:43,0.00368600,2.37000000
2018-02-24 03:14:44,0.00368600,1.36000000
2018-02-24 03:14:46,0.00368100,0.32000000
2018-02-24 03:14:46,0.00368000,35.06000000
2018-02-24 03:14:47,0.00368600,2.63000000
2018-02-24 03:14:50,0.00368600,2.37000000
2018-02-24 03:14:51,0.00368600,50.83000000
2018-02-24 03:15:00,0.00368100,0.76000000
2018-02-24 03:15:02,0.00368500,27.16000000
2018-02-24 03:15:03,0.00368100,0.63000000
2018-02-24 03:15:06,0.00368100,11.82000000
2018-02-24 03:15:06,0.00368000,14.31000000
2018-02-24 03:15:06,0.00367900,103.86000000
2018-02-24 03:15:06,0.00367900,5.79000000
2018-02-24 03:15:08,0.00368100,0.71000000
2018-02-24 03:15:08,0.00368100,0.64000000
2018-02-24 03:15:08,0.00368000,4.77000000
2018-02-24 03:15:09,0.00368000,88.77000000
2018-02-24 03:15:10,0.00368500,4.02000000
2018-02-24 03:15:23,0.00368300,2.51000000
2018-02-24 03:15:29,0.00368500,1.86000000
2018-02-24 03:15:33,0.00368300,10.25000000
2018-02-24 03:15:39,0.00368500,1.01000000
2018-02-24 03:15:39,0.00368500,1.01000000
2018-02-24 03:15:39,0.00368500,1.01000000
2018-02-24 03:15:39,0.00368400,1.01000000
2018-02-24 03:15:40,0.00368500,0.35000000
2018-02-24 03:15:40,0.00368500,0.35000000
2018-02-24 03:15:41,0.00368400,0.07000000
2018-02-24 03:15:41,0.00368300,19.34000000
2018-02-24 03:15:45,0.00368300,1.01000000
2018-02-24 03:15:48,0.00368500,133.29000000
2018-02-24 03:15:48,0.00368600,26.93000000
2018-02-24 03:15:49,0.00368600,14.83000000
2018-02-24 03:15:49,0.00368500,8.61000000
2018-02-24 03:15:52,0.00368400,133.10000000
2018-02-24 03:15:52,0.00368300,18.96000000
2018-02-24 03:15:53,0.00368300,45.45000000
2018-02-24 03:15:54,0.00368700,85.41000000
2018-02-24 03:15:54,0.00368800,2.83000000
2018-02-24 03:15:54,0.00368900,29.52000000
2018-02-24 03:15:54,0.00368300,20.00000000
2018-02-24 03:15:57,0.00368300,22.74000000
2018-02-24 03:15:57,0.00368300,10.86000000
2018-02-24 03:15:58,0.00368300,5.00000000
2018-02-24 03:15:59,0.00368900,29.33000000
2018-02-24 03:16:00,0.00368500,0.88000000
2018-02-24 03:16:01,0.00368500,10.37000000
2018-02-24 03:16:03,0.00368500,10.85000000
2018-02-24 03:16:03,0.00368900,16.65000000
2018-02-24 03:16:05,0.00368500,8.21000000
2018-02-24 03:16:05,0.00368300,5.39000000
2018-02-24 03:16:06,0.00368800,1.30000000
2018-02-24 03:16:06,0.00368900,33.96000000
2018-02-24 03:16:08,0.00368900,0.07000000
2018-02-24 03:16:14,0.00368900,1.51000000
2018-02-24 03:16:14,0.00368900,1.20000000
2018-02-24 03:16:25,0.00368800,2.07000000
2018-02-24 03:16:25,0.00368900,19.22000000
2018-02-24 03:16:27,0.00368400,2.15000000
2018-02-24 03:16:30,0.00368400,7.20000000
2018-02-24 03:16:31,0.00368400,2.24000000
2018-02-24 03:16:33,0.00368400,0.65000000
2018-02-24 03:16:39,0.00368400,2.02000000
2018-02-24 03:16:40,0.00368400,29.99000000
2018-02-24 03:16:57,0.00368300,52.22000000
2018-02-24 03:16:57,0.00368200,28.30000000
2018-02-24 03:16:58,0.00368100,0.28000000
2018-02-24 03:17:06,0.00368400,3.14000000
2018-02-24 03:17:06,0.00368300,25.41000000
2018-02-24 03:17:09,0.00368400,0.88000000
2018-02-24 03:17:20,0.00368300,0.60000000
2018-02-24 03:17:21,0.00368400,0.12000000
2018-02-24 03:17:21,0.00368500,10.33000000
2018-02-24 03:17:26,0.00368500,8.12000000
2018-02-24 03:17:26,0.00368500,1.26000000
2018-02-24 03:17:26,0.00368700,1.26000000
2018-02-24 03:17:28,0.00368500,0.55000000
2018-02-24 03:17:31,0.00368600,0.97000000
2018-02-24 03:17:31,0.00368600,8.12000000
2018-02-24 03:17:31,0.00368600,57.96000000
2018-02-24 03:17:31,0.00368700,53.01000000
2018-02-24 03:17:32,0.00368500,10.40000000
2018-02-24 03:17:32,0.00368500,1.64000000
2018-02-24 03:17:32,0.00368700,5.72000000
2018-02-24 03:17:35,0.00368500,1.86000000
2018-02-24 03:17:36,0.00368500,5.99000000
2018-02-24 03:17:40,0.00368500,13.60000000
2018-02-24 03:17:40,0.00368500,5.00000000
2018-02-24 03:17:41,0.00368500,1.17000000
2018-02-24 03:17:43,0.00368500,19.38000000
2018-02-24 03:17:51,0.00368300,5.37000000
2018-02-24 03:17:52,0.00368300,29.79000000
2018-02-24 03:17:52,0.00368300,4.04000000
2018-02-24 03:17:52,0.00368100,4.16000000
2018-02-24 03:17:52,0.00368000,10.38000000
2018-02-24 03:17:52,0.00367900,30.70000000
2018-02-24 03:17:52,0.00367800,187.94000000
2018-02-24 03:17:52,0.00367800,84.72000000
2018-02-24 03:17:52,0.00367800,31.79000000
2018-02-24 03:17:52,0.00367800,179.93000000
2018-02-24 03:17:52,0.00367800,8.14000000
2018-02-24 03:17:52,0.00367800,41.89000000
2018-02-24 03:17:52,0.00367800,13.41000000
2018-02-24 03:17:52,0.00367800,13.39000000
2018-02-24 03:17:52,0.00367800,5.90000000
2018-02-24 03:17:53,0.00367700,0.87000000
2018-02-24 03:17:53,0.00367700,3.50000000
2018-02-24 03:18:00,0.00367700,13.27000000
2018-02-24 03:18:00,0.00368300,0.34000000
2018-02-24 03:18:00,0.00368400,19.21000000
2018-02-24 03:18:02,0.00367700,10.07000000
2018-02-24 03:18:05,0.00368300,6.92000000
2018-02-24 03:18:05,0.00367700,19.11000000
2018-02-24 03:18:05,0.00367600,21.54000000
2018-02-24 03:18:06,0.00367500,17.72000000
2018-02-24 03:18:06,0.00367500,2.99000000
2018-02-24 03:18:07,0.00367500,1.01000000
2018-02-24 03:18:09,0.00367400,1.30000000
2018-02-24 03:18:10,0.00367400,0.63000000
2018-02-24 03:18:10,0.00367400,16.91000000
2018-02-24 03:18:11,0.00367300,0.58000000
2018-02-24 03:18:11,0.00367100,7.74000000
2018-02-24 03:18:13,0.00367400,9.16000000
2018-02-24 03:18:13,0.00367500,43.62000000
2018-02-24 03:18:13,0.00367100,1.00000000
2018-02-24 03:18:15,0.00367100,32.49000000
2018-02-24 03:18:17,0.00367100,15.46000000
2018-02-24 03:18:19,0.00367100,44.26000000
2018-02-24 03:18:23,0.00367200,3.86000000
2018-02-24 03:18:32,0.00367300,1.00000000
2018-02-24 03:18:39,0.00367300,1.03000000
2018-02-24 03:18:39,0.00367300,33.94000000
2018-02-24 03:18:52,0.00367200,36.05000000
2018-02-24 03:18:52,0.00367100,103.28000000
2018-02-24 03:18:53,0.00367100,3.02000000
2018-02-24 03:18:56,0.00367100,0.01000000
2018-02-24 03:18:56,0.00367300,3.07000000
2018-02-24 03:18:57,0.00367300,3.03000000
2018-02-24 03:18:57,0.00367300,10.07000000
2018-02-24 03:19:00,0.00367300,6.00000000
2018-02-24 03:19:08,0.00367100,17.33000000
2018-02-24 03:19:08,0.00367200,6.00000000
2018-02-24 03:19:12,0.00367200,2.50000000
2018-02-24 03:19:13,0.00367100,1.03000000
2018-02-24 03:19:14,0.00367100,11.25000000
2018-02-24 03:19:15,0.00367100,4.05000000
2018-02-24 03:19:16,0.00367200,29.00000000
2018-02-24 03:19:27,0.00367200,2.91000000
2018-02-24 03:19:30,0.00367200,9.10000000
2018-02-24 03:19:32,0.00367200,2.34000000
2018-02-24 03:19:36,0.00367100,0.07000000
2018-02-24 03:19:37,0.00367200,10.27000000
2018-02-24 03:19:37,0.00367200,108.53000000
2018-02-24 03:19:39,0.00367200,26.00000000
2018-02-24 03:19:39,0.00367200,6.15000000
2018-02-24 03:19:40,0.00367200,33.59000000
2018-02-24 03:19:40,0.00367200,38.54000000
2018-02-24 03:19:42,0.00367100,31.07000000
2018-02-24 03:19:43,0.00367200,11.74000000
2018-02-24 03:19:45,0.00367200,18.43000000
2018-02-24 03:19:46,0.00367200,142.32000000
2018-02-24 03:19:47,0.00367100,571.41000000
2018-02-24 03:19:49,0.00367100,0.73000000
2018-02-24 03:19:54,0.00367100,12.35000000
2018-02-24 03:19:55,0.00367000,11.54000000
2018-02-24 03:19:55,0.00366700,62.75000000
2018-02-24 03:19:55,0.00366700,8.16000000
2018-02-24 03:19:55,0.00366700,8.16000000
2018-02-24 03:19:55,0.00366700,16.14000000
2018-02-24 03:19:55,0.00366700,0.01000000
2018-02-24 03:19:56,0.00367000,4.66000000
2018-02-24 03:19:56,0.00367000,8.16000000
2018-02-24 03:19:56,0.00367000,22.64000000
2018-02-24 03:19:56,0.00367000,6.99000000
2018-02-24 03:19:56,0.00367100,8.16000000
2018-02-24 03:19:56,0.00367100,8.16000000
2018-02-24 03:19:56,0.00366600,1.50000000
2018-02-24 03:19:56,0.00367100,8.15000000
2018-02-24 03:19:56,0.00366500,5.49000000
2018-02-24 03:19:56,0.00367100,8.16000000
2018-02-24 03:19:56,0.00367100,8.16000000
2018-02-24 03:19:56,0.00367100,7.81000000
2018-02-24 03:19:56,0.00367100,8.16000000
2018-02-24 03:19:56,0.00367100,8.16000000
2018-02-24 03:19:57,0.00367100,8.16000000
2018-02-24 03:19:57,0.00367100,8.16000000
2018-02-24 03:19:57,0.00367100,1.09000000
2018-02-24 03:19:57,0.00367100,8.15000000
2018-02-24 03:19:57,0.00367100,0.68000000
2018-02-24 03:19:57,0.00367100,7.84000000
2018-02-24 03:19:58,0.00367100,0.32000000
2018-02-24 03:20:01,0.00367000,0.71000000
2018-02-24 03:20:08,0.00366900,3.00000000
2018-02-24 03:20:13,0.00366500,3.90000000
2018-02-24 03:20:15,0.00366500,290.30000000
2018-02-24 03:20:16,0.00366500,2.37000000
2018-02-24 03:20:18,0.00366500,99.38000000
2018-02-24 03:20:18,0.00366300,32.28000000
2018-02-24 03:20:18,0.00366100,17.41000000
2018-02-24 03:20:19,0.00366500,2.81000000
2018-02-24 03:20:19,0.00366500,0.01000000
2018-02-24 03:20:19,0.00366800,8.15000000
2018-02-24 03:20:22,0.00366100,41.77000000
2018-02-24 03:20:22,0.00366000,5.41000000
2018-02-24 03:20:23,0.00366700,1.09000000
2018-02-24 03:20:26,0.00366600,25.69000000
2018-02-24 03:20:27,0.00366600,16.76000000
2018-02-24 03:20:28,0.00366500,13.06000000
2018-02-24 03:20:29,0.00366700,1.09000000
2018-02-24 03:20:30,0.00366700,27.25000000
2018-02-24 03:20:30,0.00366700,10.91000000
2018-02-24 03:20:30,0.00366700,6.78000000
2018-02-24 03:20:30,0.00366800,10.91000000
2018-02-24 03:20:30,0.00366700,10.91000000
2018-02-24 03:20:32,0.00366500,8.18000000
2018-02-24 03:20:32,0.00366500,5.00000000
2018-02-24 03:20:33,0.00366400,0.30000000
2018-02-24 03:20:33,0.00366400,7.18000000
2018-02-24 03:20:36,0.00366500,8.06000000
2018-02-24 03:20:36,0.00366000,25.23000000
2018-02-24 03:20:36,0.00365900,2.67000000
2018-02-24 03:20:36,0.00366000,8.16000000
2018-02-24 03:20:36,0.00366000,77.51000000
2018-02-24 03:20:36,0.00366000,55.34000000
2018-02-24 03:20:38,0.00366000,10.04000000
2018-02-24 03:20:42,0.00366700,2.72000000
2018-02-24 03:20:43,0.00366000,14.78000000
2018-02-24 03:20:45,0.00366000,3.18000000
2018-02-24 03:20:46,0.00366700,27.28000000
2018-02-24 03:20:49,0.00366700,3.83000000
2018-02-24 03:20:50,0.00366700,1.97000000
2018-02-24 03:20:53,0.00365900,1.04000000
2018-02-24 03:20:56,0.00366500,2.73000000
2018-02-24 03:21:01,0.00366500,0.36000000
2018-02-24 03:21:01,0.00366000,0.98000000
2018-02-24 03:21:01,0.00365800,11.28000000
2018-02-24 03:21:02,0.00366500,3.45000000
2018-02-24 03:21:06,0.00366500,2.50000000
2018-02-24 03:21:06,0.00366500,26.35000000
2018-02-24 03:21:06,0.00366600,12.85000000
2018-02-24 03:21:07,0.00366300,6.83000000
2018-02-24 03:21:07,0.00366300,6.83000000
2018-02-24 03:21:07,0.00366300,6.17000000
2018-02-24 03:21:07,0.00365900,6.16000000
2018-02-24 03:21:07,0.00366600,0.35000000
2018-02-24 03:21:09,0.00366500,0.60000000
2018-02-24 03:21:10,0.00366500,0.45000000
2018-02-24 03:21:11,0.00366500,14.74000000
2018-02-24 03:21:16,0.00365900,38.89000000
2018-02-24 03:21:16,0.00365800,2.73000000
2018-02-24 03:21:16,0.00365800,0.40000000
2018-02-24 03:21:16,0.00365800,8.17000000
2018-02-24 03:21:16,0.00365800,5.51000000
2018-02-24 03:21:18,0.00366500,66.44000000
2018-02-24 03:21:18,0.00366600,136.26000000
2018-02-24 03:21:22,0.00366600,2.25000000
2018-02-24 03:21:23,0.00366600,0.56000000
2018-02-24 03:21:23,0.00366600,2.82000000
2018-02-24 03:21:28,0.00366600,8.17000000
2018-02-24 03:21:28,0.00366600,8.17000000
2018-02-24 03:21:28,0.00366600,6.96000000
2018-02-24 03:21:28,0.00365900,8.17000000
2018-02-24 03:21:29,0.00366500,2.81000000
2018-02-24 03:21:33,0.00366400,2.82000000
2018-02-24 03:21:33,0.00366400,2.81000000
2018-02-24 03:21:33,0.00366400,3.09000000
2018-02-24 03:21:34,0.00366400,7.17000000
2018-02-24 03:21:35,0.00366400,0.79000000
2018-02-24 03:21:35,0.00366400,0.79000000
2018-02-24 03:21:35,0.00365900,0.79000000
2018-02-24 03:21:41,0.00365900,18.96000000
2018-02-24 03:21:41,0.00365900,2.83000000
2018-02-24 03:21:41,0.00365900,0.31000000
2018-02-24 03:21:41,0.00365900,0.90000000
2018-02-24 03:21:41,0.00365900,0.90000000
2018-02-24 03:21:42,0.00365900,1.36000000
2018-02-24 03:21:42,0.00365900,0.39000000
2018-02-24 03:21:42,0.00365800,0.90000000
2018-02-24 03:21:45,0.00365900,2.19000000
2018-02-24 03:21:47,0.00365900,0.43000000
2018-02-24 03:21:47,0.00365900,1.67000000
2018-02-24 03:21:48,0.00365900,0.84000000
2018-02-24 03:21:49,0.00365900,0.21000000
2018-02-24 03:21:50,0.00365900,0.63000000
2018-02-24 03:21:50,0.00365900,0.63000000
2018-02-24 03:21:50,0.00365800,0.87000000
2018-02-24 03:21:51,0.00365900,4.95000000
2018-02-24 03:21:51,0.00365900,0.02000000
2018-02-24 03:21:55,0.00366300,0.12000000
2018-02-24 03:21:55,0.00366200,6.84000000
2018-02-24 03:21:57,0.00366200,1.25000000
2018-02-24 03:21:58,0.00366200,5.71000000
2018-02-24 03:22:01,0.00366200,13.84000000
2018-02-24 03:22:01,0.00366000,4.73000000
2018-02-24 03:22:01,0.00365800,8.19000000
2018-02-24 03:22:01,0.00365700,0.30000000
2018-02-24 03:22:01,0.00365600,72.94000000
2018-02-24 03:22:01,0.00365600,12.60000000
2018-02-24 03:22:01,0.00365500,5.74000000
2018-02-24 03:22:01,0.00365600,98.94000000
2018-02-24 03:22:01,0.00365600,0.02000000
2018-02-24 03:22:04,0.00365900,1.10000000
2018-02-24 03:22:06,0.00366000,20.34000000
2018-02-24 03:22:10,0.00365900,2.00000000
2018-02-24 03:22:16,0.00366000,1.17000000
2018-02-24 03:22:22,0.00366000,0.01000000
2018-02-24 03:22:22,0.00365700,3.03000000
2018-02-24 03:22:23,0.00366000,18.67000000
2018-02-24 03:22:24,0.00366000,26.57000000
2018-02-24 03:22:26,0.00366200,5.53000000
2018-02-24 03:22:27,0.00366000,14.72000000
2018-02-24 03:22:29,0.00366000,90.50000000
2018-02-24 03:22:29,0.00365500,17.99000000
2018-02-24 03:22:29,0.00365400,21.50000000
2018-02-24 03:22:30,0.00365400,1.31000000
2018-02-24 03:22:31,0.00366000,20.89000000
2018-02-24 03:22:31,0.00365400,17.60000000
2018-02-24 03:22:31,0.00365300,18.42000000
2018-02-24 03:22:34,0.00365600,1.90000000
2018-02-24 03:22:39,0.00366000,0.01000000
2018-02-24 03:22:39,0.00366100,12.43000000
2018-02-24 03:22:42,0.00365400,14.60000000
2018-02-24 03:22:42,0.00365400,8.19000000
2018-02-24 03:22:42,0.00365400,1.55000000
2018-02-24 03:22:42,0.00365400,18.88000000
2018-02-24 03:22:42,0.00365400,109.88000000
2018-02-24 03:22:42,0.00366100,28.59000000
2018-02-24 03:22:42,0.00365300,29.08000000
2018-02-24 03:22:42,0.00365300,5.94000000
2018-02-24 03:22:42,0.00365300,5.95000000
2018-02-24 03:22:42,0.00365300,3.25000000
2018-02-24 03:22:44,0.00366000,4.21000000
2018-02-24 03:22:46,0.00366000,30.62000000
2018-02-24 03:22:52,0.00366000,8.25000000
2018-02-24 03:22:56,0.00365500,0.70000000
2018-02-24 03:22:58,0.00365500,0.32000000
2018-02-24 03:23:20,0.00365900,18.72000000
2018-02-24 03:23:21,0.00365900,9.36000000
2018-02-24 03:23:22,0.00365900,4.68000000
2018-02-24 03:23:23,0.00365900,2.34000000
2018-02-24 03:23:24,0.00365900,2.34000000
2018-02-24 03:23:24,0.00365900,1.17000000
2018-02-24 03:23:25,0.00365600,52.57000000
2018-02-24 03:23:25,0.00365500,4.71000000
2018-02-24 03:23:31,0.00365500,86.53000000
2018-02-24 03:23:43,0.00365600,68.40000000
2018-02-24 03:23:44,0.00365600,10.00000000
2018-02-24 03:23:46,0.00365600,10.46000000
2018-02-24 03:23:53,0.00365600,5.00000000
2018-02-24 03:24:01,0.00365600,91.55000000
2018-02-24 03:24:01,0.00365500,114.30000000
2018-02-24 03:24:02,0.00365900,12.22000000
2018-02-24 03:24:04,0.00365700,0.13000000
2018-02-24 03:24:08,0.00365800,5.03000000
2018-02-24 03:24:11,0.00365700,42.52000000
2018-02-24 03:24:13,0.00365600,20.00000000
2018-02-24 03:24:13,0.00365500,4.07000000
2018-02-24 03:24:15,0.00365700,13.67000000
2018-02-24 03:24:16,0.00365500,3.87000000
2018-02-24 03:24:19,0.00365700,13.67000000
2018-02-24 03:24:19,0.00365500,1.51000000
2018-02-24 03:24:22,0.00365700,13.24000000
2018-02-24 03:24:23,0.00365700,2.42000000
2018-02-24 03:24:23,0.00365800,3.04000000
2018-02-24 03:24:24,0.00365600,72.05000000
2018-02-24 03:24:28,0.00365600,2.21000000
2018-02-24 03:24:34,0.00365900,17.16000000
2018-02-24 03:24:34,0.00366000,173.90000000
2018-02-24 03:24:34,0.00366200,13.66000000
2018-02-24 03:24:40,0.00366200,1.88000000
2018-02-24 03:24:40,0.00366400,42.45000000
2018-02-24 03:24:40,0.00366500,1.43000000
2018-02-24 03:24:41,0.00366000,1.43000000
2018-02-24 03:24:42,0.00366100,27.30000000
2018-02-24 03:24:42,0.00366100,8.19000000
2018-02-24 03:24:42,0.00366100,0.89000000
2018-02-24 03:24:42,0.00366100,6.07000000
2018-02-24 03:24:42,0.00366000,0.88000000
2018-02-24 03:24:42,0.00366000,6.62000000
2018-02-24 03:24:45,0.00366000,0.01000000
2018-02-24 03:24:45,0.00365900,319.65000000
2018-02-24 03:24:45,0.00365900,8.19000000
2018-02-24 03:24:45,0.00365900,8.18000000
2018-02-24 03:24:45,0.00365900,8.19000000
2018-02-24 03:24:45,0.00366000,41.66000000
2018-02-24 03:24:45,0.00366000,0.62000000
2018-02-24 03:24:45,0.00366000,2.82000000
2018-02-24 03:24:48,0.00366100,1.37000000
2018-02-24 03:24:48,0.00366100,26.00000000
2018-02-24 03:24:52,0.00366000,12.61000000
2018-02-24 03:24:53,0.00366000,48.17000000
2018-02-24 03:24:54,0.00366000,79.15000000
2018-02-24 03:24:54,0.00365900,1.46000000
2018-02-24 03:24:54,0.00365800,2.62000000
2018-02-24 03:24:54,0.00365800,0.99000000
2018-02-24 03:24:59,0.00366000,13.66000000
2018-02-24 03:25:01,0.00366000,13.66000000
2018-02-24 03:25:03,0.00366000,13.66000000
2018-02-24 03:25:05,0.00365900,42.45000000
2018-02-24 03:25:05,0.00366000,157.55000000
2018-02-24 03:25:05,0.00366000,13.66000000
2018-02-24 03:25:06,0.00365900,1.36000000
2018-02-24 03:25:06,0.00366000,13.64000000
2018-02-24 03:25:08,0.00366000,1.87000000
2018-02-24 03:25:10,0.00366000,2.92000000
2018-02-24 03:25:13,0.00365900,29.87000000
2018-02-24 03:25:13,0.00365900,40.63000000
2018-02-24 03:25:13,0.00366000,108.50000000
2018-02-24 03:25:15,0.00366000,85.17000000
2018-02-24 03:25:21,0.00365900,12.50000000
2018-02-24 03:25:21,0.00366000,13.88000000
2018-02-24 03:25:23,0.00365800,130.68000000
2018-02-24 03:25:26,0.00365800,19.88000000
2018-02-24 03:25:27,0.00365700,15.00000000
2018-02-24 03:25:27,0.00365700,66.32000000
2018-02-24 03:25:27,0.00365700,38.35000000
2018-02-24 03:25:28,0.00365700,15.16000000
2018-02-24 03:25:28,0.00365700,2.83000000
2018-02-24 03:25:29,0.00365700,78.61000000
2018-02-24 03:25:29,0.00365700,45.34000000
2018-02-24 03:25:29,0.00365700,26.00000000
2018-02-24 03:25:29,0.00365700,39.11000000
2018-02-24 03:25:31,0.00365600,38.15000000
2018-02-24 03:25:31,0.00365600,11.85000000
2018-02-24 03:25:31,0.00365500,237.70000000
2018-02-24 03:25:31,0.00365500,1.12000000
2018-02-24 03:25:31,0.00365400,39.27000000
2018-02-24 03:25:31,0.00365400,36.72000000
2018-02-24 03:25:31,0.00365400,28.55000000
2018-02-24 03:25:31,0.00365500,8.19000000
2018-02-24 03:25:32,0.00365500,3.35000000
2018-02-24 03:25:32,0.00365500,2.10000000
2018-02-24 03:25:32,0.00365500,8.19000000
2018-02-24 03:25:32,0.00365400,39.13000000
2018-02-24 03:25:33,0.00365500,13.68000000
2018-02-24 03:25:33,0.00365200,2.09000000
2018-02-24 03:25:33,0.00365500,1.98000000
2018-02-24 03:25:33,0.00365500,4.04000000
2018-02-24 03:25:35,0.00365100,43.89000000
2018-02-24 03:25:35,0.00365000,429.90000000
2018-02-24 03:25:35,0.00365000,13.43000000
2018-02-24 03:25:36,0.00364900,34.50000000
2018-02-24 03:25:37,0.00365400,13.68000000
2018-02-24 03:25:39,0.00365400,13.68000000
2018-02-24 03:25:39,0.00365400,1.59000000
2018-02-24 03:25:41,0.00365400,18.85000000
2018-02-24 03:25:41,0.00365400,10.61000000
2018-02-24 03:25:42,0.00365100,23.95000000
2018-02-24 03:25:42,0.00365400,9.62000000
2018-02-24 03:25:42,0.00365500,4.06000000
2018-02-24 03:25:44,0.00365500,23.82000000
2018-02-24 03:25:44,0.00365500,13.68000000
2018-02-24 03:25:45,0.00365500,1.09000000
2018-02-24 03:25:46,0.00365400,5.25000000
2018-02-24 03:25:46,0.00365400,3.57000000
2018-02-24 03:25:46,0.00365500,4.63000000
2018-02-24 03:25:46,0.00365500,13.68000000
2018-02-24 03:25:47,0.00365500,2.25000000
2018-02-24 03:25:48,0.00365500,13.98000000
2018-02-24 03:25:48,0.00365500,13.68000000
2018-02-24 03:25:49,0.00364900,24.04000000
2018-02-24 03:25:49,0.00364800,5.35000000
2018-02-24 03:25:49,0.00364800,0.40000000
2018-02-24 03:25:50,0.00365400,13.68000000
2018-02-24 03:25:51,0.00364700,3.75000000
2018-02-24 03:25:52,0.00364700,17.16000000
2018-02-24 03:25:53,0.00364700,1.37000000
2018-02-24 03:25:54,0.00365400,13.68000000
2018-02-24 03:25:56,0.00365300,6.79000000
2018-02-24 03:25:58,0.00365300,2.14000000
2018-02-24 03:25:59,0.00364900,5.00000000
2018-02-24 03:25:59,0.00365400,0.81000000
2018-02-24 03:26:00,0.00364900,96.44000000
2018-02-24 03:26:00,0.00364700,16.16000000
2018-02-24 03:26:00,0.00364900,1.39000000
2018-02-24 03:26:01,0.00364700,17.35000000
2018-02-24 03:26:01,0.00364600,3.10000000
2018-02-24 03:26:01,0.00364500,17.08000000
2018-02-24 03:26:04,0.00364900,0.30000000
2018-02-24 03:26:05,0.00364900,1.11000000
2018-02-24 03:26:07,0.00364500,10.53000000
2018-02-24 03:26:08,0.00364500,41.27000000
2018-02-24 03:26:12,0.00365100,0.55000000
2018-02-24 03:26:14,0.00364500,48.31000000
2018-02-24 03:26:14,0.00364400,9.48000000
2018-02-24 03:26:14,0.00364300,15.39000000
2018-02-24 03:26:14,0.00364300,0.18000000
2018-02-24 03:26:14,0.00364200,117.41000000
2018-02-24 03:26:14,0.00364100,5.97000000
2018-02-24 03:26:14,0.00364000,24.64000000
2018-02-24 03:26:14,0.00363900,19.38000000
2018-02-24 03:26:14,0.00363500,12.20000000
2018-02-24 03:26:14,0.00363400,23.00000000
2018-02-24 03:26:15,0.00365100,10.32000000
2018-02-24 03:26:16,0.00364900,13.23000000
2018-02-24 03:26:16,0.00364900,2.62000000
2018-02-24 03:26:17,0.00364700,2.74000000
2018-02-24 03:26:17,0.00364800,4.05000000
2018-02-24 03:26:17,0.00364900,16.28000000
2018-02-24 03:26:17,0.00365000,0.12000000
2018-02-24 03:26:18,0.00364800,10.00000000
2018-02-24 03:26:20,0.00364600,0.52000000
2018-02-24 03:26:20,0.00364500,40.74000000
2018-02-24 03:26:24,0.00364000,25.69000000
2018-02-24 03:26:24,0.00364500,0.01000000
2018-02-24 03:26:24,0.00364800,2.43000000
2018-02-24 03:26:24,0.00364700,25.67000000
2018-02-24 03:26:26,0.00364000,4.32000000
