DATE,PRICE,VOLUME
2018-02-24 12:00:01,0.00367900,2.30000000
2018-02-24 12:00:04,0.00367900,19.95000000
2018-02-24 12:00:05,0.00367900,9.21000000
2018-02-24 12:00:05,0.00367800,9.00000000
2018-02-24 12:00:07,0.00367900,3.38000000
2018-02-24 12:00:09,0.00367900,114.12000000
2018-02-24 12:00:12,0.00367800,76.12000000
2018-02-24 12:00:13,0.00368000,2.04000000
2018-02-24 12:00:15,0.00367900,10.91000000
2018-02-24 12:00:16,0.00367900,0.64000000
2018-02-24 12:00:17,0.00368000,2.05000000
2018-02-24 12:00:19,0.00368000,35.32000000
2018-02-24 12:00:21,0.00368000,32.89000000
2018-02-24 12:00:21,0.00368000,1.58000000
2018-02-24 12:00:25,0.00368000,2.71000000
2018-02-24 12:00:25,0.00367900,5.43000000
2018-02-24 12:00:26,0.00367900,26.50000000
2018-02-24 12:00:29,0.00368000,8.50000000
2018-02-24 12:00:31,0.00367900,13.59000000
2018-02-24 12:00:34,0.00368000,49.71000000
2018-02-24 12:00:35,0.00367900,56.90000000
2018-02-24 12:00:35,0.00367800,16.10000000
2018-02-24 12:00:37,0.00367800,43.50000000
2018-02-24 12:00:43,0.00367800,29.90000000
2018-02-24 12:00:46,0.00367900,9.11000000
2018-02-24 12:00:46,0.00368000,18.00000000
2018-02-24 12:00:49,0.00367800,70.69000000
2018-02-24 12:00:49,0.00367800,44.43000000
2018-02-24 12:00:51,0.00367900,3.27000000
2018-02-24 12:00:51,0.00368000,2.82000000
2018-02-24 12:00:52,0.00368000,93.74000000
2018-02-24 12:00:55,0.00367900,24.46000000
2018-02-24 12:00:58,0.00367900,25.35000000
2018-02-24 12:00:58,0.00367800,8.62000000
2018-02-24 12:00:59,0.00367800,17.02000000
2018-02-24 12:01:00,0.00368100,3.77000000
2018-02-24 12:01:02,0.00368100,2.71000000
2018-02-24 12:01:05,0.00368000,0.30000000
2018-02-24 12:01:06,0.00367900,3.00000000
2018-02-24 12:01:07,0.00367600,1.05000000
2018-02-24 12:01:10,0.00367600,3.14000000
2018-02-24 12:01:11,0.00368000,0.68000000
2018-02-24 12:01:14,0.00367800,8.15000000
2018-02-24 12:01:14,0.00367800,8.15000000
2018-02-24 12:01:14,0.00367800,8.15000000
2018-02-24 12:01:14,0.00367800,8.15000000
2018-02-24 12:01:14,0.00367800,8.15000000
2018-02-24 12:01:14,0.00367800,8.14000000
2018-02-24 12:01:14,0.00367800,8.15000000
2018-02-24 12:01:14,0.00367800,8.15000000
2018-02-24 12:01:14,0.00367800,8.15000000
2018-02-24 12:01:15,0.00367800,8.15000000
2018-02-24 12:01:15,0.00367800,8.15000000
2018-02-24 12:01:15,0.00367800,2.25000000
2018-02-24 12:01:15,0.00367800,8.15000000
2018-02-24 12:01:15,0.00367800,8.15000000
2018-02-24 12:01:15,0.00367800,8.15000000
2018-02-24 12:01:15,0.00367800,8.15000000
2018-02-24 12:01:15,0.00367800,8.15000000
2018-02-24 12:01:15,0.00367800,3.30000000
2018-02-24 12:01:15,0.00367600,3.30000000
2018-02-24 12:01:23,0.00367600,2.60000000
2018-02-24 12:01:23,0.00367600,8.16000000
2018-02-24 12:01:23,0.00367600,6.34000000
2018-02-24 12:01:38,0.00367900,5.78000000
2018-02-24 12:01:38,0.00367600,12.00000000
2018-02-24 12:01:45,0.00367600,14.21000000
2018-02-24 12:01:47,0.00367600,1.70000000
2018-02-24 12:01:49,0.00367600,9.15000000
2018-02-24 12:01:54,0.00367900,0.01000000
2018-02-24 12:01:56,0.00367900,3.95000000
2018-02-24 12:02:04,0.00367900,64.73000000
2018-02-24 12:02:06,0.00367600,68.11000000
2018-02-24 12:02:07,0.00367900,3.26000000
2018-02-24 12:02:10,0.00367600,13.62000000
2018-02-24 12:02:12,0.00367600,13.62000000
2018-02-24 12:02:14,0.00367600,13.62000000
2018-02-24 12:02:16,0.00367600,13.62000000
2018-02-24 12:02:18,0.00367600,2.72000000
2018-02-24 12:02:18,0.00367600,31.46000000
2018-02-24 12:02:18,0.00367800,9.84000000
2018-02-24 12:02:18,0.00367900,77.48000000
2018-02-24 12:02:20,0.00367600,2.72000000
2018-02-24 12:02:22,0.00367600,2.72000000
2018-02-24 12:02:24,0.00367700,2.72000000
2018-02-24 12:02:26,0.00367700,2.72000000
2018-02-24 12:02:30,0.00367700,2.72000000
2018-02-24 12:02:31,0.00367700,2.72000000
2018-02-24 12:02:34,0.00367900,4.62000000
2018-02-24 12:02:35,0.00367700,2.72000000
2018-02-24 12:02:38,0.00367700,1.40000000
2018-02-24 12:02:38,0.00367700,2.72000000
2018-02-24 12:02:39,0.00367700,295.61000000
2018-02-24 12:02:42,0.00367700,2.72000000
2018-02-24 12:02:44,0.00367700,0.30000000
2018-02-24 12:02:45,0.00367700,2.72000000
2018-02-24 12:02:45,0.00367900,1.77000000
2018-02-24 12:02:46,0.00367700,3.68000000
2018-02-24 12:02:49,0.00367700,23.93000000
2018-02-24 12:02:49,0.00367600,270.98000000
2018-02-24 12:02:53,0.00367700,10.55000000
2018-02-24 12:02:54,0.00367700,2.65000000
2018-02-24 12:02:54,0.00367700,8.15000000
2018-02-24 12:02:54,0.00367700,0.58000000
2018-02-24 12:02:55,0.00367700,0.24000000
2018-02-24 12:02:58,0.00367600,9.37000000
2018-02-24 12:03:00,0.00367600,2.63000000
2018-02-24 12:03:01,0.00367600,20.20000000
2018-02-24 12:03:01,0.00367700,0.41000000
2018-02-24 12:03:02,0.00367700,27.08000000
2018-02-24 12:03:03,0.00367600,13.92000000
2018-02-24 12:03:03,0.00367700,0.74000000
2018-02-24 12:03:03,0.00367700,1.15000000
2018-02-24 12:03:04,0.00367700,4.41000000
2018-02-24 12:03:05,0.00367600,8.00000000
2018-02-24 12:03:08,0.00367600,1.55000000
2018-02-24 12:03:11,0.00367600,0.65000000
2018-02-24 12:03:24,0.00367600,12.69000000
2018-02-24 12:03:25,0.00367700,2.71000000
2018-02-24 12:03:28,0.00367700,7.94000000
2018-02-24 12:03:28,0.00367800,45.99000000
2018-02-24 12:03:34,0.00367800,0.03000000
2018-02-24 12:03:34,0.00367900,9.55000000
2018-02-24 12:03:44,0.00367800,3.87000000
2018-02-24 12:03:54,0.00367800,5.49000000
2018-02-24 12:04:00,0.00367900,1.05000000
2018-02-24 12:04:00,0.00367800,1.37000000
2018-02-24 12:04:02,0.00367800,55.49000000
2018-02-24 12:04:03,0.00367800,2.92000000
2018-02-24 12:04:04,0.00367800,0.19000000
2018-02-24 12:04:06,0.00367700,52.33000000
2018-02-24 12:04:06,0.00367900,12.11000000
2018-02-24 12:04:10,0.00367900,36.51000000
2018-02-24 12:04:11,0.00367900,24.46000000
2018-02-24 12:04:12,0.00367900,159.52000000
2018-02-24 12:04:12,0.00367700,140.48000000
2018-02-24 12:04:20,0.00367900,1.00000000
2018-02-24 12:04:22,0.00367800,10.19000000
2018-02-24 12:04:22,0.00367800,1.09000000
2018-02-24 12:04:26,0.00367800,1.19000000
2018-02-24 12:04:28,0.00367800,1.09000000
2018-02-24 12:04:31,0.00367800,10.08000000
2018-02-24 12:04:31,0.00367800,0.73000000
2018-02-24 12:04:34,0.00367800,2.84000000
2018-02-24 12:04:35,0.00367800,0.94000000
2018-02-24 12:04:36,0.00367800,1.09000000
2018-02-24 12:04:37,0.00367800,1.46000000
2018-02-24 12:04:39,0.00367800,1.09000000
2018-02-24 12:04:41,0.00367900,7.52000000
2018-02-24 12:04:42,0.00367800,1.09000000
2018-02-24 12:04:42,0.00367800,0.40000000
2018-02-24 12:04:42,0.00367800,19.10000000
2018-02-24 12:04:44,0.00367800,2.89000000
2018-02-24 12:04:46,0.00367800,2.28000000
2018-02-24 12:04:48,0.00367800,0.12000000
2018-02-24 12:04:50,0.00367900,65.47000000
2018-02-24 12:04:53,0.00367900,2.64000000
2018-02-24 12:04:55,0.00368000,14.00000000
2018-02-24 12:04:57,0.00368000,25.47000000
2018-02-24 12:05:01,0.00367900,1.47000000
2018-02-24 12:05:05,0.00367900,10.00000000
2018-02-24 12:05:10,0.00367900,1.72000000
2018-02-24 12:05:11,0.00367900,0.83000000
2018-02-24 12:05:13,0.00368000,4.10000000
2018-02-24 12:05:13,0.00368200,72.07000000
2018-02-24 12:05:13,0.00368200,4.08000000
2018-02-24 12:05:13,0.00367900,37.55000000
2018-02-24 12:05:14,0.00368300,0.61000000
2018-02-24 12:05:14,0.00368400,17.18000000
2018-02-24 12:05:14,0.00367900,0.21000000
2018-02-24 12:05:14,0.00367800,196.51000000
2018-02-24 12:05:14,0.00367700,243.34000000
2018-02-24 12:05:14,0.00367600,45.10000000
2018-02-24 12:05:14,0.00367500,598.20000000
2018-02-24 12:05:19,0.00368300,3.80000000
2018-02-24 12:05:22,0.00368300,6.78000000
2018-02-24 12:05:29,0.00368500,0.50000000
2018-02-24 12:05:29,0.00368600,77.48000000
2018-02-24 12:05:29,0.00368700,7.66000000
2018-02-24 12:05:30,0.00368000,53.79000000
2018-02-24 12:05:30,0.00367900,69.17000000
2018-02-24 12:05:30,0.00367500,96.09000000
2018-02-24 12:05:31,0.00367900,8.66000000
2018-02-24 12:05:31,0.00368500,42.39000000
2018-02-24 12:05:31,0.00368500,0.05000000
2018-02-24 12:05:31,0.00368700,1.41000000
2018-02-24 12:05:31,0.00368800,3.97000000
2018-02-24 12:05:40,0.00367900,1.15000000
2018-02-24 12:05:46,0.00368000,0.84000000
2018-02-24 12:05:47,0.00368000,0.91000000
2018-02-24 12:05:47,0.00368000,44.24000000
2018-02-24 12:05:47,0.00367800,1.47000000
2018-02-24 12:05:49,0.00367900,27.17000000
2018-02-24 12:05:49,0.00367900,5.99000000
2018-02-24 12:05:53,0.00367900,7.37000000
2018-02-24 12:05:53,0.00367800,2.71000000
2018-02-24 12:05:53,0.00367800,2.58000000
2018-02-24 12:05:54,0.00368400,0.30000000
2018-02-24 12:05:56,0.00368100,8.19000000
2018-02-24 12:05:57,0.00368400,20.00000000
2018-02-24 12:05:57,0.00368100,33.11000000
2018-02-24 12:05:57,0.00368000,149.76000000
2018-02-24 12:05:57,0.00368300,4.07000000
2018-02-24 12:05:59,0.00368400,23.90000000
2018-02-24 12:05:59,0.00368400,26.34000000
2018-02-24 12:05:59,0.00368400,12.29000000
2018-02-24 12:05:59,0.00368500,74.27000000
2018-02-24 12:06:00,0.00368600,1.36000000
2018-02-24 12:06:00,0.00368700,18.69000000
2018-02-24 12:06:01,0.00368000,10.60000000
2018-02-24 12:06:02,0.00368000,33.42000000
2018-02-24 12:06:03,0.00368000,1.26000000
2018-02-24 12:06:06,0.00368000,7.67000000
2018-02-24 12:06:06,0.00367700,44.07000000
2018-02-24 12:06:06,0.00367600,41.76000000
2018-02-24 12:06:08,0.00367800,1.20000000
2018-02-24 12:06:15,0.00368000,4.80000000
2018-02-24 12:06:15,0.00367900,69.70000000
2018-02-24 12:06:18,0.00368600,3.91000000
2018-02-24 12:06:21,0.00367900,1.38000000
2018-02-24 12:06:26,0.00368100,0.07000000
2018-02-24 12:06:28,0.00368100,13.33000000
2018-02-24 12:06:28,0.00367900,89.76000000
2018-02-24 12:06:28,0.00367800,6.55000000
2018-02-24 12:06:28,0.00367700,32.21000000
2018-02-24 12:06:28,0.00367600,87.68000000
2018-02-24 12:06:28,0.00367500,371.71000000
2018-02-24 12:06:28,0.00367400,261.07000000
2018-02-24 12:06:28,0.00367400,3.67000000
2018-02-24 12:06:28,0.00367400,5.77000000
2018-02-24 12:06:28,0.00367400,27.78000000
2018-02-24 12:06:29,0.00367500,2.72000000
2018-02-24 12:06:29,0.00367400,5.28000000
2018-02-24 12:06:29,0.00367600,2.99000000
2018-02-24 12:06:29,0.00367400,0.50000000
2018-02-24 12:06:29,0.00367200,4.51000000
2018-02-24 12:06:30,0.00367700,2.71000000
2018-02-24 12:06:30,0.00367200,12.00000000
2018-02-24 12:06:30,0.00367700,36.01000000
2018-02-24 12:06:30,0.00367700,46.39000000
2018-02-24 12:06:30,0.00367700,14.69000000
2018-02-24 12:06:30,0.00367500,2.99000000
2018-02-24 12:06:30,0.00367500,20.02000000
2018-02-24 12:06:30,0.00367200,48.26000000
2018-02-24 12:06:31,0.00367900,5.43000000
2018-02-24 12:06:34,0.00367800,1.25000000
2018-02-24 12:06:37,0.00367800,1.15000000
2018-02-24 12:06:38,0.00367800,0.16000000
2018-02-24 12:06:39,0.00367500,13.65000000
2018-02-24 12:06:40,0.00367800,0.43000000
2018-02-24 12:06:41,0.00367800,2.73000000
2018-02-24 12:06:43,0.00367800,13.63000000
2018-02-24 12:06:45,0.00367900,8.96000000
2018-02-24 12:06:47,0.00367900,2.47000000
2018-02-24 12:06:48,0.00368000,2.87000000
2018-02-24 12:06:48,0.00368000,2.72000000
2018-02-24 12:06:50,0.00368000,5.00000000
2018-02-24 12:06:52,0.00368000,4.11000000
2018-02-24 12:06:55,0.00367800,0.49000000
2018-02-24 12:06:55,0.00367900,23.59000000
2018-02-24 12:06:55,0.00367800,16.24000000
2018-02-24 12:06:55,0.00367500,28.12000000
2018-02-24 12:06:56,0.00367500,2.72000000
2018-02-24 12:07:00,0.00367800,2.95000000
2018-02-24 12:07:00,0.00368000,10.63000000
2018-02-24 12:07:02,0.00367500,65.62000000
2018-02-24 12:07:09,0.00367600,1.46000000
2018-02-24 12:07:09,0.00367500,1.59000000
2018-02-24 12:07:10,0.00368000,43.26000000
2018-02-24 12:07:18,0.00368000,1.57000000
2018-02-24 12:07:19,0.00367600,0.30000000
2018-02-24 12:07:20,0.00367600,0.30000000
2018-02-24 12:07:24,0.00367600,1.00000000
2018-02-24 12:07:27,0.00367900,6.59000000
2018-02-24 12:07:28,0.00367600,1.32000000
2018-02-24 12:07:29,0.00367900,9.81000000
2018-02-24 12:07:29,0.00368000,80.91000000
2018-02-24 12:07:30,0.00368100,2.71000000
2018-02-24 12:07:37,0.00367600,1.28000000
2018-02-24 12:07:45,0.00368000,1.60000000
2018-02-24 12:07:48,0.00368400,23.03000000
2018-02-24 12:07:50,0.00367800,3.80000000
2018-02-24 12:07:50,0.00368400,17.90000000
2018-02-24 12:07:53,0.00367800,4.55000000
2018-02-24 12:07:55,0.00368500,3.60000000
2018-02-24 12:07:55,0.00368000,1.00000000
2018-02-24 12:07:56,0.00368500,10.00000000
2018-02-24 12:07:59,0.00368500,3.78000000
2018-02-24 12:08:01,0.00368500,5.61000000
2018-02-24 12:08:02,0.00368500,3.57000000
2018-02-24 12:08:02,0.00368500,0.50000000
2018-02-24 12:08:02,0.00368500,2.87000000
2018-02-24 12:08:02,0.00368500,5.26000000
2018-02-24 12:08:02,0.00368000,2.72000000
2018-02-24 12:08:03,0.00368500,15.40000000
2018-02-24 12:08:03,0.00368600,2.70000000
2018-02-24 12:08:05,0.00368500,7.87000000
2018-02-24 12:08:06,0.00368400,1.91000000
2018-02-24 12:08:06,0.00368100,0.09000000
2018-02-24 12:08:08,0.00368100,9.57000000
2018-02-24 12:08:10,0.00368500,14.69000000
2018-02-24 12:08:10,0.00368000,2.72000000
2018-02-24 12:08:18,0.00368200,0.30000000
2018-02-24 12:08:19,0.00368200,1.64000000
2018-02-24 12:08:20,0.00368200,0.30000000
2018-02-24 12:08:21,0.00368500,0.54000000
2018-02-24 12:08:22,0.00368800,1.00000000
2018-02-24 12:08:24,0.00368600,0.24000000
2018-02-24 12:08:24,0.00368200,24.91000000
2018-02-24 12:08:24,0.00368100,22.92000000
2018-02-24 12:08:24,0.00368000,53.50000000
2018-02-24 12:08:25,0.00368800,1.76000000
2018-02-24 12:08:31,0.00368000,3.00000000
2018-02-24 12:08:31,0.00368000,2.02000000
2018-02-24 12:08:32,0.00368800,0.56000000
2018-02-24 12:08:33,0.00368800,9.83000000
2018-02-24 12:08:35,0.00368100,9.62000000
2018-02-24 12:08:36,0.00368100,56.05000000
2018-02-24 12:08:41,0.00368100,1.09000000
2018-02-24 12:08:43,0.00368100,2.18000000
2018-02-24 12:08:46,0.00368200,1.09000000
2018-02-24 12:08:48,0.00368500,358.69000000
2018-02-24 12:08:49,0.00368200,1.09000000
2018-02-24 12:08:51,0.00368500,2.72000000
2018-02-24 12:08:51,0.00368500,1.63000000
2018-02-24 12:08:53,0.00368500,1.10000000
2018-02-24 12:08:54,0.00368500,1.09000000
2018-02-24 12:08:54,0.00368500,1.09000000
2018-02-24 12:08:55,0.00368500,18.88000000
2018-02-24 12:08:56,0.00368500,3.97000000
2018-02-24 12:08:59,0.00368500,1.65000000
2018-02-24 12:08:59,0.00368500,3.59000000
2018-02-24 12:09:01,0.00368500,1.09000000
2018-02-24 12:09:03,0.00368500,11.00000000
2018-02-24 12:09:03,0.00368500,5.14000000
2018-02-24 12:09:05,0.00368500,13.57000000
2018-02-24 12:09:05,0.00368800,6.08000000
2018-02-24 12:09:05,0.00368800,23.69000000
2018-02-24 12:09:06,0.00368500,1.37000000
2018-02-24 12:09:06,0.00368500,1.09000000
2018-02-24 12:09:06,0.00368500,0.31000000
2018-02-24 12:09:06,0.00368500,13.57000000
2018-02-24 12:09:07,0.00368600,8.13000000
2018-02-24 12:09:08,0.00368600,5.87000000
2018-02-24 12:09:08,0.00368500,7.70000000
2018-02-24 12:09:09,0.00368500,9.47000000
2018-02-24 12:09:09,0.00368500,5.87000000
2018-02-24 12:09:10,0.00368500,13.57000000
2018-02-24 12:09:12,0.00368500,0.03000000
2018-02-24 12:09:12,0.00368500,13.57000000
2018-02-24 12:09:13,0.00368500,39.38000000
2018-02-24 12:09:13,0.00368500,2.99000000
2018-02-24 12:09:14,0.00368500,13.57000000
2018-02-24 12:09:18,0.00368900,33.53000000
2018-02-24 12:09:18,0.00368900,56.47000000
2018-02-24 12:09:19,0.00368500,13.55000000
2018-02-24 12:09:25,0.00368700,0.34000000
2018-02-24 12:09:25,0.00368500,11.66000000
2018-02-24 12:09:29,0.00368900,3.10000000
2018-02-24 12:09:36,0.00369000,22.78000000
2018-02-24 12:09:39,0.00369000,33.19000000
2018-02-24 12:09:39,0.00369200,25.60000000
2018-02-24 12:09:39,0.00369300,0.43000000
2018-02-24 12:09:39,0.00369500,5.22000000
2018-02-24 12:09:39,0.00369600,19.95000000
2018-02-24 12:09:39,0.00369700,3.12000000
2018-02-24 12:09:39,0.00369900,2.76000000
2018-02-24 12:09:40,0.00369200,25.60000000
2018-02-24 12:09:40,0.00369200,25.60000000
2018-02-24 12:09:41,0.00369200,11.34000000
2018-02-24 12:09:53,0.00368800,2.72000000
2018-02-24 12:09:55,0.00368800,13.59000000
2018-02-24 12:09:56,0.00368800,13.59000000
2018-02-24 12:09:58,0.00368800,13.59000000
2018-02-24 12:09:59,0.00369500,2.71000000
2018-02-24 12:09:59,0.00369500,1.76000000
2018-02-24 12:09:59,0.00369500,0.24000000
2018-02-24 12:09:59,0.00368800,2.00000000
2018-02-24 12:10:00,0.00368800,13.59000000
2018-02-24 12:10:02,0.00369200,95.06000000
2018-02-24 12:10:02,0.00368800,13.59000000
2018-02-24 12:10:04,0.00368900,2.69000000
2018-02-24 12:10:04,0.00368800,10.90000000
2018-02-24 12:10:05,0.00368800,0.90000000
2018-02-24 12:10:05,0.00368800,1.23000000
2018-02-24 12:10:06,0.00368800,2.72000000
2018-02-24 12:10:08,0.00368800,2.72000000
2018-02-24 12:10:10,0.00368800,13.59000000
2018-02-24 12:10:10,0.00368800,25.44000000
2018-02-24 12:10:11,0.00368800,37.27000000
2018-02-24 12:10:11,0.00368800,7.02000000
2018-02-24 12:10:11,0.00368700,51.58000000
2018-02-24 12:10:12,0.00368700,23.24000000
2018-02-24 12:10:14,0.00368700,37.97000000
2018-02-24 12:10:18,0.00369500,5.41000000
2018-02-24 12:10:18,0.00369600,1.08000000
2018-02-24 12:10:18,0.00369800,42.45000000
2018-02-24 12:10:18,0.00369900,0.46000000
2018-02-24 12:10:19,0.00369000,2.70000000
2018-02-24 12:10:20,0.00368800,21.69000000
2018-02-24 12:10:21,0.00368800,7.48000000
2018-02-24 12:10:21,0.00369000,74.00000000
2018-02-24 12:10:21,0.00368800,8.13000000
2018-02-24 12:10:21,0.00368800,2.70000000
2018-02-24 12:10:22,0.00368800,3.81000000
2018-02-24 12:10:22,0.00368700,8.13000000
2018-02-24 12:10:22,0.00368700,5.78000000
2018-02-24 12:10:24,0.00369400,4.06000000
2018-02-24 12:10:25,0.00369500,1.35000000
2018-02-24 12:10:25,0.00369600,20.34000000
2018-02-24 12:10:25,0.00369600,1.35000000
2018-02-24 12:10:26,0.00368900,2.69000000
2018-02-24 12:10:26,0.00368900,3.19000000
2018-02-24 12:10:26,0.00368900,6.41000000
2018-02-24 12:10:26,0.00369500,1.35000000
2018-02-24 12:10:26,0.00368900,10.84000000
2018-02-24 12:10:27,0.00368900,1.26000000
2018-02-24 12:10:27,0.00368700,1.46000000
2018-02-24 12:10:27,0.00369400,8.14000000
2018-02-24 12:10:30,0.00369600,2.70000000
2018-02-24 12:10:33,0.00369100,4.09000000
2018-02-24 12:10:33,0.00369300,1.08000000
2018-02-24 12:10:33,0.00369100,8.12000000
2018-02-24 12:10:34,0.00369100,2.70000000
2018-02-24 12:10:34,0.00369100,67.92000000
2018-02-24 12:10:36,0.00369100,32.40000000
2018-02-24 12:10:36,0.00369100,13.55000000
2018-02-24 12:10:36,0.00369300,1.08000000
2018-02-24 12:10:38,0.00369100,67.92000000
2018-02-24 12:10:39,0.00369200,1.80000000
2018-02-24 12:10:40,0.00369300,29.88000000
2018-02-24 12:10:40,0.00369200,25.28000000
2018-02-24 12:10:40,0.00369100,12.76000000
2018-02-24 12:10:41,0.00369100,5.12000000
2018-02-24 12:10:42,0.00369100,13.58000000
2018-02-24 12:10:43,0.00369100,13.58000000
2018-02-24 12:10:45,0.00369100,20.00000000
2018-02-24 12:10:45,0.00369100,13.58000000
2018-02-24 12:10:47,0.00369100,78.40000000
2018-02-24 12:10:47,0.00368900,2.71000000
2018-02-24 12:10:47,0.00368800,36.39000000
2018-02-24 12:10:52,0.00369200,8.12000000
2018-02-24 12:10:53,0.00369200,5.00000000
2018-02-24 12:10:53,0.00369200,2.18000000
2018-02-24 12:10:56,0.00369200,1.08000000
2018-02-24 12:10:58,0.00369200,0.22000000
2018-02-24 12:10:59,0.00369100,2.83000000
2018-02-24 12:10:59,0.00369200,0.86000000
2018-02-24 12:10:59,0.00369200,0.90000000
2018-02-24 12:11:00,0.00369200,8.12000000
2018-02-24 12:11:01,0.00369200,2.36000000
2018-02-24 12:11:02,0.00369200,0.52000000
2018-02-24 12:11:03,0.00369200,2.36000000
2018-02-24 12:11:05,0.00369200,39.00000000
2018-02-24 12:11:05,0.00369100,0.01000000
2018-02-24 12:11:05,0.00368800,2.92000000
2018-02-24 12:11:07,0.00369000,4.76000000
2018-02-24 12:11:07,0.00368800,3.60000000
2018-02-24 12:11:12,0.00369100,0.63000000
2018-02-24 12:11:14,0.00369200,29.02000000
2018-02-24 12:11:14,0.00369200,0.08000000
2018-02-24 12:11:15,0.00369200,79.97000000
2018-02-24 12:11:15,0.00369200,29.57000000
2018-02-24 12:11:15,0.00369200,20.70000000
2018-02-24 12:11:16,0.00369100,2.69000000
2018-02-24 12:11:17,0.00369200,40.46000000
2018-02-24 12:11:19,0.00368800,2.00000000
2018-02-24 12:11:20,0.00369400,0.68000000
2018-02-24 12:11:29,0.00369400,32.49000000
2018-02-24 12:11:29,0.00369500,33.19000000
2018-02-24 12:11:29,0.00369500,15.33000000
2018-02-24 12:11:40,0.00369600,97.15000000
2018-02-24 12:11:40,0.00369700,63.97000000
2018-02-24 12:11:40,0.00369800,42.45000000
2018-02-24 12:11:42,0.00369700,42.45000000
2018-02-24 12:11:43,0.00369800,1.12000000
2018-02-24 12:11:43,0.00369800,19.77000000
2018-02-24 12:11:43,0.00369600,5.98000000
2018-02-24 12:11:43,0.00369700,5.00000000
2018-02-24 12:11:44,0.00369700,2.71000000
2018-02-24 12:11:45,0.00369700,13.18000000
2018-02-24 12:11:45,0.00369600,16.82000000
2018-02-24 12:11:46,0.00369600,2.71000000
2018-02-24 12:11:46,0.00369800,21.56000000
2018-02-24 12:11:47,0.00369700,13.53000000
2018-02-24 12:11:48,0.00369700,8.03000000
2018-02-24 12:11:51,0.00369800,35.20000000
2018-02-24 12:11:51,0.00369800,0.35000000
2018-02-24 12:11:51,0.00369800,6.90000000
2018-02-24 12:11:51,0.00369900,15.66000000
2018-02-24 12:11:51,0.00369900,3.66000000
2018-02-24 12:11:52,0.00370000,190.53000000
2018-02-24 12:11:52,0.00370000,30.71000000
2018-02-24 12:11:52,0.00369800,0.81000000
2018-02-24 12:11:52,0.00369800,2.71000000
2018-02-24 12:11:53,0.00370000,73.19000000
2018-02-24 12:11:53,0.00370000,266.38000000
2018-02-24 12:11:53,0.00370000,44.01000000
2018-02-24 12:11:54,0.00370000,93.36000000
2018-02-24 12:11:54,0.00370000,28.49000000
2018-02-24 12:11:54,0.00369800,7.84000000
2018-02-24 12:11:54,0.00369700,5.72000000
2018-02-24 12:11:55,0.00370000,22.46000000
2018-02-24 12:11:55,0.00370000,69.84000000
2018-02-24 12:11:56,0.00369700,13.56000000
2018-02-24 12:11:57,0.00369800,8.93000000
2018-02-24 12:11:59,0.00370000,19.44000000
2018-02-24 12:11:59,0.00370100,1.00000000
2018-02-24 12:11:59,0.00370200,5.69000000
2018-02-24 12:11:59,0.00370300,2.00000000
2018-02-24 12:11:59,0.00370600,8.93000000
2018-02-24 12:11:59,0.00370700,3.49000000
2018-02-24 12:11:59,0.00369800,13.52000000
2018-02-24 12:12:01,0.00369900,3.70000000
2018-02-24 12:12:01,0.00369800,9.82000000
2018-02-24 12:12:03,0.00370000,8.09000000
2018-02-24 12:12:03,0.00370000,8.10000000
2018-02-24 12:12:03,0.00370000,2.71000000
2018-02-24 12:12:03,0.00370000,8.10000000
2018-02-24 12:12:03,0.00370000,1.93000000
2018-02-24 12:12:04,0.00369900,1.93000000
2018-02-24 12:12:04,0.00370000,2.69000000
2018-02-24 12:12:05,0.00369900,8.10000000
2018-02-24 12:12:05,0.00369900,8.95000000
2018-02-24 12:12:05,0.00369900,7.17000000
2018-02-24 12:12:05,0.00369900,0.69000000
2018-02-24 12:12:05,0.00369900,8.11000000
2018-02-24 12:12:06,0.00369900,2.00000000
2018-02-24 12:12:06,0.00370000,2.88000000
2018-02-24 12:12:07,0.00370000,5.63000000
2018-02-24 12:12:07,0.00369900,2.71000000
2018-02-24 12:12:07,0.00369900,2.47000000
2018-02-24 12:12:09,0.00370000,2.71000000
2018-02-24 12:12:09,0.00370000,0.53000000
2018-02-24 12:12:10,0.00370000,1.35000000
2018-02-24 12:12:10,0.00370000,2.71000000
2018-02-24 12:12:11,0.00370000,16.98000000
2018-02-24 12:12:12,0.00370600,7.74000000
2018-02-24 12:12:12,0.00370700,2.08000000
2018-02-24 12:12:12,0.00370800,11.18000000
2018-02-24 12:12:13,0.00370000,13.14000000
2018-02-24 12:12:13,0.00370000,8.00000000
2018-02-24 12:12:14,0.00370000,4.85000000
2018-02-24 12:12:14,0.00370600,0.37000000
2018-02-24 12:12:15,0.00370000,1.04000000
2018-02-24 12:12:16,0.00370000,5.00000000
2018-02-24 12:12:16,0.00370000,0.53000000
2018-02-24 12:12:16,0.00370000,0.53000000
2018-02-24 12:12:17,0.00370600,2.33000000
2018-02-24 12:12:17,0.00370800,49.64000000
2018-02-24 12:12:18,0.00370000,0.46000000
2018-02-24 12:12:19,0.00370000,29.72000000
2018-02-24 12:12:20,0.00370000,5.43000000
2018-02-24 12:12:20,0.00370000,0.53000000
2018-02-24 12:12:21,0.00370000,0.53000000
2018-02-24 12:12:22,0.00370000,5.21000000
2018-02-24 12:12:22,0.00370000,0.53000000
2018-02-24 12:12:23,0.00370800,40.00000000
2018-02-24 12:12:23,0.00370100,17.43000000
2018-02-24 12:12:25,0.00370100,14.54000000
2018-02-24 12:12:25,0.00370000,185.46000000
2018-02-24 12:12:25,0.00370100,0.74000000
2018-02-24 12:12:25,0.00370700,1.09000000
2018-02-24 12:12:25,0.00370700,3.02000000
2018-02-24 12:12:27,0.00370000,1.02000000
2018-02-24 12:12:30,0.00370000,0.65000000
2018-02-24 12:12:30,0.00370600,4.05000000
2018-02-24 12:12:30,0.00370700,1.68000000
2018-02-24 12:12:31,0.00370700,9.20000000
2018-02-24 12:12:31,0.00370700,126.20000000
2018-02-24 12:12:31,0.00370000,34.31000000
2018-02-24 12:12:31,0.00370000,21.62000000
2018-02-24 12:12:34,0.00370000,0.65000000
2018-02-24 12:12:37,0.00370100,27.01000000
2018-02-24 12:12:46,0.00370100,26.82000000
2018-02-24 12:12:51,0.00370000,0.54000000
2018-02-24 12:12:52,0.00370000,0.54000000
2018-02-24 12:12:53,0.00370100,0.49000000
2018-02-24 12:12:53,0.00370000,0.54000000
2018-02-24 12:12:54,0.00370000,1.35000000
2018-02-24 12:12:54,0.00370000,0.54000000
2018-02-24 12:12:55,0.00370100,6.16000000
2018-02-24 12:12:55,0.00370000,0.30000000
2018-02-24 12:12:55,0.00370000,18.84000000
2018-02-24 12:12:55,0.00370000,19.85000000
2018-02-24 12:12:55,0.00370000,21.78000000
2018-02-24 12:12:56,0.00369900,13.00000000
2018-02-24 12:12:57,0.00369900,0.35000000
2018-02-24 12:12:58,0.00370000,28.29000000
2018-02-24 12:13:00,0.00369800,0.54000000
2018-02-24 12:13:11,0.00369400,0.78000000
2018-02-24 12:13:12,0.00369500,19.70000000
2018-02-24 12:13:12,0.00369600,2.44000000
2018-02-24 12:13:13,0.00369500,0.65000000
2018-02-24 12:13:16,0.00369500,0.65000000
2018-02-24 12:13:17,0.00369500,2.60000000
2018-02-24 12:13:24,0.00369000,0.69000000
2018-02-24 12:13:29,0.00369500,51.27000000
2018-02-24 12:13:31,0.00369700,4.54000000
2018-02-24 12:13:33,0.00369500,4.00000000
2018-02-24 12:13:41,0.00369500,8.99000000
2018-02-24 12:13:51,0.00369700,2.70000000
2018-02-24 12:13:51,0.00369800,2.17000000
2018-02-24 12:13:51,0.00370000,8.13000000
2018-02-24 12:13:52,0.00370000,0.81000000
2018-02-24 12:13:54,0.00369600,1.17000000
2018-02-24 12:13:57,0.00370000,27.39000000
2018-02-24 12:14:00,0.00370000,44.04000000
2018-02-24 12:14:01,0.00370000,6.78000000
2018-02-24 12:14:03,0.00370000,16.44000000
2018-02-24 12:14:04,0.00369700,0.44000000
2018-02-24 12:14:05,0.00370000,15.44000000
2018-02-24 12:14:07,0.00370100,0.81000000
2018-02-24 12:14:07,0.00370000,0.09000000
2018-02-24 12:14:12,0.00370000,27.10000000
2018-02-24 12:14:13,0.00370000,0.54000000
2018-02-24 12:14:13,0.00370300,21.25000000
2018-02-24 12:14:13,0.00370400,2.69000000
2018-02-24 12:14:13,0.00370500,94.33000000
2018-02-24 12:14:13,0.00370000,0.53000000
2018-02-24 12:14:14,0.00370000,13.17000000
2018-02-24 12:14:15,0.00370000,0.54000000
2018-02-24 12:14:15,0.00370000,0.54000000
2018-02-24 12:14:16,0.00370000,0.53000000
2018-02-24 12:14:17,0.00370000,0.53000000
2018-02-24 12:14:18,0.00370000,21.22000000
2018-02-24 12:14:18,0.00370000,34.53000000
2018-02-24 12:14:19,0.00370000,5.36000000
2018-02-24 12:14:20,0.00370000,4.25000000
2018-02-24 12:14:20,0.00369800,0.75000000
2018-02-24 12:14:20,0.00369800,1.50000000
2018-02-24 12:14:21,0.00369800,1.40000000
2018-02-24 12:14:21,0.00369700,1.26000000
2018-02-24 12:14:21,0.00370000,0.53000000
2018-02-24 12:14:21,0.00370400,7.02000000
2018-02-24 12:14:22,0.00369700,2.00000000
2018-02-24 12:14:22,0.00370000,2.00000000
2018-02-24 12:14:24,0.00370000,0.54000000
2018-02-24 12:14:24,0.00370000,1.35000000
2018-02-24 12:14:24,0.00370000,0.54000000
2018-02-24 12:14:25,0.00370000,15.86000000
2018-02-24 12:14:26,0.00370000,0.54000000
2018-02-24 12:14:26,0.00370000,7.80000000
2018-02-24 12:14:26,0.00370000,18.85000000
2018-02-24 12:14:26,0.00370000,13.10000000
2018-02-24 12:14:26,0.00370000,0.54000000
2018-02-24 12:14:27,0.00370000,0.54000000
2018-02-24 12:14:29,0.00370000,0.54000000
2018-02-24 12:14:30,0.00370000,0.54000000
2018-02-24 12:14:31,0.00370000,0.54000000
2018-02-24 12:14:32,0.00370000,0.54000000
2018-02-24 12:14:33,0.00370200,3.95000000
2018-02-24 12:14:33,0.00370000,5.03000000
2018-02-24 12:14:34,0.00370000,0.54000000
2018-02-24 12:14:34,0.00370100,8.10000000
2018-02-24 12:14:34,0.00370100,0.84000000
2018-02-24 12:14:34,0.00370100,7.50000000
2018-02-24 12:14:35,0.00370100,0.54000000
2018-02-24 12:14:35,0.00370100,2.88000000
2018-02-24 12:14:35,0.00370100,8.10000000
2018-02-24 12:14:35,0.00370100,0.54000000
2018-02-24 12:14:36,0.00370100,0.85000000
2018-02-24 12:14:36,0.00370100,0.30000000
2018-02-24 12:14:39,0.00370100,6.36000000
2018-02-24 12:14:39,0.00370000,45.17000000
2018-02-24 12:14:41,0.00370000,32.31000000
2018-02-24 12:14:43,0.00370000,6.94000000
2018-02-24 12:14:43,0.00370000,2.00000000
2018-02-24 12:14:44,0.00370100,1.00000000
2018-02-24 12:14:44,0.00370000,15.24000000
2018-02-24 12:14:44,0.00369800,0.76000000
2018-02-24 12:14:45,0.00370100,2.92000000
2018-02-24 12:14:48,0.00370100,39.35000000
2018-02-24 12:14:51,0.00369900,3.93000000
2018-02-24 12:14:54,0.00369800,1.12000000
2018-02-24 12:14:55,0.00369900,19.00000000
2018-02-24 12:14:55,0.00369800,8.78000000
2018-02-24 12:14:57,0.00369900,6.38000000
2018-02-24 12:15:01,0.00369800,14.28000000
2018-02-24 12:15:07,0.00369700,1.35000000
2018-02-24 12:15:10,0.00369700,69.61000000
2018-02-24 12:15:11,0.00369700,12.10000000
2018-02-24 12:15:12,0.00369800,0.34000000
2018-02-24 12:15:15,0.00369800,4.23000000
2018-02-24 12:15:15,0.00369900,3.77000000
2018-02-24 12:15:22,0.00369800,1.01000000
2018-02-24 12:15:22,0.00369700,332.45000000
2018-02-24 12:15:23,0.00369900,1.52000000
2018-02-24 12:15:24,0.00369900,165.64000000
2018-02-24 12:15:25,0.00369900,16.51000000
2018-02-24 12:15:25,0.00369700,0.55000000
2018-02-24 12:15:25,0.00369600,57.63000000
2018-02-24 12:15:25,0.00369500,201.82000000
2018-02-24 12:15:26,0.00369900,48.20000000
2018-02-24 12:15:26,0.00370000,153.57000000
2018-02-24 12:15:28,0.00370000,0.12000000
2018-02-24 12:15:28,0.00369900,14.69000000
2018-02-24 12:15:28,0.00369600,155.57000000
2018-02-24 12:15:29,0.00369600,1.71000000
2018-02-24 12:15:31,0.00369600,44.12000000
2018-02-24 12:15:34,0.00369500,2.23000000
2018-02-24 12:15:36,0.00369500,1.08000000
2018-02-24 12:15:37,0.00369500,6.75000000
2018-02-24 12:15:39,0.00369500,1.08000000
2018-02-24 12:15:41,0.00369500,2.46000000
2018-02-24 12:15:41,0.00369500,1.84000000
2018-02-24 12:15:43,0.00369500,2.46000000
2018-02-24 12:15:46,0.00369500,1.08000000
2018-02-24 12:15:46,0.00369600,1.08000000
2018-02-24 12:15:46,0.00369800,6.66000000
2018-02-24 12:15:46,0.00369900,67.48000000
2018-02-24 12:15:48,0.00369900,1.08000000
2018-02-24 12:15:48,0.00369900,4.84000000
2018-02-24 12:15:49,0.00369900,35.14000000
2018-02-24 12:15:50,0.00369900,2.47000000
2018-02-24 12:15:50,0.00369900,2.56000000
2018-02-24 12:15:50,0.00370000,1.41000000
2018-02-24 12:15:50,0.00369900,8.11000000
2018-02-24 12:15:50,0.00369900,1.43000000
2018-02-24 12:15:50,0.00369900,1.08000000
2018-02-24 12:15:50,0.00369900,8.10000000
2018-02-24 12:15:50,0.00369900,5.75000000
2018-02-24 12:15:51,0.00369900,27.03000000
2018-02-24 12:15:51,0.00369900,2.22000000
2018-02-24 12:15:52,0.00370000,69.49000000
2018-02-24 12:15:53,0.00369900,1.08000000
2018-02-24 12:15:54,0.00370000,64.86000000
2018-02-24 12:15:54,0.00369900,4.39000000
2018-02-24 12:15:54,0.00369900,8.10000000
2018-02-24 12:15:55,0.00369900,8.11000000
2018-02-24 12:15:55,0.00369900,0.80000000
2018-02-24 12:15:55,0.00370000,89.64000000
2018-02-24 12:15:56,0.00369900,1.08000000
2018-02-24 12:15:56,0.00369900,179.70000000
2018-02-24 12:15:58,0.00369500,4.83000000
2018-02-24 12:15:59,0.00369900,1.24000000
2018-02-24 12:16:00,0.00369500,1.35000000
2018-02-24 12:16:03,0.00369600,1.08000000
2018-02-24 12:16:04,0.00369600,42.04000000
2018-02-24 12:16:05,0.00369600,12.17000000
2018-02-24 12:16:05,0.00369500,9.18000000
2018-02-24 12:16:07,0.00369600,10.82000000
2018-02-24 12:16:07,0.00369600,1.08000000
2018-02-24 12:16:13,0.00369700,14.61000000
2018-02-24 12:16:14,0.00369700,8.10000000
2018-02-24 12:16:14,0.00369700,10.33000000
2018-02-24 12:16:14,0.00369700,8.10000000
2018-02-24 12:16:14,0.00369700,8.10000000
2018-02-24 12:16:14,0.00369700,8.10000000
2018-02-24 12:16:14,0.00369700,5.56000000
2018-02-24 12:16:14,0.00369700,7.18000000
2018-02-24 12:16:15,0.00369600,11.28000000
2018-02-24 12:16:15,0.00369500,342.09000000
2018-02-24 12:16:18,0.00369700,9.52000000
2018-02-24 12:16:22,0.00369500,61.52000000
2018-02-24 12:16:22,0.00369500,266.38000000
2018-02-24 12:16:22,0.00369500,216.37000000
2018-02-24 12:16:23,0.00369500,29.72000000
2018-02-24 12:16:23,0.00369500,4.70000000
2018-02-24 12:16:24,0.00369500,0.48000000
2018-02-24 12:16:24,0.00369200,3.71000000
2018-02-24 12:16:25,0.00369500,5.66000000
2018-02-24 12:16:27,0.00369200,8.11000000
2018-02-24 12:16:27,0.00369200,8.11000000
2018-02-24 12:16:27,0.00369200,6.96000000
2018-02-24 12:16:31,0.00369500,2.82000000
2018-02-24 12:16:32,0.00369500,69.42000000
2018-02-24 12:16:38,0.00369800,0.06000000
2018-02-24 12:16:42,0.00369800,209.75000000
2018-02-24 12:16:49,0.00369600,5.00000000
2018-02-24 12:16:49,0.00369500,74.31000000
2018-02-24 12:16:55,0.00369500,37.23000000
2018-02-24 12:16:55,0.00369500,2.16000000
2018-02-24 12:17:04,0.00369500,7.54000000
2018-02-24 12:17:05,0.00369500,40.00000000
2018-02-24 12:17:07,0.00369500,70.60000000
2018-02-24 12:17:15,0.00369200,29.17000000
2018-02-24 12:17:16,0.00369500,0.01000000
2018-02-24 12:17:18,0.00369500,0.91000000
2018-02-24 12:17:19,0.00369500,1.54000000
2018-02-24 12:17:20,0.00369500,1.61000000
2018-02-24 12:17:23,0.00369600,5.01000000
2018-02-24 12:17:28,0.00369600,2.74000000
2018-02-24 12:17:29,0.00369800,0.70000000
2018-02-24 12:17:36,0.00369800,10.13000000
2018-02-24 12:17:39,0.00369600,8.11000000
2018-02-24 12:17:39,0.00369600,6.89000000
2018-02-24 12:17:55,0.00369700,8.83000000
2018-02-24 12:17:55,0.00369600,11.17000000
2018-02-24 12:17:55,0.00369600,1.70000000
2018-02-24 12:17:59,0.00369800,11.83000000
2018-02-24 12:17:59,0.00369900,207.76000000
2018-02-24 12:18:07,0.00369900,2.03000000
2018-02-24 12:18:09,0.00369600,12.23000000
2018-02-24 12:18:11,0.00369900,42.21000000
2018-02-24 12:18:16,0.00369800,0.98000000
2018-02-24 12:18:25,0.00370000,314.60000000
2018-02-24 12:18:32,0.00370000,0.69000000
2018-02-24 12:18:33,0.00370000,34.27000000
2018-02-24 12:18:33,0.00370200,20.00000000
2018-02-24 12:18:33,0.00370300,0.48000000
2018-02-24 12:18:40,0.00370300,0.06000000
2018-02-24 12:18:40,0.00370500,38.86000000
2018-02-24 12:18:46,0.00370500,0.54000000
2018-02-24 12:18:47,0.00370500,58.82000000
2018-02-24 12:18:47,0.00370500,7.76000000
2018-02-24 12:18:47,0.00370500,8.08000000
2018-02-24 12:18:47,0.00370500,8.09000000
2018-02-24 12:18:48,0.00370500,7.36000000
2018-02-24 12:18:48,0.00370500,2.70000000
2018-02-24 12:18:49,0.00370500,35.11000000
2018-02-24 12:18:53,0.00370600,13.00000000
2018-02-24 12:18:54,0.00370600,67.28000000
2018-02-24 12:18:56,0.00370600,8.31000000
2018-02-24 12:18:58,0.00370500,5.12000000
2018-02-24 12:18:58,0.00370500,141.83000000
2018-02-24 12:18:58,0.00370500,2.54000000
2018-02-24 12:18:59,0.00370600,12.32000000
2018-02-24 12:18:59,0.00370600,34.01000000
2018-02-24 12:18:59,0.00370600,2.27000000
2018-02-24 12:19:03,0.00370700,2.00000000
2018-02-24 12:19:04,0.00370700,37.26000000
2018-02-24 12:19:06,0.00370700,5.47000000
2018-02-24 12:19:06,0.00370800,35.76000000
2018-02-24 12:19:07,0.00370600,3.21000000
2018-02-24 12:19:07,0.00370600,27.33000000
2018-02-24 12:19:07,0.00370500,68.39000000
2018-02-24 12:19:07,0.00370800,15.66000000
2018-02-24 12:19:13,0.00370800,124.14000000
2018-02-24 12:19:13,0.00370800,64.42000000
2018-02-24 12:19:15,0.00370700,10.48000000
2018-02-24 12:19:15,0.00370600,7.15000000
2018-02-24 12:19:15,0.00370600,1.85000000
2018-02-24 12:19:15,0.00370500,0.85000000
2018-02-24 12:19:16,0.00370800,0.88000000
2018-02-24 12:19:16,0.00370900,135.36000000
2018-02-24 12:19:17,0.00371000,0.44000000
2018-02-24 12:19:18,0.00370900,2.00000000
2018-02-24 12:19:18,0.00370900,1.44000000
2018-02-24 12:19:19,0.00370900,26.61000000
2018-02-24 12:19:19,0.00370900,38.19000000
2018-02-24 12:19:19,0.00371000,138.97000000
2018-02-24 12:19:20,0.00371000,0.66000000
2018-02-24 12:19:22,0.00371000,4.00000000
2018-02-24 12:19:22,0.00371100,10.00000000
2018-02-24 12:19:23,0.00371000,91.10000000
2018-02-24 12:19:23,0.00371100,16.61000000
2018-02-24 12:19:24,0.00371100,7.22000000
2018-02-24 12:19:24,0.00371100,39.26000000
2018-02-24 12:19:24,0.00371000,55.52000000
2018-02-24 12:19:27,0.00371200,41.86000000
2018-02-24 12:19:29,0.00371000,5.00000000
2018-02-24 12:19:29,0.00371200,7.00000000
2018-02-24 12:19:30,0.00371200,26.21000000
2018-02-24 12:19:31,0.00371200,21.97000000
2018-02-24 12:19:31,0.00371200,213.72000000
2018-02-24 12:19:31,0.00371000,4.72000000
2018-02-24 12:19:32,0.00371000,17.60000000
2018-02-24 12:19:34,0.00371200,16.62000000
2018-02-24 12:19:38,0.00371200,14.67000000
2018-02-24 12:19:38,0.00371300,66.61000000
2018-02-24 12:19:38,0.00371000,4.94000000
2018-02-24 12:19:38,0.00371000,41.46000000
2018-02-24 12:19:43,0.00371000,4.01000000
2018-02-24 12:19:45,0.00371000,1.00000000
2018-02-24 12:19:48,0.00371000,102.42000000
2018-02-24 12:19:49,0.00371000,5.22000000
2018-02-24 12:19:50,0.00371000,3.14000000
2018-02-24 12:19:50,0.00371000,91.50000000
2018-02-24 12:19:50,0.00370800,144.46000000
2018-02-24 12:19:52,0.00371100,2.69000000
2018-02-24 12:19:53,0.00371100,14.43000000
2018-02-24 12:20:01,0.00371000,0.64000000
2018-02-24 12:20:01,0.00371000,6.55000000
2018-02-24 12:20:03,0.00371100,43.47000000
2018-02-24 12:20:04,0.00371000,24.75000000
2018-02-24 12:20:06,0.00371100,2.05000000
2018-02-24 12:20:07,0.00371000,10.33000000
2018-02-24 12:20:09,0.00370800,0.30000000
2018-02-24 12:20:13,0.00370800,0.20000000
2018-02-24 12:20:13,0.00370700,7.71000000
2018-02-24 12:20:13,0.00370600,211.40000000
2018-02-24 12:20:13,0.00370500,219.92000000
2018-02-24 12:20:13,0.00370500,173.85000000
2018-02-24 12:20:13,0.00371100,18.00000000
2018-02-24 12:20:14,0.00370500,4.04000000
2018-02-24 12:20:14,0.00370400,0.30000000
2018-02-24 12:20:14,0.00370300,2.70000000
2018-02-24 12:20:14,0.00370200,1.74000000
2018-02-24 12:20:15,0.00371100,5.00000000
2018-02-24 12:20:16,0.00370800,80.48000000
2018-02-24 12:20:16,0.00370800,8.08000000
2018-02-24 12:20:16,0.00370800,8.07000000
2018-02-24 12:20:16,0.00370800,8.08000000
2018-02-24 12:20:16,0.00370800,8.07000000
2018-02-24 12:20:16,0.00370300,2.69000000
2018-02-24 12:20:16,0.00370200,2.99000000
2018-02-24 12:20:16,0.00370800,1.00000000
2018-02-24 12:20:16,0.00370800,8.08000000
2018-02-24 12:20:16,0.00370800,8.08000000
2018-02-24 12:20:17,0.00370800,8.08000000
2018-02-24 12:20:17,0.00370800,27.01000000
2018-02-24 12:20:17,0.00370800,8.08000000
2018-02-24 12:20:17,0.00370800,36.42000000
2018-02-24 12:20:17,0.00370700,2.99000000
2018-02-24 12:20:18,0.00370300,1.34000000
2018-02-24 12:20:18,0.00370100,0.33000000
2018-02-24 12:20:19,0.00370300,0.56000000
2018-02-24 12:20:19,0.00370800,0.01000000
2018-02-24 12:20:19,0.00370900,2.70000000
2018-02-24 12:20:19,0.00371000,34.70000000
2018-02-24 12:20:20,0.00370700,2.27000000
2018-02-24 12:20:20,0.00370700,0.42000000
2018-02-24 12:20:20,0.00370500,1.53000000
2018-02-24 12:20:21,0.00370200,2.70000000
2018-02-24 12:20:21,0.00370100,3.12000000
2018-02-24 12:20:21,0.00370100,2.05000000
2018-02-24 12:20:28,0.00370500,24.01000000
2018-02-24 12:20:28,0.00370900,1.88000000
2018-02-24 12:20:32,0.00370300,16.64000000
2018-02-24 12:20:33,0.00370700,5.22000000
2018-02-24 12:20:33,0.00370900,26.96000000
2018-02-24 12:20:34,0.00370300,24.08000000
2018-02-24 12:20:35,0.00370300,86.66000000
2018-02-24 12:20:35,0.00370300,28.35000000
2018-02-24 12:20:35,0.00370300,30.33000000
2018-02-24 12:20:35,0.00370900,58.19000000
2018-02-24 12:20:38,0.00370500,5.56000000
2018-02-24 12:20:39,0.00370500,28.81000000
2018-02-24 12:20:39,0.00370900,173.63000000
2018-02-24 12:20:39,0.00370900,204.66000000
2018-02-24 12:20:41,0.00370200,4.05000000
2018-02-24 12:20:41,0.00370100,146.95000000
2018-02-24 12:20:43,0.00370200,6.00000000
2018-02-24 12:20:45,0.00370300,64.72000000
2018-02-24 12:20:45,0.00370200,10.49000000
2018-02-24 12:20:45,0.00370100,34.38000000
2018-02-24 12:20:51,0.00370300,75.92000000
2018-02-24 12:20:53,0.00370300,1.00000000
2018-02-24 12:20:56,0.00370700,0.50000000
2018-02-24 12:21:00,0.00370300,1.00000000
2018-02-24 12:21:02,0.00370400,0.71000000
2018-02-24 12:21:02,0.00370400,0.59000000
2018-02-24 12:21:06,0.00370400,8.09000000
2018-02-24 12:21:11,0.00370400,129.68000000
2018-02-24 12:21:11,0.00370300,124.10000000
2018-02-24 12:21:11,0.00370300,2.29000000
2018-02-24 12:21:11,0.00370700,0.30000000
2018-02-24 12:21:11,0.00370700,0.29000000
2018-02-24 12:21:16,0.00370300,13.50000000
2018-02-24 12:21:21,0.00370300,4.37000000
2018-02-24 12:21:25,0.00370400,0.65000000
2018-02-24 12:21:26,0.00370600,5.00000000
2018-02-24 12:21:27,0.00370600,27.26000000
2018-02-24 12:21:28,0.00370400,0.65000000
2018-02-24 12:21:29,0.00370400,0.70000000
2018-02-24 12:21:29,0.00370400,4.85000000
2018-02-24 12:21:29,0.00370500,19.07000000
2018-02-24 12:21:34,0.00370300,2.85000000
2018-02-24 12:21:36,0.00370300,0.81000000
2018-02-24 12:21:37,0.00370300,5.69000000
2018-02-24 12:21:37,0.00370300,126.92000000
2018-02-24 12:21:37,0.00370300,6.11000000
2018-02-24 12:21:38,0.00370400,0.34000000
2018-02-24 12:21:40,0.00370300,0.65000000
2018-02-24 12:21:41,0.00370300,0.02000000
2018-02-24 12:21:42,0.00370300,0.65000000
2018-02-24 12:21:43,0.00370300,35.10000000
2018-02-24 12:21:45,0.00370300,0.65000000
2018-02-24 12:21:46,0.00370400,5.53000000
2018-02-24 12:21:48,0.00370400,0.65000000
2018-02-24 12:21:49,0.00370600,26.62000000
2018-02-24 12:21:50,0.00370400,0.65000000
2018-02-24 12:21:52,0.00370400,0.65000000
2018-02-24 12:21:55,0.00370400,2.03000000
2018-02-24 12:21:57,0.00370400,0.65000000
2018-02-24 12:22:00,0.00370400,0.65000000
2018-02-24 12:22:01,0.00370400,5.39000000
2018-02-24 12:22:02,0.00370400,5.40000000
2018-02-24 12:22:04,0.00370400,1.93000000
2018-02-24 12:22:07,0.00370400,1.59000000
2018-02-24 12:22:08,0.00370700,5.71000000
2018-02-24 12:22:09,0.00370400,1.24000000
2018-02-24 12:22:11,0.00370700,180.83000000
2018-02-24 12:22:11,0.00370800,0.74000000
2018-02-24 12:22:11,0.00370900,1.14000000
2018-02-24 12:22:13,0.00370900,162.13000000
2018-02-24 12:22:14,0.00370900,0.65000000
2018-02-24 12:22:16,0.00370900,3.92000000
2018-02-24 12:22:17,0.00370900,0.22000000
2018-02-24 12:22:18,0.00370900,7.73000000
2018-02-24 12:22:18,0.00370700,11.79000000
2018-02-24 12:22:21,0.00370700,0.65000000
2018-02-24 12:22:23,0.00370900,143.55000000
2018-02-24 12:22:23,0.00370800,7.67000000
2018-02-24 12:22:25,0.00370800,2.15000000
2018-02-24 12:22:27,0.00370800,19.37000000
2018-02-24 12:22:27,0.00370800,44.07000000
2018-02-24 12:22:28,0.00370800,0.65000000
2018-02-24 12:22:30,0.00370800,0.65000000
2018-02-24 12:22:31,0.00371000,76.65000000
2018-02-24 12:22:31,0.00371100,59.94000000
2018-02-24 12:22:31,0.00371200,45.36000000
2018-02-24 12:22:31,0.00371300,225.16000000
2018-02-24 12:22:33,0.00370800,11.83000000
2018-02-24 12:22:35,0.00371400,18.97000000
2018-02-24 12:22:35,0.00370800,11.86000000
2018-02-24 12:22:37,0.00370900,3.33000000
2018-02-24 12:22:37,0.00371300,1.95000000
2018-02-24 12:22:38,0.00370800,0.65000000
2018-02-24 12:22:39,0.00370900,1.00000000
2018-02-24 12:22:40,0.00370800,0.81000000
2018-02-24 12:22:40,0.00370800,4.00000000
2018-02-24 12:22:43,0.00370800,1.00000000
2018-02-24 12:22:44,0.00370800,5.39000000
2018-02-24 12:22:45,0.00370800,10.81000000
2018-02-24 12:22:46,0.00370800,12.82000000
2018-02-24 12:22:47,0.00370800,0.65000000
2018-02-24 12:22:50,0.00370800,6.73000000
2018-02-24 12:22:51,0.00371100,1.01000000
2018-02-24 12:22:51,0.00371200,19.37000000
2018-02-24 12:22:52,0.00371200,0.65000000
2018-02-24 12:22:52,0.00371200,6.13000000
2018-02-24 12:22:53,0.00371200,102.37000000
2018-02-24 12:22:54,0.00371200,0.65000000
2018-02-24 12:22:54,0.00371200,1.39000000
2018-02-24 12:22:57,0.00371400,9.13000000
2018-02-24 12:22:57,0.00371500,29.48000000
2018-02-24 12:22:57,0.00371200,2.97000000
2018-02-24 12:22:58,0.00371200,3.00000000
2018-02-24 12:22:58,0.00371200,0.78000000
2018-02-24 12:22:58,0.00371500,53.00000000
2018-02-24 12:22:58,0.00371500,10.35000000
2018-02-24 12:22:59,0.00371200,18.85000000
2018-02-24 12:22:59,0.00371200,48.18000000
2018-02-24 12:22:59,0.00371200,1.00000000
2018-02-24 12:23:00,0.00371500,327.03000000
2018-02-24 12:23:00,0.00371500,19.78000000
2018-02-24 12:23:00,0.00371500,2.86000000
2018-02-24 12:23:00,0.00371500,18.16000000
2018-02-24 12:23:00,0.00371500,4.25000000
2018-02-24 12:23:00,0.00371500,1.00000000
2018-02-24 12:23:01,0.00371500,13.49000000
2018-02-24 12:23:01,0.00371500,0.78000000
2018-02-24 12:23:01,0.00371500,0.27000000
2018-02-24 12:23:02,0.00371500,0.65000000
2018-02-24 12:23:03,0.00371500,13.49000000
2018-02-24 12:23:03,0.00371500,1.00000000
2018-02-24 12:23:03,0.00371500,11.00000000
2018-02-24 12:23:03,0.00371600,58.42000000
2018-02-24 12:23:03,0.00371600,0.81000000
2018-02-24 12:23:03,0.00371600,8.07000000
2018-02-24 12:23:03,0.00371600,35.14000000
2018-02-24 12:23:03,0.00371600,1.12000000
2018-02-24 12:23:04,0.00371600,0.78000000
2018-02-24 12:23:04,0.00371600,0.78000000
2018-02-24 12:23:04,0.00371600,1.23000000
2018-02-24 12:23:04,0.00371600,13.49000000
2018-02-24 12:23:05,0.00371600,38.66000000
2018-02-24 12:23:05,0.00371600,80.97000000
2018-02-24 12:23:05,0.00371600,37.67000000
2018-02-24 12:23:05,0.00371600,1.58000000
2018-02-24 12:23:06,0.00371600,9.99000000
2018-02-24 12:23:06,0.00371600,1.25000000
2018-02-24 12:23:06,0.00371700,0.02000000
2018-02-24 12:23:06,0.00371600,4.72000000
2018-02-24 12:23:06,0.00371600,2.70000000
2018-02-24 12:23:07,0.00371600,4.72000000
2018-02-24 12:23:08,0.00371600,4.24000000
2018-02-24 12:23:08,0.00371600,1.00000000
2018-02-24 12:23:09,0.00371600,1.97000000
2018-02-24 12:23:09,0.00371600,11.94000000
2018-02-24 12:23:10,0.00371700,147.74000000
2018-02-24 12:23:10,0.00371600,27.83000000
2018-02-24 12:23:11,0.00371600,0.45000000
2018-02-24 12:23:11,0.00371600,0.55000000
2018-02-24 12:23:11,0.00371600,86.18000000
2018-02-24 12:23:11,0.00371600,1.24000000
2018-02-24 12:23:11,0.00371600,96.87000000
2018-02-24 12:23:12,0.00371800,0.11000000
2018-02-24 12:23:12,0.00371600,0.54000000
2018-02-24 12:23:12,0.00371600,50.65000000
2018-02-24 12:23:12,0.00371600,11.98000000
2018-02-24 12:23:13,0.00371600,24.13000000
2018-02-24 12:23:14,0.00371700,34.11000000
2018-02-24 12:23:14,0.00371700,78.52000000
2018-02-24 12:23:15,0.00371700,12.00000000
2018-02-24 12:23:15,0.00371700,12.02000000
2018-02-24 12:23:15,0.00371800,284.46000000
2018-02-24 12:23:15,0.00371900,281.60000000
2018-02-24 12:23:15,0.00372000,17.94000000
2018-02-24 12:23:15,0.00372000,3.40000000
2018-02-24 12:23:16,0.00371700,7.29000000
2018-02-24 12:23:16,0.00371700,53.82000000
2018-02-24 12:23:16,0.00371700,17.82000000
2018-02-24 12:23:17,0.00371700,0.91000000
2018-02-24 12:23:17,0.00371700,13.45000000
2018-02-24 12:23:17,0.00371700,69.94000000
2018-02-24 12:23:17,0.00371700,0.94000000
2018-02-24 12:23:17,0.00371700,28.15000000
2018-02-24 12:23:18,0.00371700,6.99000000
2018-02-24 12:23:19,0.00371700,13.45000000
2018-02-24 12:23:19,0.00371700,5.54000000
2018-02-24 12:23:19,0.00371600,64.46000000
2018-02-24 12:23:19,0.00371700,6.99000000
2018-02-24 12:23:20,0.00372000,765.89000000
2018-02-24 12:23:20,0.00371700,3.01000000
2018-02-24 12:23:20,0.00371600,2.43000000
2018-02-24 12:23:21,0.00371600,34.56000000
2018-02-24 12:23:21,0.00371700,1.96000000
2018-02-24 12:23:21,0.00372000,60.62000000
2018-02-24 12:23:21,0.00372000,0.44000000
2018-02-24 12:23:21,0.00372000,8.17000000
2018-02-24 12:23:22,0.00372000,423.27000000
2018-02-24 12:23:22,0.00372000,3.01000000
2018-02-24 12:23:22,0.00372000,0.87000000
2018-02-24 12:23:22,0.00372000,7.05000000
2018-02-24 12:23:22,0.00372100,9.92000000
2018-02-24 12:23:22,0.00372200,15.65000000
2018-02-24 12:23:22,0.00372300,19.96000000
2018-02-24 12:23:22,0.00372400,79.59000000
2018-02-24 12:23:22,0.00372000,3.26000000
2018-02-24 12:23:23,0.00372000,12.54000000
2018-02-24 12:23:23,0.00372000,3.88000000
2018-02-24 12:23:23,0.00372000,4.13000000
2018-02-24 12:23:23,0.00372000,5.00000000
2018-02-24 12:23:23,0.00372000,18.24000000
2018-02-24 12:23:23,0.00372000,1.97000000
2018-02-24 12:23:23,0.00372000,5.10000000
2018-02-24 12:23:23,0.00372000,0.60000000
2018-02-24 12:23:23,0.00372000,10.78000000
2018-02-24 12:23:24,0.00372000,13.48000000
2018-02-24 12:23:24,0.00372000,4.24000000
2018-02-24 12:23:25,0.00372000,12.08000000
2018-02-24 12:23:25,0.00372000,0.65000000
2018-02-24 12:23:26,0.00372000,21.19000000
2018-02-24 12:23:27,0.00372100,2.70000000
2018-02-24 12:23:28,0.00372100,13.49000000
2018-02-24 12:23:28,0.00372100,99.73000000
2018-02-24 12:23:28,0.00372100,12.12000000
2018-02-24 12:23:28,0.00372100,8.06000000
2018-02-24 12:23:28,0.00372100,8.06000000
2018-02-24 12:23:28,0.00372100,1.72000000
2018-02-24 12:23:28,0.00372100,8.06000000
2018-02-24 12:23:28,0.00372100,2.04000000
2018-02-24 12:23:29,0.00372100,1.72000000
2018-02-24 12:23:29,0.00372100,1.24000000
2018-02-24 12:23:30,0.00372100,1.22000000
2018-02-24 12:23:30,0.00372100,5.78000000
2018-02-24 12:23:30,0.00372100,5.78000000
2018-02-24 12:23:31,0.00372100,14.98000000
2018-02-24 12:23:31,0.00372200,5.70000000
2018-02-24 12:23:32,0.00372200,5.16000000
2018-02-24 12:23:33,0.00372100,5.16000000
2018-02-24 12:23:33,0.00372100,2.70000000
2018-02-24 12:23:33,0.00372100,5.16000000
2018-02-24 12:23:33,0.00372100,5.16000000
2018-02-24 12:23:33,0.00372100,5.16000000
2018-02-24 12:23:33,0.00372100,5.16000000
2018-02-24 12:23:33,0.00372100,3.00000000
2018-02-24 12:23:33,0.00372100,2.00000000
2018-02-24 12:23:33,0.00372100,167.31000000
2018-02-24 12:23:33,0.00372100,3.26000000
2018-02-24 12:23:34,0.00372100,5.16000000
2018-02-24 12:23:34,0.00372100,5.16000000
2018-02-24 12:23:34,0.00372100,2.70000000
2018-02-24 12:23:35,0.00372100,0.65000000
2018-02-24 12:23:35,0.00372100,0.65000000
2018-02-24 12:23:35,0.00372100,4.24000000
2018-02-24 12:23:36,0.00372200,2.64000000
2018-02-24 12:23:36,0.00372200,3.71000000
2018-02-24 12:23:36,0.00372300,259.46000000
2018-02-24 12:23:36,0.00372400,0.43000000
2018-02-24 12:23:36,0.00372500,7.48000000
2018-02-24 12:23:37,0.00372200,8.06000000
2018-02-24 12:23:37,0.00372200,1.21000000
2018-02-24 12:23:37,0.00372200,8.06000000
2018-02-24 12:23:37,0.00372200,99.77000000
2018-02-24 12:23:37,0.00372200,2.50000000
2018-02-24 12:23:37,0.00372200,157.46000000
2018-02-24 12:23:37,0.00372200,5.15000000
2018-02-24 12:23:37,0.00372200,70.60000000
2018-02-24 12:23:37,0.00372100,10.20000000
2018-02-24 12:23:37,0.00372000,5.17000000
2018-02-24 12:23:37,0.00372000,1.00000000
2018-02-24 12:23:38,0.00372000,5.14000000
2018-02-24 12:23:38,0.00372000,1.25000000
2018-02-24 12:23:38,0.00372100,56.42000000
2018-02-24 12:23:38,0.00372400,15.25000000
2018-02-24 12:23:38,0.00372400,13.48000000
2018-02-24 12:23:38,0.00372400,14.85000000
2018-02-24 12:23:38,0.00372200,10.72000000
2018-02-24 12:23:38,0.00372000,293.85000000
2018-02-24 12:23:40,0.00371700,0.54000000
2018-02-24 12:23:40,0.00371700,1.31000000
2018-02-24 12:23:40,0.00371500,21.77000000
2018-02-24 12:23:40,0.00371400,0.30000000
2018-02-24 12:23:40,0.00371200,31.99000000
2018-02-24 12:23:41,0.00372100,1.24000000
2018-02-24 12:23:41,0.00372200,11.63000000
2018-02-24 12:23:42,0.00372000,1.48000000
2018-02-24 12:23:42,0.00372000,5.58000000
2018-02-24 12:23:43,0.00372000,0.60000000
2018-02-24 12:23:43,0.00372000,53.76000000
2018-02-24 12:23:43,0.00372000,3.26000000
2018-02-24 12:23:45,0.00372000,54.71000000
2018-02-24 12:23:45,0.00371500,0.54000000
2018-02-24 12:23:45,0.00371300,34.73000000
2018-02-24 12:23:46,0.00372000,0.92000000
2018-02-24 12:23:46,0.00372200,8.70000000
2018-02-24 12:23:46,0.00372400,35.64000000
2018-02-24 12:23:46,0.00371200,0.01000000
2018-02-24 12:23:47,0.00372400,0.50000000
2018-02-24 12:23:48,0.00371500,2.69000000
2018-02-24 12:23:48,0.00371400,17.29000000
2018-02-24 12:23:48,0.00371400,5.83000000
2018-02-24 12:23:49,0.00371400,40.38000000
2018-02-24 12:23:49,0.00371400,7.72000000
2018-02-24 12:23:49,0.00372000,0.13000000
2018-02-24 12:23:50,0.00371500,0.36000000
2018-02-24 12:23:50,0.00371500,0.33000000
2018-02-24 12:23:50,0.00371500,0.82000000
2018-02-24 12:23:50,0.00371500,2.04000000
2018-02-24 12:23:51,0.00371500,0.43000000
2018-02-24 12:23:51,0.00371500,4.97000000
2018-02-24 12:23:51,0.00371500,3.27000000
2018-02-24 12:23:51,0.00371500,5.07000000
2018-02-24 12:23:52,0.00371500,0.68000000
2018-02-24 12:23:52,0.00371500,0.60000000
2018-02-24 12:23:55,0.00371900,2.69000000
2018-02-24 12:23:55,0.00372000,23.48000000
2018-02-24 12:23:55,0.00371500,4.47000000
2018-02-24 12:23:56,0.00371500,8.05000000
2018-02-24 12:23:56,0.00371500,8.05000000
2018-02-24 12:23:56,0.00371500,8.05000000
2018-02-24 12:23:56,0.00371500,0.35000000
2018-02-24 12:23:56,0.00371500,21.44000000
2018-02-24 12:23:56,0.00371500,8.05000000
2018-02-24 12:23:56,0.00372000,14.28000000
2018-02-24 12:23:57,0.00371600,10.76000000
2018-02-24 12:23:57,0.00371600,1.32000000
2018-02-24 12:23:57,0.00372000,1.23000000
2018-02-24 12:23:57,0.00371600,8.05000000
2018-02-24 12:23:57,0.00371600,8.05000000
2018-02-24 12:23:57,0.00371600,8.05000000
2018-02-24 12:23:57,0.00371600,8.05000000
2018-02-24 12:24:00,0.00372000,5.19000000
2018-02-24 12:24:00,0.00371600,2.74000000
2018-02-24 12:24:03,0.00371700,54.77000000
2018-02-24 12:24:04,0.00371700,2.46000000
2018-02-24 12:24:06,0.00372000,7.00000000
2018-02-24 12:24:07,0.00371700,32.28000000
2018-02-24 12:24:10,0.00371900,0.77000000
2018-02-24 12:24:10,0.00372000,1.31000000
2018-02-24 12:24:13,0.00371800,18.82000000
2018-02-24 12:24:14,0.00372000,165.52000000
2018-02-24 12:24:15,0.00371900,0.68000000
2018-02-24 12:24:15,0.00372000,0.93000000
2018-02-24 12:24:15,0.00371900,1.85000000
2018-02-24 12:24:15,0.00372000,0.07000000
2018-02-24 12:24:17,0.00372000,3.56000000
2018-02-24 12:24:19,0.00372000,8.06000000
2018-02-24 12:24:19,0.00372000,8.06000000
2018-02-24 12:24:19,0.00372000,8.06000000
2018-02-24 12:24:19,0.00372000,8.06000000
2018-02-24 12:24:19,0.00372000,8.06000000
2018-02-24 12:24:19,0.00372000,8.06000000
2018-02-24 12:24:20,0.00372000,8.06000000
2018-02-24 12:24:20,0.00372000,4.86000000
2018-02-24 12:24:20,0.00371900,3.19000000
2018-02-24 12:24:20,0.00371900,4.85000000
2018-02-24 12:24:20,0.00371900,10.75000000
2018-02-24 12:24:21,0.00372000,7.25000000
2018-02-24 12:24:21,0.00372000,7.93000000
2018-02-24 12:24:22,0.00372000,8.28000000
2018-02-24 12:24:22,0.00372200,8.90000000
2018-02-24 12:24:26,0.00372200,2.90000000
2018-02-24 12:24:26,0.00372300,3.77000000
2018-02-24 12:24:26,0.00372000,10.75000000
2018-02-24 12:24:26,0.00372300,2.70000000
2018-02-24 12:24:28,0.00372100,4.73000000
2018-02-24 12:24:28,0.00372300,26.20000000
2018-02-24 12:24:28,0.00372000,4.23000000
2018-02-24 12:24:29,0.00372300,138.63000000
2018-02-24 12:24:29,0.00372300,2.23000000
2018-02-24 12:24:31,0.00372200,11.95000000
2018-02-24 12:24:31,0.00372200,169.84000000
2018-02-24 12:24:31,0.00372200,0.29000000
2018-02-24 12:24:31,0.00372200,15.85000000
2018-02-24 12:24:32,0.00372100,8.66000000
2018-02-24 12:24:32,0.00372100,0.01000000
2018-02-24 12:24:32,0.00372000,5.36000000
2018-02-24 12:24:32,0.00372200,21.80000000
2018-02-24 12:24:33,0.00372200,2.68000000
2018-02-24 12:24:33,0.00372100,0.65000000
2018-02-24 12:24:36,0.00372100,8.06000000
2018-02-24 12:24:36,0.00372100,0.65000000
2018-02-24 12:24:37,0.00372200,64.80000000
2018-02-24 12:24:38,0.00372100,26.87000000
2018-02-24 12:24:38,0.00372200,3.53000000
2018-02-24 12:24:38,0.00372100,0.65000000
2018-02-24 12:24:39,0.00372200,9.76000000
2018-02-24 12:24:39,0.00372300,1.84000000
2018-02-24 12:24:39,0.00372100,3.05000000
2018-02-24 12:24:41,0.00372100,3.15000000
2018-02-24 12:24:41,0.00372200,0.84000000
2018-02-24 12:24:41,0.00372200,12.25000000
2018-02-24 12:24:42,0.00372100,1.34000000
2018-02-24 12:24:42,0.00372200,2.41000000
2018-02-24 12:24:43,0.00372200,0.88000000
2018-02-24 12:24:43,0.00372300,0.32000000
2018-02-24 12:24:45,0.00372200,3.31000000
2018-02-24 12:24:47,0.00372200,22.17000000
2018-02-24 12:24:47,0.00372100,3.85000000
2018-02-24 12:24:48,0.00372200,4.70000000
2018-02-24 12:24:49,0.00372100,4.23000000
2018-02-24 12:24:49,0.00372200,5.46000000
2018-02-24 12:24:50,0.00372400,9.02000000
2018-02-24 12:24:50,0.00372500,42.59000000
2018-02-24 12:24:50,0.00372100,32.24000000
2018-02-24 12:24:51,0.00372100,16.39000000
2018-02-24 12:24:51,0.00372100,1.32000000
2018-02-24 12:24:51,0.00372100,21.01000000
2018-02-24 12:24:52,0.00372200,5.03000000
2018-02-24 12:24:53,0.00372300,18.21000000
2018-02-24 12:24:54,0.00372400,0.30000000
2018-02-24 12:24:54,0.00372200,0.64000000
2018-02-24 12:24:55,0.00372400,35.04000000
2018-02-24 12:24:56,0.00372200,2.68000000
2018-02-24 12:24:57,0.00372200,0.64000000
2018-02-24 12:24:57,0.00372400,182.74000000
2018-02-24 12:24:57,0.00372400,63.83000000
2018-02-24 12:24:57,0.00372400,75.97000000
2018-02-24 12:24:58,0.00372200,0.29000000
2018-02-24 12:24:58,0.00372400,50.16000000
2018-02-24 12:24:58,0.00372400,144.59000000
2018-02-24 12:24:58,0.00372400,31.67000000
2018-02-24 12:24:59,0.00372200,47.67000000
2018-02-24 12:25:00,0.00372200,7.61000000
2018-02-24 12:25:00,0.00372200,0.70000000
2018-02-24 12:25:00,0.00372200,9.11000000
2018-02-24 12:25:00,0.00372200,2.78000000
2018-02-24 12:25:01,0.00372200,49.84000000
2018-02-24 12:25:01,0.00372000,295.33000000
2018-02-24 12:25:01,0.00372000,1.34000000
2018-02-24 12:25:01,0.00372200,3.39000000
2018-02-24 12:25:02,0.00372200,5.01000000
2018-02-24 12:25:02,0.00372200,17.63000000
2018-02-24 12:25:02,0.00372000,29.64000000
2018-02-24 12:25:06,0.00372000,28.29000000
2018-02-24 12:25:06,0.00372400,1.06000000
2018-02-24 12:25:08,0.00372000,36.16000000
2018-02-24 12:25:08,0.00372000,15.59000000
2018-02-24 12:25:10,0.00372200,20.47000000
2018-02-24 12:25:11,0.00372200,0.53000000
2018-02-24 12:25:12,0.00372200,1.34000000
2018-02-24 12:25:12,0.00372200,17.45000000
2018-02-24 12:25:12,0.00371900,8.00000000
2018-02-24 12:25:13,0.00371900,0.53000000
2018-02-24 12:25:13,0.00371900,1.00000000
2018-02-24 12:25:13,0.00372200,0.60000000
2018-02-24 12:25:14,0.00372200,3.96000000
2018-02-24 12:25:16,0.00372000,2.53000000
2018-02-24 12:25:16,0.00372000,3.32000000
2018-02-24 12:25:16,0.00372200,1.65000000
2018-02-24 12:25:17,0.00371800,2.99000000
2018-02-24 12:25:17,0.00372100,5.00000000
2018-02-24 12:25:18,0.00371800,22.33000000
2018-02-24 12:25:20,0.00371800,0.26000000
2018-02-24 12:25:20,0.00372000,2.52000000
2018-02-24 12:25:20,0.00371800,1.43000000
2018-02-24 12:25:20,0.00372100,14.59000000
2018-02-24 12:25:22,0.00372100,36.53000000
2018-02-24 12:25:23,0.00371900,93.74000000
2018-02-24 12:25:26,0.00371900,0.30000000
2018-02-24 12:25:26,0.00372200,10.91000000
2018-02-24 12:25:26,0.00372300,3.55000000
2018-02-24 12:25:26,0.00372400,8.05000000
2018-02-24 12:25:26,0.00372400,8.05000000
2018-02-24 12:25:26,0.00372400,2.09000000
2018-02-24 12:25:26,0.00372400,2.51000000
2018-02-24 12:25:26,0.00372400,6.69000000
2018-02-24 12:25:26,0.00372400,16.16000000
2018-02-24 12:25:27,0.00371800,6.69000000
2018-02-24 12:25:27,0.00371800,1.34000000
2018-02-24 12:25:27,0.00371800,6.69000000
2018-02-24 12:25:28,0.00371800,8.05000000
2018-02-24 12:25:28,0.00371800,5.33000000
2018-02-24 12:25:28,0.00372300,1.31000000
2018-02-24 12:25:29,0.00371800,1.20000000
2018-02-24 12:25:29,0.00371800,8.06000000
2018-02-24 12:25:29,0.00371800,0.60000000
2018-02-24 12:25:30,0.00372300,0.03000000
2018-02-24 12:25:30,0.00372300,22.43000000
2018-02-24 12:25:33,0.00371800,30.98000000
2018-02-24 12:25:33,0.00372400,41.27000000
2018-02-24 12:25:33,0.00371800,24.28000000
2018-02-24 12:25:35,0.00371900,0.80000000
2018-02-24 12:25:39,0.00371900,4.41000000
2018-02-24 12:25:43,0.00371900,2.23000000
2018-02-24 12:25:43,0.00372300,7.66000000
2018-02-24 12:25:43,0.00372400,280.15000000
2018-02-24 12:25:44,0.00371900,2.70000000
2018-02-24 12:25:44,0.00371900,6.56000000
2018-02-24 12:25:47,0.00371900,34.95000000
2018-02-24 12:25:49,0.00372400,46.00000000
2018-02-24 12:25:52,0.00372400,27.50000000
2018-02-24 12:25:52,0.00372400,35.76000000
2018-02-24 12:25:52,0.00371900,0.30000000
2018-02-24 12:25:54,0.00371900,11.00000000
2018-02-24 12:25:54,0.00372500,0.22000000
2018-02-24 12:25:57,0.00371900,34.95000000
2018-02-24 12:25:58,0.00372400,8.05000000
2018-02-24 12:25:58,0.00372400,0.30000000
2018-02-24 12:25:58,0.00372400,8.05000000
2018-02-24 12:25:58,0.00372400,0.11000000
2018-02-24 12:25:58,0.00372400,8.05000000
2018-02-24 12:25:58,0.00372400,1.55000000
2018-02-24 12:25:58,0.00372400,8.05000000
2018-02-24 12:25:58,0.00372400,1.65000000
2018-02-24 12:25:58,0.00372400,8.05000000
2018-02-24 12:25:58,0.00372400,1.12000000
2018-02-24 12:25:58,0.00372400,0.50000000
2018-02-24 12:25:58,0.00372400,8.05000000
2018-02-24 12:25:59,0.00372400,8.05000000
2018-02-24 12:25:59,0.00372400,4.87000000
2018-02-24 12:25:59,0.00372400,1.00000000
2018-02-24 12:25:59,0.00372400,5.35000000
2018-02-24 12:25:59,0.00372400,8.05000000
2018-02-24 12:25:59,0.00372400,7.20000000
2018-02-24 12:25:59,0.00372400,5.13000000
2018-02-24 12:26:03,0.00372400,53.70000000
2018-02-24 12:26:03,0.00372400,14.40000000
2018-02-24 12:26:04,0.00372500,1576.17000000
2018-02-24 12:26:05,0.00372500,0.68000000
2018-02-24 12:26:05,0.00372500,7.97000000
2018-02-24 12:26:06,0.00372500,4.03000000
2018-02-24 12:26:08,0.00372500,3.54000000
2018-02-24 12:26:08,0.00372600,5.84000000
2018-02-24 12:26:09,0.00372500,20.00000000
2018-02-24 12:26:10,0.00372500,0.99000000
2018-02-24 12:26:11,0.00372600,50.37000000
2018-02-24 12:26:12,0.00372500,64.84000000
2018-02-24 12:26:13,0.00372500,0.64000000
2018-02-24 12:26:13,0.00372500,82.17000000
2018-02-24 12:26:14,0.00372500,60.09000000
2018-02-24 12:26:15,0.00372500,32.21000000
2018-02-24 12:26:15,0.00372500,7.62000000
2018-02-24 12:26:15,0.00372500,6.57000000
2018-02-24 12:26:16,0.00372500,63.28000000
2018-02-24 12:26:17,0.00372500,1.96000000
2018-02-24 12:26:17,0.00372500,1.61000000
2018-02-24 12:26:18,0.00372700,1.02000000
2018-02-24 12:26:19,0.00372500,5.94000000
2018-02-24 12:26:19,0.00372500,1.32000000
2018-02-24 12:26:19,0.00372500,6.50000000
2018-02-24 12:26:20,0.00372500,4.81000000
2018-02-24 12:26:20,0.00372400,6.22000000
2018-02-24 12:26:21,0.00372400,1.07000000
2018-02-24 12:26:24,0.00372400,1.07000000
2018-02-24 12:26:25,0.00372400,18.69000000
2018-02-24 12:26:26,0.00372400,0.29000000
2018-02-24 12:26:26,0.00372400,13.28000000
2018-02-24 12:26:28,0.00372200,0.30000000
2018-02-24 12:26:30,0.00372200,0.84000000
2018-02-24 12:26:31,0.00372300,4.64000000
2018-02-24 12:26:35,0.00372200,6.46000000
2018-02-24 12:26:39,0.00372000,35.00000000
2018-02-24 12:26:41,0.00372000,123.54000000
2018-02-24 12:26:44,0.00372000,13.40000000
2018-02-24 12:26:44,0.00371900,0.40000000
2018-02-24 12:26:46,0.00371800,70.59000000
2018-02-24 12:26:46,0.00371800,67.54000000
2018-02-24 12:26:46,0.00371800,51.10000000
2018-02-24 12:26:46,0.00371800,13.61000000
2018-02-24 12:26:48,0.00371700,0.73000000
2018-02-24 12:26:49,0.00371700,82.42000000
2018-02-24 12:26:50,0.00371700,0.34000000
2018-02-24 12:26:51,0.00371700,165.64000000
2018-02-24 12:26:51,0.00371700,10.48000000
2018-02-24 12:26:51,0.00371700,0.71000000
2018-02-24 12:26:52,0.00371700,22.32000000
2018-02-24 12:26:52,0.00371600,1.89000000
2018-02-24 12:26:52,0.00371600,68.78000000
2018-02-24 12:26:53,0.00371600,61.98000000
2018-02-24 12:26:54,0.00371900,0.27000000
2018-02-24 12:26:54,0.00371600,2.71000000
2018-02-24 12:26:56,0.00371600,8.40000000
2018-02-24 12:26:57,0.00371800,4.81000000
2018-02-24 12:26:57,0.00371600,3.37000000
2018-02-24 12:26:58,0.00371600,18.83000000
2018-02-24 12:26:59,0.00371600,71.37000000
2018-02-24 12:26:59,0.00371600,39.36000000
2018-02-24 12:27:00,0.00371600,6.65000000
2018-02-24 12:27:04,0.00371600,10.55000000
2018-02-24 12:27:04,0.00371600,13.45000000
2018-02-24 12:27:04,0.00371900,15.00000000
2018-02-24 12:27:05,0.00371600,0.49000000
2018-02-24 12:27:05,0.00371600,4.79000000
2018-02-24 12:27:05,0.00371500,3.61000000
2018-02-24 12:27:06,0.00371500,70.62000000
2018-02-24 12:27:06,0.00371500,8.06000000
2018-02-24 12:27:06,0.00371500,14.38000000
2018-02-24 12:27:06,0.00371500,7.87000000
2018-02-24 12:27:07,0.00371700,10.73000000
2018-02-24 12:27:08,0.00371600,24.38000000
2018-02-24 12:27:09,0.00371600,8.06000000
2018-02-24 12:27:09,0.00371600,8.06000000
2018-02-24 12:27:09,0.00371300,3.33000000
2018-02-24 12:27:10,0.00371300,1.19000000
2018-02-24 12:27:11,0.00371100,0.41000000
2018-02-24 12:27:12,0.00371600,74.69000000
2018-02-24 12:27:13,0.00371100,0.80000000
2018-02-24 12:27:14,0.00371500,10.85000000
2018-02-24 12:27:15,0.00371500,38.71000000
2018-02-24 12:27:15,0.00371300,0.70000000
2018-02-24 12:27:15,0.00371300,0.60000000
2018-02-24 12:27:15,0.00371300,0.69000000
2018-02-24 12:27:15,0.00371300,24.85000000
2018-02-24 12:27:16,0.00371100,13.46000000
2018-02-24 12:27:17,0.00371100,21.20000000
2018-02-24 12:27:17,0.00371000,29.25000000
2018-02-24 12:27:17,0.00371000,20.68000000
2018-02-24 12:27:17,0.00371600,24.58000000
2018-02-24 12:27:18,0.00371100,4.04000000
2018-02-24 12:27:18,0.00371600,0.29000000
2018-02-24 12:27:20,0.00371100,1.73000000
2018-02-24 12:27:20,0.00370900,2.69000000
2018-02-24 12:27:20,0.00370800,7.19000000
2018-02-24 12:27:21,0.00370800,7.68000000
2018-02-24 12:27:21,0.00371500,0.12000000
2018-02-24 12:27:22,0.00370800,50.32000000
2018-02-24 12:27:22,0.00370800,11.62000000
2018-02-24 12:27:23,0.00370800,6.77000000
2018-02-24 12:27:23,0.00370800,1.76000000
2018-02-24 12:27:23,0.00371500,3.79000000
2018-02-24 12:27:23,0.00371600,100.00000000
2018-02-24 12:27:23,0.00371800,146.21000000
2018-02-24 12:27:25,0.00371100,12.00000000
2018-02-24 12:27:26,0.00371300,5.49000000
2018-02-24 12:27:26,0.00371400,24.91000000
2018-02-24 12:27:26,0.00371400,1.24000000
2018-02-24 12:27:26,0.00371400,24.23000000
2018-02-24 12:27:27,0.00371400,22.34000000
2018-02-24 12:27:31,0.00371400,1.00000000
2018-02-24 12:27:31,0.00370800,0.81000000
2018-02-24 12:27:31,0.00370800,1.63000000
2018-02-24 12:27:33,0.00370800,18.87000000
2018-02-24 12:27:34,0.00370800,61.99000000
2018-02-24 12:27:34,0.00370800,8.08000000
2018-02-24 12:27:34,0.00370800,8.08000000
2018-02-24 12:27:34,0.00370800,0.60000000
2018-02-24 12:27:34,0.00370800,8.08000000
2018-02-24 12:27:34,0.00370800,8.08000000
2018-02-24 12:27:34,0.00370800,8.08000000
2018-02-24 12:27:34,0.00370700,8.08000000
2018-02-24 12:27:34,0.00370800,7.86000000
2018-02-24 12:27:34,0.00371300,12.30000000
2018-02-24 12:27:38,0.00370700,25.44000000
2018-02-24 12:27:39,0.00371100,192.66000000
2018-02-24 12:27:39,0.00371100,3.23000000
2018-02-24 12:27:39,0.00370700,25.24000000
2018-02-24 12:27:39,0.00371300,1.62000000
2018-02-24 12:27:42,0.00371300,20.00000000
2018-02-24 12:27:42,0.00370600,0.40000000
2018-02-24 12:27:45,0.00370600,0.40000000
2018-02-24 12:27:46,0.00371100,22.28000000
2018-02-24 12:27:47,0.00371100,4.08000000
2018-02-24 12:27:47,0.00370500,2.76000000
2018-02-24 12:27:47,0.00370500,19.17000000
2018-02-24 12:27:48,0.00370500,10.87000000
2018-02-24 12:27:51,0.00370600,1.37000000
2018-02-24 12:27:51,0.00370600,2.75000000
2018-02-24 12:27:51,0.00370600,2.63000000
2018-02-24 12:27:51,0.00370600,2.75000000
2018-02-24 12:27:51,0.00370600,2.75000000
2018-02-24 12:27:52,0.00370600,2.75000000
2018-02-24 12:27:52,0.00370600,2.75000000
2018-02-24 12:27:52,0.00370600,2.75000000
2018-02-24 12:27:52,0.00370800,2.75000000
2018-02-24 12:27:53,0.00370800,2.75000000
2018-02-24 12:28:03,0.00371000,6.15000000
2018-02-24 12:28:06,0.00371000,1.93000000
2018-02-24 12:28:07,0.00370800,3.94000000
2018-02-24 12:28:08,0.00371000,95.25000000
2018-02-24 12:28:08,0.00371000,5.39000000
2018-02-24 12:28:11,0.00370800,24.27000000
2018-02-24 12:28:11,0.00370800,9.18000000
2018-02-24 12:28:13,0.00370800,17.91000000
2018-02-24 12:28:16,0.00370800,0.50000000
2018-02-24 12:28:20,0.00370700,18.26000000
2018-02-24 12:28:22,0.00370800,27.60000000
2018-02-24 12:28:23,0.00370900,25.00000000
2018-02-24 12:28:25,0.00370900,26.97000000
2018-02-24 12:28:32,0.00370900,15.06000000
2018-02-24 12:28:33,0.00370900,0.70000000
2018-02-24 12:28:34,0.00370900,3.00000000
2018-02-24 12:28:36,0.00370900,79.26000000
2018-02-24 12:28:36,0.00370800,22.40000000
2018-02-24 12:28:36,0.00370700,10.36000000
2018-02-24 12:28:36,0.00370600,2.28000000
2018-02-24 12:28:36,0.00370900,13.75000000
2018-02-24 12:28:37,0.00370600,30.41000000
2018-02-24 12:28:37,0.00370500,96.51000000
2018-02-24 12:28:37,0.00370400,62.97000000
2018-02-24 12:28:37,0.00370300,64.90000000
2018-02-24 12:28:37,0.00370200,62.69000000
2018-02-24 12:28:37,0.00370100,119.77000000
2018-02-24 12:28:37,0.00370100,10.85000000
2018-02-24 12:28:38,0.00370100,40.81000000
2018-02-24 12:28:42,0.00370200,2.33000000
2018-02-24 12:28:42,0.00370200,2.75000000
2018-02-24 12:28:42,0.00370200,2.75000000
2018-02-24 12:28:43,0.00370800,2.97000000
2018-02-24 12:28:43,0.00370200,2.01000000
2018-02-24 12:28:43,0.00370100,0.74000000
2018-02-24 12:28:44,0.00370200,2.75000000
2018-02-24 12:28:44,0.00370200,2.74000000
2018-02-24 12:28:44,0.00370200,2.75000000
2018-02-24 12:28:44,0.00370200,2.75000000
2018-02-24 12:28:44,0.00370700,2.41000000
2018-02-24 12:28:44,0.00370700,3.59000000
2018-02-24 12:28:45,0.00370700,3.59000000
2018-02-24 12:28:45,0.00370800,2.41000000
2018-02-24 12:28:45,0.00370400,0.41000000
2018-02-24 12:28:45,0.00370400,2.75000000
2018-02-24 12:28:45,0.00370400,2.75000000
2018-02-24 12:28:45,0.00370400,2.75000000
2018-02-24 12:28:45,0.00370400,2.75000000
2018-02-24 12:28:46,0.00370400,0.72000000
2018-02-24 12:28:46,0.00370400,2.95000000
2018-02-24 12:28:46,0.00370200,17.86000000
2018-02-24 12:28:46,0.00370200,2.75000000
2018-02-24 12:28:47,0.00370700,3.27000000
2018-02-24 12:28:47,0.00370200,2.75000000
2018-02-24 12:28:47,0.00370700,12.17000000
2018-02-24 12:28:47,0.00370900,93.79000000
2018-02-24 12:28:48,0.00370200,0.78000000
2018-02-24 12:28:48,0.00370100,1.97000000
2018-02-24 12:28:48,0.00370100,7.89000000
2018-02-24 12:28:48,0.00370100,2.70000000
2018-02-24 12:28:49,0.00370100,2.75000000
2018-02-24 12:28:50,0.00370800,3.84000000
2018-02-24 12:28:50,0.00370100,2.75000000
2018-02-24 12:28:53,0.00370600,9.93000000
2018-02-24 12:28:55,0.00370600,3.28000000
2018-02-24 12:28:56,0.00370600,27.01000000
2018-02-24 12:28:56,0.00370600,12.66000000
2018-02-24 12:28:56,0.00370100,8.24000000
2018-02-24 12:28:56,0.00370000,2.10000000
2018-02-24 12:28:59,0.00370600,8.08000000
2018-02-24 12:28:59,0.00370600,68.69000000
2018-02-24 12:28:59,0.00370600,8.08000000
2018-02-24 12:28:59,0.00370600,8.08000000
2018-02-24 12:28:59,0.00370600,8.07000000
2018-02-24 12:28:59,0.00370600,8.08000000
2018-02-24 12:29:00,0.00370600,8.08000000
2018-02-24 12:29:00,0.00370600,8.08000000
2018-02-24 12:29:00,0.00370600,7.94000000
2018-02-24 12:29:00,0.00370700,8.08000000
2018-02-24 12:29:00,0.00370700,8.08000000
2018-02-24 12:29:00,0.00370700,8.08000000
2018-02-24 12:29:00,0.00370100,1.35000000
2018-02-24 12:29:00,0.00370700,8.08000000
2018-02-24 12:29:00,0.00370700,3.49000000
2018-02-24 12:29:00,0.00370700,8.08000000
2018-02-24 12:29:00,0.00370000,6.59000000
2018-02-24 12:29:00,0.00370700,5.43000000
2018-02-24 12:29:01,0.00370000,49.95000000
2018-02-24 12:29:06,0.00370700,8.07000000
2018-02-24 12:29:06,0.00370700,26.62000000
2018-02-24 12:29:06,0.00370700,8.07000000
2018-02-24 12:29:08,0.00370100,28.74000000
2018-02-24 12:29:09,0.00370700,13.00000000
2018-02-24 12:29:11,0.00370700,0.32000000
2018-02-24 12:29:12,0.00370000,13.17000000
2018-02-24 12:29:12,0.00370000,4.26000000
2018-02-24 12:29:14,0.00370000,4.55000000
2018-02-24 12:29:18,0.00370700,12.30000000
2018-02-24 12:29:19,0.00370000,11.11000000
2018-02-24 12:29:20,0.00370700,1.00000000
2018-02-24 12:29:20,0.00370700,2.52000000
2018-02-24 12:29:22,0.00370100,54.47000000
2018-02-24 12:29:22,0.00370000,124.35000000
2018-02-24 12:29:22,0.00370600,3.29000000
2018-02-24 12:29:23,0.00370600,0.75000000
2018-02-24 12:29:23,0.00370700,2.65000000
2018-02-24 12:29:23,0.00370800,2.42000000
2018-02-24 12:29:24,0.00370500,0.75000000
2018-02-24 12:29:25,0.00370500,0.85000000
2018-02-24 12:29:25,0.00370500,2.79000000
2018-02-24 12:29:25,0.00370600,0.49000000
2018-02-24 12:29:26,0.00370600,0.36000000
2018-02-24 12:29:26,0.00370400,0.92000000
2018-02-24 12:29:26,0.00370000,3.80000000
2018-02-24 12:29:26,0.00369900,2.63000000
2018-02-24 12:29:27,0.00369900,1.64000000
2018-02-24 12:29:27,0.00369900,2.69000000
2018-02-24 12:29:27,0.00369800,2.70000000
2018-02-24 12:29:27,0.00369700,0.30000000
2018-02-24 12:29:27,0.00369500,33.24000000
2018-02-24 12:29:27,0.00369400,23.60000000
2018-02-24 12:29:27,0.00369900,2.70000000
2018-02-24 12:29:27,0.00369900,11.32000000
2018-02-24 12:29:29,0.00370600,2.69000000
2018-02-24 12:29:29,0.00370500,5.21000000
2018-02-24 12:29:29,0.00370600,8.81000000
2018-02-24 12:29:29,0.00370600,1.00000000
2018-02-24 12:29:31,0.00370600,38.47000000
2018-02-24 12:29:31,0.00370000,26.92000000
2018-02-24 12:29:33,0.00370700,0.81000000
2018-02-24 12:29:34,0.00369900,2.75000000
2018-02-24 12:29:34,0.00369900,13.46000000
2018-02-24 12:29:34,0.00369500,27.16000000
2018-02-24 12:29:34,0.00369400,32.50000000
2018-02-24 12:29:34,0.00369300,35.65000000
2018-02-24 12:29:34,0.00369200,10.82000000
2018-02-24 12:29:35,0.00370700,30.26000000
2018-02-24 12:29:35,0.00370000,2.75000000
2018-02-24 12:29:35,0.00370000,2.75000000
2018-02-24 12:29:38,0.00370600,2.71000000
2018-02-24 12:29:44,0.00370000,8.10000000
2018-02-24 12:29:44,0.00370000,21.25000000
2018-02-24 12:29:48,0.00370000,1.09000000
2018-02-24 12:29:48,0.00370000,62.04000000
2018-02-24 12:29:50,0.00370000,4.36000000
2018-02-24 12:29:51,0.00370000,0.90000000
2018-02-24 12:29:52,0.00370000,10.00000000
2018-02-24 12:29:52,0.00370000,13.51000000
2018-02-24 12:29:52,0.00370000,13.51000000
2018-02-24 12:29:54,0.00370000,2.70000000
2018-02-24 12:29:54,0.00370000,10.80000000
2018-02-24 12:29:56,0.00370000,10.38000000
2018-02-24 12:29:56,0.00370000,2.70000000
2018-02-24 12:29:58,0.00370000,0.30000000
2018-02-24 12:29:59,0.00369900,24.29000000
2018-02-24 12:30:04,0.00369200,2.75000000
2018-02-24 12:30:05,0.00369200,2.75000000
2018-02-24 12:30:05,0.00369900,6.34000000
2018-02-24 12:30:05,0.00369200,2.76000000
2018-02-24 12:30:05,0.00369200,2.75000000
2018-02-24 12:30:05,0.00369200,2.75000000
2018-02-24 12:30:06,0.00369200,2.75000000
2018-02-24 12:30:06,0.00369200,2.76000000
2018-02-24 12:30:06,0.00369200,28.81000000
2018-02-24 12:30:06,0.00369200,142.66000000
2018-02-24 12:30:06,0.00369100,2.75000000
2018-02-24 12:30:06,0.00369200,0.02000000
2018-02-24 12:30:07,0.00369900,2.88000000
2018-02-24 12:30:07,0.00369100,2.75000000
2018-02-24 12:30:07,0.00369100,2.75000000
2018-02-24 12:30:07,0.00369200,1.34000000
2018-02-24 12:30:07,0.00369100,1.42000000
2018-02-24 12:30:08,0.00369100,2.75000000
2018-02-24 12:30:09,0.00369900,15.82000000
2018-02-24 12:30:09,0.00370000,22.25000000
2018-02-24 12:30:09,0.00370400,7.54000000
2018-02-24 12:30:09,0.00370600,9.81000000
2018-02-24 12:30:09,0.00370300,24.52000000
2018-02-24 12:30:09,0.00370300,24.52000000
2018-02-24 12:30:09,0.00370300,24.52000000
2018-02-24 12:30:09,0.00370300,24.52000000
2018-02-24 12:30:09,0.00370300,24.52000000
2018-02-24 12:30:09,0.00370300,24.52000000
2018-02-24 12:30:10,0.00370300,15.82000000
2018-02-24 12:30:10,0.00369400,2.75000000
2018-02-24 12:30:11,0.00369600,2.76000000
2018-02-24 12:30:12,0.00369600,0.54000000
2018-02-24 12:30:16,0.00369600,0.27000000
2018-02-24 12:30:19,0.00370000,12.16000000
2018-02-24 12:30:19,0.00370000,48.19000000
2018-02-24 12:30:20,0.00370000,0.01000000
2018-02-24 12:30:25,0.00369700,7.56000000
2018-02-24 12:30:25,0.00369600,98.75000000
2018-02-24 12:30:25,0.00369500,4.32000000
2018-02-24 12:30:25,0.00369500,50.47000000
2018-02-24 12:30:25,0.00369500,0.03000000
2018-02-24 12:30:25,0.00369600,2.37000000
2018-02-24 12:30:26,0.00369600,97.63000000
2018-02-24 12:30:26,0.00370100,5.38000000
2018-02-24 12:30:26,0.00370200,21.67000000
2018-02-24 12:30:26,0.00370200,13.53000000
2018-02-24 12:30:26,0.00370200,5.49000000
2018-02-24 12:30:27,0.00370200,68.54000000
2018-02-24 12:30:27,0.00370200,62.48000000
2018-02-24 12:30:27,0.00370200,54.86000000
2018-02-24 12:30:27,0.00370200,33.58000000
2018-02-24 12:30:28,0.00370600,13.54000000
2018-02-24 12:30:30,0.00370100,91.37000000
2018-02-24 12:30:31,0.00369900,0.79000000
2018-02-24 12:30:36,0.00370600,3.57000000
2018-02-24 12:30:40,0.00370000,80.80000000
2018-02-24 12:30:40,0.00369900,0.39000000
2018-02-24 12:30:40,0.00369600,7.16000000
2018-02-24 12:30:40,0.00369500,5.01000000
2018-02-24 12:30:41,0.00369500,0.01000000
2018-02-24 12:30:41,0.00370000,62.19000000
2018-02-24 12:30:49,0.00370300,2.70000000
2018-02-24 12:30:49,0.00370400,10.80000000
2018-02-24 12:30:52,0.00370400,0.86000000
2018-02-24 12:30:53,0.00370400,0.34000000
2018-02-24 12:30:53,0.00370600,0.31000000
2018-02-24 12:30:58,0.00370500,15.10000000
2018-02-24 12:30:58,0.00370600,13.33000000
2018-02-24 12:30:58,0.00370700,99.28000000
2018-02-24 12:31:04,0.00370700,2.40000000
2018-02-24 12:31:06,0.00370700,2.40000000
2018-02-24 12:31:07,0.00370700,17.87000000
2018-02-24 12:31:07,0.00370700,2.69000000
2018-02-24 12:31:07,0.00370700,19.89000000
2018-02-24 12:31:09,0.00370700,2.30000000
2018-02-24 12:31:09,0.00370700,13.26000000
2018-02-24 12:31:10,0.00370700,0.94000000
2018-02-24 12:31:11,0.00370900,2.40000000
2018-02-24 12:31:12,0.00370900,160.00000000
2018-02-24 12:31:13,0.00370900,2.50000000
2018-02-24 12:31:14,0.00370900,2.50000000
2018-02-24 12:31:14,0.00371000,3.58000000
2018-02-24 12:31:16,0.00371000,8.06000000
2018-02-24 12:31:16,0.00371000,8.07000000
2018-02-24 12:31:17,0.00371000,0.28000000
2018-02-24 12:31:17,0.00371000,7.86000000
2018-02-24 12:31:18,0.00371000,2.50000000
2018-02-24 12:31:19,0.00370700,1.07000000
2018-02-24 12:31:19,0.00370400,83.58000000
2018-02-24 12:31:19,0.00371000,14.22000000
2018-02-24 12:31:20,0.00371000,4.78000000
2018-02-24 12:31:21,0.00371000,4.53000000
2018-02-24 12:31:21,0.00370700,15.47000000
2018-02-24 12:31:23,0.00370700,27.46000000
2018-02-24 12:31:23,0.00371200,0.29000000
2018-02-24 12:31:24,0.00370700,0.51000000
2018-02-24 12:31:24,0.00370300,2.70000000
2018-02-24 12:31:24,0.00370200,57.73000000
2018-02-24 12:31:24,0.00370700,50.28000000
2018-02-24 12:31:25,0.00371200,3.33000000
2018-02-24 12:31:27,0.00371200,2.50000000
2018-02-24 12:31:28,0.00371200,5.74000000
2018-02-24 12:31:28,0.00371200,8.06000000
2018-02-24 12:31:28,0.00371200,14.02000000
2018-02-24 12:31:28,0.00371200,8.29000000
2018-02-24 12:31:32,0.00370700,20.33000000
2018-02-24 12:31:33,0.00371100,1.56000000
2018-02-24 12:31:35,0.00370400,4.43000000
2018-02-24 12:31:38,0.00370800,46.63000000
2018-02-24 12:31:39,0.00371100,2.30000000
2018-02-24 12:31:39,0.00370800,1.50000000
2018-02-24 12:31:40,0.00371000,3.98000000
2018-02-24 12:31:40,0.00371000,3.48000000
2018-02-24 12:31:40,0.00371100,35.69000000
2018-02-24 12:31:40,0.00371200,5.50000000
2018-02-24 12:31:41,0.00371200,2.40000000
2018-02-24 12:31:42,0.00371200,11.13000000
2018-02-24 12:31:43,0.00371200,3.71000000
2018-02-24 12:31:44,0.00371200,2.40000000
2018-02-24 12:31:46,0.00370900,9.77000000
2018-02-24 12:31:46,0.00370800,13.33000000
2018-02-24 12:31:46,0.00370800,65.19000000
2018-02-24 12:31:46,0.00370800,29.05000000
2018-02-24 12:31:47,0.00370800,36.55000000
2018-02-24 12:31:47,0.00370800,23.46000000
2018-02-24 12:31:47,0.00370700,36.64000000
2018-02-24 12:31:47,0.00370700,35.96000000
2018-02-24 12:31:48,0.00370700,35.30000000
2018-02-24 12:31:48,0.00370400,10.67000000
2018-02-24 12:31:48,0.00370400,1.34000000
2018-02-24 12:31:49,0.00370400,8.08000000
2018-02-24 12:31:49,0.00370400,0.46000000
2018-02-24 12:31:49,0.00370400,2.18000000
2018-02-24 12:31:49,0.00370300,4.45000000
2018-02-24 12:31:49,0.00370400,2.18000000
2018-02-24 12:31:49,0.00370400,5.08000000
2018-02-24 12:31:49,0.00371200,2.50000000
2018-02-24 12:31:50,0.00371200,3.49000000
2018-02-24 12:31:51,0.00370400,5.39000000
2018-02-24 12:31:51,0.00371100,2.30000000
2018-02-24 12:31:52,0.00371100,0.40000000
2018-02-24 12:31:52,0.00371200,0.60000000
2018-02-24 12:31:52,0.00370500,0.97000000
2018-02-24 12:31:53,0.00370600,0.48000000
2018-02-24 12:31:53,0.00370600,1.58000000
2018-02-24 12:31:53,0.00371200,0.82000000
2018-02-24 12:31:54,0.00371200,30.90000000
2018-02-24 12:31:55,0.00371200,0.12000000
2018-02-24 12:31:56,0.00371200,2.40000000
2018-02-24 12:31:57,0.00370600,98.14000000
2018-02-24 12:31:57,0.00370600,30.87000000
2018-02-24 12:31:58,0.00371200,2.30000000
2018-02-24 12:32:00,0.00370600,22.07000000
2018-02-24 12:32:00,0.00371100,2.40000000
2018-02-24 12:32:01,0.00371100,1.00000000
2018-02-24 12:32:02,0.00371100,9.56000000
2018-02-24 12:32:03,0.00371100,2.40000000
2018-02-24 12:32:05,0.00370500,8.09000000
2018-02-24 12:32:05,0.00371000,2.40000000
2018-02-24 12:32:08,0.00371000,15.47000000
2018-02-24 12:32:09,0.00371000,103.50000000
2018-02-24 12:32:09,0.00370600,15.12000000
2018-02-24 12:32:09,0.00370500,108.09000000
2018-02-24 12:32:09,0.00370500,7.65000000
2018-02-24 12:32:10,0.00370400,25.06000000
2018-02-24 12:32:11,0.00370400,29.69000000
2018-02-24 12:32:12,0.00370400,25.19000000
2018-02-24 12:32:15,0.00370400,10.57000000
2018-02-24 12:32:15,0.00370300,22.96000000
2018-02-24 12:32:22,0.00370300,11.13000000
2018-02-24 12:32:24,0.00370400,1.54000000
2018-02-24 12:32:28,0.00370400,3.46000000
2018-02-24 12:32:28,0.00370300,101.21000000
2018-02-24 12:32:28,0.00370300,27.48000000
2018-02-24 12:32:29,0.00370300,20.81000000
2018-02-24 12:32:32,0.00370200,32.10000000
2018-02-24 12:32:32,0.00370100,11.69000000
2018-02-24 12:32:32,0.00370000,4.51000000
2018-02-24 12:32:33,0.00370000,55.22000000
2018-02-24 12:32:33,0.00370900,2.69000000
2018-02-24 12:32:36,0.00370900,1.83000000
2018-02-24 12:32:36,0.00370000,0.96000000
2018-02-24 12:32:38,0.00370000,8.85000000
2018-02-24 12:32:38,0.00369800,20.70000000
2018-02-24 12:32:39,0.00370200,24.59000000
2018-02-24 12:32:40,0.00370300,2.92000000
2018-02-24 12:32:41,0.00370300,32.02000000
2018-02-24 12:32:41,0.00370000,404.70000000
2018-02-24 12:32:41,0.00370000,6.96000000
2018-02-24 12:32:41,0.00370000,6.96000000
2018-02-24 12:32:41,0.00370000,1.13000000
2018-02-24 12:32:42,0.00370000,8.10000000
2018-02-24 12:32:42,0.00370000,13.51000000
2018-02-24 12:32:42,0.00370000,3.68000000
2018-02-24 12:32:43,0.00370000,2.00000000
2018-02-24 12:32:43,0.00370000,0.60000000
2018-02-24 12:32:45,0.00369800,17.00000000
2018-02-24 12:32:46,0.00370000,13.51000000
2018-02-24 12:32:48,0.00370000,106.74000000
2018-02-24 12:32:48,0.00370000,13.51000000
2018-02-24 12:32:52,0.00370000,256.13000000
2018-02-24 12:32:52,0.00370000,57.40000000
2018-02-24 12:32:57,0.00370000,108.17000000
2018-02-24 12:32:59,0.00370100,0.52000000
2018-02-24 12:33:00,0.00370700,136.66000000
2018-02-24 12:33:00,0.00370800,3.80000000
2018-02-24 12:33:00,0.00371000,9.92000000
2018-02-24 12:33:13,0.00370700,0.44000000
2018-02-24 12:33:24,0.00370300,10.00000000
2018-02-24 12:33:24,0.00370200,22.91000000
2018-02-24 12:33:30,0.00370300,10.80000000
2018-02-24 12:33:30,0.00370700,1.42000000
2018-02-24 12:33:32,0.00370700,2.69000000
2018-02-24 12:33:34,0.00370300,30.00000000
2018-02-24 12:33:42,0.00370400,1.02000000
2018-02-24 12:33:42,0.00370300,9.87000000
2018-02-24 12:33:42,0.00370700,29.53000000
2018-02-24 12:33:47,0.00370700,6.37000000
2018-02-24 12:33:48,0.00370800,24.95000000
2018-02-24 12:33:48,0.00370700,2.69000000
2018-02-24 12:33:49,0.00370700,3.47000000
2018-02-24 12:33:51,0.00371000,20.00000000
2018-02-24 12:33:55,0.00370500,4.69000000
2018-02-24 12:33:55,0.00370400,1.34000000
2018-02-24 12:33:56,0.00371000,15.00000000
2018-02-24 12:33:58,0.00370400,1.42000000
2018-02-24 12:33:59,0.00370400,1.96000000
2018-02-24 12:34:03,0.00370900,20.00000000
2018-02-24 12:34:04,0.00370900,20.00000000
2018-02-24 12:34:04,0.00370800,2.00000000
2018-02-24 12:34:04,0.00370800,1.81000000
2018-02-24 12:34:04,0.00370900,20.51000000
2018-02-24 12:34:04,0.00371000,265.82000000
2018-02-24 12:34:04,0.00371000,29.41000000
2018-02-24 12:34:04,0.00370800,2.12000000
2018-02-24 12:34:05,0.00370300,1.81000000
2018-02-24 12:34:05,0.00371000,2.75000000
2018-02-24 12:34:05,0.00371100,22.83000000
2018-02-24 12:34:05,0.00371200,26.35000000
2018-02-24 12:34:10,0.00371100,2.00000000
2018-02-24 12:34:10,0.00371100,2.64000000
2018-02-24 12:34:10,0.00371100,8.08000000
2018-02-24 12:34:10,0.00371100,7.81000000
2018-02-24 12:34:10,0.00371100,1.00000000
2018-02-24 12:34:10,0.00371100,8.08000000
2018-02-24 12:34:11,0.00371100,0.50000000
2018-02-24 12:34:11,0.00371100,8.07000000
2018-02-24 12:34:11,0.00371100,2.93000000
2018-02-24 12:34:12,0.00371100,1.22000000
2018-02-24 12:34:12,0.00371200,6.83000000
2018-02-24 12:34:12,0.00371100,6.74000000
2018-02-24 12:34:12,0.00371100,1.04000000
2018-02-24 12:34:14,0.00371100,0.48000000
2018-02-24 12:34:14,0.00371100,6.59000000
2018-02-24 12:34:16,0.00370900,15.67000000
2018-02-24 12:34:17,0.00371000,36.17000000
2018-02-24 12:34:17,0.00371000,21.57000000
2018-02-24 12:34:19,0.00370400,22.26000000
2018-02-24 12:34:19,0.00370300,42.27000000
2018-02-24 12:34:26,0.00371000,168.22000000
2018-02-24 12:34:27,0.00371000,15.13000000
2018-02-24 12:34:27,0.00371100,12.70000000
2018-02-24 12:34:28,0.00371000,2.49000000
2018-02-24 12:34:30,0.00371000,1.59000000
2018-02-24 12:34:31,0.00371000,4.45000000
2018-02-24 12:34:32,0.00371000,0.30000000
2018-02-24 12:34:33,0.00371100,1.50000000
2018-02-24 12:34:33,0.00371000,0.65000000
2018-02-24 12:34:34,0.00371100,14.35000000
2018-02-24 12:34:35,0.00371000,0.65000000
2018-02-24 12:34:36,0.00371000,0.49000000
2018-02-24 12:34:40,0.00371100,21.87000000
2018-02-24 12:34:41,0.00371100,8.00000000
2018-02-24 12:34:46,0.00371200,7.00000000
2018-02-24 12:34:52,0.00371100,4.25000000
2018-02-24 12:34:55,0.00371100,18.98000000
2018-02-24 12:34:58,0.00371300,5.58000000
2018-02-24 12:34:58,0.00371100,15.00000000
2018-02-24 12:34:59,0.00371100,0.30000000
2018-02-24 12:35:01,0.00371200,2.00000000
2018-02-24 12:35:02,0.00371200,0.53000000
2018-02-24 12:35:02,0.00371200,4.25000000
2018-02-24 12:35:02,0.00371200,33.22000000
2018-02-24 12:35:03,0.00371200,6.78000000
2018-02-24 12:35:03,0.00371300,45.68000000
2018-02-24 12:35:04,0.00371200,16.31000000
2018-02-24 12:35:04,0.00371100,24.87000000
2018-02-24 12:35:04,0.00371100,16.62000000
2018-02-24 12:35:04,0.00371000,185.33000000
2018-02-24 12:35:06,0.00371000,5.56000000
2018-02-24 12:35:06,0.00371000,1.11000000
2018-02-24 12:35:08,0.00371100,21.44000000
2018-02-24 12:35:08,0.00371000,0.53000000
2018-02-24 12:35:08,0.00371000,0.83000000
2018-02-24 12:35:09,0.00371000,0.53000000
2018-02-24 12:35:10,0.00371000,0.53000000
2018-02-24 12:35:10,0.00371000,20.48000000
2018-02-24 12:35:10,0.00371000,4.46000000
2018-02-24 12:35:10,0.00371000,0.88000000
2018-02-24 12:35:11,0.00371000,81.75000000
2018-02-24 12:35:11,0.00371000,0.53000000
2018-02-24 12:35:11,0.00371000,12.81000000
2018-02-24 12:35:12,0.00371000,119.48000000
2018-02-24 12:35:13,0.00371000,0.53000000
2018-02-24 12:35:13,0.00370500,11.82000000
2018-02-24 12:35:14,0.00371200,3.64000000
2018-02-24 12:35:14,0.00371200,3.64000000
2018-02-24 12:35:14,0.00371200,3.64000000
2018-02-24 12:35:14,0.00371200,2.91000000
2018-02-24 12:35:14,0.00371200,3.65000000
2018-02-24 12:35:14,0.00371000,3.64000000
2018-02-24 12:35:15,0.00371100,0.39000000
2018-02-24 12:35:16,0.00371100,2.76000000
2018-02-24 12:35:17,0.00371100,3.64000000
2018-02-24 12:35:17,0.00371100,4.25000000
2018-02-24 12:35:17,0.00371100,0.51000000
2018-02-24 12:35:17,0.00371200,115.95000000
2018-02-24 12:35:18,0.00371100,54.50000000
2018-02-24 12:35:18,0.00371200,58.44000000
2018-02-24 12:35:18,0.00371200,21.70000000
2018-02-24 12:35:19,0.00371100,0.79000000
2018-02-24 12:35:23,0.00371100,13.47000000
2018-02-24 12:35:26,0.00371200,0.27000000
2018-02-24 12:35:28,0.00371100,4.25000000
2018-02-24 12:35:32,0.00371200,0.27000000
2018-02-24 12:35:34,0.00371100,0.30000000
2018-02-24 12:35:37,0.00371100,10.00000000
2018-02-24 12:35:38,0.00371100,4.25000000
2018-02-24 12:35:38,0.00371100,3.62000000
2018-02-24 12:35:41,0.00371200,0.27000000
2018-02-24 12:35:41,0.00371200,4.03000000
2018-02-24 12:35:42,0.00371100,12.30000000
2018-02-24 12:35:43,0.00371200,28.39000000
2018-02-24 12:35:45,0.00371100,7.83000000
2018-02-24 12:35:46,0.00371100,7.20000000
2018-02-24 12:35:46,0.00371100,28.64000000
2018-02-24 12:35:50,0.00371200,120.07000000
2018-02-24 12:35:58,0.00371100,0.55000000
2018-02-24 12:35:59,0.00371100,0.27000000
2018-02-24 12:35:59,0.00371100,0.18000000
2018-02-24 12:35:59,0.00371200,0.72000000
2018-02-24 12:36:00,0.00371000,0.30000000
2018-02-24 12:36:03,0.00371000,0.29000000
2018-02-24 12:36:05,0.00371100,26.47000000
2018-02-24 12:36:09,0.00371100,16.27000000
2018-02-24 12:36:11,0.00371000,44.31000000
2018-02-24 12:36:16,0.00371000,6.18000000
2018-02-24 12:36:21,0.00371000,19.95000000
2018-02-24 12:36:22,0.00371000,2.00000000
2018-02-24 12:36:22,0.00371100,1.00000000
2018-02-24 12:36:27,0.00371100,10.74000000
2018-02-24 12:36:34,0.00371000,2.88000000
2018-02-24 12:36:34,0.00370900,15.14000000
2018-02-24 12:36:34,0.00370800,105.96000000
2018-02-24 12:36:34,0.00370700,5.98000000
2018-02-24 12:36:34,0.00371100,18.79000000
2018-02-24 12:36:37,0.00371100,0.23000000
2018-02-24 12:36:42,0.00371000,3.80000000
2018-02-24 12:36:45,0.00371100,2.40000000
2018-02-24 12:36:46,0.00371100,14.47000000
2018-02-24 12:36:52,0.00371000,0.50000000
2018-02-24 12:36:52,0.00371000,5.00000000
2018-02-24 12:36:55,0.00371000,5.00000000
2018-02-24 12:36:56,0.00371100,31.80000000
2018-02-24 12:37:00,0.00371000,0.30000000
2018-02-24 12:37:06,0.00371000,0.30000000
2018-02-24 12:37:07,0.00371000,29.98000000
2018-02-24 12:37:10,0.00371000,18.68000000
2018-02-24 12:37:10,0.00371100,43.97000000
2018-02-24 12:37:10,0.00371100,33.76000000
2018-02-24 12:37:11,0.00371100,2.59000000
2018-02-24 12:37:11,0.00371100,13.51000000
2018-02-24 12:37:12,0.00371200,3.40000000
2018-02-24 12:37:13,0.00371100,13.51000000
2018-02-24 12:37:14,0.00371100,13.51000000
2018-02-24 12:37:16,0.00371100,13.51000000
2018-02-24 12:37:18,0.00371100,2.70000000
2018-02-24 12:37:19,0.00371100,3.01000000
2018-02-24 12:37:20,0.00371100,2.70000000
2018-02-24 12:37:21,0.00371100,2.00000000
2018-02-24 12:37:27,0.00371200,3.09000000
2018-02-24 12:37:28,0.00371200,17.42000000
2018-02-24 12:37:28,0.00371100,0.58000000
2018-02-24 12:37:29,0.00371100,5.44000000
2018-02-24 12:37:37,0.00371100,1.08000000
2018-02-24 12:37:40,0.00371100,1.08000000
2018-02-24 12:37:42,0.00371100,178.84000000
2018-02-24 12:37:45,0.00371000,2.16000000
2018-02-24 12:37:49,0.00371000,45.78000000
2018-02-24 12:37:52,0.00371100,2.00000000
2018-02-24 12:37:56,0.00371100,0.22000000
2018-02-24 12:37:58,0.00370800,1.08000000
2018-02-24 12:38:01,0.00371000,2.10000000
2018-02-24 12:38:01,0.00371000,2.10000000
2018-02-24 12:38:01,0.00370800,2.10000000
2018-02-24 12:38:01,0.00371000,5.50000000
2018-02-24 12:38:03,0.00371000,0.54000000
2018-02-24 12:38:04,0.00370800,3.74000000
2018-02-24 12:38:05,0.00370800,1.05000000
2018-02-24 12:38:06,0.00370800,2.03000000
2018-02-24 12:38:07,0.00370800,0.19000000
2018-02-24 12:38:07,0.00371000,263.21000000
2018-02-24 12:38:07,0.00371000,2.75000000
2018-02-24 12:38:09,0.00370600,75.73000000
2018-02-24 12:38:21,0.00370600,0.30000000
2018-02-24 12:38:24,0.00370600,62.88000000
2018-02-24 12:38:27,0.00370500,0.68000000
2018-02-24 12:38:29,0.00370500,3.94000000
2018-02-24 12:38:30,0.00370600,0.28000000
2018-02-24 12:38:31,0.00370600,1.80000000
2018-02-24 12:38:33,0.00370600,2.69000000
2018-02-24 12:38:33,0.00370500,49.35000000
2018-02-24 12:38:37,0.00370500,5.87000000
2018-02-24 12:38:49,0.00370500,9.78000000
2018-02-24 12:38:54,0.00370500,83.14000000
2018-02-24 12:38:56,0.00370400,6.15000000
2018-02-24 12:38:57,0.00370400,6.26000000
2018-02-24 12:38:58,0.00370500,3.02000000
2018-02-24 12:38:59,0.00370400,7.86000000
2018-02-24 12:39:00,0.00370400,9.00000000
2018-02-24 12:39:00,0.00370400,30.78000000
2018-02-24 12:39:01,0.00370300,13.39000000
2018-02-24 12:39:01,0.00370200,18.77000000
2018-02-24 12:39:01,0.00370100,60.73000000
2018-02-24 12:39:05,0.00370100,15.87000000
2018-02-24 12:39:05,0.00370000,43.58000000
2018-02-24 12:39:07,0.00370400,7.74000000
2018-02-24 12:39:12,0.00370400,37.53000000
2018-02-24 12:39:13,0.00370400,22.58000000
2018-02-24 12:39:14,0.00370200,7.32000000
2018-02-24 12:39:14,0.00370600,2.89000000
2018-02-24 12:39:19,0.00370500,31.03000000
2018-02-24 12:39:20,0.00370500,0.38000000
2018-02-24 12:39:21,0.00370500,2.05000000
2018-02-24 12:39:21,0.00370400,4.88000000
2018-02-24 12:39:27,0.00370400,5.95000000
2018-02-24 12:39:32,0.00370400,63.11000000
2018-02-24 12:39:32,0.00370400,33.60000000
2018-02-24 12:39:32,0.00370400,20.55000000
2018-02-24 12:39:36,0.00370400,155.64000000
2018-02-24 12:39:36,0.00370400,52.18000000
2018-02-24 12:39:36,0.00370400,22.22000000
2018-02-24 12:39:37,0.00370400,53.23000000
2018-02-24 12:39:37,0.00370400,166.08000000
2018-02-24 12:39:37,0.00370400,52.61000000
2018-02-24 12:39:39,0.00370400,61.78000000
2018-02-24 12:39:40,0.00370400,116.73000000
2018-02-24 12:39:41,0.00370400,83.01000000
2018-02-24 12:39:41,0.00370400,16.19000000
2018-02-24 12:39:42,0.00370200,2.70000000
2018-02-24 12:39:43,0.00370400,0.75000000
2018-02-24 12:39:43,0.00370500,20.55000000
2018-02-24 12:39:43,0.00370600,41.86000000
2018-02-24 12:39:43,0.00370800,12.69000000
2018-02-24 12:39:43,0.00371000,6.27000000
2018-02-24 12:39:47,0.00370200,62.07000000
2018-02-24 12:39:54,0.00370200,10.00000000
2018-02-24 12:39:54,0.00371000,2.40000000
2018-02-24 12:39:54,0.00371000,11.98000000
2018-02-24 12:39:58,0.00371000,8.33000000
2018-02-24 12:39:58,0.00370200,3.38000000
2018-02-24 12:39:58,0.00371100,0.50000000
2018-02-24 12:40:02,0.00371000,1.07000000
2018-02-24 12:40:02,0.00371000,0.87000000
2018-02-24 12:40:02,0.00370300,1.07000000
2018-02-24 12:40:03,0.00370300,2.53000000
2018-02-24 12:40:08,0.00370400,3.12000000
2018-02-24 12:40:15,0.00371000,21.34000000
2018-02-24 12:40:16,0.00370900,6.42000000
2018-02-24 12:40:16,0.00371100,43.36000000
2018-02-24 12:40:17,0.00371100,70.23000000
2018-02-24 12:40:22,0.00371400,14.06000000
2018-02-24 12:40:22,0.00371500,0.89000000
2018-02-24 12:40:23,0.00370700,2.69000000
2018-02-24 12:40:23,0.00370600,2.14000000
2018-02-24 12:40:30,0.00371000,0.39000000
2018-02-24 12:40:30,0.00371000,0.84000000
2018-02-24 12:40:31,0.00371000,1.37000000
2018-02-24 12:40:32,0.00371000,22.95000000
2018-02-24 12:40:35,0.00370700,41.00000000
2018-02-24 12:40:36,0.00370600,9.05000000
2018-02-24 12:40:40,0.00371000,4.00000000
2018-02-24 12:40:40,0.00371000,2.69000000
2018-02-24 12:40:43,0.00371000,2.69000000
2018-02-24 12:40:44,0.00370600,20.00000000
2018-02-24 12:40:44,0.00370600,4.61000000
2018-02-24 12:40:46,0.00370600,51.55000000
2018-02-24 12:40:51,0.00371200,2.14000000
2018-02-24 12:40:51,0.00371300,2.69000000
2018-02-24 12:40:51,0.00371900,22.21000000
2018-02-24 12:40:51,0.00372000,12.16000000
2018-02-24 12:40:56,0.00371100,1.69000000
2018-02-24 12:40:56,0.00371100,1.71000000
2018-02-24 12:40:56,0.00370900,1.70000000
2018-02-24 12:40:56,0.00370900,0.70000000
2018-02-24 12:41:00,0.00370900,6.57000000
2018-02-24 12:41:00,0.00370800,18.69000000
2018-02-24 12:41:00,0.00370700,4.10000000
2018-02-24 12:41:00,0.00370700,20.03000000
2018-02-24 12:41:02,0.00371100,1.33000000
2018-02-24 12:41:02,0.00371100,2.54000000
2018-02-24 12:41:07,0.00370700,2.88000000
2018-02-24 12:41:11,0.00371000,33.55000000
2018-02-24 12:41:15,0.00371100,8.31000000
2018-02-24 12:41:26,0.00371100,2.69000000
2018-02-24 12:41:27,0.00371100,20.04000000
2018-02-24 12:41:30,0.00371100,2.69000000
2018-02-24 12:41:30,0.00371100,0.54000000
2018-02-24 12:41:30,0.00370800,24.94000000
2018-02-24 12:41:37,0.00370900,2.34000000
2018-02-24 12:41:38,0.00370900,2.43000000
2018-02-24 12:41:38,0.00371000,0.26000000
2018-02-24 12:41:40,0.00370800,0.99000000
2018-02-24 12:41:40,0.00371000,13.48000000
2018-02-24 12:41:40,0.00370800,5.39000000
2018-02-24 12:41:42,0.00370800,0.60000000
2018-02-24 12:41:43,0.00371000,3.64000000
2018-02-24 12:41:45,0.00371000,4.58000000
2018-02-24 12:41:45,0.00371000,8.07000000
2018-02-24 12:41:45,0.00371000,8.51000000
2018-02-24 12:41:45,0.00371000,3.91000000
2018-02-24 12:41:45,0.00371000,8.49000000
2018-02-24 12:41:45,0.00371000,3.91000000
2018-02-24 12:41:45,0.00371000,2.00000000
2018-02-24 12:41:45,0.00370800,8.07000000
2018-02-24 12:41:45,0.00370800,2.00000000
2018-02-24 12:41:45,0.00370800,3.00000000
2018-02-24 12:41:52,0.00370900,1.75000000
2018-02-24 12:41:55,0.00370800,33.43000000
2018-02-24 12:41:56,0.00370900,22.25000000
2018-02-24 12:41:56,0.00371000,30.16000000
2018-02-24 12:42:03,0.00370900,2.30000000
2018-02-24 12:42:03,0.00370800,5.68000000
2018-02-24 12:42:04,0.00370800,1.56000000
2018-02-24 12:42:04,0.00370800,2.75000000
2018-02-24 12:42:04,0.00370800,6.09000000
2018-02-24 12:42:04,0.00370800,19.91000000
2018-02-24 12:42:04,0.00370900,2.47000000
2018-02-24 12:42:06,0.00371000,2.30000000
2018-02-24 12:42:06,0.00371000,2.68000000
2018-02-24 12:42:08,0.00371000,2.74000000
2018-02-24 12:42:09,0.00371000,3.80000000
2018-02-24 12:42:10,0.00370900,0.52000000
2018-02-24 12:42:10,0.00371100,2.40000000
2018-02-24 12:42:12,0.00371100,2.40000000
2018-02-24 12:42:17,0.00371000,4.10000000
2018-02-24 12:42:18,0.00370900,98.25000000
2018-02-24 12:42:19,0.00371000,3.01000000
2018-02-24 12:42:23,0.00371000,12.45000000
2018-02-24 12:42:31,0.00371100,13.92000000
2018-02-24 12:42:32,0.00371100,19.20000000
2018-02-24 12:42:32,0.00371100,197.46000000
2018-02-24 12:42:34,0.00371100,3.13000000
2018-02-24 12:42:34,0.00371200,1.63000000
2018-02-24 12:42:35,0.00371200,2.40000000
2018-02-24 12:42:37,0.00371000,33.85000000
2018-02-24 12:42:39,0.00371000,5.36000000
2018-02-24 12:42:40,0.00371000,1.05000000
2018-02-24 12:42:42,0.00371000,96.60000000
2018-02-24 12:42:42,0.00371000,3.50000000
2018-02-24 12:42:47,0.00371100,60.51000000
2018-02-24 12:42:51,0.00371100,120.85000000
2018-02-24 12:42:51,0.00371200,17.78000000
2018-02-24 12:42:55,0.00371000,7.87000000
2018-02-24 12:42:57,0.00371200,1.00000000
2018-02-24 12:42:59,0.00371100,4.84000000
2018-02-24 12:43:01,0.00371000,10.75000000
2018-02-24 12:43:03,0.00371000,2.00000000
2018-02-24 12:43:03,0.00371100,0.16000000
2018-02-24 12:43:05,0.00371200,2.40000000
2018-02-24 12:43:08,0.00371200,0.01000000
2018-02-24 12:43:08,0.00371600,0.69000000
2018-02-24 12:43:08,0.00371600,1.60000000
2018-02-24 12:43:08,0.00371100,0.68000000
2018-02-24 12:43:10,0.00371700,0.56000000
2018-02-24 12:43:10,0.00371800,1.74000000
2018-02-24 12:43:12,0.00371100,2.64000000
2018-02-24 12:43:13,0.00371800,2.40000000
2018-02-24 12:43:15,0.00371200,7.55000000
2018-02-24 12:43:15,0.00371100,4.78000000
2018-02-24 12:43:17,0.00371800,3.14000000
2018-02-24 12:43:17,0.00371800,26.86000000
2018-02-24 12:43:18,0.00371100,3.91000000
2018-02-24 12:43:19,0.00371200,1.19000000
2018-02-24 12:43:21,0.00371200,4.87000000
2018-02-24 12:43:25,0.00371200,4.87000000
2018-02-24 12:43:29,0.00371100,8.75000000
2018-02-24 12:43:30,0.00371100,2.00000000
2018-02-24 12:43:34,0.00371100,103.51000000
2018-02-24 12:43:35,0.00371100,3.62000000
2018-02-24 12:43:42,0.00371700,1.37000000
2018-02-24 12:43:42,0.00371800,17.63000000
2018-02-24 12:43:44,0.00371800,0.50000000
2018-02-24 12:43:48,0.00371500,6.04000000
2018-02-24 12:43:48,0.00371500,2.04000000
2018-02-24 12:43:48,0.00371500,6.05000000
2018-02-24 12:43:48,0.00371500,1.51000000
2018-02-24 12:43:49,0.00371500,2.25000000
2018-02-24 12:43:49,0.00371800,1.62000000
2018-02-24 12:43:50,0.00371500,0.33000000
2018-02-24 12:43:55,0.00371700,1.01000000
2018-02-24 12:43:56,0.00371700,2.30000000
2018-02-24 12:43:58,0.00371700,2.40000000
2018-02-24 12:43:59,0.00371700,1.08000000
2018-02-24 12:44:02,0.00371100,1.08000000
2018-02-24 12:44:03,0.00371700,9.53000000
2018-02-24 12:44:05,0.00371200,2.10000000
2018-02-24 12:44:08,0.00371200,3.06000000
2018-02-24 12:44:12,0.00371200,5.00000000
2018-02-24 12:44:18,0.00371300,14.27000000
2018-02-24 12:44:22,0.00371500,0.40000000
2018-02-24 12:44:22,0.00371500,7.50000000
2018-02-24 12:44:23,0.00371600,1.00000000
2018-02-24 12:44:28,0.00371600,3.27000000
2018-02-24 12:44:29,0.00371600,8.99000000
2018-02-24 12:44:30,0.00371700,2.69000000
2018-02-24 12:44:31,0.00371700,2.69000000
2018-02-24 12:44:34,0.00371700,1.01000000
2018-02-24 12:44:34,0.00371800,19.99000000
2018-02-24 12:44:35,0.00371800,159.86000000
2018-02-24 12:44:35,0.00371600,3.62000000
