DATE,PRICE,VOLUME
2018-03-01 14:00:01,0.00310500,0.70000000
2018-03-01 14:00:06,0.00310600,0.34000000
2018-03-01 14:00:06,0.00310500,3.32000000
2018-03-01 14:00:11,0.00310600,0.01000000
2018-03-01 14:00:11,0.00310700,5.93000000
2018-03-01 14:00:13,0.00310700,8.09000000
2018-03-01 14:00:30,0.00310700,7.00000000
2018-03-01 14:00:31,0.00310600,15.18000000
2018-03-01 14:00:32,0.00310700,0.39000000
2018-03-01 14:00:33,0.00310700,3.00000000
2018-03-01 14:00:37,0.00310700,1.27000000
2018-03-01 14:00:37,0.00310600,5.97000000
2018-03-01 14:00:37,0.00310700,1.27000000
2018-03-01 14:00:37,0.00311000,7.69000000
2018-03-01 14:00:43,0.00311000,8.90000000
2018-03-01 14:00:44,0.00311000,7.37000000
2018-03-01 14:00:46,0.00311000,2.49000000
2018-03-01 14:00:48,0.00311000,111.55000000
2018-03-01 14:00:49,0.00311100,4.67000000
2018-03-01 14:00:50,0.00311100,1.29000000
2018-03-01 14:00:53,0.00311000,10.95000000
2018-03-01 14:00:56,0.00311100,0.65000000
2018-03-01 14:01:00,0.00311100,0.61000000
2018-03-01 14:01:01,0.00311000,3.22000000
2018-03-01 14:01:03,0.00311000,3.22000000
2018-03-01 14:01:06,0.00311000,3.22000000
2018-03-01 14:01:06,0.00311100,3.11000000
2018-03-01 14:01:08,0.00311100,5.70000000
2018-03-01 14:01:20,0.00311000,1.92000000
2018-03-01 14:01:20,0.00311000,3.22000000
2018-03-01 14:01:23,0.00311100,2.07000000
2018-03-01 14:01:25,0.00311000,0.72000000
2018-03-01 14:01:27,0.00311000,0.56000000
2018-03-01 14:01:28,0.00311000,1.48000000
2018-03-01 14:01:30,0.00311000,16.13000000
2018-03-01 14:01:32,0.00311000,1.61000000
2018-03-01 14:01:40,0.00311000,0.46000000
2018-03-01 14:01:56,0.00310900,1.38000000
2018-03-01 14:02:04,0.00310900,8.07000000
2018-03-01 14:02:08,0.00310900,11.56000000
2018-03-01 14:02:17,0.00310900,10.04000000
2018-03-01 14:02:19,0.00310800,161.78000000
2018-03-01 14:02:23,0.00310900,5.00000000
2018-03-01 14:02:24,0.00310800,45.95000000
2018-03-01 14:02:30,0.00310900,1.66000000
2018-03-01 14:02:32,0.00310800,12.88000000
2018-03-01 14:02:33,0.00310800,1.29000000
2018-03-01 14:02:35,0.00310800,1.66000000
2018-03-01 14:02:36,0.00310800,7.62000000
2018-03-01 14:02:36,0.00310800,0.92000000
2018-03-01 14:02:37,0.00310800,1.29000000
2018-03-01 14:02:39,0.00310800,3.28000000
2018-03-01 14:02:40,0.00310800,13.35000000
2018-03-01 14:02:41,0.00310800,0.85000000
2018-03-01 14:02:41,0.00310700,6.33000000
2018-03-01 14:02:41,0.00310800,3.28000000
2018-03-01 14:02:42,0.00310800,7.10000000
2018-03-01 14:02:43,0.00310700,3.41000000
2018-03-01 14:02:44,0.00310800,1.29000000
2018-03-01 14:02:45,0.00310800,26.82000000
2018-03-01 14:02:46,0.00310800,3.55000000
2018-03-01 14:02:47,0.00310700,0.53000000
2018-03-01 14:02:47,0.00310600,2.89000000
2018-03-01 14:02:48,0.00310800,3.71000000
2018-03-01 14:02:50,0.00310700,3.24000000
2018-03-01 14:02:52,0.00310700,0.35000000
2018-03-01 14:02:53,0.00310700,1.29000000
2018-03-01 14:02:53,0.00310700,6.00000000
2018-03-01 14:02:58,0.00310800,1.29000000
2018-03-01 14:02:58,0.00310800,9.58000000
2018-03-01 14:02:59,0.00310700,1.64000000
2018-03-01 14:03:00,0.00310700,1.29000000
2018-03-01 14:03:00,0.00310700,16.78000000
2018-03-01 14:03:03,0.00310700,2.14000000
2018-03-01 14:03:03,0.00310700,1.29000000
2018-03-01 14:03:06,0.00310700,3.71000000
2018-03-01 14:03:08,0.00310800,0.62000000
2018-03-01 14:03:09,0.00310800,30.10000000
2018-03-01 14:03:13,0.00310800,4.82000000
2018-03-01 14:03:16,0.00310800,5.01000000
2018-03-01 14:03:18,0.00310800,49.06000000
2018-03-01 14:03:24,0.00310800,4.89000000
2018-03-01 14:03:26,0.00310800,4.55000000
2018-03-01 14:03:27,0.00310800,0.75000000
2018-03-01 14:03:30,0.00310800,0.41000000
2018-03-01 14:03:33,0.00310800,0.86000000
2018-03-01 14:03:33,0.00310600,85.86000000
2018-03-01 14:03:33,0.00310300,154.43000000
2018-03-01 14:03:33,0.00310200,27.44000000
2018-03-01 14:03:34,0.00310800,32.64000000
2018-03-01 14:03:36,0.00310800,2.50000000
2018-03-01 14:03:40,0.00310800,8.78000000
2018-03-01 14:03:45,0.00310800,10.88000000
2018-03-01 14:03:46,0.00311000,0.65000000
2018-03-01 14:04:00,0.00311000,0.95000000
2018-03-01 14:04:01,0.00311000,5.01000000
2018-03-01 14:04:03,0.00310900,1.29000000
2018-03-01 14:04:05,0.00310700,3.10000000
2018-03-01 14:04:05,0.00310500,1.79000000
2018-03-01 14:04:10,0.00310900,1.62000000
2018-03-01 14:04:13,0.00310900,1.29000000
2018-03-01 14:04:18,0.00310900,1.03000000
2018-03-01 14:04:19,0.00310500,14.67000000
2018-03-01 14:04:19,0.00311000,35.00000000
2018-03-01 14:04:35,0.00310500,0.47000000
2018-03-01 14:04:35,0.00310500,0.47000000
2018-03-01 14:04:36,0.00310500,0.47000000
2018-03-01 14:04:36,0.00311000,0.65000000
2018-03-01 14:04:37,0.00310500,0.40000000
2018-03-01 14:04:38,0.00310500,0.36000000
2018-03-01 14:04:41,0.00311000,25.00000000
2018-03-01 14:04:50,0.00311000,4.95000000
2018-03-01 14:04:51,0.00310600,3.89000000
2018-03-01 14:04:52,0.00310600,0.48000000
2018-03-01 14:04:56,0.00310600,0.45000000
2018-03-01 14:04:57,0.00310600,0.41000000
2018-03-01 14:04:58,0.00310700,0.38000000
2018-03-01 14:04:59,0.00310700,0.78000000
2018-03-01 14:05:00,0.00311000,25.00000000
2018-03-01 14:05:00,0.00310700,0.72000000
2018-03-01 14:05:02,0.00310700,0.66000000
2018-03-01 14:05:02,0.00310700,0.66000000
2018-03-01 14:05:03,0.00310700,0.61000000
2018-03-01 14:05:04,0.00310700,0.51000000
2018-03-01 14:05:05,0.00311000,1.13000000
2018-03-01 14:05:05,0.00310700,1.14000000
2018-03-01 14:05:05,0.00310600,0.17000000
2018-03-01 14:05:07,0.00310600,1.16000000
2018-03-01 14:05:08,0.00310600,1.07000000
2018-03-01 14:05:09,0.00310800,0.98000000
2018-03-01 14:05:11,0.00310800,1.31000000
2018-03-01 14:05:12,0.00310800,1.21000000
2018-03-01 14:05:13,0.00310800,1.11000000
2018-03-01 14:05:14,0.00310900,2.30000000
2018-03-01 14:05:14,0.00310800,0.47000000
2018-03-01 14:05:14,0.00310600,0.64000000
2018-03-01 14:05:15,0.00310900,1.36000000
2018-03-01 14:05:16,0.00310600,0.93000000
2018-03-01 14:05:17,0.00310600,0.86000000
2018-03-01 14:05:23,0.00310600,0.28000000
2018-03-01 14:05:23,0.00310600,9.66000000
2018-03-01 14:05:24,0.00310600,23.87000000
2018-03-01 14:05:27,0.00310600,5.05000000
2018-03-01 14:05:27,0.00310600,17.44000000
2018-03-01 14:05:29,0.00310600,1.52000000
2018-03-01 14:05:32,0.00310500,5.95000000
2018-03-01 14:05:32,0.00310500,7.58000000
2018-03-01 14:05:32,0.00310500,21.23000000
2018-03-01 14:05:32,0.00310600,59.25000000
2018-03-01 14:05:32,0.00310400,47.36000000
2018-03-01 14:05:32,0.00310300,81.92000000
2018-03-01 14:05:32,0.00310200,9.67000000
2018-03-01 14:05:32,0.00310100,25.49000000
2018-03-01 14:05:32,0.00310100,2.32000000
2018-03-01 14:05:33,0.00310600,151.52000000
2018-03-01 14:05:34,0.00310600,25.00000000
2018-03-01 14:05:35,0.00310600,0.71000000
2018-03-01 14:05:35,0.00310600,0.42000000
2018-03-01 14:05:35,0.00310600,3.21000000
2018-03-01 14:05:44,0.00310100,16.92000000
2018-03-01 14:05:45,0.00310600,17.44000000
2018-03-01 14:05:48,0.00310600,17.44000000
2018-03-01 14:05:49,0.00310500,4.02000000
2018-03-01 14:05:51,0.00310600,10.01000000
2018-03-01 14:05:51,0.00310600,17.44000000
2018-03-01 14:05:54,0.00310600,17.44000000
2018-03-01 14:05:56,0.00310600,31.69000000
2018-03-01 14:05:56,0.00310700,9.66000000
2018-03-01 14:05:57,0.00310900,17.44000000
2018-03-01 14:06:01,0.00310900,17.44000000
2018-03-01 14:06:04,0.00310600,3.21000000
2018-03-01 14:06:04,0.00310300,5.04000000
2018-03-01 14:06:04,0.00310200,95.13000000
2018-03-01 14:06:08,0.00310600,4.07000000
2018-03-01 14:06:08,0.00310900,23.40000000
2018-03-01 14:06:17,0.00310900,8.82000000
2018-03-01 14:06:17,0.00311100,14.15000000
2018-03-01 14:06:17,0.00310400,9.06000000
2018-03-01 14:06:17,0.00310300,15.99000000
2018-03-01 14:06:20,0.00310400,2.73000000
2018-03-01 14:06:20,0.00311100,3.83000000
2018-03-01 14:06:31,0.00310400,4.74000000
2018-03-01 14:06:39,0.00310900,3.21000000
2018-03-01 14:06:43,0.00311000,3.21000000
2018-03-01 14:06:46,0.00310400,3.83000000
2018-03-01 14:06:48,0.00310400,0.88000000
2018-03-01 14:06:48,0.00311000,15.31000000
2018-03-01 14:06:54,0.00311000,10.44000000
2018-03-01 14:06:55,0.00311000,14.00000000
2018-03-01 14:07:06,0.00311000,39.99000000
2018-03-01 14:07:06,0.00310500,89.72000000
2018-03-01 14:07:09,0.00311100,3.20000000
2018-03-01 14:07:10,0.00311100,10.21000000
2018-03-01 14:07:21,0.00311000,5.99000000
2018-03-01 14:07:21,0.00311100,34.01000000
2018-03-01 14:07:23,0.00311100,2.69000000
2018-03-01 14:07:26,0.00310700,2.17000000
2018-03-01 14:07:26,0.00311100,6.80000000
2018-03-01 14:07:28,0.00311100,227.88000000
2018-03-01 14:07:36,0.00310800,19.31000000
2018-03-01 14:07:36,0.00310700,108.45000000
2018-03-01 14:07:37,0.00311100,3.21000000
2018-03-01 14:07:40,0.00311100,3.21000000
2018-03-01 14:07:45,0.00311100,10.00000000
2018-03-01 14:07:47,0.00311100,44.89000000
2018-03-01 14:07:48,0.00310900,2.16000000
2018-03-01 14:07:48,0.00310800,7.83000000
2018-03-01 14:07:49,0.00311100,187.96000000
2018-03-01 14:07:49,0.00311100,19.31000000
2018-03-01 14:07:52,0.00311300,4.54000000
2018-03-01 14:07:52,0.00311300,4.82000000
2018-03-01 14:08:10,0.00311100,23.74000000
2018-03-01 14:08:12,0.00311300,5.02000000
2018-03-01 14:08:15,0.00311600,3.02000000
2018-03-01 14:08:25,0.00311300,1.94000000
2018-03-01 14:08:35,0.00311300,9.98000000
2018-03-01 14:08:35,0.00311200,18.43000000
2018-03-01 14:08:35,0.00311200,0.88000000
2018-03-01 14:08:35,0.00311100,1.97000000
2018-03-01 14:08:35,0.00311100,25.21000000
2018-03-01 14:08:37,0.00311100,35.35000000
2018-03-01 14:08:41,0.00311200,26.85000000
2018-03-01 14:08:41,0.00311100,4.77000000
2018-03-01 14:08:41,0.00311100,10.02000000
2018-03-01 14:08:42,0.00311600,3.20000000
2018-03-01 14:08:45,0.00311200,3.20000000
2018-03-01 14:08:49,0.00311600,25.00000000
2018-03-01 14:08:53,0.00311200,35.00000000
2018-03-01 14:08:54,0.00311200,3.46000000
2018-03-01 14:09:02,0.00311200,2.01000000
2018-03-01 14:09:05,0.00311200,0.19000000
2018-03-01 14:09:07,0.00311200,0.46000000
2018-03-01 14:09:07,0.00311100,12.39000000
2018-03-01 14:09:15,0.00311200,0.65000000
2018-03-01 14:09:18,0.00311200,4.40000000
2018-03-01 14:09:21,0.00311100,47.86000000
2018-03-01 14:09:22,0.00311100,16.11000000
2018-03-01 14:09:22,0.00311100,16.10000000
2018-03-01 14:09:22,0.00311100,1.94000000
2018-03-01 14:09:23,0.00311200,2.35000000
2018-03-01 14:09:25,0.00311200,2.60000000
2018-03-01 14:09:30,0.00311300,1.26000000
2018-03-01 14:09:31,0.00311300,3.21000000
2018-03-01 14:09:33,0.00311300,3.21000000
2018-03-01 14:09:39,0.00311200,1.10000000
2018-03-01 14:09:40,0.00311200,50.66000000
2018-03-01 14:09:42,0.00311200,6.42000000
2018-03-01 14:09:42,0.00311200,1.34000000
2018-03-01 14:09:45,0.00311300,1.95000000
2018-03-01 14:09:45,0.00311400,19.44000000
2018-03-01 14:09:47,0.00311200,10.17000000
2018-03-01 14:09:48,0.00311200,2.02000000
2018-03-01 14:09:48,0.00311200,2.02000000
2018-03-01 14:09:53,0.00311400,1.79000000
2018-03-01 14:09:53,0.00311200,13.38000000
2018-03-01 14:09:59,0.00311200,9.64000000
2018-03-01 14:09:59,0.00311200,18.47000000
2018-03-01 14:10:05,0.00311200,12.54000000
2018-03-01 14:10:09,0.00311200,2.75000000
2018-03-01 14:10:16,0.00311700,0.64000000
2018-03-01 14:10:16,0.00311900,17.68000000
2018-03-01 14:10:16,0.00312000,6.27000000
2018-03-01 14:10:16,0.00312100,0.41000000
2018-03-01 14:10:17,0.00312100,3.00000000
2018-03-01 14:10:19,0.00311300,2.29000000
2018-03-01 14:10:21,0.00311300,7.34000000
2018-03-01 14:10:21,0.00311200,2.29000000
2018-03-01 14:10:27,0.00311200,3.00000000
2018-03-01 14:10:32,0.00311200,67.34000000
2018-03-01 14:10:32,0.00311100,203.97000000
2018-03-01 14:10:35,0.00311400,26.78000000
2018-03-01 14:10:36,0.00311400,7.41000000
2018-03-01 14:10:39,0.00311400,3.08000000
2018-03-01 14:10:43,0.00311400,26.78000000
2018-03-01 14:10:43,0.00311500,1.00000000
2018-03-01 14:10:43,0.00311800,0.81000000
2018-03-01 14:10:44,0.00311600,3.20000000
2018-03-01 14:10:44,0.00311600,18.53000000
2018-03-01 14:10:44,0.00311800,6.53000000
2018-03-01 14:10:45,0.00311800,3.85000000
2018-03-01 14:10:45,0.00311300,2.65000000
2018-03-01 14:10:45,0.00311900,5.49000000
2018-03-01 14:10:46,0.00311900,0.44000000
2018-03-01 14:10:46,0.00311900,5.95000000
2018-03-01 14:10:48,0.00311600,3.21000000
2018-03-01 14:10:51,0.00311300,1.13000000
2018-03-01 14:10:56,0.00311400,26.76000000
2018-03-01 14:10:56,0.00311300,31.91000000
2018-03-01 14:11:03,0.00311300,4.61000000
2018-03-01 14:11:03,0.00311300,6.89000000
2018-03-01 14:11:05,0.00311800,26.76000000
2018-03-01 14:11:05,0.00311900,5.36000000
2018-03-01 14:11:05,0.00312000,34.34000000
2018-03-01 14:11:05,0.00312100,73.36000000
2018-03-01 14:11:05,0.00312300,8.76000000
2018-03-01 14:11:05,0.00312400,78.71000000
2018-03-01 14:11:05,0.00312500,128.13000000
2018-03-01 14:11:05,0.00312600,5.00000000
2018-03-01 14:11:05,0.00312800,104.37000000
2018-03-01 14:11:08,0.00311600,3.04000000
2018-03-01 14:11:09,0.00311600,6.58000000
2018-03-01 14:11:09,0.00311500,26.66000000
2018-03-01 14:11:10,0.00311700,3.56000000
2018-03-01 14:11:10,0.00311700,0.01000000
2018-03-01 14:11:10,0.00311500,54.01000000
2018-03-01 14:11:17,0.00311800,3.08000000
2018-03-01 14:11:18,0.00311500,9.67000000
2018-03-01 14:11:21,0.00311600,26.76000000
2018-03-01 14:11:22,0.00311600,14.33000000
2018-03-01 14:11:24,0.00311600,23.58000000
2018-03-01 14:11:24,0.00311600,6.41000000
2018-03-01 14:11:24,0.00311600,3.39000000
2018-03-01 14:11:29,0.00311600,9.22000000
2018-03-01 14:11:29,0.00311600,36.09000000
2018-03-01 14:11:30,0.00311700,3.57000000
2018-03-01 14:11:30,0.00311700,3.39000000
2018-03-01 14:11:30,0.00312300,3.20000000
2018-03-01 14:11:31,0.00311700,133.96000000
2018-03-01 14:11:33,0.00311800,0.51000000
2018-03-01 14:11:33,0.00311800,12.00000000
2018-03-01 14:11:33,0.00311800,5.41000000
2018-03-01 14:11:34,0.00311800,2.84000000
2018-03-01 14:11:35,0.00311800,3.39000000
2018-03-01 14:11:36,0.00311800,2.60000000
2018-03-01 14:11:39,0.00311800,14.67000000
2018-03-01 14:11:39,0.00312100,24.15000000
2018-03-01 14:11:39,0.00312200,26.71000000
2018-03-01 14:11:39,0.00312300,6.42000000
2018-03-01 14:11:39,0.00312300,4.16000000
2018-03-01 14:11:39,0.00311800,2.29000000
2018-03-01 14:11:39,0.00311800,38.54000000
2018-03-01 14:11:40,0.00311800,1.14000000
2018-03-01 14:11:41,0.00311900,2.47000000
2018-03-01 14:11:42,0.00311900,24.27000000
2018-03-01 14:11:42,0.00311900,2.47000000
2018-03-01 14:11:42,0.00311800,7.14000000
2018-03-01 14:11:42,0.00312300,34.66000000
2018-03-01 14:11:42,0.00312400,14.34000000
2018-03-01 14:11:42,0.00311800,8.00000000
2018-03-01 14:11:42,0.00311800,20.65000000
2018-03-01 14:11:43,0.00311800,9.87000000
2018-03-01 14:11:44,0.00311700,27.25000000
2018-03-01 14:11:47,0.00311700,135.00000000
2018-03-01 14:11:47,0.00311700,14.40000000
2018-03-01 14:11:47,0.00311700,70.00000000
2018-03-01 14:11:48,0.00311700,24.84000000
2018-03-01 14:11:48,0.00311600,10.97000000
2018-03-01 14:11:48,0.00311400,53.31000000
2018-03-01 14:11:49,0.00311600,3.23000000
2018-03-01 14:11:49,0.00312000,0.14000000
2018-03-01 14:11:50,0.00311500,0.81000000
2018-03-01 14:11:50,0.00311400,2.19000000
2018-03-01 14:11:53,0.00311200,3.19000000
2018-03-01 14:11:53,0.00311100,26.81000000
2018-03-01 14:11:55,0.00311100,0.65000000
2018-03-01 14:11:56,0.00311100,0.39000000
2018-03-01 14:11:56,0.00311100,3.75000000
2018-03-01 14:11:56,0.00311100,4.86000000
2018-03-01 14:11:58,0.00311100,3.62000000
2018-03-01 14:11:58,0.00311700,1.70000000
2018-03-01 14:11:59,0.00311100,1.46000000
2018-03-01 14:12:00,0.00311100,9.61000000
2018-03-01 14:12:03,0.00311700,0.95000000
2018-03-01 14:12:05,0.00311700,3.00000000
2018-03-01 14:12:05,0.00311100,26.00000000
2018-03-01 14:12:24,0.00311100,1.70000000
2018-03-01 14:12:24,0.00311000,0.89000000
2018-03-01 14:12:24,0.00310900,0.58000000
2018-03-01 14:12:24,0.00311100,0.66000000
2018-03-01 14:12:24,0.00311700,0.06000000
2018-03-01 14:12:29,0.00311100,1.61000000
2018-03-01 14:12:34,0.00311100,1.59000000
2018-03-01 14:12:36,0.00311000,1.00000000
2018-03-01 14:12:43,0.00311000,55.72000000
2018-03-01 14:12:58,0.00311000,15.98000000
2018-03-01 14:12:58,0.00311000,8.96000000
2018-03-01 14:13:01,0.00311400,1.41000000
2018-03-01 14:13:08,0.00310900,11.00000000
2018-03-01 14:13:09,0.00311400,12.58000000
2018-03-01 14:13:13,0.00311300,3.30000000
2018-03-01 14:13:13,0.00311400,0.93000000
2018-03-01 14:13:15,0.00311400,0.77000000
2018-03-01 14:13:25,0.00311400,19.36000000
2018-03-01 14:13:43,0.00311400,10.42000000
2018-03-01 14:13:43,0.00311400,14.17000000
2018-03-01 14:13:47,0.00311400,0.51000000
2018-03-01 14:13:47,0.00310900,49.00000000
2018-03-01 14:13:49,0.00311400,9.50000000
2018-03-01 14:13:54,0.00310900,0.35000000
2018-03-01 14:13:59,0.00310900,3.86000000
2018-03-01 14:14:17,0.00311000,7.86000000
2018-03-01 14:14:17,0.00310900,135.85000000
2018-03-01 14:14:19,0.00310800,3.24000000
2018-03-01 14:14:23,0.00310800,8.64000000
2018-03-01 14:14:24,0.00310800,31.75000000
2018-03-01 14:14:34,0.00310800,3.21000000
2018-03-01 14:14:38,0.00310800,25.00000000
2018-03-01 14:14:38,0.00310700,3.14000000
2018-03-01 14:14:58,0.00310800,31.22000000
2018-03-01 14:15:03,0.00310800,2.26000000
2018-03-01 14:15:04,0.00310800,25.00000000
2018-03-01 14:15:06,0.00310800,20.85000000
2018-03-01 14:15:12,0.00310800,0.74000000
2018-03-01 14:15:15,0.00310800,0.39000000
2018-03-01 14:15:15,0.00310700,13.11000000
2018-03-01 14:15:22,0.00310800,22.40000000
2018-03-01 14:15:23,0.00310700,20.08000000
2018-03-01 14:15:27,0.00310800,3.10000000
2018-03-01 14:15:34,0.00310800,80.32000000
2018-03-01 14:15:34,0.00310700,1.28000000
2018-03-01 14:15:37,0.00310800,2.05000000
2018-03-01 14:15:40,0.00310800,14.93000000
2018-03-01 14:15:41,0.00310800,3.21000000
2018-03-01 14:15:42,0.00310700,5.50000000
2018-03-01 14:15:53,0.00310700,14.46000000
2018-03-01 14:15:56,0.00310700,1.97000000
2018-03-01 14:15:59,0.00310600,44.21000000
2018-03-01 14:15:59,0.00310400,2.72000000
2018-03-01 14:15:59,0.00310300,6.02000000
2018-03-01 14:15:59,0.00310200,22.75000000
2018-03-01 14:15:59,0.00310100,65.86000000
2018-03-01 14:16:00,0.00310700,9.96000000
2018-03-01 14:16:00,0.00310700,63.68000000
2018-03-01 14:16:00,0.00310800,3.00000000
2018-03-01 14:16:05,0.00310900,15.96000000
2018-03-01 14:16:09,0.00310900,6.65000000
2018-03-01 14:16:12,0.00310900,17.32000000
2018-03-01 14:16:14,0.00310900,4.85000000
2018-03-01 14:16:19,0.00310800,62.95000000
2018-03-01 14:16:19,0.00310800,73.46000000
2018-03-01 14:16:19,0.00310700,53.67000000
2018-03-01 14:16:19,0.00310300,2.94000000
2018-03-01 14:16:19,0.00310100,11.83000000
2018-03-01 14:16:23,0.00310100,141.90000000
2018-03-01 14:16:27,0.00310800,6.64000000
2018-03-01 14:16:29,0.00310800,3.00000000
2018-03-01 14:16:43,0.00310800,0.05000000
2018-03-01 14:16:47,0.00310200,5.00000000
2018-03-01 14:16:59,0.00310600,9.59000000
2018-03-01 14:16:59,0.00310600,6.04000000
2018-03-01 14:17:02,0.00310600,63.68000000
2018-03-01 14:17:02,0.00310800,206.46000000
2018-03-01 14:17:03,0.00310900,4.42000000
2018-03-01 14:17:07,0.00310900,25.23000000
2018-03-01 14:17:09,0.00310900,9.35000000
2018-03-01 14:17:11,0.00310900,10.68000000
2018-03-01 14:17:11,0.00310900,33.54000000
2018-03-01 14:17:14,0.00310900,33.58000000
2018-03-01 14:17:14,0.00310800,9.36000000
2018-03-01 14:17:18,0.00310500,36.32000000
2018-03-01 14:17:31,0.00310500,0.68000000
2018-03-01 14:17:32,0.00310500,18.05000000
2018-03-01 14:17:37,0.00310500,2.80000000
2018-03-01 14:17:37,0.00310500,2.37000000
2018-03-01 14:17:38,0.00310600,40.01000000
2018-03-01 14:17:39,0.00310600,2.95000000
2018-03-01 14:17:44,0.00310600,233.66000000
2018-03-01 14:17:47,0.00310500,2.00000000
2018-03-01 14:17:53,0.00310500,2.00000000
2018-03-01 14:17:56,0.00310600,28.18000000
2018-03-01 14:17:58,0.00310600,12.00000000
2018-03-01 14:18:02,0.00310600,2.82000000
2018-03-01 14:18:06,0.00310600,7.00000000
2018-03-01 14:18:06,0.00310500,82.14000000
2018-03-01 14:18:06,0.00310200,52.76000000
2018-03-01 14:18:07,0.00310300,141.90000000
2018-03-01 14:18:08,0.00310700,118.57000000
2018-03-01 14:18:08,0.00310300,23.32000000
2018-03-01 14:18:09,0.00310300,140.48000000
2018-03-01 14:18:11,0.00310800,1.97000000
2018-03-01 14:18:19,0.00310300,0.50000000
2018-03-01 14:18:20,0.00310300,41.01000000
2018-03-01 14:18:25,0.00310600,25.03000000
2018-03-01 14:18:27,0.00310800,1.31000000
2018-03-01 14:18:32,0.00310800,0.74000000
2018-03-01 14:18:32,0.00310900,2.47000000
2018-03-01 14:18:33,0.00310300,1.32000000
2018-03-01 14:18:50,0.00310800,0.87000000
2018-03-01 14:18:53,0.00310400,53.67000000
2018-03-01 14:18:53,0.00310200,88.27000000
2018-03-01 14:18:54,0.00310200,141.92000000
2018-03-01 14:18:55,0.00310800,4.00000000
2018-03-01 14:18:55,0.00310800,8.66000000
2018-03-01 14:18:55,0.00310200,67.47000000
2018-03-01 14:18:55,0.00310100,65.79000000
2018-03-01 14:18:56,0.00310900,0.77000000
2018-03-01 14:18:56,0.00311100,6.50000000
2018-03-01 14:18:59,0.00311100,1.94000000
2018-03-01 14:19:03,0.00310500,1.00000000
2018-03-01 14:19:06,0.00310900,2.42000000
2018-03-01 14:19:08,0.00310600,6.61000000
2018-03-01 14:19:08,0.00310500,55.46000000
2018-03-01 14:19:08,0.00310300,9.66000000
2018-03-01 14:19:08,0.00310200,1.60000000
2018-03-01 14:19:08,0.00310100,68.41000000
2018-03-01 14:19:08,0.00310900,1.60000000
2018-03-01 14:19:14,0.00310600,100.00000000
2018-03-01 14:19:14,0.00310200,76.62000000
2018-03-01 14:19:16,0.00310600,53.63000000
2018-03-01 14:19:17,0.00310500,16.10000000
2018-03-01 14:19:18,0.00310500,16.10000000
2018-03-01 14:19:19,0.00310500,0.58000000
2018-03-01 14:19:19,0.00310500,16.10000000
2018-03-01 14:19:20,0.00310500,1.65000000
2018-03-01 14:19:20,0.00310800,1.57000000
2018-03-01 14:19:21,0.00310800,1.64000000
2018-03-01 14:19:28,0.00310700,1.20000000
2018-03-01 14:19:28,0.00310200,0.90000000
2018-03-01 14:19:28,0.00310100,50.37000000
2018-03-01 14:19:28,0.00310000,10.41000000
2018-03-01 14:19:29,0.00310800,5.01000000
2018-03-01 14:19:34,0.00310800,6.07000000
2018-03-01 14:19:34,0.00310800,6.07000000
2018-03-01 14:19:34,0.00310800,3.20000000
2018-03-01 14:19:34,0.00310800,3.05000000
2018-03-01 14:19:35,0.00310800,0.51000000
2018-03-01 14:19:35,0.00310800,1.18000000
2018-03-01 14:19:35,0.00310800,0.67000000
2018-03-01 14:19:35,0.00310800,0.67000000
2018-03-01 14:19:36,0.00310700,1.18000000
2018-03-01 14:19:36,0.00310700,0.67000000
2018-03-01 14:19:43,0.00310700,5.23000000
2018-03-01 14:19:43,0.00310400,28.89000000
2018-03-01 14:19:48,0.00310500,53.64000000
2018-03-01 14:19:48,0.00310400,88.06000000
2018-03-01 14:19:49,0.00310700,10.63000000
2018-03-01 14:19:49,0.00310700,1.20000000
2018-03-01 14:19:49,0.00310700,0.72000000
2018-03-01 14:19:49,0.00310400,3.15000000
2018-03-01 14:19:49,0.00310200,138.55000000
2018-03-01 14:19:49,0.00310700,3.22000000
2018-03-01 14:19:49,0.00310700,1.91000000
2018-03-01 14:19:50,0.00310800,1.20000000
2018-03-01 14:19:50,0.00310800,3.22000000
2018-03-01 14:19:51,0.00310700,30.31000000
2018-03-01 14:19:51,0.00310800,8.00000000
2018-03-01 14:19:52,0.00310800,1.20000000
2018-03-01 14:19:52,0.00310800,3.22000000
2018-03-01 14:19:53,0.00310800,3.22000000
2018-03-01 14:19:54,0.00310800,1.20000000
2018-03-01 14:19:55,0.00310800,1.20000000
2018-03-01 14:19:56,0.00310800,87.88000000
2018-03-01 14:19:56,0.00310900,1.77000000
2018-03-01 14:19:58,0.00310900,3.22000000
2018-03-01 14:19:59,0.00310900,3.22000000
2018-03-01 14:20:14,0.00310900,7.77000000
2018-03-01 14:20:14,0.00311000,16.06000000
2018-03-01 14:20:22,0.00311100,3.63000000
2018-03-01 14:20:22,0.00311100,6.62000000
2018-03-01 14:20:23,0.00311100,4.88000000
2018-03-01 14:20:29,0.00311000,46.23000000
2018-03-01 14:20:29,0.00310500,95.56000000
2018-03-01 14:20:30,0.00310500,141.89000000
2018-03-01 14:20:33,0.00311100,0.39000000
2018-03-01 14:20:37,0.00311100,0.48000000
2018-03-01 14:20:39,0.00311100,0.64000000
2018-03-01 14:20:42,0.00311100,34.18000000
2018-03-01 14:20:42,0.00311200,21.13000000
2018-03-01 14:20:43,0.00311000,28.00000000
2018-03-01 14:20:47,0.00311200,3.21000000
2018-03-01 14:20:48,0.00311200,3.18000000
2018-03-01 14:20:50,0.00311000,46.32000000
2018-03-01 14:20:50,0.00310400,32.21000000
2018-03-01 14:20:50,0.00310300,19.67000000
2018-03-01 14:20:50,0.00310100,27.45000000
2018-03-01 14:20:50,0.00310000,16.34000000
2018-03-01 14:21:01,0.00311100,66.13000000
2018-03-01 14:21:09,0.00310500,2.34000000
2018-03-01 14:21:13,0.00310300,0.49000000
2018-03-01 14:21:28,0.00310400,1.34000000
2018-03-01 14:21:28,0.00310200,8.68000000
2018-03-01 14:21:28,0.00310200,238.55000000
2018-03-01 14:21:28,0.00310900,66.99000000
2018-03-01 14:21:28,0.00311000,55.33000000
2018-03-01 14:21:28,0.00311100,27.27000000
2018-03-01 14:21:29,0.00311000,8.68000000
2018-03-01 14:21:29,0.00311100,70.97000000
2018-03-01 14:21:29,0.00311200,6.73000000
2018-03-01 14:21:29,0.00311300,47.84000000
2018-03-01 14:21:31,0.00310900,1.00000000
2018-03-01 14:21:33,0.00310900,3.21000000
2018-03-01 14:21:43,0.00310200,3.18000000
2018-03-01 14:21:50,0.00310300,8.83000000
2018-03-01 14:21:50,0.00310200,9.67000000
2018-03-01 14:21:50,0.00310100,14.28000000
2018-03-01 14:21:51,0.00310100,22.90000000
2018-03-01 14:21:51,0.00310000,0.02000000
2018-03-01 14:21:56,0.00310700,6.98000000
2018-03-01 14:21:57,0.00310700,1.40000000
2018-03-01 14:21:57,0.00310700,4.70000000
2018-03-01 14:21:57,0.00310700,0.02000000
2018-03-01 14:21:57,0.00310700,0.58000000
2018-03-01 14:22:05,0.00310700,4.12000000
2018-03-01 14:22:11,0.00310700,8.90000000
2018-03-01 14:22:13,0.00310700,2.17000000
2018-03-01 14:22:15,0.00310900,25.00000000
2018-03-01 14:22:20,0.00310800,3.80000000
2018-03-01 14:22:20,0.00310700,0.07000000
2018-03-01 14:22:31,0.00310700,8.75000000
2018-03-01 14:22:31,0.00310900,25.00000000
2018-03-01 14:22:31,0.00310900,2.00000000
2018-03-01 14:22:32,0.00310900,5.00000000
2018-03-01 14:22:35,0.00310900,3.21000000
2018-03-01 14:22:43,0.00310700,8.73000000
2018-03-01 14:22:47,0.00310900,6.91000000
2018-03-01 14:22:49,0.00310900,3.31000000
2018-03-01 14:22:50,0.00310900,16.69000000
2018-03-01 14:22:56,0.00310900,18.09000000
2018-03-01 14:23:00,0.00310700,2.70000000
2018-03-01 14:23:06,0.00310700,3.88000000
2018-03-01 14:23:08,0.00310700,39.32000000
2018-03-01 14:23:08,0.00310300,9.27000000
2018-03-01 14:23:08,0.00310200,26.24000000
2018-03-01 14:23:08,0.00310100,8.37000000
2018-03-01 14:23:12,0.00310200,2.69000000
2018-03-01 14:23:20,0.00310800,9.67000000
2018-03-01 14:23:20,0.00310900,0.94000000
2018-03-01 14:23:20,0.00310900,1.69000000
2018-03-01 14:23:26,0.00310900,58.51000000
2018-03-01 14:23:26,0.00311100,53.54000000
2018-03-01 14:23:28,0.00311100,4.82000000
2018-03-01 14:23:30,0.00311100,3.21000000
2018-03-01 14:23:31,0.00311100,3.21000000
2018-03-01 14:23:32,0.00311100,3.14000000
2018-03-01 14:23:42,0.00310900,44.61000000
2018-03-01 14:23:44,0.00311000,2.00000000
2018-03-01 14:23:45,0.00310900,2.50000000
2018-03-01 14:23:53,0.00310900,3.02000000
2018-03-01 14:23:58,0.00310900,3.00000000
2018-03-01 14:24:02,0.00310900,0.14000000
2018-03-01 14:24:05,0.00310900,8.78000000
2018-03-01 14:24:06,0.00311000,0.15000000
2018-03-01 14:24:09,0.00311000,7.27000000
2018-03-01 14:24:18,0.00311000,92.73000000
2018-03-01 14:24:23,0.00311000,17.67000000
2018-03-01 14:24:24,0.00310900,0.33000000
2018-03-01 14:24:27,0.00310900,5.92000000
2018-03-01 14:24:31,0.00310900,0.57000000
2018-03-01 14:24:32,0.00310900,10.45000000
2018-03-01 14:24:35,0.00310900,10.84000000
2018-03-01 14:24:35,0.00310900,6.63000000
2018-03-01 14:24:38,0.00310900,3.21000000
2018-03-01 14:24:43,0.00310900,36.29000000
2018-03-01 14:24:43,0.00311000,89.38000000
2018-03-01 14:24:43,0.00311300,53.50000000
2018-03-01 14:24:43,0.00311400,76.92000000
2018-03-01 14:24:43,0.00311500,0.65000000
2018-03-01 14:24:43,0.00311600,8.64000000
2018-03-01 14:24:43,0.00311700,16.05000000
2018-03-01 14:24:43,0.00311800,9.36000000
2018-03-01 14:24:43,0.00311900,3.05000000
2018-03-01 14:24:43,0.00312000,1.36000000
2018-03-01 14:24:43,0.00312200,2.68000000
2018-03-01 14:24:43,0.00312300,26.00000000
2018-03-01 14:24:43,0.00312400,3.19000000
2018-03-01 14:24:43,0.00312500,127.50000000
2018-03-01 14:24:43,0.00312700,9.40000000
2018-03-01 14:24:43,0.00312800,4.50000000
2018-03-01 14:24:43,0.00312900,281.15000000
2018-03-01 14:24:43,0.00312900,85.50000000
2018-03-01 14:24:43,0.00313000,3.91000000
2018-03-01 14:24:44,0.00312300,6.06000000
2018-03-01 14:24:45,0.00311100,6.06000000
2018-03-01 14:24:45,0.00311000,40.97000000
2018-03-01 14:24:45,0.00310900,30.43000000
2018-03-01 14:24:45,0.00310800,28.10000000
2018-03-01 14:24:45,0.00310600,26.79000000
2018-03-01 14:24:45,0.00310500,124.74000000
2018-03-01 14:24:45,0.00310300,20.10000000
2018-03-01 14:24:45,0.00310100,22.81000000
2018-03-01 14:24:46,0.00312000,0.01000000
2018-03-01 14:24:46,0.00312000,9.13000000
2018-03-01 14:24:47,0.00310900,3.00000000
2018-03-01 14:24:48,0.00311000,8.64000000
2018-03-01 14:24:48,0.00310900,19.75000000
2018-03-01 14:24:48,0.00310600,120.00000000
2018-03-01 14:24:48,0.00310200,1.61000000
2018-03-01 14:24:48,0.00311700,3.21000000
2018-03-01 14:24:50,0.00310700,4.50000000
2018-03-01 14:24:50,0.00310300,120.00000000
2018-03-01 14:24:50,0.00310200,25.50000000
2018-03-01 14:24:54,0.00310900,4.07000000
2018-03-01 14:24:57,0.00310900,4.07000000
2018-03-01 14:24:58,0.00310900,3.52000000
2018-03-01 14:25:02,0.00310600,0.58000000
2018-03-01 14:25:04,0.00310600,0.82000000
2018-03-01 14:25:10,0.00310600,36.36000000
2018-03-01 14:25:20,0.00310600,0.01000000
2018-03-01 14:25:22,0.00310700,15.13000000
2018-03-01 14:25:23,0.00310800,9.14000000
2018-03-01 14:25:23,0.00311200,1.94000000
2018-03-01 14:25:23,0.00311200,3.18000000
2018-03-01 14:25:23,0.00311200,3.17000000
2018-03-01 14:25:25,0.00311400,3.00000000
2018-03-01 14:25:34,0.00311500,3.21000000
2018-03-01 14:25:42,0.00310900,0.61000000
2018-03-01 14:25:51,0.00311500,2.00000000
2018-03-01 14:26:05,0.00311500,21.59000000
2018-03-01 14:26:08,0.00311500,3.69000000
2018-03-01 14:26:12,0.00311500,3.76000000
2018-03-01 14:26:12,0.00311700,4.08000000
2018-03-01 14:26:13,0.00311700,27.23000000
2018-03-01 14:26:32,0.00311500,3.21000000
2018-03-01 14:26:34,0.00311700,3.21000000
2018-03-01 14:26:38,0.00311300,2.30000000
2018-03-01 14:26:38,0.00311100,0.51000000
2018-03-01 14:26:41,0.00311100,0.47000000
2018-03-01 14:26:51,0.00311200,11.64000000
2018-03-01 14:26:57,0.00311200,1.62000000
2018-03-01 14:26:58,0.00311300,3.82000000
2018-03-01 14:27:00,0.00311300,1.18000000
2018-03-01 14:27:00,0.00311300,26.91000000
2018-03-01 14:27:00,0.00311200,49.00000000
2018-03-01 14:27:00,0.00311100,426.09000000
2018-03-01 14:27:00,0.00311000,59.64000000
2018-03-01 14:27:00,0.00310900,9.39000000
2018-03-01 14:27:00,0.00310700,0.41000000
2018-03-01 14:27:00,0.00310600,40.44000000
2018-03-01 14:27:00,0.00310500,17.31000000
2018-03-01 14:27:00,0.00310400,3.18000000
2018-03-01 14:27:00,0.00310200,106.50000000
2018-03-01 14:27:00,0.00310100,1347.39000000
2018-03-01 14:27:00,0.00310000,1386.27000000
2018-03-01 14:27:02,0.00311300,2.55000000
2018-03-01 14:27:02,0.00311100,24.14000000
2018-03-01 14:27:02,0.00311000,1.60000000
2018-03-01 14:27:03,0.00311000,3.20000000
2018-03-01 14:27:03,0.00311000,4.83000000
2018-03-01 14:27:03,0.00311000,0.01000000
2018-03-01 14:27:03,0.00311300,2.40000000
2018-03-01 14:27:05,0.00311100,3.04000000
2018-03-01 14:27:09,0.00311100,12.97000000
2018-03-01 14:27:10,0.00311100,1.95000000
2018-03-01 14:27:12,0.00311100,6.70000000
2018-03-01 14:27:12,0.00311100,5.87000000
2018-03-01 14:27:13,0.00310800,0.27000000
2018-03-01 14:27:14,0.00311100,4.04000000
2018-03-01 14:27:17,0.00311100,0.51000000
2018-03-01 14:27:18,0.00311100,3.02000000
2018-03-01 14:27:20,0.00311100,0.01000000
2018-03-01 14:27:24,0.00311100,1.00000000
2018-03-01 14:27:28,0.00311400,3.21000000
2018-03-01 14:27:29,0.00311100,1.34000000
2018-03-01 14:27:29,0.00311000,1.66000000
2018-03-01 14:27:32,0.00311400,1.00000000
2018-03-01 14:27:34,0.00311400,2.23000000
2018-03-01 14:27:35,0.00311400,131.34000000
2018-03-01 14:27:35,0.00311400,120.00000000
2018-03-01 14:27:35,0.00311400,60.00000000
2018-03-01 14:27:36,0.00311400,0.44000000
2018-03-01 14:27:48,0.00311600,0.64000000
2018-03-01 14:27:48,0.00312000,26.91000000
2018-03-01 14:27:48,0.00312100,56.41000000
2018-03-01 14:27:48,0.00312400,17.32000000
2018-03-01 14:27:48,0.00312500,1.03000000
2018-03-01 14:27:48,0.00312800,3.18000000
2018-03-01 14:27:48,0.00312900,129.46000000
2018-03-01 14:27:48,0.00312900,72.82000000
2018-03-01 14:27:49,0.00311400,16.08000000
2018-03-01 14:27:50,0.00311500,2.41000000
2018-03-01 14:27:50,0.00311600,9.35000000
2018-03-01 14:27:50,0.00311500,6.73000000
2018-03-01 14:27:52,0.00311600,16.08000000
2018-03-01 14:27:53,0.00311700,16.08000000
2018-03-01 14:27:54,0.00311700,1.20000000
2018-03-01 14:27:55,0.00311700,11.43000000
2018-03-01 14:27:55,0.00311600,4.65000000
2018-03-01 14:27:55,0.00311600,1.20000000
2018-03-01 14:27:58,0.00311600,3.22000000
2018-03-01 14:27:59,0.00311600,3.22000000
2018-03-01 14:28:01,0.00312000,0.38000000
2018-03-01 14:28:04,0.00311600,91.63000000
2018-03-01 14:28:05,0.00311600,72.82000000
2018-03-01 14:28:10,0.00311400,3.52000000
2018-03-01 14:28:14,0.00311400,2.03000000
2018-03-01 14:28:22,0.00311500,2.00000000
2018-03-01 14:28:29,0.00311500,1.25000000
2018-03-01 14:28:30,0.00311600,5.25000000
2018-03-01 14:28:32,0.00311600,16.08000000
2018-03-01 14:28:33,0.00311600,3.22000000
2018-03-01 14:28:35,0.00311600,3.22000000
2018-03-01 14:28:39,0.00311700,3.21000000
2018-03-01 14:28:44,0.00311700,6.41000000
2018-03-01 14:28:44,0.00311600,1.20000000
2018-03-01 14:28:45,0.00311700,6.25000000
2018-03-01 14:28:47,0.00311700,2.17000000
2018-03-01 14:28:50,0.00311700,11.88000000
2018-03-01 14:28:50,0.00311800,12.26000000
2018-03-01 14:28:51,0.00311800,0.99000000
2018-03-01 14:28:51,0.00311800,4.00000000
2018-03-01 14:28:51,0.00311800,16.04000000
2018-03-01 14:28:52,0.00311900,4.15000000
2018-03-01 14:28:53,0.00311900,5.45000000
2018-03-01 14:28:56,0.00311900,0.02000000
2018-03-01 14:28:56,0.00311800,16.02000000
2018-03-01 14:28:57,0.00311800,3.20000000
2018-03-01 14:28:57,0.00312000,0.67000000
2018-03-01 14:28:58,0.00312000,0.51000000
2018-03-01 14:28:58,0.00312000,13.82000000
2018-03-01 14:28:58,0.00311800,0.33000000
2018-03-01 14:28:58,0.00311800,3.21000000
2018-03-01 14:29:00,0.00311800,5.30000000
2018-03-01 14:29:06,0.00311600,0.35000000
2018-03-01 14:29:06,0.00311600,1.80000000
2018-03-01 14:29:07,0.00311600,0.36000000
2018-03-01 14:29:08,0.00311600,16.05000000
2018-03-01 14:29:15,0.00311600,1.32000000
2018-03-01 14:29:20,0.00311600,16.05000000
2018-03-01 14:29:24,0.00311600,149.93000000
2018-03-01 14:29:24,0.00311500,125.59000000
2018-03-01 14:29:26,0.00312000,3.20000000
2018-03-01 14:29:29,0.00311400,226.35000000
2018-03-01 14:29:29,0.00311300,0.64000000
2018-03-01 14:29:29,0.00311200,2.76000000
2018-03-01 14:29:35,0.00311500,5.94000000
2018-03-01 14:29:37,0.00311600,0.71000000
2018-03-01 14:29:37,0.00311600,0.81000000
2018-03-01 14:29:40,0.00311600,3.48000000
2018-03-01 14:29:52,0.00311900,1.00000000
2018-03-01 14:29:53,0.00311600,8.99000000
2018-03-01 14:29:53,0.00311600,1.01000000
2018-03-01 14:29:53,0.00311900,32.21000000
2018-03-01 14:29:54,0.00311900,1.12000000
2018-03-01 14:29:57,0.00311900,0.02000000
2018-03-01 14:30:04,0.00311900,5.77000000
2018-03-01 14:30:04,0.00311900,3.54000000
2018-03-01 14:30:04,0.00311900,2.87000000
2018-03-01 14:30:04,0.00311900,2.14000000
2018-03-01 14:30:04,0.00311900,16.07000000
2018-03-01 14:30:05,0.00311900,11.25000000
2018-03-01 14:30:05,0.00311900,0.35000000
2018-03-01 14:30:05,0.00311900,24.35000000
2018-03-01 14:30:06,0.00311900,16.07000000
2018-03-01 14:30:06,0.00312000,80.16000000
2018-03-01 14:30:07,0.00311900,3.21000000
2018-03-01 14:30:08,0.00311900,3.21000000
2018-03-01 14:30:09,0.00311900,3.21000000
2018-03-01 14:30:10,0.00311900,3.21000000
2018-03-01 14:30:12,0.00311900,3.21000000
2018-03-01 14:30:13,0.00311900,3.21000000
2018-03-01 14:30:18,0.00312200,0.41000000
2018-03-01 14:30:18,0.00312200,8.36000000
2018-03-01 14:30:18,0.00311900,3.21000000
2018-03-01 14:30:21,0.00312700,0.64000000
2018-03-01 14:30:21,0.00312800,32.15000000
2018-03-01 14:30:21,0.00312900,42.21000000
2018-03-01 14:30:22,0.00312000,3.21000000
2018-03-01 14:30:22,0.00311900,0.15000000
2018-03-01 14:30:22,0.00311600,0.16000000
2018-03-01 14:30:24,0.00311900,2.30000000
2018-03-01 14:30:26,0.00311900,14.70000000
2018-03-01 14:30:30,0.00311900,9.45000000
2018-03-01 14:30:30,0.00311800,15.00000000
2018-03-01 14:30:30,0.00311500,5.00000000
2018-03-01 14:30:30,0.00311400,122.30000000
2018-03-01 14:30:30,0.00311300,9.00000000
2018-03-01 14:30:30,0.00311200,11.90000000
2018-03-01 14:30:30,0.00311100,2.00000000
2018-03-01 14:30:30,0.00311000,19.80000000
2018-03-01 14:30:30,0.00310900,10.00000000
2018-03-01 14:30:30,0.00310700,0.72000000
2018-03-01 14:30:30,0.00310600,32.19000000
2018-03-01 14:30:30,0.00310500,144.41000000
2018-03-01 14:30:30,0.00310400,32.21000000
2018-03-01 14:30:30,0.00310300,35.44000000
2018-03-01 14:30:30,0.00310200,26.58000000
2018-03-01 14:30:30,0.00310100,0.80000000
2018-03-01 14:30:30,0.00310000,96.71000000
2018-03-01 14:30:30,0.00310300,3.21000000
2018-03-01 14:30:30,0.00311500,23.56000000
2018-03-01 14:30:30,0.00311200,3.98000000
2018-03-01 14:30:33,0.00310700,0.04000000
2018-03-01 14:30:34,0.00311100,0.51000000
2018-03-01 14:30:35,0.00311100,2.70000000
2018-03-01 14:30:35,0.00310700,2.57000000
2018-03-01 14:30:35,0.00310100,0.43000000
2018-03-01 14:30:36,0.00311000,1.38000000
2018-03-01 14:30:37,0.00310800,3.05000000
2018-03-01 14:30:38,0.00310900,1.16000000
2018-03-01 14:30:39,0.00310900,10.44000000
2018-03-01 14:30:39,0.00310900,1.29000000
2018-03-01 14:30:39,0.00310900,19.33000000
2018-03-01 14:30:39,0.00310800,9.60000000
2018-03-01 14:30:39,0.00310800,0.01000000
2018-03-01 14:30:39,0.00311000,0.02000000
2018-03-01 14:30:39,0.00311200,28.23000000
2018-03-01 14:30:40,0.00311200,8.62000000
2018-03-01 14:30:47,0.00311200,9.99000000
2018-03-01 14:30:48,0.00311600,26.77000000
2018-03-01 14:30:48,0.00311700,3.22000000
2018-03-01 14:30:48,0.00311800,1.52000000
2018-03-01 14:30:48,0.00311900,4.81000000
2018-03-01 14:30:48,0.00312100,4.88000000
2018-03-01 14:30:49,0.00312100,3.00000000
2018-03-01 14:30:59,0.00312000,10.27000000
2018-03-01 14:30:59,0.00312100,2.00000000
2018-03-01 14:30:59,0.00312400,12.73000000
2018-03-01 14:30:59,0.00311800,0.74000000
2018-03-01 14:31:02,0.00311900,9.61000000
2018-03-01 14:31:02,0.00311800,8.22000000
2018-03-01 14:31:04,0.00312100,0.51000000
2018-03-01 14:31:04,0.00312100,1.09000000
2018-03-01 14:31:04,0.00312100,8.82000000
2018-03-01 14:31:04,0.00312100,1.67000000
2018-03-01 14:31:05,0.00312100,4.79000000
2018-03-01 14:31:07,0.00312700,3.19000000
2018-03-01 14:31:16,0.00312200,1.58000000
2018-03-01 14:31:19,0.00312200,1.10000000
2018-03-01 14:31:19,0.00312200,1.09000000
2018-03-01 14:31:19,0.00311900,2.00000000
2018-03-01 14:31:19,0.00311800,0.68000000
2018-03-01 14:31:27,0.00312000,0.51000000
2018-03-01 14:31:27,0.00312000,0.81000000
2018-03-01 14:31:27,0.00312000,3.20000000
2018-03-01 14:31:32,0.00311600,2.59000000
2018-03-01 14:31:38,0.00311900,0.58000000
2018-03-01 14:31:47,0.00311800,10.14000000
2018-03-01 14:31:47,0.00311700,26.78000000
2018-03-01 14:31:47,0.00311600,109.45000000
2018-03-01 14:31:50,0.00312300,3.18000000
2018-03-01 14:32:09,0.00312000,2.50000000
2018-03-01 14:32:22,0.00312000,1.10000000
2018-03-01 14:32:28,0.00312000,2.40000000
2018-03-01 14:32:32,0.00312200,23.87000000
2018-03-01 14:32:34,0.00312200,4.87000000
2018-03-01 14:32:35,0.00312200,3.20000000
2018-03-01 14:32:36,0.00312200,23.87000000
2018-03-01 14:32:39,0.00312200,23.87000000
2018-03-01 14:32:45,0.00312200,2.55000000
2018-03-01 14:32:51,0.00312200,9.61000000
2018-03-01 14:32:54,0.00312200,0.33000000
2018-03-01 14:32:55,0.00312100,9.61000000
2018-03-01 14:32:55,0.00312200,10.00000000
2018-03-01 14:33:00,0.00312000,4.82000000
2018-03-01 14:33:02,0.00312000,7.29000000
2018-03-01 14:33:07,0.00312000,7.63000000
2018-03-01 14:33:11,0.00311900,1.12000000
2018-03-01 14:33:16,0.00311900,35.83000000
2018-03-01 14:33:16,0.00312000,17.52000000
2018-03-01 14:33:17,0.00311700,0.58000000
2018-03-01 14:33:18,0.00311700,0.67000000
2018-03-01 14:33:19,0.00312000,32.10000000
2018-03-01 14:33:19,0.00312000,14.08000000
2018-03-01 14:33:31,0.00311900,1.50000000
2018-03-01 14:33:33,0.00311900,3.20000000
2018-03-01 14:33:36,0.00311900,1.38000000
2018-03-01 14:33:44,0.00311900,20.77000000
2018-03-01 14:33:50,0.00311900,0.56000000
2018-03-01 14:33:56,0.00311900,7.77000000
2018-03-01 14:33:57,0.00311900,2.97000000
2018-03-01 14:34:03,0.00311900,278.14000000
2018-03-01 14:34:12,0.00311900,9.57000000
2018-03-01 14:34:20,0.00312000,1.61000000
2018-03-01 14:34:31,0.00311900,6.00000000
2018-03-01 14:34:31,0.00312000,48.73000000
2018-03-01 14:34:34,0.00312000,3.20000000
2018-03-01 14:34:34,0.00312000,3.20000000
2018-03-01 14:34:39,0.00312000,9.61000000
2018-03-01 14:34:41,0.00312000,54.41000000
2018-03-01 14:34:50,0.00312100,9.61000000
2018-03-01 14:34:50,0.00312200,15.39000000
2018-03-01 14:34:51,0.00312000,3.55000000
2018-03-01 14:34:52,0.00311900,102.90000000
2018-03-01 14:34:54,0.00312200,42.75000000
2018-03-01 14:34:55,0.00312000,23.38000000
2018-03-01 14:34:55,0.00311900,114.95000000
2018-03-01 14:34:56,0.00311900,16.00000000
2018-03-01 14:35:08,0.00312200,24.30000000
2018-03-01 14:35:12,0.00312200,3.46000000
2018-03-01 14:35:14,0.00312000,41.96000000
2018-03-01 14:35:14,0.00312000,0.81000000
2018-03-01 14:35:17,0.00312100,0.50000000
2018-03-01 14:35:18,0.00312200,0.40000000
2018-03-01 14:35:19,0.00312100,0.03000000
2018-03-01 14:35:19,0.00312000,0.89000000
2018-03-01 14:35:23,0.00312100,8.61000000
2018-03-01 14:35:25,0.00312100,2.89000000
2018-03-01 14:35:29,0.00312200,4.73000000
2018-03-01 14:35:35,0.00312000,1.00000000
2018-03-01 14:35:38,0.00312100,9.61000000
2018-03-01 14:35:44,0.00312100,0.13000000
2018-03-01 14:35:44,0.00312000,1.21000000
2018-03-01 14:35:48,0.00312100,80.00000000
2018-03-01 14:35:52,0.00312000,1.44000000
2018-03-01 14:35:54,0.00312000,1.15000000
2018-03-01 14:36:02,0.00312100,0.70000000
2018-03-01 14:36:07,0.00312200,1.99000000
2018-03-01 14:36:09,0.00312100,9.61000000
2018-03-01 14:36:11,0.00312000,9.61000000
2018-03-01 14:36:14,0.00312200,5.61000000
2018-03-01 14:36:18,0.00312000,10.13000000
2018-03-01 14:36:20,0.00311900,52.27000000
2018-03-01 14:36:23,0.00312100,0.85000000
2018-03-01 14:36:27,0.00312100,4.80000000
2018-03-01 14:36:29,0.00312100,9.61000000
2018-03-01 14:36:37,0.00312100,20.14000000
2018-03-01 14:36:38,0.00312000,15.36000000
2018-03-01 14:36:38,0.00312000,18.46000000
2018-03-01 14:36:39,0.00312000,21.65000000
2018-03-01 14:36:46,0.00312000,9.00000000
2018-03-01 14:36:48,0.00312100,25.00000000
2018-03-01 14:36:50,0.00312100,9.83000000
2018-03-01 14:36:50,0.00312000,33.00000000
2018-03-01 14:36:51,0.00312100,9.61000000
2018-03-01 14:36:57,0.00312100,8.84000000
2018-03-01 14:36:58,0.00312100,16.01000000
2018-03-01 14:36:59,0.00312100,13.46000000
2018-03-01 14:36:59,0.00312100,5.53000000
2018-03-01 14:37:00,0.00312000,13.46000000
2018-03-01 14:37:01,0.00312000,13.46000000
2018-03-01 14:37:07,0.00312200,9.61000000
2018-03-01 14:37:08,0.00312100,28.24000000
2018-03-01 14:37:09,0.00312200,7.77000000
2018-03-01 14:37:11,0.00312200,9.57000000
2018-03-01 14:37:12,0.00312200,9.57000000
2018-03-01 14:37:13,0.00312200,95.87000000
2018-03-01 14:37:13,0.00312200,5.77000000
2018-03-01 14:37:13,0.00312200,9.57000000
2018-03-01 14:37:15,0.00312100,18.31000000
2018-03-01 14:37:16,0.00312100,1.25000000
2018-03-01 14:37:19,0.00312200,8.72000000
2018-03-01 14:37:21,0.00312200,9.61000000
2018-03-01 14:37:23,0.00312200,1.28000000
2018-03-01 14:37:23,0.00312200,8.51000000
2018-03-01 14:37:24,0.00312100,17.17000000
2018-03-01 14:37:25,0.00311900,118.79000000
2018-03-01 14:37:25,0.00312200,1.28000000
2018-03-01 14:37:25,0.00312200,2.01000000
2018-03-01 14:37:27,0.00312200,5.30000000
2018-03-01 14:37:28,0.00312200,10.00000000
2018-03-01 14:37:29,0.00312200,95.87000000
2018-03-01 14:37:31,0.00312300,3.20000000
2018-03-01 14:37:31,0.00312200,2.96000000
2018-03-01 14:37:32,0.00311900,2.75000000
2018-03-01 14:37:33,0.00312300,6.32000000
2018-03-01 14:37:44,0.00312300,16.60000000
2018-03-01 14:37:45,0.00312000,1.01000000
2018-03-01 14:37:52,0.00312100,0.92000000
2018-03-01 14:37:53,0.00312400,6.98000000
2018-03-01 14:38:02,0.00312300,1.61000000
2018-03-01 14:38:03,0.00312300,8.83000000
2018-03-01 14:38:03,0.00312400,9.19000000
2018-03-01 14:38:06,0.00312400,0.79000000
2018-03-01 14:38:19,0.00312100,16.02000000
2018-03-01 14:38:20,0.00312100,16.02000000
2018-03-01 14:38:23,0.00312200,9.61000000
2018-03-01 14:38:23,0.00312100,6.41000000
2018-03-01 14:38:26,0.00312400,51.08000000
2018-03-01 14:38:28,0.00312200,2.00000000
2018-03-01 14:38:28,0.00312100,11.90000000
2018-03-01 14:38:28,0.00311900,2.13000000
2018-03-01 14:38:28,0.00311900,13.13000000
2018-03-01 14:38:34,0.00312000,0.59000000
2018-03-01 14:38:34,0.00311900,18.84000000
2018-03-01 14:38:48,0.00312200,3.20000000
2018-03-01 14:38:49,0.00311900,3.69000000
2018-03-01 14:38:54,0.00312200,1.28000000
2018-03-01 14:38:55,0.00311900,3.00000000
2018-03-01 14:38:57,0.00312200,1.28000000
2018-03-01 14:39:03,0.00311900,48.68000000
2018-03-01 14:39:07,0.00312200,1.10000000
2018-03-01 14:39:08,0.00312000,9.61000000
2018-03-01 14:39:08,0.00311900,9.12000000
2018-03-01 14:39:10,0.00311900,160.00000000
2018-03-01 14:39:13,0.00312200,6.61000000
2018-03-01 14:39:23,0.00312200,1.81000000
2018-03-01 14:39:28,0.00311900,6.31000000
2018-03-01 14:39:31,0.00312200,3.20000000
2018-03-01 14:39:31,0.00311900,109.45000000
2018-03-01 14:39:33,0.00311900,37.00000000
2018-03-01 14:39:51,0.00311900,108.40000000
2018-03-01 14:39:51,0.00311800,11.73000000
2018-03-01 14:39:51,0.00311700,140.61000000
2018-03-01 14:40:00,0.00312100,0.66000000
2018-03-01 14:40:08,0.00312000,9.56000000
2018-03-01 14:40:08,0.00312100,0.04000000
2018-03-01 14:40:11,0.00312100,0.70000000
2018-03-01 14:40:20,0.00312000,15.91000000
2018-03-01 14:40:20,0.00312100,36.10000000
2018-03-01 14:40:27,0.00312100,16.15000000
2018-03-01 14:40:27,0.00311700,2.65000000
2018-03-01 14:40:30,0.00312100,0.04000000
2018-03-01 14:40:30,0.00312100,0.20000000
2018-03-01 14:40:31,0.00312200,0.38000000
2018-03-01 14:40:36,0.00312200,5.41000000
2018-03-01 14:40:37,0.00312100,0.78000000
2018-03-01 14:40:38,0.00311900,1.00000000
2018-03-01 14:40:41,0.00311900,3.72000000
2018-03-01 14:40:44,0.00311900,18.55000000
2018-03-01 14:40:47,0.00311900,3.20000000
2018-03-01 14:40:50,0.00311700,1.61000000
2018-03-01 14:40:53,0.00311900,1.00000000
2018-03-01 14:40:55,0.00311600,0.04000000
2018-03-01 14:40:55,0.00311900,25.89000000
2018-03-01 14:40:55,0.00311900,1.94000000
2018-03-01 14:40:57,0.00311600,1.26000000
2018-03-01 14:40:57,0.00311500,1.35000000
2018-03-01 14:40:57,0.00311400,5.31000000
2018-03-01 14:40:58,0.00311500,32.10000000
2018-03-01 14:40:58,0.00311500,7.95000000
2018-03-01 14:40:58,0.00311400,1.57000000
2018-03-01 14:40:59,0.00311400,3.00000000
2018-03-01 14:41:01,0.00311400,7.57000000
2018-03-01 14:41:01,0.00311400,1.29000000
2018-03-01 14:41:03,0.00311400,0.78000000
2018-03-01 14:41:04,0.00311200,0.71000000
2018-03-01 14:41:04,0.00311000,20.61000000
2018-03-01 14:41:04,0.00310900,0.40000000
2018-03-01 14:41:04,0.00310800,7.55000000
2018-03-01 14:41:04,0.00310600,32.99000000
2018-03-01 14:41:04,0.00310500,4.50000000
2018-03-01 14:41:04,0.00310400,8.15000000
2018-03-01 14:41:04,0.00310300,164.11000000
2018-03-01 14:41:04,0.00310100,264.97000000
2018-03-01 14:41:04,0.00310000,509.33000000
2018-03-01 14:41:04,0.00310000,106.26000000
2018-03-01 14:41:04,0.00311300,4.95000000
2018-03-01 14:41:04,0.00311500,25.00000000
2018-03-01 14:41:05,0.00311500,0.51000000
2018-03-01 14:41:05,0.00311500,0.51000000
2018-03-01 14:41:05,0.00311400,18.74000000
2018-03-01 14:41:06,0.00311500,10.34000000
2018-03-01 14:41:06,0.00311500,8.40000000
2018-03-01 14:41:06,0.00311500,11.43000000
2018-03-01 14:41:06,0.00311500,1.50000000
2018-03-01 14:41:07,0.00311500,6.70000000
2018-03-01 14:41:07,0.00311500,0.01000000
2018-03-01 14:41:07,0.00311800,4.50000000
2018-03-01 14:41:07,0.00311800,1.94000000
2018-03-01 14:41:09,0.00311800,12.83000000
2018-03-01 14:41:11,0.00311800,12.83000000
2018-03-01 14:41:13,0.00311800,12.83000000
2018-03-01 14:41:15,0.00311800,9.53000000
2018-03-01 14:41:17,0.00311800,1.31000000
2018-03-01 14:41:19,0.00311800,11.87000000
2018-03-01 14:41:21,0.00311800,11.87000000
2018-03-01 14:41:23,0.00311700,4.27000000
2018-03-01 14:41:24,0.00311700,1.54000000
2018-03-01 14:41:25,0.00311700,34.36000000
2018-03-01 14:41:26,0.00311700,9.56000000
2018-03-01 14:41:26,0.00311800,5.00000000
2018-03-01 14:41:37,0.00311700,30.13000000
2018-03-01 14:41:40,0.00311700,22.60000000
2018-03-01 14:41:46,0.00311700,6.85000000
2018-03-01 14:41:47,0.00311700,44.00000000
2018-03-01 14:41:50,0.00311700,4.00000000
2018-03-01 14:41:50,0.00311700,2.00000000
2018-03-01 14:42:01,0.00311700,25.48000000
2018-03-01 14:42:02,0.00311700,1.69000000
2018-03-01 14:42:10,0.00311700,1.02000000
2018-03-01 14:42:12,0.00311700,0.84000000
2018-03-01 14:42:13,0.00311700,0.93000000
2018-03-01 14:42:16,0.00311700,0.51000000
2018-03-01 14:42:16,0.00311700,36.00000000
2018-03-01 14:42:22,0.00311700,3.80000000
2018-03-01 14:42:22,0.00311700,54.85000000
2018-03-01 14:42:24,0.00311600,0.51000000
2018-03-01 14:42:26,0.00311600,0.54000000
2018-03-01 14:42:26,0.00311600,37.78000000
2018-03-01 14:42:29,0.00311600,0.35000000
2018-03-01 14:42:30,0.00311600,54.84000000
2018-03-01 14:42:30,0.00311600,1.28000000
2018-03-01 14:42:30,0.00311600,0.54000000
2018-03-01 14:42:30,0.00311600,46.14000000
2018-03-01 14:42:33,0.00311600,0.36000000
2018-03-01 14:42:34,0.00311600,3.10000000
2018-03-01 14:42:34,0.00311600,0.89000000
2018-03-01 14:42:34,0.00311600,3.20000000
2018-03-01 14:42:34,0.00311600,6.52000000
2018-03-01 14:42:36,0.00311300,1.34000000
2018-03-01 14:42:36,0.00311200,21.91000000
2018-03-01 14:42:36,0.00311100,9.64000000
2018-03-01 14:42:36,0.00311000,446.78000000
2018-03-01 14:42:36,0.00311000,93.84000000
2018-03-01 14:42:36,0.00311600,0.51000000
2018-03-01 14:42:37,0.00311600,5.28000000
2018-03-01 14:42:37,0.00311600,309.27000000
2018-03-01 14:42:39,0.00311500,6.11000000
2018-03-01 14:42:41,0.00311500,0.51000000
2018-03-01 14:42:41,0.00311500,1.28000000
2018-03-01 14:42:42,0.00311500,1.72000000
2018-03-01 14:42:43,0.00311500,0.02000000
2018-03-01 14:42:44,0.00311600,4.40000000
2018-03-01 14:42:44,0.00311600,36.42000000
2018-03-01 14:42:45,0.00311600,8.00000000
2018-03-01 14:42:46,0.00311600,16.05000000
2018-03-01 14:42:48,0.00311600,0.51000000
2018-03-01 14:42:50,0.00311600,12.00000000
2018-03-01 14:42:52,0.00311600,0.88000000
2018-03-01 14:42:56,0.00311500,1.26000000
2018-03-01 14:42:56,0.00311500,5.08000000
2018-03-01 14:42:57,0.00311500,0.01000000
2018-03-01 14:42:57,0.00311600,33.99000000
2018-03-01 14:42:58,0.00311600,3.37000000
2018-03-01 14:43:02,0.00311600,6.47000000
2018-03-01 14:43:05,0.00311600,0.51000000
2018-03-01 14:43:06,0.00311600,4.40000000
2018-03-01 14:43:07,0.00311600,9.49000000
2018-03-01 14:43:09,0.00311500,17.01000000
2018-03-01 14:43:10,0.00311500,2.06000000
2018-03-01 14:43:12,0.00311500,0.60000000
2018-03-01 14:43:12,0.00311500,6.71000000
2018-03-01 14:43:13,0.00311500,8.38000000
2018-03-01 14:43:15,0.00311500,3.66000000
2018-03-01 14:43:16,0.00311500,3.20000000
2018-03-01 14:43:17,0.00311600,6.85000000
2018-03-01 14:43:22,0.00311500,12.10000000
2018-03-01 14:43:23,0.00311500,7.22000000
2018-03-01 14:43:24,0.00311500,5.17000000
2018-03-01 14:43:26,0.00311500,0.36000000
2018-03-01 14:43:26,0.00311500,18.15000000
2018-03-01 14:43:26,0.00311600,10.85000000
2018-03-01 14:43:34,0.00311600,0.35000000
2018-03-01 14:43:44,0.00311600,23.61000000
2018-03-01 14:43:46,0.00311700,0.80000000
2018-03-01 14:43:48,0.00311700,8.91000000
2018-03-01 14:43:52,0.00311700,15.27000000
2018-03-01 14:43:55,0.00311700,5.23000000
2018-03-01 14:44:06,0.00311700,0.74000000
2018-03-01 14:44:07,0.00311600,4.53000000
2018-03-01 14:44:10,0.00311700,12.83000000
2018-03-01 14:44:11,0.00311700,9.00000000
2018-03-01 14:44:12,0.00311700,5.58000000
2018-03-01 14:44:13,0.00311600,2.59000000
2018-03-01 14:44:14,0.00311700,5.58000000
2018-03-01 14:44:23,0.00311700,5.07000000
2018-03-01 14:44:25,0.00311700,0.34000000
2018-03-01 14:44:34,0.00311600,17.27000000
2018-03-01 14:44:37,0.00311600,1.45000000
2018-03-01 14:44:37,0.00311200,9.99000000
2018-03-01 14:44:41,0.00311500,2.56000000
2018-03-01 14:45:00,0.00311500,32.09000000
2018-03-01 14:45:01,0.00311500,54.82000000
2018-03-01 14:45:03,0.00311500,21.26000000
2018-03-01 14:45:07,0.00311500,0.01000000
2018-03-01 14:45:13,0.00311500,11.00000000
2018-03-01 14:45:18,0.00311600,0.44000000
2018-03-01 14:45:27,0.00311600,6.80000000
2018-03-01 14:45:41,0.00311600,7.03000000
2018-03-01 14:45:43,0.00311500,47.58000000
2018-03-01 14:45:44,0.00311500,8.52000000
2018-03-01 14:45:44,0.00311500,7.24000000
2018-03-01 14:45:44,0.00311500,1.29000000
2018-03-01 14:45:46,0.00311600,95.88000000
2018-03-01 14:45:48,0.00311500,16.05000000
2018-03-01 14:45:49,0.00311500,6.01000000
2018-03-01 14:45:50,0.00311700,31.41000000
2018-03-01 14:45:51,0.00311700,0.36000000
2018-03-01 14:45:52,0.00311700,3.00000000
2018-03-01 14:45:53,0.00311500,1.16000000
2018-03-01 14:46:02,0.00311700,59.97000000
2018-03-01 14:46:02,0.00311700,2.43000000
2018-03-01 14:46:05,0.00311600,15.98000000
2018-03-01 14:46:06,0.00311600,9.63000000
2018-03-01 14:46:08,0.00311600,10.00000000
2018-03-01 14:46:22,0.00311600,5.30000000
2018-03-01 14:46:32,0.00311600,6.54000000
2018-03-01 14:46:35,0.00311600,0.35000000
2018-03-01 14:46:40,0.00311500,5.14000000
2018-03-01 14:46:40,0.00311100,9.38000000
2018-03-01 14:46:40,0.00311000,349.66000000
2018-03-01 14:46:41,0.00311000,4.61000000
2018-03-01 14:46:41,0.00310900,9.64000000
2018-03-01 14:46:41,0.00310800,48.66000000
2018-03-01 14:46:41,0.00310700,0.40000000
2018-03-01 14:46:41,0.00310500,40.00000000
2018-03-01 14:46:41,0.00310400,3.18000000
2018-03-01 14:46:41,0.00310200,41.49000000
2018-03-01 14:46:42,0.00311600,1.02000000
2018-03-01 14:46:43,0.00311200,1.94000000
2018-03-01 14:46:43,0.00311100,1.06000000
2018-03-01 14:46:44,0.00311600,35.66000000
2018-03-01 14:46:44,0.00311100,0.49000000
2018-03-01 14:46:47,0.00311700,1.45000000
2018-03-01 14:46:50,0.00311700,3.40000000
2018-03-01 14:46:55,0.00311600,0.31000000
2018-03-01 14:46:56,0.00311100,3.69000000
2018-03-01 14:46:59,0.00311600,15.39000000
2018-03-01 14:46:59,0.00311700,6.21000000
2018-03-01 14:47:01,0.00311700,0.03000000
2018-03-01 14:47:01,0.00311800,2.97000000
2018-03-01 14:47:01,0.00311800,0.02000000
2018-03-01 14:47:10,0.00311700,19.37000000
2018-03-01 14:47:10,0.00311800,3.20000000
2018-03-01 14:47:10,0.00311800,15.81000000
2018-03-01 14:47:10,0.00311800,0.76000000
2018-03-01 14:47:10,0.00311800,3.20000000
2018-03-01 14:47:10,0.00311800,15.84000000
2018-03-01 14:47:11,0.00311800,6.69000000
2018-03-01 14:47:11,0.00311700,3.20000000
2018-03-01 14:47:12,0.00311700,10.65000000
2018-03-01 14:47:12,0.00311200,20.35000000
2018-03-01 14:47:12,0.00311000,9.58000000
2018-03-01 14:47:12,0.00310500,3.05000000
2018-03-01 14:47:12,0.00310300,31.37000000
2018-03-01 14:47:17,0.00311500,1.04000000
2018-03-01 14:47:18,0.00311100,2.04000000
2018-03-01 14:47:18,0.00311100,3.45000000
2018-03-01 14:47:24,0.00310500,16.26000000
2018-03-01 14:47:24,0.00310400,1.61000000
2018-03-01 14:47:24,0.00310300,10.64000000
2018-03-01 14:47:24,0.00311000,0.97000000
2018-03-01 14:47:24,0.00311100,0.01000000
2018-03-01 14:47:24,0.00311200,3.05000000
2018-03-01 14:47:24,0.00311300,13.95000000
2018-03-01 14:47:24,0.00311600,1.39000000
2018-03-01 14:47:27,0.00310800,3.21000000
2018-03-01 14:47:27,0.00310800,1.30000000
2018-03-01 14:47:27,0.00311600,22.20000000
2018-03-01 14:47:27,0.00311700,2.80000000
2018-03-01 14:47:32,0.00311000,9.64000000
2018-03-01 14:47:32,0.00310900,5.27000000
2018-03-01 14:47:37,0.00310900,2.41000000
2018-03-01 14:47:37,0.00310800,2.65000000
2018-03-01 14:47:46,0.00311400,1.28000000
2018-03-01 14:47:53,0.00311400,8.36000000
2018-03-01 14:47:53,0.00311500,16.64000000
2018-03-01 14:47:54,0.00311400,0.85000000
2018-03-01 14:47:54,0.00311400,1.07000000
2018-03-01 14:48:02,0.00310900,0.96000000
2018-03-01 14:48:03,0.00310900,6.69000000
2018-03-01 14:48:14,0.00311400,11.77000000
2018-03-01 14:48:17,0.00311500,2.39000000
2018-03-01 14:48:17,0.00311600,3.52000000
2018-03-01 14:48:21,0.00311500,0.92000000
2018-03-01 14:48:22,0.00311500,1.47000000
2018-03-01 14:48:26,0.00311500,280.46000000
2018-03-01 14:48:26,0.00311200,10.05000000
2018-03-01 14:48:26,0.00311100,5.00000000
2018-03-01 14:48:26,0.00311000,5.14000000
2018-03-01 14:48:26,0.00310900,4.76000000
2018-03-01 14:48:26,0.00310800,39.66000000
2018-03-01 14:48:26,0.00310700,9.65000000
2018-03-01 14:48:26,0.00310600,19.98000000
2018-03-01 14:48:26,0.00310400,474.23000000
2018-03-01 14:48:26,0.00310400,3.21000000
2018-03-01 14:48:26,0.00310400,11.78000000
2018-03-01 14:48:26,0.00310400,11.78000000
2018-03-01 14:48:26,0.00310400,53.28000000
2018-03-01 14:48:26,0.00310400,3.00000000
2018-03-01 14:48:26,0.00310400,23.52000000
2018-03-01 14:48:27,0.00310400,3.21000000
2018-03-01 14:48:28,0.00311500,9.65000000
2018-03-01 14:48:28,0.00311600,24.93000000
2018-03-01 14:48:35,0.00311400,0.55000000
2018-03-01 14:49:01,0.00311400,0.79000000
2018-03-01 14:49:12,0.00311000,1.61000000
2018-03-01 14:49:12,0.00311400,20.73000000
2018-03-01 14:49:12,0.00311500,111.78000000
2018-03-01 14:49:16,0.00311500,5.02000000
2018-03-01 14:49:25,0.00311500,12.13000000
2018-03-01 14:49:25,0.00311600,7.85000000
2018-03-01 14:49:26,0.00311600,1.48000000
2018-03-01 14:49:27,0.00311000,1.60000000
2018-03-01 14:49:27,0.00310900,2.37000000
2018-03-01 14:49:27,0.00310700,4.41000000
2018-03-01 14:49:38,0.00311500,4.41000000
2018-03-01 14:49:38,0.00311600,15.59000000
2018-03-01 14:49:42,0.00311600,0.01000000
2018-03-01 14:49:45,0.00311600,1.03000000
2018-03-01 14:49:45,0.00311700,4.07000000
2018-03-01 14:49:52,0.00311500,9.50000000
2018-03-01 14:49:56,0.00311600,4.38000000
2018-03-01 14:49:56,0.00311500,1.94000000
2018-03-01 14:49:57,0.00311600,2.71000000
2018-03-01 14:50:03,0.00311500,3.20000000
2018-03-01 14:50:04,0.00311000,4.02000000
2018-03-01 14:50:05,0.00311600,2.84000000
2018-03-01 14:50:10,0.00311600,3.20000000
2018-03-01 14:50:13,0.00311000,9.59000000
2018-03-01 14:50:13,0.00311000,20.40000000
2018-03-01 14:50:25,0.00311000,0.01000000
2018-03-01 14:50:25,0.00311600,0.60000000
2018-03-01 14:50:27,0.00311000,7.01000000
2018-03-01 14:50:37,0.00311000,0.01000000
2018-03-01 14:50:41,0.00311500,0.35000000
2018-03-01 14:50:42,0.00311500,0.35000000
2018-03-01 14:50:46,0.00311500,10.14000000
2018-03-01 14:50:46,0.00311600,3.99000000
2018-03-01 14:50:46,0.00311700,10.87000000
2018-03-01 14:51:09,0.00311700,0.68000000
2018-03-01 14:51:10,0.00311700,3.85000000
2018-03-01 14:51:11,0.00311800,330.59000000
2018-03-01 14:51:20,0.00312000,0.64000000
2018-03-01 14:51:21,0.00311800,3.85000000
2018-03-01 14:51:21,0.00311700,10.78000000
2018-03-01 14:51:21,0.00311100,9.64000000
2018-03-01 14:51:21,0.00311000,193.82000000
2018-03-01 14:51:26,0.00311700,0.64000000
2018-03-01 14:51:31,0.00311000,7.54000000
2018-03-01 14:51:31,0.00311000,1.00000000
2018-03-01 14:51:31,0.00311000,52.83000000
2018-03-01 14:51:32,0.00311000,21.16000000
2018-03-01 14:51:32,0.00311700,1.25000000
2018-03-01 14:51:42,0.00311700,1.31000000
2018-03-01 14:51:46,0.00311700,1.20000000
2018-03-01 14:51:46,0.00311100,4.55000000
2018-03-01 14:51:47,0.00311100,2.64000000
2018-03-01 14:51:52,0.00311700,2.35000000
2018-03-01 14:51:52,0.00311700,15.57000000
2018-03-01 14:51:52,0.00311800,0.43000000
2018-03-01 14:51:55,0.00311200,65.45000000
2018-03-01 14:51:55,0.00311100,30.53000000
2018-03-01 14:51:58,0.00311800,2.69000000
2018-03-01 14:51:59,0.00311100,25.00000000
2018-03-01 14:52:02,0.00311100,1.15000000
2018-03-01 14:52:08,0.00311800,11.34000000
2018-03-01 14:52:21,0.00311800,1.36000000
2018-03-01 14:52:24,0.00311800,3.56000000
2018-03-01 14:52:29,0.00311700,10.97000000
2018-03-01 14:52:29,0.00311700,10.68000000
2018-03-01 14:52:29,0.00311800,95.91000000
2018-03-01 14:52:32,0.00311400,10.09000000
2018-03-01 14:52:41,0.00311100,24.38000000
2018-03-01 14:52:43,0.00311800,49.05000000
2018-03-01 14:52:43,0.00311900,33.72000000
2018-03-01 14:52:43,0.00312000,10.27000000
2018-03-01 14:52:43,0.00312000,0.04000000
2018-03-01 14:52:52,0.00312100,15.91000000
2018-03-01 14:53:05,0.00312000,301.28000000
2018-03-01 14:53:13,0.00311600,3.21000000
2018-03-01 14:53:13,0.00312200,32.00000000
2018-03-01 14:53:20,0.00311700,0.41000000
2018-03-01 14:53:24,0.00312200,1.13000000
2018-03-01 14:53:27,0.00312200,3.20000000
2018-03-01 14:53:28,0.00311800,2.13000000
2018-03-01 14:53:28,0.00311800,11.30000000
2018-03-01 14:53:29,0.00311800,1.00000000
2018-03-01 14:53:35,0.00311800,16.04000000
2018-03-01 14:53:42,0.00311800,6.63000000
2018-03-01 14:53:43,0.00311800,0.41000000
2018-03-01 14:53:46,0.00311800,1.20000000
2018-03-01 14:53:53,0.00311900,9.62000000
2018-03-01 14:53:57,0.00311800,1.20000000
2018-03-01 14:54:25,0.00311800,66.99000000
2018-03-01 14:54:28,0.00311800,1.94000000
2018-03-01 14:54:32,0.00311800,0.34000000
2018-03-01 14:54:34,0.00311800,0.33000000
2018-03-01 14:54:36,0.00311700,3.78000000
2018-03-01 14:54:37,0.00311700,5.33000000
2018-03-01 14:54:38,0.00311700,21.37000000
2018-03-01 14:54:38,0.00311800,10.69000000
2018-03-01 14:54:38,0.00311800,12.16000000
2018-03-01 14:54:41,0.00311900,17.68000000
2018-03-01 14:54:42,0.00311900,66.69000000
2018-03-01 14:54:47,0.00311800,24.45000000
2018-03-01 14:54:48,0.00311800,15.55000000
2018-03-01 14:54:48,0.00311600,0.49000000
2018-03-01 14:54:48,0.00311600,15.55000000
2018-03-01 14:54:48,0.00311400,38.49000000
2018-03-01 14:54:52,0.00311200,14.52000000
2018-03-01 14:54:58,0.00311800,1.09000000
2018-03-01 14:55:00,0.00311300,3.20000000
2018-03-01 14:55:03,0.00311300,7.75000000
2018-03-01 14:55:04,0.00311300,7.19000000
2018-03-01 14:55:04,0.00311200,8.66000000
2018-03-01 14:55:04,0.00311800,29.00000000
2018-03-01 14:55:05,0.00311300,8.55000000
2018-03-01 14:55:05,0.00311300,4.39000000
2018-03-01 14:55:23,0.00311300,18.14000000
2018-03-01 14:55:23,0.00311200,19.50000000
2018-03-01 14:55:23,0.00311100,39.58000000
2018-03-01 14:55:33,0.00311900,33.04000000
2018-03-01 14:55:33,0.00311900,17.96000000
2018-03-01 14:55:35,0.00311400,18.12000000
2018-03-01 14:55:36,0.00311400,0.51000000
2018-03-01 14:55:37,0.00311400,6.90000000
2018-03-01 14:55:37,0.00311400,2.60000000
2018-03-01 14:55:38,0.00311400,8.09000000
2018-03-01 14:55:45,0.00311400,0.02000000
2018-03-01 14:55:47,0.00311500,30.00000000
2018-03-01 14:55:47,0.00311500,6.22000000
2018-03-01 14:55:48,0.00311500,15.38000000
2018-03-01 14:55:52,0.00311300,3.50000000
2018-03-01 14:55:54,0.00311300,11.26000000
2018-03-01 14:55:55,0.00311800,22.69000000
2018-03-01 14:55:57,0.00311300,16.99000000
2018-03-01 14:55:58,0.00311300,4.49000000
2018-03-01 14:55:58,0.00311300,12.55000000
2018-03-01 14:56:04,0.00311300,0.01000000
2018-03-01 14:56:06,0.00311800,3.83000000
2018-03-01 14:56:07,0.00311800,11.58000000
2018-03-01 14:56:07,0.00311900,26.29000000
2018-03-01 14:56:10,0.00311500,1.00000000
2018-03-01 14:56:13,0.00311500,1.00000000
2018-03-01 14:56:16,0.00311500,0.32000000
2018-03-01 14:56:32,0.00311900,2.34000000
2018-03-01 14:56:32,0.00312000,0.86000000
2018-03-01 14:56:34,0.00311600,9.48000000
2018-03-01 14:56:34,0.00312000,0.99000000
2018-03-01 14:56:34,0.00311600,2.70000000
2018-03-01 14:56:43,0.00312000,1.69000000
2018-03-01 14:56:44,0.00312000,24.92000000
2018-03-01 14:56:46,0.00311700,3.29000000
2018-03-01 14:56:47,0.00311700,1.00000000
2018-03-01 14:56:57,0.00312000,0.01000000
2018-03-01 14:56:57,0.00312100,1.69000000
2018-03-01 14:56:58,0.00311700,1.02000000
2018-03-01 14:57:00,0.00311700,21.24000000
2018-03-01 14:57:02,0.00311700,9.25000000
2018-03-01 14:57:03,0.00312100,7.46000000
2018-03-01 14:57:03,0.00312300,23.82000000
2018-03-01 14:57:05,0.00311700,16.53000000
2018-03-01 14:57:14,0.00311900,0.43000000
2018-03-01 14:57:14,0.00312000,1.27000000
2018-03-01 14:57:14,0.00311700,27.74000000
2018-03-01 14:57:14,0.00311600,481.82000000
2018-03-01 14:57:26,0.00311700,120.48000000
2018-03-01 14:57:27,0.00312200,1.15000000
2018-03-01 14:57:28,0.00312200,3.20000000
2018-03-01 14:57:28,0.00312300,3.20000000
2018-03-01 14:57:45,0.00311700,7.98000000
2018-03-01 14:57:46,0.00311700,43.18000000
2018-03-01 14:57:55,0.00311700,2.30000000
2018-03-01 14:58:07,0.00311800,1.00000000
2018-03-01 14:58:12,0.00311800,0.38000000
2018-03-01 14:58:16,0.00312200,21.66000000
2018-03-01 14:58:20,0.00312200,52.00000000
2018-03-01 14:58:20,0.00312300,24.85000000
2018-03-01 14:58:34,0.00312100,6.00000000
2018-03-01 14:58:34,0.00312100,0.46000000
2018-03-01 14:58:37,0.00312100,0.68000000
2018-03-01 14:58:38,0.00312100,4.98000000
2018-03-01 14:58:41,0.00312200,8.71000000
2018-03-01 14:58:54,0.00312100,0.80000000
2018-03-01 14:59:05,0.00312000,0.35000000
2018-03-01 14:59:06,0.00312100,52.80000000
2018-03-01 14:59:06,0.00312000,53.34000000
2018-03-01 14:59:13,0.00312000,53.34000000
2018-03-01 14:59:13,0.00312000,0.36000000
2018-03-01 14:59:14,0.00312000,0.36000000
2018-03-01 14:59:24,0.00312000,5.86000000
2018-03-01 14:59:25,0.00312000,27.05000000
2018-03-01 14:59:25,0.00312100,12.00000000
2018-03-01 14:59:28,0.00312000,36.45000000
2018-03-01 14:59:28,0.00312100,3.00000000
2018-03-01 14:59:33,0.00312000,83.37000000
2018-03-01 14:59:36,0.00312100,38.32000000
2018-03-01 14:59:37,0.00312000,3.27000000
2018-03-01 14:59:37,0.00312200,4.80000000
2018-03-01 14:59:39,0.00312000,6.95000000
2018-03-01 14:59:40,0.00312000,0.51000000
2018-03-01 14:59:41,0.00312000,509.06000000
2018-03-01 14:59:41,0.00312000,87.59000000
2018-03-01 14:59:44,0.00311800,0.90000000
2018-03-01 14:59:44,0.00311800,12.12000000
2018-03-01 14:59:44,0.00311800,5.53000000
2018-03-01 14:59:48,0.00312000,12.00000000
2018-03-01 14:59:48,0.00312000,93.61000000
2018-03-01 14:59:49,0.00312000,21.92000000
2018-03-01 14:59:49,0.00312000,0.35000000
2018-03-01 14:59:51,0.00312000,3.22000000
2018-03-01 14:59:52,0.00312000,23.21000000
2018-03-01 14:59:54,0.00312000,18.12000000
2018-03-01 14:59:59,0.00312000,3.53000000
2018-03-01 14:59:59,0.00312100,36.47000000
