DATE,PRICE,VOLUME
2018-02-23 20:00:00,0.00341400,4.86000000
2018-02-23 20:00:02,0.00341500,7.09000000
2018-02-23 20:00:03,0.00341500,11.71000000
2018-02-23 20:00:05,0.00341500,0.73000000
2018-02-23 20:00:06,0.00341500,0.82000000
2018-02-23 20:00:06,0.00341500,0.18000000
2018-02-23 20:00:06,0.00341500,5.85000000
2018-02-23 20:00:09,0.00341600,23.14000000
2018-02-23 20:00:09,0.00341700,17.88000000
2018-02-23 20:00:10,0.00341600,25.92000000
2018-02-23 20:00:10,0.00341400,87.94000000
2018-02-23 20:00:10,0.00341300,88.22000000
2018-02-23 20:00:10,0.00341200,65.67000000
2018-02-23 20:00:10,0.00341200,43.84000000
2018-02-23 20:00:10,0.00341200,8.77000000
2018-02-23 20:00:10,0.00341200,1.17000000
2018-02-23 20:00:10,0.00341200,8.77000000
2018-02-23 20:00:10,0.00341200,8.77000000
2018-02-23 20:00:11,0.00341200,8.77000000
2018-02-23 20:00:11,0.00341200,29.30000000
2018-02-23 20:00:11,0.00341200,30.78000000
2018-02-23 20:00:11,0.00341200,8.77000000
2018-02-23 20:00:11,0.00341100,4.09000000
2018-02-23 20:00:11,0.00341200,0.88000000
2018-02-23 20:00:12,0.00341200,4.42000000
2018-02-23 20:00:12,0.00341100,3.07000000
2018-02-23 20:00:12,0.00341100,1.00000000
2018-02-23 20:00:12,0.00341200,0.59000000
2018-02-23 20:00:12,0.00341200,1.46000000
2018-02-23 20:00:12,0.00341200,231.80000000
2018-02-23 20:00:13,0.00341200,2.93000000
2018-02-23 20:00:13,0.00341200,0.73000000
2018-02-23 20:00:13,0.00341200,1.30000000
2018-02-23 20:00:13,0.00341400,2.92000000
2018-02-23 20:00:13,0.00341500,2.07000000
2018-02-23 20:00:13,0.00341700,144.07000000
2018-02-23 20:00:15,0.00341600,0.87000000
2018-02-23 20:00:15,0.00341500,0.52000000
2018-02-23 20:00:15,0.00341600,0.12000000
2018-02-23 20:00:15,0.00341200,31.96000000
2018-02-23 20:00:15,0.00341100,59.02000000
2018-02-23 20:00:16,0.00341600,0.66000000
2018-02-23 20:00:17,0.00341600,1.28000000
2018-02-23 20:00:18,0.00341600,2.60000000
2018-02-23 20:00:21,0.00341700,0.66000000
2018-02-23 20:00:21,0.00341700,1.38000000
2018-02-23 20:00:21,0.00341700,6.14000000
2018-02-23 20:00:22,0.00341700,1.46000000
2018-02-23 20:00:22,0.00341700,1.32000000
2018-02-23 20:00:22,0.00341700,2.92000000
2018-02-23 20:00:23,0.00341700,2.93000000
2018-02-23 20:00:23,0.00341700,2.96000000
2018-02-23 20:00:23,0.00341700,1.33000000
2018-02-23 20:00:23,0.00341700,0.64000000
2018-02-23 20:00:23,0.00341700,0.64000000
2018-02-23 20:00:24,0.00341600,12.17000000
2018-02-23 20:00:24,0.00341700,1.48000000
2018-02-23 20:00:25,0.00341700,2.92000000
2018-02-23 20:00:26,0.00341700,1.46000000
2018-02-23 20:00:26,0.00341200,1.55000000
2018-02-23 20:00:27,0.00341200,25.99000000
2018-02-23 20:00:28,0.00341300,1.00000000
2018-02-23 20:00:29,0.00341700,1.00000000
2018-02-23 20:00:29,0.00341700,93.36000000
2018-02-23 20:00:30,0.00341700,2.44000000
2018-02-23 20:00:30,0.00341700,2.86000000
2018-02-23 20:00:30,0.00341700,3.28000000
2018-02-23 20:00:32,0.00341900,0.88000000
2018-02-23 20:00:32,0.00341900,0.58000000
2018-02-23 20:00:34,0.00341900,0.47000000
2018-02-23 20:00:34,0.00341900,0.88000000
2018-02-23 20:00:34,0.00341900,0.90000000
2018-02-23 20:00:35,0.00341900,0.88000000
2018-02-23 20:00:35,0.00341900,0.70000000
2018-02-23 20:00:35,0.00341900,1.46000000
2018-02-23 20:00:36,0.00341800,0.91000000
2018-02-23 20:00:37,0.00341800,0.73000000
2018-02-23 20:00:37,0.00341800,2.92000000
2018-02-23 20:00:37,0.00341800,0.64000000
2018-02-23 20:00:40,0.00341400,2.29000000
2018-02-23 20:00:42,0.00341400,2.21000000
2018-02-23 20:00:43,0.00341800,3.22000000
2018-02-23 20:00:50,0.00341800,110.32000000
2018-02-23 20:00:51,0.00341400,24.82000000
2018-02-23 20:00:54,0.00341400,5.86000000
2018-02-23 20:00:56,0.00341800,1.45000000
2018-02-23 20:00:56,0.00341800,5.12000000
2018-02-23 20:00:59,0.00341800,1.00000000
2018-02-23 20:01:00,0.00341800,15.89000000
2018-02-23 20:01:01,0.00341800,7.33000000
2018-02-23 20:01:01,0.00341800,1.50000000
2018-02-23 20:01:01,0.00341900,1.36000000
2018-02-23 20:01:01,0.00341900,1.36000000
2018-02-23 20:01:01,0.00341900,3.51000000
2018-02-23 20:01:02,0.00341800,5.73000000
2018-02-23 20:01:02,0.00341900,43.92000000
2018-02-23 20:01:03,0.00341900,3.35000000
2018-02-23 20:01:04,0.00341900,2.86000000
2018-02-23 20:01:05,0.00341900,0.82000000
2018-02-23 20:01:05,0.00341800,1.13000000
2018-02-23 20:01:06,0.00341900,0.95000000
2018-02-23 20:01:09,0.00342000,0.70000000
2018-02-23 20:01:10,0.00342000,0.73000000
2018-02-23 20:01:11,0.00342000,0.67000000
2018-02-23 20:01:12,0.00342000,2.92000000
2018-02-23 20:01:12,0.00342000,0.73000000
2018-02-23 20:01:12,0.00342000,0.73000000
2018-02-23 20:01:13,0.00341600,0.67000000
2018-02-23 20:01:13,0.00342000,0.73000000
2018-02-23 20:01:13,0.00342000,0.73000000
2018-02-23 20:01:14,0.00342000,2.92000000
2018-02-23 20:01:14,0.00341800,0.73000000
2018-02-23 20:01:15,0.00341800,0.47000000
2018-02-23 20:01:15,0.00342000,0.46000000
2018-02-23 20:01:15,0.00342100,1.99000000
2018-02-23 20:01:17,0.00342200,1.39000000
2018-02-23 20:01:17,0.00342200,1.17000000
2018-02-23 20:01:17,0.00341900,0.73000000
2018-02-23 20:01:18,0.00341900,0.73000000
2018-02-23 20:01:18,0.00341900,0.73000000
2018-02-23 20:01:18,0.00341900,0.64000000
2018-02-23 20:01:18,0.00341900,10.81000000
2018-02-23 20:01:19,0.00341900,0.88000000
2018-02-23 20:01:19,0.00341900,0.58000000
2018-02-23 20:01:19,0.00341900,0.73000000
2018-02-23 20:01:19,0.00341900,1.17000000
2018-02-23 20:01:19,0.00341900,1.46000000
2018-02-23 20:01:19,0.00341900,0.70000000
2018-02-23 20:01:20,0.00341900,3.50000000
2018-02-23 20:01:20,0.00341900,0.58000000
2018-02-23 20:01:20,0.00341900,4.52000000
2018-02-23 20:01:21,0.00341600,0.99000000
2018-02-23 20:01:21,0.00341900,0.73000000
2018-02-23 20:01:21,0.00341900,0.58000000
2018-02-23 20:01:22,0.00341900,1.14000000
2018-02-23 20:01:23,0.00341900,0.73000000
2018-02-23 20:01:26,0.00341800,0.56000000
2018-02-23 20:01:27,0.00341800,0.41000000
2018-02-23 20:01:27,0.00341700,1.63000000
2018-02-23 20:01:29,0.00341900,2.06000000
2018-02-23 20:01:31,0.00341800,25.87000000
2018-02-23 20:01:31,0.00341900,0.38000000
2018-02-23 20:01:31,0.00341900,0.46000000
2018-02-23 20:01:33,0.00341800,3.96000000
2018-02-23 20:01:35,0.00341900,0.56000000
2018-02-23 20:01:35,0.00341900,24.48000000
2018-02-23 20:01:37,0.00341900,1.77000000
2018-02-23 20:01:40,0.00342200,2.63000000
2018-02-23 20:01:40,0.00342200,0.73000000
2018-02-23 20:01:40,0.00342200,2.92000000
2018-02-23 20:01:40,0.00342200,0.44000000
2018-02-23 20:01:41,0.00342200,0.73000000
2018-02-23 20:01:41,0.00342200,0.88000000
2018-02-23 20:01:41,0.00342200,0.88000000
2018-02-23 20:01:41,0.00342200,0.73000000
2018-02-23 20:01:41,0.00342200,0.88000000
2018-02-23 20:01:41,0.00342200,1.46000000
2018-02-23 20:01:41,0.00342200,1.75000000
2018-02-23 20:01:41,0.00342200,0.73000000
2018-02-23 20:01:42,0.00342200,0.88000000
2018-02-23 20:01:42,0.00342200,0.27000000
2018-02-23 20:01:43,0.00342200,3.46000000
2018-02-23 20:01:43,0.00342100,0.55000000
2018-02-23 20:01:43,0.00342100,0.73000000
2018-02-23 20:01:44,0.00342100,3.51000000
2018-02-23 20:01:44,0.00342100,2.92000000
2018-02-23 20:01:46,0.00342100,0.94000000
2018-02-23 20:01:46,0.00342100,40.55000000
2018-02-23 20:01:48,0.00342500,1.46000000
2018-02-23 20:01:48,0.00342500,2.92000000
2018-02-23 20:01:49,0.00342500,2.92000000
2018-02-23 20:01:49,0.00342500,1.43000000
2018-02-23 20:01:50,0.00342500,0.64000000
2018-02-23 20:01:50,0.00342200,0.73000000
2018-02-23 20:01:51,0.00342200,0.43000000
2018-02-23 20:01:51,0.00342500,1.47000000
2018-02-23 20:01:51,0.00342500,0.31000000
2018-02-23 20:01:51,0.00342500,0.73000000
2018-02-23 20:01:51,0.00342500,1.02000000
2018-02-23 20:01:52,0.00342500,1.34000000
2018-02-23 20:01:52,0.00342500,0.73000000
2018-02-23 20:01:52,0.00342500,1.20000000
2018-02-23 20:01:53,0.00342500,0.50000000
2018-02-23 20:01:53,0.00342500,0.73000000
2018-02-23 20:01:53,0.00342500,1.72000000
2018-02-23 20:01:54,0.00342500,0.64000000
2018-02-23 20:01:56,0.00342500,14.60000000
2018-02-23 20:01:56,0.00342500,0.41000000
2018-02-23 20:01:56,0.00342500,0.73000000
2018-02-23 20:01:56,0.00342500,2.19000000
2018-02-23 20:01:56,0.00342500,2.66000000
2018-02-23 20:01:57,0.00342500,2.34000000
2018-02-23 20:01:57,0.00342500,0.73000000
2018-02-23 20:01:57,0.00342500,9.27000000
2018-02-23 20:01:57,0.00342300,2.38000000
2018-02-23 20:01:58,0.00342500,0.73000000
2018-02-23 20:01:59,0.00342500,0.73000000
2018-02-23 20:01:59,0.00342300,0.12000000
2018-02-23 20:01:59,0.00342200,4.10000000
2018-02-23 20:01:59,0.00342500,1.46000000
2018-02-23 20:01:59,0.00342500,4.67000000
2018-02-23 20:02:00,0.00342500,23.91000000
2018-02-23 20:02:00,0.00342700,19.91000000
2018-02-23 20:02:00,0.00342700,0.38000000
2018-02-23 20:02:01,0.00342500,0.31000000
2018-02-23 20:02:02,0.00342400,0.58000000
2018-02-23 20:02:02,0.00342400,48.56000000
2018-02-23 20:02:03,0.00342200,15.20000000
2018-02-23 20:02:04,0.00342300,1.10000000
2018-02-23 20:02:04,0.00342300,14.64000000
2018-02-23 20:02:05,0.00342400,1.16000000
2018-02-23 20:02:05,0.00342300,3.08000000
2018-02-23 20:02:05,0.00342300,8.61000000
2018-02-23 20:02:06,0.00342300,0.41000000
2018-02-23 20:02:06,0.00342400,0.35000000
2018-02-23 20:02:07,0.00342400,0.73000000
2018-02-23 20:02:08,0.00342300,2.24000000
2018-02-23 20:02:09,0.00342300,1.95000000
2018-02-23 20:02:10,0.00342400,0.08000000
2018-02-23 20:02:10,0.00342500,1.29000000
2018-02-23 20:02:10,0.00342300,3.33000000
2018-02-23 20:02:11,0.00342300,1.17000000
2018-02-23 20:02:11,0.00342300,1.69000000
2018-02-23 20:02:11,0.00342500,1.16000000
2018-02-23 20:02:11,0.00342800,1.76000000
2018-02-23 20:02:12,0.00342500,1.00000000
2018-02-23 20:02:12,0.00342300,2.92000000
2018-02-23 20:02:13,0.00342500,0.16000000
2018-02-23 20:02:13,0.00342300,1.17000000
2018-02-23 20:02:15,0.00342300,1.17000000
2018-02-23 20:02:15,0.00342300,1.17000000
2018-02-23 20:02:17,0.00342800,17.23000000
2018-02-23 20:02:17,0.00342300,1.17000000
2018-02-23 20:02:18,0.00342500,1.16000000
2018-02-23 20:02:18,0.00342800,4.73000000
2018-02-23 20:02:19,0.00342500,1.16000000
2018-02-23 20:02:19,0.00342800,0.71000000
2018-02-23 20:02:20,0.00342300,2.12000000
2018-02-23 20:02:20,0.00342500,1.16000000
2018-02-23 20:02:20,0.00342500,0.63000000
2018-02-23 20:02:20,0.00342500,8.75000000
2018-02-23 20:02:21,0.00342500,3.08000000
2018-02-23 20:02:21,0.00342500,1.69000000
2018-02-23 20:02:21,0.00342500,1.69000000
2018-02-23 20:02:21,0.00342500,54.02000000
2018-02-23 20:02:21,0.00342500,2.13000000
2018-02-23 20:02:22,0.00342500,10.55000000
2018-02-23 20:02:22,0.00342500,5.83000000
2018-02-23 20:02:23,0.00342500,2.93000000
2018-02-23 20:02:24,0.00342500,7.54000000
2018-02-23 20:02:24,0.00342400,36.66000000
2018-02-23 20:02:25,0.00342400,10.36000000
2018-02-23 20:02:25,0.00342400,14.64000000
2018-02-23 20:02:26,0.00342600,0.73000000
2018-02-23 20:02:26,0.00342300,72.96000000
2018-02-23 20:02:26,0.00342300,0.73000000
2018-02-23 20:02:27,0.00342300,2.91000000
2018-02-23 20:02:27,0.00342200,3.88000000
2018-02-23 20:02:27,0.00342300,5.81000000
2018-02-23 20:02:27,0.00342200,11.61000000
2018-02-23 20:02:27,0.00342100,32.09000000
2018-02-23 20:02:27,0.00342100,6.13000000
2018-02-23 20:02:28,0.00342200,0.14000000
2018-02-23 20:02:28,0.00342300,2.77000000
2018-02-23 20:02:28,0.00342300,0.67000000
2018-02-23 20:02:28,0.00342200,2.00000000
2018-02-23 20:02:28,0.00342000,38.54000000
2018-02-23 20:02:29,0.00342000,33.35000000
2018-02-23 20:02:29,0.00342000,23.66000000
2018-02-23 20:02:30,0.00342200,2.00000000
2018-02-23 20:02:30,0.00342000,21.66000000
2018-02-23 20:02:31,0.00342200,0.73000000
2018-02-23 20:02:31,0.00342200,0.44000000
2018-02-23 20:02:31,0.00342000,2.72000000
2018-02-23 20:02:32,0.00342200,10.32000000
2018-02-23 20:02:32,0.00342300,49.78000000
2018-02-23 20:02:32,0.00342100,0.30000000
2018-02-23 20:02:32,0.00342000,27.57000000
2018-02-23 20:02:33,0.00342000,94.13000000
2018-02-23 20:02:36,0.00342000,1.39000000
2018-02-23 20:02:37,0.00342000,35.76000000
2018-02-23 20:02:38,0.00342000,306.18000000
2018-02-23 20:02:38,0.00342100,0.73000000
2018-02-23 20:02:39,0.00342000,24.92000000
2018-02-23 20:02:41,0.00342100,1.17000000
2018-02-23 20:02:45,0.00342000,5.86000000
2018-02-23 20:02:48,0.00342000,125.31000000
2018-02-23 20:02:49,0.00341900,43.52000000
2018-02-23 20:02:50,0.00341900,43.36000000
2018-02-23 20:02:53,0.00341900,1.15000000
2018-02-23 20:02:53,0.00341800,23.98000000
2018-02-23 20:02:53,0.00341800,36.13000000
2018-02-23 20:02:54,0.00341900,3.08000000
2018-02-23 20:02:54,0.00341800,6.03000000
2018-02-23 20:02:55,0.00341900,11.51000000
2018-02-23 20:02:55,0.00341800,4.11000000
2018-02-23 20:02:57,0.00341800,1.17000000
2018-02-23 20:02:58,0.00341900,2.58000000
2018-02-23 20:02:59,0.00341800,1.17000000
2018-02-23 20:03:00,0.00341800,3.50000000
2018-02-23 20:03:00,0.00341900,7.57000000
2018-02-23 20:03:01,0.00341900,7.57000000
2018-02-23 20:03:01,0.00341900,7.56000000
2018-02-23 20:03:01,0.00341900,0.30000000
2018-02-23 20:03:01,0.00342100,3.88000000
2018-02-23 20:03:01,0.00341800,7.56000000
2018-02-23 20:03:01,0.00342100,1.68000000
2018-02-23 20:03:02,0.00342100,3.30000000
2018-02-23 20:03:03,0.00342100,2.00000000
2018-02-23 20:03:03,0.00342100,2.85000000
2018-02-23 20:03:05,0.00342100,0.46000000
2018-02-23 20:03:06,0.00342100,1.00000000
2018-02-23 20:03:06,0.00342100,1.64000000
2018-02-23 20:03:06,0.00342100,1.62000000
2018-02-23 20:03:06,0.00341900,1.62000000
2018-02-23 20:03:06,0.00342100,0.99000000
2018-02-23 20:03:06,0.00342100,1.00000000
2018-02-23 20:03:06,0.00341900,2.00000000
2018-02-23 20:03:06,0.00341900,2.04000000
2018-02-23 20:03:06,0.00341900,0.99000000
2018-02-23 20:03:06,0.00342100,6.19000000
2018-02-23 20:03:08,0.00342100,0.46000000
2018-02-23 20:03:08,0.00342100,2.04000000
2018-02-23 20:03:08,0.00341900,56.68000000
2018-02-23 20:03:08,0.00341800,138.60000000
2018-02-23 20:03:08,0.00342100,0.61000000
2018-02-23 20:03:09,0.00342100,1.80000000
2018-02-23 20:03:11,0.00341800,21.61000000
2018-02-23 20:03:11,0.00341800,3.00000000
2018-02-23 20:03:12,0.00341800,35.82000000
2018-02-23 20:03:12,0.00341800,8.76000000
2018-02-23 20:03:12,0.00341800,8.77000000
2018-02-23 20:03:12,0.00341800,15.91000000
2018-02-23 20:03:12,0.00341800,4.91000000
2018-02-23 20:03:15,0.00341800,1.00000000
2018-02-23 20:03:16,0.00342000,3.54000000
2018-02-23 20:03:18,0.00342000,43.00000000
2018-02-23 20:03:19,0.00341800,1.17000000
2018-02-23 20:03:19,0.00341600,0.30000000
2018-02-23 20:03:19,0.00341500,0.70000000
2018-02-23 20:03:19,0.00341600,5.81000000
2018-02-23 20:03:19,0.00341600,5.82000000
2018-02-23 20:03:19,0.00341600,5.82000000
2018-02-23 20:03:19,0.00341600,15.38000000
2018-02-23 20:03:19,0.00341600,1.76000000
2018-02-23 20:03:19,0.00341600,8.77000000
2018-02-23 20:03:19,0.00341500,2.46000000
2018-02-23 20:03:19,0.00341600,10.27000000
2018-02-23 20:03:20,0.00341600,3.36000000
2018-02-23 20:03:20,0.00342000,2.00000000
2018-02-23 20:03:20,0.00342000,0.03000000
2018-02-23 20:03:21,0.00341800,0.47000000
2018-02-23 20:03:22,0.00341800,14.72000000
2018-02-23 20:03:25,0.00341700,1.17000000
2018-02-23 20:03:25,0.00341600,3.62000000
2018-02-23 20:03:26,0.00341800,0.73000000
2018-02-23 20:03:27,0.00341700,6.25000000
2018-02-23 20:03:27,0.00341700,18.75000000
2018-02-23 20:03:29,0.00341800,23.07000000
2018-02-23 20:03:31,0.00341800,2.48000000
2018-02-23 20:03:31,0.00341600,3.03000000
2018-02-23 20:03:31,0.00341500,2.86000000
2018-02-23 20:03:31,0.00341300,0.54000000
2018-02-23 20:03:31,0.00341800,23.56000000
2018-02-23 20:03:31,0.00341800,8.73000000
2018-02-23 20:03:31,0.00341800,23.37000000
2018-02-23 20:03:31,0.00341800,2.85000000
2018-02-23 20:03:31,0.00341700,8.72000000
2018-02-23 20:03:35,0.00341800,5.26000000
2018-02-23 20:03:36,0.00341700,14.63000000
2018-02-23 20:03:37,0.00341700,13.17000000
2018-02-23 20:03:37,0.00341800,0.87000000
2018-02-23 20:03:40,0.00341700,3.28000000
2018-02-23 20:03:40,0.00341400,9.28000000
2018-02-23 20:03:40,0.00341300,2.08000000
2018-02-23 20:03:40,0.00341300,14.97000000
2018-02-23 20:03:41,0.00341300,67.12000000
2018-02-23 20:03:42,0.00341200,20.78000000
2018-02-23 20:03:43,0.00341400,9.27000000
2018-02-23 20:03:45,0.00341200,2.81000000
2018-02-23 20:03:46,0.00341300,13.71000000
2018-02-23 20:03:47,0.00341300,5.22000000
2018-02-23 20:03:48,0.00341300,0.73000000
2018-02-23 20:03:48,0.00341200,69.67000000
2018-02-23 20:03:51,0.00341100,10.00000000
2018-02-23 20:03:52,0.00341000,187.87000000
2018-02-23 20:03:53,0.00341000,0.82000000
2018-02-23 20:03:55,0.00341000,142.15000000
2018-02-23 20:03:55,0.00341000,29.32000000
2018-02-23 20:03:55,0.00341000,26.89000000
2018-02-23 20:03:55,0.00341000,14.66000000
2018-02-23 20:03:55,0.00341000,10.61000000
2018-02-23 20:03:56,0.00341000,29.32000000
2018-02-23 20:03:56,0.00341000,16.82000000
2018-02-23 20:03:56,0.00341000,2.33000000
2018-02-23 20:03:58,0.00341000,0.03000000
2018-02-23 20:03:58,0.00341100,2.86000000
2018-02-23 20:04:00,0.00341300,5.82000000
2018-02-23 20:04:01,0.00341300,29.19000000
2018-02-23 20:04:03,0.00340900,88.41000000
2018-02-23 20:04:03,0.00340700,70.94000000
2018-02-23 20:04:03,0.00341300,0.73000000
2018-02-23 20:04:03,0.00341300,3.20000000
2018-02-23 20:04:03,0.00341300,6.37000000
2018-02-23 20:04:05,0.00341300,2.86000000
2018-02-23 20:04:05,0.00341400,7.18000000
2018-02-23 20:04:06,0.00341400,3.93000000
2018-02-23 20:04:07,0.00341000,6.29000000
2018-02-23 20:04:07,0.00340700,20.50000000
2018-02-23 20:04:07,0.00340600,8.46000000
2018-02-23 20:04:07,0.00340500,8.95000000
2018-02-23 20:04:08,0.00340500,43.95000000
2018-02-23 20:04:08,0.00340500,13.84000000
2018-02-23 20:04:08,0.00340400,41.02000000
2018-02-23 20:04:08,0.00340300,24.69000000
2018-02-23 20:04:08,0.00340200,57.53000000
2018-02-23 20:04:08,0.00340100,190.69000000
2018-02-23 20:04:08,0.00340000,3573.82000000
2018-02-23 20:04:08,0.00339900,0.31000000
2018-02-23 20:04:08,0.00339800,8.90000000
2018-02-23 20:04:08,0.00339700,11.52000000
2018-02-23 20:04:08,0.00339700,77.45000000
2018-02-23 20:04:08,0.00339700,20.00000000
2018-02-23 20:04:08,0.00339700,11.03000000
2018-02-23 20:04:08,0.00339600,10.99000000
2018-02-23 20:04:08,0.00339500,17.98000000
2018-02-23 20:04:08,0.00340000,11.66000000
2018-02-23 20:04:08,0.00340000,3.48000000
2018-02-23 20:04:08,0.00340000,1.92000000
2018-02-23 20:04:08,0.00340000,0.41000000
2018-02-23 20:04:08,0.00340000,9.00000000
2018-02-23 20:04:08,0.00340000,11.66000000
2018-02-23 20:04:08,0.00340000,0.41000000
2018-02-23 20:04:08,0.00340000,1.23000000
2018-02-23 20:04:08,0.00340000,5.39000000
2018-02-23 20:04:08,0.00339900,29.41000000
2018-02-23 20:04:08,0.00339900,13.04000000
2018-02-23 20:04:08,0.00340000,7.38000000
2018-02-23 20:04:08,0.00340000,1.23000000
2018-02-23 20:04:09,0.00340000,1.23000000
2018-02-23 20:04:09,0.00340000,2.06000000
2018-02-23 20:04:09,0.00340000,1.23000000
2018-02-23 20:04:09,0.00340000,4.67000000
2018-02-23 20:04:09,0.00340000,24.29000000
2018-02-23 20:04:09,0.00340000,57.17000000
2018-02-23 20:04:09,0.00340000,8.39000000
2018-02-23 20:04:09,0.00339600,1.23000000
2018-02-23 20:04:09,0.00340000,42.45000000
2018-02-23 20:04:09,0.00340000,29.44000000
2018-02-23 20:04:09,0.00340000,5.80000000
2018-02-23 20:04:09,0.00340000,8.81000000
2018-02-23 20:04:09,0.00340000,9.33000000
2018-02-23 20:04:09,0.00339600,8.80000000
2018-02-23 20:04:09,0.00340000,3.41000000
2018-02-23 20:04:09,0.00340000,4.31000000
2018-02-23 20:04:09,0.00340000,8.81000000
2018-02-23 20:04:09,0.00340000,1.00000000
2018-02-23 20:04:09,0.00340000,8.81000000
2018-02-23 20:04:09,0.00340000,8.81000000
2018-02-23 20:04:09,0.00340000,3.64000000
2018-02-23 20:04:09,0.00340000,11.25000000
2018-02-23 20:04:09,0.00340000,0.50000000
2018-02-23 20:04:09,0.00340000,8.81000000
2018-02-23 20:04:10,0.00340000,29.44000000
2018-02-23 20:04:10,0.00340000,2.91000000
2018-02-23 20:04:10,0.00340000,5.00000000
2018-02-23 20:04:10,0.00340000,29.41000000
2018-02-23 20:04:10,0.00340000,4.46000000
2018-02-23 20:04:10,0.00340000,99.35000000
2018-02-23 20:04:10,0.00340000,1.65000000
2018-02-23 20:04:11,0.00340000,58.82000000
2018-02-23 20:04:11,0.00339800,1.17000000
2018-02-23 20:04:11,0.00339600,1.83000000
2018-02-23 20:04:11,0.00340000,0.87000000
2018-02-23 20:04:12,0.00340000,1.47000000
2018-02-23 20:04:12,0.00340000,0.88000000
2018-02-23 20:04:13,0.00340000,0.74000000
2018-02-23 20:04:13,0.00340000,0.88000000
2018-02-23 20:04:13,0.00340000,8.00000000
2018-02-23 20:04:14,0.00340000,6.31000000
2018-02-23 20:04:14,0.00340000,48.16000000
2018-02-23 20:04:14,0.00340000,85.93000000
2018-02-23 20:04:14,0.00340000,0.88000000
2018-02-23 20:04:15,0.00339600,0.85000000
2018-02-23 20:04:15,0.00339900,6.21000000
2018-02-23 20:04:16,0.00339900,0.88000000
2018-02-23 20:04:16,0.00339900,11.36000000
2018-02-23 20:04:17,0.00339900,5.71000000
2018-02-23 20:04:17,0.00339900,0.35000000
2018-02-23 20:04:18,0.00339900,0.74000000
2018-02-23 20:04:19,0.00339900,1.00000000
2018-02-23 20:04:20,0.00339900,4.80000000
2018-02-23 20:04:20,0.00339900,2.29000000
2018-02-23 20:04:20,0.00340000,2.71000000
2018-02-23 20:04:21,0.00340000,11.35000000
2018-02-23 20:04:22,0.00339900,41.37000000
2018-02-23 20:04:24,0.00340000,1.00000000
2018-02-23 20:04:24,0.00340000,3.85000000
2018-02-23 20:04:24,0.00340000,0.71000000
2018-02-23 20:04:25,0.00340000,2.19000000
2018-02-23 20:04:25,0.00340000,2.18000000
2018-02-23 20:04:25,0.00339900,2.18000000
2018-02-23 20:04:26,0.00339900,0.31000000
2018-02-23 20:04:26,0.00339900,10.74000000
2018-02-23 20:04:26,0.00340000,8.29000000
2018-02-23 20:04:27,0.00340000,0.74000000
2018-02-23 20:04:27,0.00340000,5.88000000
2018-02-23 20:04:30,0.00340000,0.85000000
2018-02-23 20:04:30,0.00339900,25.79000000
2018-02-23 20:04:31,0.00339900,17.33000000
2018-02-23 20:04:32,0.00339900,1.00000000
2018-02-23 20:04:32,0.00339900,3.30000000
2018-02-23 20:04:32,0.00340000,1.11000000
2018-02-23 20:04:32,0.00340000,0.94000000
2018-02-23 20:04:32,0.00340000,0.94000000
2018-02-23 20:04:32,0.00340000,0.66000000
2018-02-23 20:04:33,0.00339900,0.79000000
2018-02-23 20:04:33,0.00339900,1.46000000
2018-02-23 20:04:33,0.00339900,4.55000000
2018-02-23 20:04:33,0.00340000,337.32000000
2018-02-23 20:04:34,0.00340000,10.04000000
2018-02-23 20:04:36,0.00340000,1.47000000
2018-02-23 20:04:37,0.00339900,2.50000000
2018-02-23 20:04:37,0.00339900,1.47000000
2018-02-23 20:04:38,0.00339900,2.94000000
2018-02-23 20:04:40,0.00339900,22.21000000
2018-02-23 20:04:40,0.00339900,13.00000000
2018-02-23 20:04:40,0.00339900,0.92000000
2018-02-23 20:04:40,0.00339700,29.76000000
2018-02-23 20:04:40,0.00339600,13.48000000
2018-02-23 20:04:40,0.00339500,4.59000000
2018-02-23 20:04:40,0.00339400,13.28000000
2018-02-23 20:04:41,0.00339900,2.46000000
2018-02-23 20:04:41,0.00339900,2.00000000
2018-02-23 20:04:41,0.00339900,17.01000000
2018-02-23 20:04:41,0.00339900,2.00000000
2018-02-23 20:04:41,0.00339400,2.00000000
2018-02-23 20:04:41,0.00339900,10.04000000
2018-02-23 20:04:43,0.00339900,28.25000000
2018-02-23 20:04:44,0.00339900,4.47000000
2018-02-23 20:04:45,0.00339800,32.29000000
2018-02-23 20:04:46,0.00339700,2.94000000
2018-02-23 20:04:46,0.00339700,51.23000000
2018-02-23 20:04:47,0.00339700,0.94000000
2018-02-23 20:04:47,0.00339700,0.94000000
2018-02-23 20:04:48,0.00339700,3.95000000
2018-02-23 20:04:48,0.00339800,2.00000000
2018-02-23 20:04:48,0.00339500,24.78000000
2018-02-23 20:04:48,0.00339400,88.97000000
2018-02-23 20:04:48,0.00339300,88.00000000
2018-02-23 20:04:48,0.00339200,1.50000000
2018-02-23 20:04:48,0.00339100,128.00000000
2018-02-23 20:04:48,0.00339000,161.23000000
2018-02-23 20:04:48,0.00339000,16.33000000
2018-02-23 20:04:49,0.00339800,0.65000000
2018-02-23 20:04:50,0.00339800,0.66000000
2018-02-23 20:04:51,0.00339700,2.89000000
2018-02-23 20:04:51,0.00339800,1.57000000
2018-02-23 20:04:53,0.00339700,10.35000000
2018-02-23 20:04:55,0.00339300,7.95000000
2018-02-23 20:04:55,0.00339600,0.66000000
2018-02-23 20:04:55,0.00339600,3.62000000
2018-02-23 20:04:55,0.00339600,3.34000000
2018-02-23 20:04:57,0.00339700,2.15000000
2018-02-23 20:04:57,0.00339700,1.10000000
2018-02-23 20:04:57,0.00339700,0.59000000
2018-02-23 20:04:58,0.00339700,2.60000000
2018-02-23 20:04:58,0.00339700,0.57000000
2018-02-23 20:04:58,0.00339800,0.90000000
2018-02-23 20:04:58,0.00339800,6.39000000
2018-02-23 20:04:59,0.00339700,0.02000000
2018-02-23 20:04:59,0.00339700,1.15000000
2018-02-23 20:04:59,0.00339800,2.65000000
2018-02-23 20:05:00,0.00339800,70.00000000
2018-02-23 20:05:00,0.00339800,0.66000000
2018-02-23 20:05:00,0.00339700,6.72000000
2018-02-23 20:05:00,0.00339800,3.32000000
2018-02-23 20:05:01,0.00339800,2.94000000
2018-02-23 20:05:02,0.00339700,10.00000000
2018-02-23 20:05:02,0.00339600,18.82000000
2018-02-23 20:05:02,0.00339600,3.16000000
2018-02-23 20:05:02,0.00339700,0.94000000
2018-02-23 20:05:02,0.00339700,0.94000000
2018-02-23 20:05:04,0.00339700,1.21000000
2018-02-23 20:05:04,0.00339700,0.66000000
2018-02-23 20:05:04,0.00339700,0.74000000
2018-02-23 20:05:04,0.00339700,1.15000000
2018-02-23 20:05:04,0.00339700,0.74000000
2018-02-23 20:05:05,0.00339700,0.44000000
2018-02-23 20:05:05,0.00339700,3.64000000
2018-02-23 20:05:05,0.00339800,9.39000000
2018-02-23 20:05:06,0.00339800,70.00000000
2018-02-23 20:05:06,0.00339800,47.27000000
2018-02-23 20:05:07,0.00339800,1.00000000
2018-02-23 20:05:08,0.00339800,0.66000000
2018-02-23 20:05:08,0.00339800,12.57000000
2018-02-23 20:05:08,0.00339700,2.00000000
2018-02-23 20:05:08,0.00339800,0.68000000
2018-02-23 20:05:08,0.00339800,8.00000000
2018-02-23 20:05:09,0.00339800,0.65000000
2018-02-23 20:05:10,0.00339800,8.83000000
2018-02-23 20:05:10,0.00339800,0.55000000
2018-02-23 20:05:10,0.00339800,0.53000000
2018-02-23 20:05:12,0.00339700,101.64000000
2018-02-23 20:05:12,0.00339800,0.64000000
2018-02-23 20:05:12,0.00339800,31.55000000
2018-02-23 20:05:12,0.00339800,1.94000000
2018-02-23 20:05:12,0.00339800,10.24000000
2018-02-23 20:05:13,0.00339800,5.20000000
2018-02-23 20:05:13,0.00339800,0.88000000
2018-02-23 20:05:13,0.00339800,0.35000000
2018-02-23 20:05:13,0.00339800,0.68000000
2018-02-23 20:05:13,0.00339800,0.74000000
2018-02-23 20:05:13,0.00339800,1.15000000
2018-02-23 20:05:13,0.00339900,46.13000000
2018-02-23 20:05:14,0.00339900,1.00000000
2018-02-23 20:05:14,0.00339900,29.00000000
2018-02-23 20:05:15,0.00339700,13.81000000
2018-02-23 20:05:16,0.00339700,7.00000000
2018-02-23 20:05:17,0.00340000,0.72000000
2018-02-23 20:05:18,0.00340000,1.32000000
2018-02-23 20:05:18,0.00340000,0.72000000
2018-02-23 20:05:18,0.00340000,0.88000000
2018-02-23 20:05:19,0.00340000,0.88000000
2018-02-23 20:05:19,0.00340000,0.58000000
2018-02-23 20:05:19,0.00340000,30.00000000
2018-02-23 20:05:19,0.00340000,0.74000000
2018-02-23 20:05:19,0.00340000,2.29000000
2018-02-23 20:05:19,0.00340000,0.88000000
2018-02-23 20:05:19,0.00339800,11.88000000
2018-02-23 20:05:19,0.00339700,97.19000000
2018-02-23 20:05:19,0.00339600,3.65000000
2018-02-23 20:05:19,0.00340000,5.59000000
2018-02-23 20:05:19,0.00340000,13.29000000
2018-02-23 20:05:20,0.00340100,0.90000000
2018-02-23 20:05:20,0.00339600,0.90000000
2018-02-23 20:05:22,0.00339800,0.56000000
2018-02-23 20:05:22,0.00340100,0.27000000
2018-02-23 20:05:23,0.00340200,0.41000000
2018-02-23 20:05:23,0.00339800,46.89000000
2018-02-23 20:05:23,0.00339700,47.72000000
2018-02-23 20:05:23,0.00339600,4.18000000
2018-02-23 20:05:24,0.00339600,0.38000000
2018-02-23 20:05:24,0.00339600,73.62000000
2018-02-23 20:05:24,0.00339600,2.35000000
2018-02-23 20:05:24,0.00339600,44.48000000
2018-02-23 20:05:25,0.00339600,103.82000000
2018-02-23 20:05:25,0.00339600,188.59000000
2018-02-23 20:05:25,0.00339600,99.74000000
2018-02-23 20:05:26,0.00340400,17.62000000
2018-02-23 20:05:26,0.00340400,0.72000000
2018-02-23 20:05:27,0.00340200,0.73000000
2018-02-23 20:05:27,0.00340200,0.46000000
2018-02-23 20:05:27,0.00340200,1.03000000
2018-02-23 20:05:27,0.00340200,0.65000000
2018-02-23 20:05:28,0.00340200,1.76000000
2018-02-23 20:05:28,0.00340200,0.62000000
2018-02-23 20:05:28,0.00340200,0.59000000
2018-02-23 20:05:28,0.00340200,1.47000000
2018-02-23 20:05:28,0.00340200,0.73000000
2018-02-23 20:05:28,0.00340200,0.73000000
2018-02-23 20:05:29,0.00340200,0.59000000
2018-02-23 20:05:29,0.00340200,2.40000000
2018-02-23 20:05:29,0.00340300,4.68000000
2018-02-23 20:05:29,0.00340300,4.40000000
2018-02-23 20:05:29,0.00340300,6.18000000
2018-02-23 20:05:29,0.00340300,0.65000000
2018-02-23 20:05:30,0.00340300,0.73000000
2018-02-23 20:05:30,0.00340300,2.09000000
2018-02-23 20:05:31,0.00340300,2.94000000
2018-02-23 20:05:31,0.00340300,0.88000000
2018-02-23 20:05:31,0.00340300,2.94000000
2018-02-23 20:05:31,0.00340300,1.21000000
2018-02-23 20:05:31,0.00340300,1.18000000
2018-02-23 20:05:31,0.00340300,1.00000000
2018-02-23 20:05:32,0.00340300,0.78000000
2018-02-23 20:05:32,0.00340300,0.88000000
2018-02-23 20:05:32,0.00340300,1.18000000
2018-02-23 20:05:32,0.00340300,0.73000000
2018-02-23 20:05:32,0.00340300,1.74000000
2018-02-23 20:05:32,0.00340300,1.23000000
2018-02-23 20:05:33,0.00340000,1.17000000
2018-02-23 20:05:33,0.00340300,15.58000000
2018-02-23 20:05:33,0.00340300,12.45000000
2018-02-23 20:05:33,0.00340300,3.93000000
2018-02-23 20:05:33,0.00340300,2.95000000
2018-02-23 20:05:33,0.00340300,2.94000000
2018-02-23 20:05:33,0.00340300,2.91000000
2018-02-23 20:05:33,0.00340300,0.73000000
2018-02-23 20:05:34,0.00340200,0.69000000
2018-02-23 20:05:34,0.00340300,0.73000000
2018-02-23 20:05:34,0.00340300,0.53000000
2018-02-23 20:05:34,0.00340200,0.77000000
2018-02-23 20:05:35,0.00340200,1.80000000
2018-02-23 20:05:35,0.00340200,2.93000000
2018-02-23 20:05:35,0.00340200,0.59000000
2018-02-23 20:05:35,0.00340200,0.44000000
2018-02-23 20:05:35,0.00340200,1.47000000
2018-02-23 20:05:36,0.00340200,3.20000000
2018-02-23 20:05:36,0.00340200,0.73000000
2018-02-23 20:05:37,0.00340200,0.87000000
2018-02-23 20:05:37,0.00340200,0.59000000
2018-02-23 20:05:38,0.00340200,1.32000000
2018-02-23 20:05:38,0.00340200,0.68000000
2018-02-23 20:05:39,0.00340200,0.62000000
2018-02-23 20:05:39,0.00340000,2.69000000
2018-02-23 20:05:42,0.00340200,0.91000000
2018-02-23 20:05:43,0.00339900,10.00000000
2018-02-23 20:05:44,0.00339900,32.36000000
2018-02-23 20:05:45,0.00339800,43.99000000
2018-02-23 20:05:46,0.00339900,0.66000000
2018-02-23 20:05:46,0.00339900,1.41000000
2018-02-23 20:05:46,0.00339900,0.56000000
2018-02-23 20:05:46,0.00339900,0.83000000
2018-02-23 20:05:48,0.00339900,3.12000000
2018-02-23 20:05:48,0.00339900,0.65000000
2018-02-23 20:05:48,0.00339800,10.00000000
2018-02-23 20:05:48,0.00339700,4.14000000
2018-02-23 20:05:48,0.00339600,0.86000000
2018-02-23 20:05:49,0.00339900,0.66000000
2018-02-23 20:05:50,0.00339900,2.50000000
2018-02-23 20:05:50,0.00339900,2.50000000
2018-02-23 20:05:51,0.00339600,5.71000000
2018-02-23 20:05:51,0.00339600,149.06000000
2018-02-23 20:05:53,0.00339900,22.87000000
2018-02-23 20:05:55,0.00340100,0.72000000
2018-02-23 20:05:55,0.00340100,0.72000000
2018-02-23 20:05:55,0.00340100,0.72000000
2018-02-23 20:05:55,0.00339500,2.54000000
2018-02-23 20:05:56,0.00340100,0.61000000
2018-02-23 20:05:57,0.00339900,1.89000000
2018-02-23 20:05:57,0.00339900,2.50000000
2018-02-23 20:05:59,0.00339900,1.47000000
2018-02-23 20:06:05,0.00339900,3.45000000
2018-02-23 20:06:05,0.00339600,100.00000000
2018-02-23 20:06:06,0.00339600,11.57000000
2018-02-23 20:06:06,0.00339500,152.34000000
2018-02-23 20:06:06,0.00339400,89.00000000
2018-02-23 20:06:06,0.00339300,52.04000000
2018-02-23 20:06:08,0.00339900,0.88000000
2018-02-23 20:06:12,0.00339800,0.32000000
2018-02-23 20:06:12,0.00339800,0.88000000
2018-02-23 20:06:13,0.00339300,30.53000000
2018-02-23 20:06:13,0.00339600,1.44000000
2018-02-23 20:06:14,0.00339600,31.42000000
2018-02-23 20:06:14,0.00339800,2.94000000
2018-02-23 20:06:14,0.00339900,2.84000000
2018-02-23 20:06:14,0.00339900,14.99000000
2018-02-23 20:06:14,0.00339600,8.98000000
2018-02-23 20:06:16,0.00339500,6.15000000
2018-02-23 20:06:16,0.00339400,4.00000000
2018-02-23 20:06:17,0.00339600,20.16000000
2018-02-23 20:06:17,0.00339600,0.33000000
2018-02-23 20:06:18,0.00339500,9.00000000
2018-02-23 20:06:18,0.00339400,2.96000000
2018-02-23 20:06:19,0.00339500,67.12000000
2018-02-23 20:06:19,0.00339500,30.23000000
2018-02-23 20:06:19,0.00339600,0.38000000
2018-02-23 20:06:20,0.00339600,0.88000000
2018-02-23 20:06:21,0.00339600,8.25000000
2018-02-23 20:06:21,0.00339800,8.38000000
2018-02-23 20:06:22,0.00339600,0.47000000
2018-02-23 20:06:22,0.00339600,32.77000000
2018-02-23 20:06:22,0.00339500,88.01000000
2018-02-23 20:06:23,0.00339500,0.74000000
2018-02-23 20:06:23,0.00339500,14.73000000
2018-02-23 20:06:24,0.00339500,14.73000000
2018-02-23 20:06:24,0.00339500,0.74000000
2018-02-23 20:06:25,0.00339500,1.79000000
2018-02-23 20:06:25,0.00339500,14.73000000
2018-02-23 20:06:25,0.00339500,25.00000000
2018-02-23 20:06:26,0.00339500,3.03000000
2018-02-23 20:06:26,0.00339500,0.59000000
2018-02-23 20:06:26,0.00339500,3.03000000
2018-02-23 20:06:28,0.00339500,0.94000000
2018-02-23 20:06:28,0.00339500,1.14000000
2018-02-23 20:06:29,0.00339400,3.97000000
2018-02-23 20:06:29,0.00339500,1.96000000
2018-02-23 20:06:29,0.00339500,0.66000000
2018-02-23 20:06:30,0.00339500,1.62000000
2018-02-23 20:06:31,0.00339500,0.72000000
2018-02-23 20:06:31,0.00339500,20.61000000
2018-02-23 20:06:31,0.00339500,5.16000000
2018-02-23 20:06:32,0.00339500,9.53000000
2018-02-23 20:06:33,0.00339500,36.77000000
2018-02-23 20:06:34,0.00339500,13.23000000
2018-02-23 20:06:34,0.00339400,192.33000000
2018-02-23 20:06:35,0.00339800,9.02000000
2018-02-23 20:06:35,0.00339800,1.01000000
2018-02-23 20:06:36,0.00339800,1.06000000
2018-02-23 20:06:36,0.00339800,0.72000000
2018-02-23 20:06:36,0.00339800,0.88000000
2018-02-23 20:06:37,0.00339800,1.07000000
2018-02-23 20:06:37,0.00339400,6.89000000
2018-02-23 20:06:38,0.00339400,0.72000000
2018-02-23 20:06:38,0.00339400,2.74000000
2018-02-23 20:06:38,0.00339400,2.93000000
2018-02-23 20:06:38,0.00339300,7.37000000
2018-02-23 20:06:38,0.00339400,9.03000000
2018-02-23 20:06:38,0.00339300,2.86000000
2018-02-23 20:06:38,0.00339400,70.30000000
2018-02-23 20:06:40,0.00339400,53.00000000
2018-02-23 20:06:41,0.00339400,4.32000000
2018-02-23 20:06:41,0.00339400,29.46000000
2018-02-23 20:06:41,0.00339400,81.06000000
2018-02-23 20:06:42,0.00339400,8.40000000
2018-02-23 20:06:42,0.00339400,3.06000000
2018-02-23 20:06:43,0.00339400,7.00000000
2018-02-23 20:06:44,0.00339500,3.58000000
2018-02-23 20:06:44,0.00339800,89.21000000
2018-02-23 20:06:44,0.00339900,158.13000000
2018-02-23 20:06:47,0.00339600,1.03000000
2018-02-23 20:06:47,0.00339600,0.14000000
2018-02-23 20:06:47,0.00339700,0.86000000
2018-02-23 20:06:47,0.00339700,0.72000000
2018-02-23 20:06:48,0.00339700,0.72000000
2018-02-23 20:06:49,0.00339700,0.35000000
2018-02-23 20:06:49,0.00339700,0.32000000
2018-02-23 20:06:50,0.00339700,1.47000000
2018-02-23 20:06:50,0.00339700,0.32000000
2018-02-23 20:06:50,0.00339700,0.59000000
2018-02-23 20:06:50,0.00339600,3.43000000
2018-02-23 20:06:51,0.00339700,5.09000000
2018-02-23 20:06:52,0.00339400,45.59000000
2018-02-23 20:06:52,0.00339400,55.39000000
2018-02-23 20:06:53,0.00339700,14.72000000
2018-02-23 20:06:53,0.00339400,60.59000000
2018-02-23 20:06:53,0.00339400,23.14000000
2018-02-23 20:06:53,0.00339700,38.59000000
2018-02-23 20:06:53,0.00339300,91.49000000
2018-02-23 20:06:53,0.00339300,28.14000000
2018-02-23 20:06:53,0.00339700,0.66000000
2018-02-23 20:06:55,0.00339400,1.46000000
2018-02-23 20:06:56,0.00339700,0.66000000
2018-02-23 20:06:59,0.00339700,0.64000000
2018-02-23 20:06:59,0.00339400,34.65000000
2018-02-23 20:06:59,0.00339400,84.41000000
2018-02-23 20:06:59,0.00339700,0.66000000
2018-02-23 20:07:00,0.00339700,1.47000000
2018-02-23 20:07:01,0.00339700,29.38000000
2018-02-23 20:07:02,0.00339700,10.00000000
2018-02-23 20:07:02,0.00339700,41.21000000
2018-02-23 20:07:02,0.00339700,29.58000000
2018-02-23 20:07:03,0.00339700,2.94000000
2018-02-23 20:07:04,0.00339700,0.44000000
2018-02-23 20:07:05,0.00339700,0.66000000
2018-02-23 20:07:05,0.00339700,135.70000000
2018-02-23 20:07:06,0.00339700,95.73000000
2018-02-23 20:07:06,0.00339700,24.49000000
2018-02-23 20:07:06,0.00339400,0.57000000
2018-02-23 20:07:09,0.00339700,0.33000000
2018-02-23 20:07:09,0.00339700,7.04000000
2018-02-23 20:07:10,0.00339700,9.84000000
2018-02-23 20:07:12,0.00340000,1.97000000
2018-02-23 20:07:14,0.00339700,0.93000000
2018-02-23 20:07:14,0.00339700,0.93000000
2018-02-23 20:07:14,0.00339600,0.93000000
2018-02-23 20:07:14,0.00339700,0.93000000
2018-02-23 20:07:14,0.00339700,0.75000000
2018-02-23 20:07:15,0.00339700,2.89000000
2018-02-23 20:07:15,0.00339900,1.58000000
2018-02-23 20:07:15,0.00340000,2.32000000
2018-02-23 20:07:16,0.00340000,2.94000000
2018-02-23 20:07:16,0.00340000,41.18000000
2018-02-23 20:07:17,0.00340000,0.74000000
2018-02-23 20:07:17,0.00340000,6.30000000
2018-02-23 20:07:17,0.00340000,295.14000000
2018-02-23 20:07:17,0.00340100,4.86000000
2018-02-23 20:07:18,0.00340100,0.66000000
2018-02-23 20:07:20,0.00340000,11.11000000
2018-02-23 20:07:21,0.00340000,3.11000000
2018-02-23 20:07:22,0.00340000,1.51000000
2018-02-23 20:07:22,0.00340100,1.43000000
2018-02-23 20:07:22,0.00339900,2.52000000
2018-02-23 20:07:22,0.00339900,0.66000000
2018-02-23 20:07:22,0.00339900,0.74000000
2018-02-23 20:07:23,0.00339700,0.71000000
2018-02-23 20:07:23,0.00339900,0.87000000
2018-02-23 20:07:24,0.00339900,91.44000000
2018-02-23 20:07:24,0.00339900,47.74000000
2018-02-23 20:07:25,0.00340100,137.69000000
2018-02-23 20:07:26,0.00340100,0.66000000
2018-02-23 20:07:26,0.00340100,0.71000000
2018-02-23 20:07:26,0.00340100,1.49000000
2018-02-23 20:07:26,0.00340200,1.45000000
2018-02-23 20:07:27,0.00339700,7.00000000
2018-02-23 20:07:28,0.00340200,2.17000000
2018-02-23 20:07:29,0.00340200,0.65000000
2018-02-23 20:07:30,0.00340200,56.46000000
2018-02-23 20:07:30,0.00340200,1.53000000
2018-02-23 20:07:31,0.00340200,163.54000000
2018-02-23 20:07:31,0.00340300,24.66000000
2018-02-23 20:07:31,0.00340500,198.76000000
2018-02-23 20:07:31,0.00340600,108.95000000
2018-02-23 20:07:32,0.00340600,5.70000000
2018-02-23 20:07:32,0.00340100,2.41000000
2018-02-23 20:07:33,0.00340600,0.73000000
2018-02-23 20:07:33,0.00340500,4.85000000
2018-02-23 20:07:33,0.00340500,1.21000000
2018-02-23 20:07:34,0.00340200,2.86000000
2018-02-23 20:07:34,0.00340100,8.13000000
2018-02-23 20:07:34,0.00340600,6.98000000
2018-02-23 20:07:34,0.00340600,8.81000000
2018-02-23 20:07:35,0.00340600,0.88000000
2018-02-23 20:07:35,0.00340600,1.17000000
2018-02-23 20:07:36,0.00340600,0.50000000
2018-02-23 20:07:36,0.00340600,1.32000000
2018-02-23 20:07:37,0.00340600,0.73000000
2018-02-23 20:07:37,0.00340600,0.73000000
2018-02-23 20:07:37,0.00340600,7.34000000
2018-02-23 20:07:38,0.00340600,2.94000000
2018-02-23 20:07:38,0.00340600,1.03000000
2018-02-23 20:07:38,0.00340600,0.59000000
2018-02-23 20:07:38,0.00340600,0.35000000
2018-02-23 20:07:38,0.00340600,0.35000000
2018-02-23 20:07:39,0.00340600,0.76000000
2018-02-23 20:07:39,0.00340600,26.10000000
2018-02-23 20:07:39,0.00340100,0.38000000
2018-02-23 20:07:39,0.00340600,0.73000000
2018-02-23 20:07:40,0.00340600,0.73000000
2018-02-23 20:07:40,0.00340600,0.95000000
2018-02-23 20:07:40,0.00340600,0.73000000
2018-02-23 20:07:41,0.00340600,0.88000000
2018-02-23 20:07:41,0.00340600,2.20000000
2018-02-23 20:07:41,0.00340600,1.17000000
2018-02-23 20:07:41,0.00340600,1.44000000
2018-02-23 20:07:41,0.00340600,3.41000000
2018-02-23 20:07:41,0.00340200,0.35000000
2018-02-23 20:07:42,0.00340600,353.47000000
2018-02-23 20:07:42,0.00340700,18.06000000
2018-02-23 20:07:44,0.00340500,1.32000000
2018-02-23 20:07:45,0.00340400,2.35000000
2018-02-23 20:07:45,0.00340500,0.73000000
2018-02-23 20:07:46,0.00340500,0.12000000
2018-02-23 20:07:47,0.00340600,6.34000000
2018-02-23 20:07:49,0.00340500,0.93000000
2018-02-23 20:07:49,0.00340600,0.54000000
2018-02-23 20:07:49,0.00340600,1.47000000
2018-02-23 20:07:51,0.00340200,2.36000000
2018-02-23 20:07:53,0.00340300,0.96000000
2018-02-23 20:07:53,0.00340600,1.03000000
2018-02-23 20:07:55,0.00340600,41.96000000
2018-02-23 20:07:55,0.00341000,8.17000000
2018-02-23 20:07:55,0.00341100,5.87000000
2018-02-23 20:07:55,0.00341300,2.35000000
2018-02-23 20:07:55,0.00341500,5.46000000
2018-02-23 20:07:55,0.00341600,90.70000000
2018-02-23 20:07:55,0.00341700,401.70000000
2018-02-23 20:07:55,0.00340900,1.17000000
2018-02-23 20:07:56,0.00340900,1.17000000
2018-02-23 20:07:57,0.00340700,7.83000000
2018-02-23 20:07:57,0.00340700,7.83000000
2018-02-23 20:07:57,0.00340700,1.38000000
2018-02-23 20:07:57,0.00341100,0.88000000
2018-02-23 20:07:58,0.00341100,0.29000000
2018-02-23 20:07:58,0.00341600,0.44000000
2018-02-23 20:07:59,0.00341600,1.46000000
2018-02-23 20:08:00,0.00341600,1.90000000
2018-02-23 20:08:01,0.00341100,8.94000000
2018-02-23 20:08:01,0.00341600,0.88000000
2018-02-23 20:08:01,0.00341600,2.05000000
2018-02-23 20:08:01,0.00341600,0.35000000
2018-02-23 20:08:01,0.00341600,1.76000000
2018-02-23 20:08:01,0.00341100,2.43000000
2018-02-23 20:08:02,0.00341600,1.38000000
2018-02-23 20:08:02,0.00341600,0.35000000
2018-02-23 20:08:02,0.00341600,0.73000000
2018-02-23 20:08:03,0.00341600,1.46000000
2018-02-23 20:08:03,0.00341400,0.79000000
2018-02-23 20:08:03,0.00341400,0.71000000
2018-02-23 20:08:03,0.00341600,0.05000000
2018-02-23 20:08:04,0.00341100,36.40000000
2018-02-23 20:08:04,0.00341100,9.10000000
2018-02-23 20:08:05,0.00341000,29.32000000
2018-02-23 20:08:05,0.00341000,53.21000000
2018-02-23 20:08:05,0.00341100,0.32000000
2018-02-23 20:08:05,0.00341100,3.51000000
2018-02-23 20:08:05,0.00341100,2.92000000
2018-02-23 20:08:06,0.00341000,1.00000000
2018-02-23 20:08:06,0.00341100,2.36000000
2018-02-23 20:08:07,0.00341100,0.88000000
2018-02-23 20:08:07,0.00341100,0.29000000
2018-02-23 20:08:07,0.00341000,0.20000000
2018-02-23 20:08:07,0.00340900,12.17000000
2018-02-23 20:08:08,0.00341200,0.53000000
2018-02-23 20:08:08,0.00341200,0.67000000
2018-02-23 20:08:08,0.00341400,0.73000000
2018-02-23 20:08:08,0.00341200,0.51000000
2018-02-23 20:08:08,0.00340900,2.86000000
2018-02-23 20:08:09,0.00340900,33.21000000
2018-02-23 20:08:09,0.00340900,43.43000000
2018-02-23 20:08:10,0.00341100,0.61000000
2018-02-23 20:08:11,0.00341100,0.70000000
2018-02-23 20:08:11,0.00341100,1.47000000
2018-02-23 20:08:12,0.00340900,3.51000000
2018-02-23 20:08:12,0.00340800,6.20000000
2018-02-23 20:08:12,0.00341300,26.63000000
2018-02-23 20:08:12,0.00341400,28.56000000
2018-02-23 20:08:12,0.00340800,1.13000000
2018-02-23 20:08:13,0.00341200,3.08000000
2018-02-23 20:08:16,0.00341200,11.27000000
2018-02-23 20:08:16,0.00341200,1.06000000
2018-02-23 20:08:17,0.00341200,0.38000000
2018-02-23 20:08:18,0.00341200,0.73000000
2018-02-23 20:08:19,0.00341200,5.48000000
2018-02-23 20:08:20,0.00341200,2.00000000
2018-02-23 20:08:23,0.00341300,2.93000000
2018-02-23 20:08:23,0.00341400,14.64000000
2018-02-23 20:08:24,0.00341400,1.96000000
2018-02-23 20:08:25,0.00341400,4.45000000
2018-02-23 20:08:25,0.00341400,58.58000000
2018-02-23 20:08:26,0.00341400,1.17000000
2018-02-23 20:08:26,0.00341700,84.58000000
2018-02-23 20:08:26,0.00341800,2.98000000
2018-02-23 20:08:26,0.00341900,51.35000000
2018-02-23 20:08:26,0.00342000,3.14000000
2018-02-23 20:08:26,0.00342100,13.89000000
2018-02-23 20:08:26,0.00342200,12.17000000
2018-02-23 20:08:26,0.00342300,64.91000000
2018-02-23 20:08:26,0.00342400,143.90000000
2018-02-23 20:08:26,0.00342500,0.94000000
2018-02-23 20:08:26,0.00342600,8.55000000
2018-02-23 20:08:26,0.00342900,3.11000000
2018-02-23 20:08:26,0.00343200,1.00000000
2018-02-23 20:08:26,0.00343300,1.70000000
2018-02-23 20:08:26,0.00343400,5.10000000
2018-02-23 20:08:26,0.00343600,1.50000000
2018-02-23 20:08:26,0.00343700,0.40000000
2018-02-23 20:08:26,0.00343900,2.05000000
2018-02-23 20:08:26,0.00344100,12.79000000
2018-02-23 20:08:27,0.00341400,22.84000000
2018-02-23 20:08:27,0.00341700,2.92000000
2018-02-23 20:08:28,0.00341700,2.44000000
2018-02-23 20:08:28,0.00341700,6.07000000
2018-02-23 20:08:28,0.00341800,0.76000000
2018-02-23 20:08:28,0.00341800,25.94000000
2018-02-23 20:08:28,0.00341700,49.68000000
2018-02-23 20:08:28,0.00341600,11.14000000
2018-02-23 20:08:28,0.00341600,30.74000000
2018-02-23 20:08:29,0.00341600,4.88000000
2018-02-23 20:08:29,0.00341800,2.86000000
2018-02-23 20:08:29,0.00341500,3.22000000
2018-02-23 20:08:29,0.00341400,7.92000000
2018-02-23 20:08:29,0.00341900,3.50000000
2018-02-23 20:08:30,0.00341400,11.69000000
2018-02-23 20:08:31,0.00342000,1.46000000
2018-02-23 20:08:31,0.00342000,2.04000000
2018-02-23 20:08:31,0.00342100,2.69000000
2018-02-23 20:08:31,0.00341500,2.86000000
2018-02-23 20:08:31,0.00341400,3.74000000
2018-02-23 20:08:31,0.00342100,2.07000000
2018-02-23 20:08:33,0.00341800,4.34000000
2018-02-23 20:08:33,0.00341800,2.92000000
2018-02-23 20:08:33,0.00341800,1.75000000
2018-02-23 20:08:34,0.00341300,3.51000000
2018-02-23 20:08:34,0.00341200,30.92000000
2018-02-23 20:08:35,0.00341100,1.84000000
2018-02-23 20:08:36,0.00341300,5.70000000
2018-02-23 20:08:37,0.00341100,27.90000000
2018-02-23 20:08:38,0.00341600,6.08000000
2018-02-23 20:08:40,0.00341500,2.92000000
2018-02-23 20:08:42,0.00341400,1.02000000
2018-02-23 20:08:44,0.00341400,0.73000000
2018-02-23 20:08:45,0.00341300,0.66000000
2018-02-23 20:08:45,0.00341300,0.79000000
2018-02-23 20:08:46,0.00341200,0.73000000
2018-02-23 20:08:47,0.00341200,24.75000000
2018-02-23 20:08:47,0.00341200,8.77000000
2018-02-23 20:08:47,0.00341200,17.06000000
2018-02-23 20:08:47,0.00341200,24.75000000
2018-02-23 20:08:47,0.00341100,8.77000000
2018-02-23 20:08:48,0.00341200,2.90000000
2018-02-23 20:08:48,0.00341200,8.44000000
2018-02-23 20:08:48,0.00341400,128.53000000
2018-02-23 20:08:48,0.00341100,2.26000000
2018-02-23 20:08:52,0.00341100,1.46000000
2018-02-23 20:08:52,0.00341400,0.64000000
2018-02-23 20:08:53,0.00341400,0.72000000
2018-02-23 20:08:55,0.00341400,0.73000000
2018-02-23 20:08:58,0.00341400,2.93000000
2018-02-23 20:08:58,0.00341200,20.30000000
2018-02-23 20:08:58,0.00341300,0.73000000
2018-02-23 20:09:00,0.00341200,4.70000000
2018-02-23 20:09:00,0.00341100,18.03000000
2018-02-23 20:09:00,0.00341100,15.72000000
2018-02-23 20:09:01,0.00341300,0.47000000
2018-02-23 20:09:01,0.00341400,7.41000000
2018-02-23 20:09:01,0.00341500,52.14000000
2018-02-23 20:09:01,0.00341500,26.73000000
2018-02-23 20:09:02,0.00341300,0.31000000
2018-02-23 20:09:02,0.00341100,125.96000000
2018-02-23 20:09:02,0.00341100,40.61000000
2018-02-23 20:09:03,0.00341300,5.65000000
2018-02-23 20:09:05,0.00341300,0.73000000
2018-02-23 20:09:05,0.00341300,0.73000000
2018-02-23 20:09:06,0.00341300,1.35000000
2018-02-23 20:09:08,0.00341300,0.35000000
2018-02-23 20:09:08,0.00341300,2.21000000
2018-02-23 20:09:09,0.00341300,2.43000000
2018-02-23 20:09:09,0.00341300,5.86000000
2018-02-23 20:09:10,0.00341300,0.73000000
2018-02-23 20:09:13,0.00341300,3.02000000
2018-02-23 20:09:13,0.00341300,0.62000000
2018-02-23 20:09:14,0.00341300,0.32000000
2018-02-23 20:09:14,0.00341300,0.73000000
2018-02-23 20:09:15,0.00341300,0.73000000
2018-02-23 20:09:15,0.00341300,3.72000000
2018-02-23 20:09:17,0.00341300,1.46000000
2018-02-23 20:09:18,0.00341300,0.59000000
2018-02-23 20:09:20,0.00341300,0.91000000
2018-02-23 20:09:20,0.00341300,0.79000000
2018-02-23 20:09:21,0.00341300,34.46000000
2018-02-23 20:09:25,0.00341300,1.46000000
2018-02-23 20:09:27,0.00341300,2.92000000
2018-02-23 20:09:29,0.00341300,5.86000000
2018-02-23 20:09:30,0.00341300,6.21000000
2018-02-23 20:09:32,0.00341300,3.34000000
2018-02-23 20:09:32,0.00341400,29.43000000
2018-02-23 20:09:34,0.00341400,48.97000000
2018-02-23 20:09:34,0.00341400,10.91000000
2018-02-23 20:09:35,0.00341000,6.16000000
2018-02-23 20:09:36,0.00341400,2.92000000
2018-02-23 20:09:36,0.00341000,33.82000000
2018-02-23 20:09:38,0.00341300,6.21000000
2018-02-23 20:09:40,0.00341300,0.76000000
2018-02-23 20:09:41,0.00341000,339.96000000
2018-02-23 20:09:41,0.00340900,88.13000000
2018-02-23 20:09:41,0.00340900,26.32000000
2018-02-23 20:09:41,0.00340900,1.26000000
2018-02-23 20:09:41,0.00340900,0.73000000
2018-02-23 20:09:41,0.00340900,2.11000000
2018-02-23 20:09:41,0.00340900,2.10000000
2018-02-23 20:09:41,0.00340900,8.78000000
2018-02-23 20:09:41,0.00340800,4.10000000
2018-02-23 20:09:42,0.00340900,1.22000000
2018-02-23 20:09:42,0.00340900,1.25000000
2018-02-23 20:09:43,0.00340900,1.00000000
2018-02-23 20:09:43,0.00340900,1.00000000
2018-02-23 20:09:44,0.00340800,2.92000000
2018-02-23 20:09:44,0.00340800,0.73000000
2018-02-23 20:09:45,0.00340800,2.40000000
2018-02-23 20:09:45,0.00340900,12.27000000
2018-02-23 20:09:50,0.00340800,25.00000000
2018-02-23 20:09:52,0.00340800,6.00000000
2018-02-23 20:09:55,0.00340600,1.00000000
2018-02-23 20:09:56,0.00340700,0.79000000
2018-02-23 20:09:56,0.00340800,52.99000000
2018-02-23 20:09:56,0.00340800,15.65000000
2018-02-23 20:09:57,0.00340600,118.04000000
2018-02-23 20:09:58,0.00340600,6.04000000
2018-02-23 20:09:58,0.00340600,0.73000000
2018-02-23 20:09:59,0.00340600,21.32000000
2018-02-23 20:09:59,0.00340500,10.15000000
2018-02-23 20:09:59,0.00340600,0.73000000
2018-02-23 20:09:59,0.00340500,18.03000000
2018-02-23 20:09:59,0.00340600,46.56000000
2018-02-23 20:10:00,0.00340600,0.32000000
2018-02-23 20:10:00,0.00340600,2.82000000
2018-02-23 20:10:01,0.00340600,0.56000000
2018-02-23 20:10:02,0.00340600,3.44000000
2018-02-23 20:10:05,0.00340600,1.01000000
2018-02-23 20:10:05,0.00340600,0.88000000
2018-02-23 20:10:06,0.00340600,4.66000000
2018-02-23 20:10:07,0.00340600,8.65000000
2018-02-23 20:10:08,0.00340600,24.87000000
2018-02-23 20:10:09,0.00340400,30.99000000
2018-02-23 20:10:11,0.00340600,0.44000000
2018-02-23 20:10:12,0.00340500,54.66000000
2018-02-23 20:10:12,0.00340600,0.32000000
2018-02-23 20:10:12,0.00340400,19.36000000
2018-02-23 20:10:12,0.00340400,11.27000000
2018-02-23 20:10:13,0.00340600,5.75000000
2018-02-23 20:10:14,0.00340400,25.16000000
2018-02-23 20:10:14,0.00340600,1.01000000
2018-02-23 20:10:14,0.00340600,0.73000000
2018-02-23 20:10:15,0.00340600,22.13000000
2018-02-23 20:10:15,0.00340600,0.33000000
2018-02-23 20:10:15,0.00340600,14.68000000
2018-02-23 20:10:18,0.00340600,1.60000000
2018-02-23 20:10:18,0.00340700,24.55000000
2018-02-23 20:10:18,0.00340700,39.90000000
2018-02-23 20:10:18,0.00340800,21.70000000
2018-02-23 20:10:18,0.00340800,84.94000000
2018-02-23 20:10:18,0.00340800,74.70000000
2018-02-23 20:10:18,0.00340900,55.10000000
2018-02-23 20:10:21,0.00341000,1.29000000
2018-02-23 20:10:25,0.00341000,4.31000000
2018-02-23 20:10:25,0.00341100,89.00000000
2018-02-23 20:10:25,0.00340900,1.17000000
2018-02-23 20:10:25,0.00341300,102.36000000
2018-02-23 20:10:25,0.00341400,14.81000000
2018-02-23 20:10:25,0.00341400,148.77000000
2018-02-23 20:10:26,0.00341400,56.57000000
2018-02-23 20:10:26,0.00341400,54.00000000
2018-02-23 20:10:26,0.00341400,48.02000000
2018-02-23 20:10:26,0.00341400,39.67000000
2018-02-23 20:10:26,0.00341400,11.01000000
2018-02-23 20:10:26,0.00341100,1.17000000
2018-02-23 20:10:27,0.00340800,3.45000000
2018-02-23 20:10:27,0.00340900,40.41000000
2018-02-23 20:10:27,0.00340900,7.64000000
2018-02-23 20:10:27,0.00340700,8.38000000
2018-02-23 20:10:27,0.00341200,1.17000000
2018-02-23 20:10:28,0.00341400,3.45000000
2018-02-23 20:10:28,0.00341500,0.50000000
2018-02-23 20:10:31,0.00341500,49.82000000
2018-02-23 20:10:33,0.00341100,1.20000000
2018-02-23 20:10:33,0.00341000,1.67000000
2018-02-23 20:10:34,0.00341300,1.20000000
2018-02-23 20:10:35,0.00341500,2.80000000
2018-02-23 20:10:35,0.00341600,67.20000000
2018-02-23 20:10:36,0.00341500,3.19000000
2018-02-23 20:10:37,0.00341500,0.96000000
2018-02-23 20:10:37,0.00341500,0.33000000
2018-02-23 20:10:37,0.00341600,12.22000000
2018-02-23 20:10:38,0.00341500,3.44000000
2018-02-23 20:10:41,0.00341700,3.50000000
2018-02-23 20:10:41,0.00341700,4.48000000
2018-02-23 20:10:43,0.00341700,0.66000000
2018-02-23 20:10:44,0.00341700,0.52000000
2018-02-23 20:10:45,0.00341700,0.73000000
2018-02-23 20:10:46,0.00341500,1.43000000
2018-02-23 20:10:47,0.00341500,17.23000000
2018-02-23 20:10:47,0.00341700,1.73000000
2018-02-23 20:10:47,0.00341600,12.22000000
2018-02-23 20:10:47,0.00341700,1.70000000
2018-02-23 20:10:48,0.00341700,0.79000000
2018-02-23 20:10:48,0.00341700,0.73000000
2018-02-23 20:10:48,0.00341700,0.88000000
2018-02-23 20:10:48,0.00341700,0.64000000
2018-02-23 20:10:48,0.00341700,24.93000000
2018-02-23 20:10:49,0.00341700,2.92000000
2018-02-23 20:10:49,0.00341500,35.11000000
2018-02-23 20:10:49,0.00341500,114.99000000
2018-02-23 20:10:49,0.00341400,27.50000000
2018-02-23 20:10:49,0.00341300,42.50000000
2018-02-23 20:10:50,0.00341500,0.64000000
2018-02-23 20:10:50,0.00341500,0.88000000
2018-02-23 20:10:50,0.00341200,0.75000000
2018-02-23 20:10:51,0.00341500,0.73000000
2018-02-23 20:10:53,0.00341500,224.90000000
2018-02-23 20:10:53,0.00341700,96.15000000
2018-02-23 20:10:54,0.00341800,1.17000000
2018-02-23 20:10:55,0.00341800,1.00000000
2018-02-23 20:10:55,0.00341800,2.50000000
2018-02-23 20:10:57,0.00341800,18.88000000
2018-02-23 20:10:58,0.00341800,12.87000000
2018-02-23 20:10:58,0.00342000,5.84000000
2018-02-23 20:10:59,0.00341800,8.87000000
2018-02-23 20:10:59,0.00342000,2.92000000
2018-02-23 20:11:03,0.00341800,57.76000000
2018-02-23 20:11:03,0.00341800,86.90000000
2018-02-23 20:11:03,0.00341900,2.01000000
2018-02-23 20:11:03,0.00342000,1.42000000
2018-02-23 20:11:06,0.00341800,29.00000000
2018-02-23 20:11:06,0.00342000,6.02000000
2018-02-23 20:11:07,0.00342000,1.00000000
2018-02-23 20:11:07,0.00341800,36.45000000
2018-02-23 20:11:09,0.00342000,9.50000000
2018-02-23 20:11:09,0.00342100,29.28000000
2018-02-23 20:11:09,0.00342100,2.00000000
2018-02-23 20:11:09,0.00342100,2.00000000
2018-02-23 20:11:10,0.00342100,0.96000000
2018-02-23 20:11:10,0.00342100,3.18000000
2018-02-23 20:11:10,0.00342100,8.23000000
2018-02-23 20:11:16,0.00341700,0.30000000
2018-02-23 20:11:18,0.00341900,6.94000000
2018-02-23 20:11:20,0.00341900,3.01000000
2018-02-23 20:11:22,0.00341900,1.73000000
2018-02-23 20:11:27,0.00341900,29.31000000
2018-02-23 20:11:27,0.00342100,88.00000000
2018-02-23 20:11:28,0.00342100,9.82000000
2018-02-23 20:11:28,0.00342100,30.34000000
2018-02-23 20:11:30,0.00342100,21.01000000
2018-02-23 20:11:31,0.00342100,34.46000000
2018-02-23 20:11:31,0.00342100,33.09000000
2018-02-23 20:11:32,0.00342100,0.35000000
2018-02-23 20:11:32,0.00342100,79.24000000
2018-02-23 20:11:32,0.00342100,30.59000000
2018-02-23 20:11:34,0.00341700,0.53000000
2018-02-23 20:11:37,0.00342200,0.35000000
2018-02-23 20:11:38,0.00342200,0.40000000
2018-02-23 20:11:40,0.00341700,49.59000000
2018-02-23 20:11:40,0.00341500,3.43000000
2018-02-23 20:11:42,0.00342100,1.46000000
2018-02-23 20:11:47,0.00341600,1.40000000
2018-02-23 20:11:48,0.00341600,1.23000000
2018-02-23 20:11:51,0.00341600,17.32000000
2018-02-23 20:11:51,0.00342000,5.38000000
2018-02-23 20:11:54,0.00341600,1.23000000
2018-02-23 20:11:55,0.00341600,0.97000000
2018-02-23 20:11:57,0.00342000,3.28000000
2018-02-23 20:12:00,0.00341900,6.02000000
2018-02-23 20:12:00,0.00342000,26.98000000
2018-02-23 20:12:00,0.00341900,30.67000000
2018-02-23 20:12:01,0.00341900,45.53000000
2018-02-23 20:12:01,0.00341900,22.56000000
2018-02-23 20:12:02,0.00341600,6.94000000
2018-02-23 20:12:03,0.00341600,6.98000000
2018-02-23 20:12:03,0.00341900,0.35000000
2018-02-23 20:12:05,0.00341900,1.35000000
2018-02-23 20:12:06,0.00341600,0.88000000
2018-02-23 20:12:07,0.00341600,14.01000000
2018-02-23 20:12:11,0.00341900,39.90000000
2018-02-23 20:12:11,0.00341900,0.21000000
2018-02-23 20:12:11,0.00341700,28.00000000
2018-02-23 20:12:11,0.00341600,86.95000000
2018-02-23 20:12:14,0.00341800,93.94000000
2018-02-23 20:12:19,0.00342100,4.88000000
2018-02-23 20:12:23,0.00341900,36.89000000
2018-02-23 20:12:23,0.00341700,1.17000000
2018-02-23 20:12:27,0.00341800,1.17000000
2018-02-23 20:12:28,0.00341700,5.90000000
2018-02-23 20:12:30,0.00341800,17.84000000
2018-02-23 20:12:31,0.00342000,2.92000000
2018-02-23 20:12:33,0.00341900,28.00000000
2018-02-23 20:12:34,0.00342000,33.00000000
2018-02-23 20:12:34,0.00342000,77.25000000
2018-02-23 20:12:36,0.00341800,5.34000000
2018-02-23 20:12:38,0.00341900,5.40000000
2018-02-23 20:12:38,0.00341900,5.60000000
2018-02-23 20:12:38,0.00341800,1.92000000
2018-02-23 20:12:40,0.00341900,4.03000000
2018-02-23 20:12:41,0.00342000,16.97000000
2018-02-23 20:12:42,0.00341900,5.02000000
2018-02-23 20:12:44,0.00342000,2.92000000
2018-02-23 20:12:44,0.00341900,5.34000000
2018-02-23 20:12:44,0.00341900,0.32000000
2018-02-23 20:12:46,0.00341900,1.17000000
2018-02-23 20:12:46,0.00341900,8.77000000
2018-02-23 20:12:46,0.00341900,2.19000000
2018-02-23 20:12:47,0.00341900,2.31000000
2018-02-23 20:12:47,0.00341900,11.50000000
2018-02-23 20:12:47,0.00341900,36.89000000
2018-02-23 20:12:48,0.00342000,11.00000000
2018-02-23 20:12:48,0.00342000,11.00000000
2018-02-23 20:12:49,0.00342000,193.01000000
2018-02-23 20:12:49,0.00342200,2.92000000
2018-02-23 20:12:49,0.00342200,2.92000000
2018-02-23 20:12:51,0.00342200,28.84000000
2018-02-23 20:12:51,0.00342200,19.45000000
2018-02-23 20:12:51,0.00342300,0.31000000
2018-02-23 20:12:54,0.00342400,0.29000000
2018-02-23 20:12:54,0.00342500,1.17000000
2018-02-23 20:12:54,0.00342600,2.00000000
2018-02-23 20:12:54,0.00342900,12.22000000
2018-02-23 20:12:54,0.00343100,1.00000000
2018-02-23 20:12:54,0.00343300,11.00000000
2018-02-23 20:12:54,0.00343400,2.61000000
2018-02-23 20:12:55,0.00342600,2.60000000
2018-02-23 20:12:55,0.00342700,1.20000000
2018-02-23 20:12:55,0.00342600,0.01000000
2018-02-23 20:12:55,0.00342500,1.19000000
2018-02-23 20:12:55,0.00342500,1.94000000
2018-02-23 20:12:56,0.00342500,16.64000000
2018-02-23 20:12:56,0.00342800,0.73000000
2018-02-23 20:12:56,0.00342600,1.16000000
2018-02-23 20:12:56,0.00342600,8.75000000
2018-02-23 20:12:56,0.00342800,0.43000000
2018-02-23 20:12:57,0.00342800,0.56000000
2018-02-23 20:12:57,0.00342800,0.56000000
2018-02-23 20:13:01,0.00342900,2.91000000
2018-02-23 20:13:02,0.00342900,2.91000000
2018-02-23 20:13:02,0.00342900,4.09000000
2018-02-23 20:13:02,0.00343000,19.77000000
2018-02-23 20:13:02,0.00343000,13.76000000
2018-02-23 20:13:06,0.00343000,29.46000000
2018-02-23 20:13:07,0.00343200,1.06000000
2018-02-23 20:13:07,0.00343200,0.14000000
2018-02-23 20:13:07,0.00343500,7.89000000
2018-02-23 20:13:08,0.00343000,4.79000000
2018-02-23 20:13:09,0.00343000,8.32000000
2018-02-23 20:13:09,0.00343000,3.68000000
2018-02-23 20:13:09,0.00343200,1.16000000
2018-02-23 20:13:10,0.00343200,2.43000000
2018-02-23 20:13:12,0.00343200,2.41000000
2018-02-23 20:13:12,0.00343100,18.61000000
2018-02-23 20:13:17,0.00343600,1.44000000
2018-02-23 20:13:18,0.00343200,0.93000000
2018-02-23 20:13:18,0.00343500,8.72000000
2018-02-23 20:13:20,0.00343600,0.90000000
2018-02-23 20:13:20,0.00343500,0.21000000
2018-02-23 20:13:21,0.00343400,1.00000000
2018-02-23 20:13:23,0.00343400,0.24000000
2018-02-23 20:13:24,0.00343400,0.46000000
2018-02-23 20:13:24,0.00343400,2.91000000
2018-02-23 20:13:25,0.00343200,2.05000000
2018-02-23 20:13:26,0.00343200,23.61000000
2018-02-23 20:13:26,0.00343200,0.88000000
2018-02-23 20:13:26,0.00343400,17.55000000
2018-02-23 20:13:27,0.00343300,26.49000000
2018-02-23 20:13:29,0.00343300,1.52000000
2018-02-23 20:13:29,0.00343300,0.32000000
2018-02-23 20:13:29,0.00343400,1.16000000
2018-02-23 20:13:30,0.00343300,5.88000000
2018-02-23 20:13:30,0.00343300,3.49000000
2018-02-23 20:13:31,0.00343200,0.91000000
2018-02-23 20:13:31,0.00343200,1.74000000
2018-02-23 20:13:33,0.00343300,2.00000000
2018-02-23 20:13:34,0.00343200,1.95000000
2018-02-23 20:13:35,0.00343200,146.80000000
2018-02-23 20:13:36,0.00343200,12.00000000
2018-02-23 20:13:36,0.00343400,1.25000000
2018-02-23 20:13:39,0.00343400,42.13000000
2018-02-23 20:13:41,0.00343400,2.51000000
2018-02-23 20:13:41,0.00343500,332.04000000
2018-02-23 20:13:42,0.00343400,2.73000000
2018-02-23 20:13:44,0.00343400,6.00000000
2018-02-23 20:13:45,0.00343500,3.49000000
2018-02-23 20:13:46,0.00343400,18.66000000
2018-02-23 20:13:46,0.00343200,3.49000000
2018-02-23 20:13:46,0.00343200,9.52000000
2018-02-23 20:13:47,0.00343400,5.82000000
2018-02-23 20:13:48,0.00343200,0.93000000
2018-02-23 20:13:50,0.00343200,50.61000000
2018-02-23 20:13:50,0.00343100,1.00000000
2018-02-23 20:13:50,0.00343100,43.68000000
2018-02-23 20:13:51,0.00343100,37.32000000
2018-02-23 20:13:51,0.00343100,76.34000000
2018-02-23 20:13:52,0.00343000,116.10000000
2018-02-23 20:13:52,0.00343000,2.58000000
2018-02-23 20:13:52,0.00342800,13.30000000
2018-02-23 20:13:53,0.00343000,6.87000000
2018-02-23 20:13:53,0.00343000,145.77000000
2018-02-23 20:13:56,0.00343000,0.44000000
2018-02-23 20:13:56,0.00343000,0.50000000
2018-02-23 20:13:56,0.00343000,1.17000000
2018-02-23 20:13:57,0.00343000,1.17000000
2018-02-23 20:13:57,0.00343000,1.06000000
2018-02-23 20:13:57,0.00343000,215.80000000
2018-02-23 20:13:57,0.00343000,27.13000000
2018-02-23 20:13:57,0.00342700,0.74000000
2018-02-23 20:13:57,0.00342700,0.42000000
2018-02-23 20:13:57,0.00342600,42.45000000
2018-02-23 20:14:01,0.00342500,0.88000000
2018-02-23 20:14:02,0.00342500,1.62000000
2018-02-23 20:14:02,0.00343000,30.00000000
2018-02-23 20:14:03,0.00342500,0.12000000
2018-02-23 20:14:04,0.00342600,1.16000000
2018-02-23 20:14:04,0.00342600,8.74000000
2018-02-23 20:14:04,0.00342500,0.88000000
2018-02-23 20:14:04,0.00342600,8.74000000
2018-02-23 20:14:04,0.00342600,8.74000000
2018-02-23 20:14:04,0.00342600,92.89000000
2018-02-23 20:14:04,0.00342600,15.39000000
2018-02-23 20:14:05,0.00342600,8.83000000
2018-02-23 20:14:06,0.00342900,0.44000000
2018-02-23 20:14:08,0.00342900,2.35000000
2018-02-23 20:14:08,0.00343000,3.50000000
2018-02-23 20:14:09,0.00343000,13.48000000
2018-02-23 20:14:09,0.00343000,0.87000000
2018-02-23 20:14:10,0.00343000,22.41000000
2018-02-23 20:14:10,0.00343100,2.00000000
2018-02-23 20:14:10,0.00342600,0.88000000
2018-02-23 20:14:11,0.00342600,0.88000000
2018-02-23 20:14:15,0.00342800,39.68000000
2018-02-23 20:14:16,0.00342900,1.00000000
2018-02-23 20:14:22,0.00343000,0.87000000
2018-02-23 20:14:23,0.00342800,3.27000000
2018-02-23 20:14:23,0.00343000,10.87000000
2018-02-23 20:14:24,0.00343000,14.58000000
2018-02-23 20:14:27,0.00343000,3.64000000
2018-02-23 20:14:27,0.00342800,1.17000000
2018-02-23 20:14:29,0.00342800,40.91000000
2018-02-23 20:14:29,0.00342800,8.10000000
2018-02-23 20:14:30,0.00342800,1.88000000
2018-02-23 20:14:34,0.00342700,54.58000000
2018-02-23 20:14:40,0.00342600,13.00000000
2018-02-23 20:14:40,0.00342800,0.02000000
2018-02-23 20:14:40,0.00342900,2.89000000
2018-02-23 20:14:40,0.00342600,28.55000000
2018-02-23 20:14:41,0.00342900,23.33000000
2018-02-23 20:14:42,0.00342800,0.62000000
2018-02-23 20:14:42,0.00342800,10.21000000
2018-02-23 20:14:42,0.00342800,2.89000000
2018-02-23 20:14:43,0.00342800,0.46000000
2018-02-23 20:14:43,0.00342800,2.91000000
2018-02-23 20:14:43,0.00342800,12.53000000
2018-02-23 20:14:43,0.00342900,2.89000000
2018-02-23 20:14:43,0.00342900,176.78000000
2018-02-23 20:14:43,0.00342900,19.54000000
2018-02-23 20:14:49,0.00342700,2.43000000
2018-02-23 20:14:50,0.00342700,2.72000000
2018-02-23 20:14:50,0.00342700,0.01000000
2018-02-23 20:14:54,0.00342600,1.17000000
2018-02-23 20:14:57,0.00342600,14.94000000
2018-02-23 20:14:59,0.00342600,12.89000000
2018-02-23 20:15:00,0.00342600,13.68000000
2018-02-23 20:15:00,0.00342600,1.17000000
2018-02-23 20:15:01,0.00342900,25.51000000
2018-02-23 20:15:01,0.00342900,0.64000000
2018-02-23 20:15:04,0.00342900,1.43000000
2018-02-23 20:15:04,0.00343000,92.78000000
2018-02-23 20:15:05,0.00343000,16.19000000
2018-02-23 20:15:06,0.00342700,9.02000000
2018-02-23 20:15:08,0.00342700,12.28000000
2018-02-23 20:15:10,0.00343000,64.42000000
2018-02-23 20:15:11,0.00343000,2.91000000
2018-02-23 20:15:12,0.00343000,2.91000000
2018-02-23 20:15:12,0.00342700,1.17000000
2018-02-23 20:15:13,0.00343000,50.01000000
2018-02-23 20:15:13,0.00342700,6.53000000
2018-02-23 20:15:13,0.00342600,137.87000000
2018-02-23 20:15:13,0.00342500,26.33000000
2018-02-23 20:15:13,0.00342400,41.80000000
2018-02-23 20:15:13,0.00342300,1.21000000
2018-02-23 20:15:13,0.00342200,45.42000000
2018-02-23 20:15:13,0.00342100,35.90000000
2018-02-23 20:15:13,0.00342000,57.98000000
2018-02-23 20:15:13,0.00341900,81.70000000
2018-02-23 20:15:14,0.00343000,7.29000000
2018-02-23 20:15:18,0.00342900,23.33000000
2018-02-23 20:15:18,0.00342600,1.16000000
2018-02-23 20:15:18,0.00342600,0.01000000
2018-02-23 20:15:18,0.00342900,0.62000000
2018-02-23 20:15:19,0.00342900,21.28000000
2018-02-23 20:15:19,0.00342600,1.16000000
2018-02-23 20:15:19,0.00342600,1.70000000
2018-02-23 20:15:20,0.00342900,0.01000000
2018-02-23 20:15:20,0.00343000,2.67000000
2018-02-23 20:15:24,0.00343000,1.00000000
2018-02-23 20:15:24,0.00343000,142.85000000
2018-02-23 20:15:25,0.00342900,22.03000000
2018-02-23 20:15:26,0.00342900,3.74000000
2018-02-23 20:15:26,0.00342900,2.23000000
2018-02-23 20:15:26,0.00343000,0.18000000
2018-02-23 20:15:26,0.00342600,1.00000000
2018-02-23 20:15:32,0.00343000,0.55000000
2018-02-23 20:15:34,0.00342600,2.94000000
2018-02-23 20:15:38,0.00343000,2.91000000
2018-02-23 20:15:39,0.00343000,50.75000000
2018-02-23 20:15:39,0.00343000,2.91000000
2018-02-23 20:15:45,0.00342900,0.46000000
2018-02-23 20:15:46,0.00342900,3.79000000
2018-02-23 20:15:46,0.00342900,95.93000000
2018-02-23 20:15:47,0.00342900,2.91000000
2018-02-23 20:15:48,0.00342900,5.58000000
2018-02-23 20:15:53,0.00342900,0.02000000
2018-02-23 20:15:54,0.00343000,148.31000000
2018-02-23 20:15:54,0.00343100,2.92000000
2018-02-23 20:15:58,0.00343400,0.73000000
2018-02-23 20:15:59,0.00343100,9.99000000
2018-02-23 20:15:59,0.00343300,1.56000000
2018-02-23 20:16:03,0.00343200,0.01000000
2018-02-23 20:16:07,0.00342900,2.91000000
2018-02-23 20:16:09,0.00342800,2.91000000
2018-02-23 20:16:12,0.00343200,17.48000000
2018-02-23 20:16:15,0.00343200,2.91000000
2018-02-23 20:16:15,0.00342700,12.79000000
2018-02-23 20:16:16,0.00342700,23.61000000
2018-02-23 20:16:17,0.00343200,76.32000000
2018-02-23 20:16:20,0.00342800,0.35000000
2018-02-23 20:16:21,0.00342800,29.17000000
2018-02-23 20:16:21,0.00342800,60.50000000
2018-02-23 20:16:22,0.00342800,6.91000000
2018-02-23 20:16:29,0.00343400,15.44000000
2018-02-23 20:16:30,0.00343000,1.20000000
2018-02-23 20:16:32,0.00342900,0.32000000
2018-02-23 20:16:36,0.00342800,177.70000000
2018-02-23 20:16:36,0.00342800,33.10000000
2018-02-23 20:16:36,0.00342700,39.56000000
2018-02-23 20:16:36,0.00342800,0.84000000
2018-02-23 20:16:36,0.00342800,0.33000000
2018-02-23 20:16:36,0.00342600,15.77000000
2018-02-23 20:16:37,0.00342700,1.16000000
2018-02-23 20:16:38,0.00342500,2.86000000
2018-02-23 20:16:38,0.00342500,1.16000000
2018-02-23 20:16:38,0.00342500,6.37000000
2018-02-23 20:16:38,0.00342500,1.59000000
2018-02-23 20:16:40,0.00342500,9.12000000
2018-02-23 20:16:41,0.00342600,1.16000000
2018-02-23 20:16:41,0.00342300,8.69000000
2018-02-23 20:16:43,0.00342500,1.16000000
2018-02-23 20:16:44,0.00342300,1.33000000
2018-02-23 20:16:44,0.00342700,2.91000000
2018-02-23 20:16:45,0.00342400,1.16000000
2018-02-23 20:16:47,0.00342800,0.65000000
2018-02-23 20:16:47,0.00342800,1.54000000
2018-02-23 20:16:49,0.00342800,4.27000000
2018-02-23 20:16:50,0.00342300,3.34000000
2018-02-23 20:16:52,0.00342400,1.16000000
2018-02-23 20:16:53,0.00342300,26.00000000
2018-02-23 20:16:54,0.00342400,1.16000000
2018-02-23 20:16:54,0.00342400,1.16000000
2018-02-23 20:16:54,0.00342200,4.68000000
2018-02-23 20:16:55,0.00342700,1.13000000
2018-02-23 20:16:56,0.00342600,9.74000000
2018-02-23 20:16:56,0.00342400,1.16000000
2018-02-23 20:16:56,0.00342200,37.32000000
2018-02-23 20:16:56,0.00342200,22.08000000
2018-02-23 20:16:56,0.00342700,0.29000000
2018-02-23 20:16:58,0.00342400,1.16000000
2018-02-23 20:16:59,0.00342400,1.16000000
2018-02-23 20:16:59,0.00342700,0.71000000
2018-02-23 20:17:00,0.00342400,1.16000000
2018-02-23 20:17:00,0.00342400,1.16000000
2018-02-23 20:17:00,0.00342300,2.70000000
2018-02-23 20:17:00,0.00342300,0.03000000
2018-02-23 20:17:00,0.00342200,1.21000000
2018-02-23 20:17:01,0.00342700,0.75000000
2018-02-23 20:17:01,0.00342400,1.16000000
2018-02-23 20:17:01,0.00342200,1.65000000
2018-02-23 20:17:01,0.00342100,9.60000000
2018-02-23 20:17:03,0.00342400,1.16000000
2018-02-23 20:17:03,0.00342400,1.16000000
2018-02-23 20:17:03,0.00342200,2.86000000
2018-02-23 20:17:03,0.00342100,21.17000000
2018-02-23 20:17:03,0.00342400,1.87000000
2018-02-23 20:17:04,0.00342400,2.43000000
2018-02-23 20:17:04,0.00342300,1.16000000
2018-02-23 20:17:04,0.00342200,29.61000000
2018-02-23 20:17:13,0.00342200,0.82000000
2018-02-23 20:17:17,0.00342200,67.12000000
2018-02-23 20:17:18,0.00342200,3.05000000
2018-02-23 20:17:18,0.00342200,2.00000000
2018-02-23 20:17:19,0.00342200,12.70000000
2018-02-23 20:17:22,0.00342200,0.35000000
2018-02-23 20:17:22,0.00342200,3.19000000
2018-02-23 20:17:22,0.00342100,2.92000000
2018-02-23 20:17:22,0.00342000,14.04000000
2018-02-23 20:17:23,0.00342600,0.02000000
2018-02-23 20:17:23,0.00342200,1.20000000
2018-02-23 20:17:23,0.00342000,41.71000000
2018-02-23 20:17:29,0.00342200,2.00000000
2018-02-23 20:17:29,0.00342000,2.92000000
2018-02-23 20:17:32,0.00342000,0.62000000
2018-02-23 20:17:33,0.00341900,26.45000000
2018-02-23 20:17:33,0.00342000,2.92000000
2018-02-23 20:17:33,0.00341900,2.21000000
2018-02-23 20:17:34,0.00341900,1.00000000
2018-02-23 20:17:35,0.00342000,0.73000000
2018-02-23 20:17:36,0.00342000,5.75000000
2018-02-23 20:17:38,0.00342000,2.92000000
2018-02-23 20:17:39,0.00341900,19.55000000
2018-02-23 20:17:39,0.00341900,42.63000000
2018-02-23 20:17:39,0.00341900,8.76000000
2018-02-23 20:17:39,0.00341900,1.17000000
2018-02-23 20:17:39,0.00341900,0.71000000
2018-02-23 20:17:39,0.00341900,0.02000000
2018-02-23 20:17:39,0.00341800,0.73000000
2018-02-23 20:17:39,0.00341800,0.46000000
2018-02-23 20:17:39,0.00341800,1.72000000
2018-02-23 20:17:39,0.00341600,4.55000000
2018-02-23 20:17:40,0.00341600,2.50000000
2018-02-23 20:17:43,0.00341600,13.30000000
2018-02-23 20:17:45,0.00341800,0.66000000
2018-02-23 20:17:47,0.00341600,1.10000000
2018-02-23 20:17:48,0.00341800,0.32000000
2018-02-23 20:17:48,0.00341800,0.66000000
2018-02-23 20:17:52,0.00341800,0.66000000
2018-02-23 20:17:55,0.00341700,21.57000000
2018-02-23 20:17:56,0.00341600,27.66000000
2018-02-23 20:17:56,0.00341400,1.50000000
2018-02-23 20:17:56,0.00341300,0.41000000
2018-02-23 20:17:56,0.00341200,6.04000000
2018-02-23 20:17:56,0.00341700,0.73000000
2018-02-23 20:17:58,0.00341600,2.86000000
2018-02-23 20:17:58,0.00341700,9.54000000
2018-02-23 20:17:59,0.00341700,16.37000000
2018-02-23 20:18:00,0.00341600,0.73000000
2018-02-23 20:18:03,0.00341500,2.86000000
2018-02-23 20:18:03,0.00341600,0.93000000
2018-02-23 20:18:03,0.00341600,2.26000000
2018-02-23 20:18:04,0.00341600,1.88000000
2018-02-23 20:18:04,0.00341600,1.33000000
2018-02-23 20:18:05,0.00341100,1.50000000
2018-02-23 20:18:06,0.00341500,0.94000000
2018-02-23 20:18:10,0.00341400,0.34000000
2018-02-23 20:18:13,0.00341300,0.56000000
2018-02-23 20:18:13,0.00341400,2.30000000
2018-02-23 20:18:13,0.00341400,0.22000000
2018-02-23 20:18:14,0.00341500,0.93000000
2018-02-23 20:18:14,0.00341500,0.81000000
2018-02-23 20:18:14,0.00341500,8.77000000
2018-02-23 20:18:14,0.00341500,1.24000000
2018-02-23 20:18:14,0.00341200,1.17000000
2018-02-23 20:18:14,0.00341000,1.24000000
2018-02-23 20:18:15,0.00341000,7.60000000
2018-02-23 20:18:16,0.00341400,2.90000000
2018-02-23 20:18:16,0.00341400,5.85000000
2018-02-23 20:18:18,0.00341300,0.32000000
2018-02-23 20:18:18,0.00341000,94.37000000
2018-02-23 20:18:18,0.00341000,0.94000000
2018-02-23 20:18:19,0.00340900,35.41000000
2018-02-23 20:18:19,0.00341000,14.66000000
2018-02-23 20:18:19,0.00341000,2.91000000
2018-02-23 20:18:20,0.00341000,14.63000000
2018-02-23 20:18:20,0.00341000,5.86000000
2018-02-23 20:18:21,0.00341000,73.31000000
2018-02-23 20:18:22,0.00341000,1.52000000
2018-02-23 20:18:22,0.00341000,1.17000000
2018-02-23 20:18:23,0.00341000,73.31000000
2018-02-23 20:18:23,0.00340700,1.17000000
2018-02-23 20:18:23,0.00340500,13.19000000
2018-02-23 20:18:24,0.00340900,1.20000000
2018-02-23 20:18:24,0.00341000,4.62000000
2018-02-23 20:18:24,0.00341000,73.31000000
2018-02-23 20:18:26,0.00340900,1.20000000
2018-02-23 20:18:26,0.00340900,3.08000000
2018-02-23 20:18:26,0.00341000,11.58000000
2018-02-23 20:18:28,0.00341000,2.91000000
2018-02-23 20:18:30,0.00340700,0.76000000
2018-02-23 20:18:30,0.00340500,3.08000000
2018-02-23 20:18:33,0.00340600,0.32000000
2018-02-23 20:18:34,0.00341000,0.32000000
2018-02-23 20:18:36,0.00341000,0.73000000
2018-02-23 20:18:37,0.00341000,23.46000000
2018-02-23 20:18:37,0.00341000,21.84000000
2018-02-23 20:18:38,0.00341000,4.47000000
2018-02-23 20:18:40,0.00340600,3.77000000
2018-02-23 20:18:43,0.00341000,4.87000000
2018-02-23 20:18:43,0.00341000,3.47000000
2018-02-23 20:18:45,0.00341000,29.32000000
2018-02-23 20:18:45,0.00340600,9.50000000
2018-02-23 20:18:47,0.00341000,1.46000000
2018-02-23 20:18:49,0.00340600,2.24000000
2018-02-23 20:18:49,0.00340600,5.75000000
2018-02-23 20:18:49,0.00340600,2.50000000
2018-02-23 20:18:49,0.00340600,0.93000000
2018-02-23 20:18:49,0.00340500,0.41000000
2018-02-23 20:18:50,0.00340500,1.05000000
2018-02-23 20:18:50,0.00340700,0.33000000
2018-02-23 20:18:51,0.00340500,8.81000000
2018-02-23 20:18:51,0.00340500,6.16000000
2018-02-23 20:18:51,0.00340700,0.03000000
2018-02-23 20:18:51,0.00340900,2.15000000
2018-02-23 20:18:52,0.00340600,0.34000000
2018-02-23 20:18:52,0.00340900,1.12000000
2018-02-23 20:18:55,0.00340600,0.34000000
2018-02-23 20:18:55,0.00340700,24.35000000
2018-02-23 20:18:55,0.00340500,0.02000000
2018-02-23 20:18:55,0.00340400,2.93000000
2018-02-23 20:18:55,0.00340300,3.15000000
2018-02-23 20:18:55,0.00340700,0.02000000
2018-02-23 20:18:55,0.00340900,0.98000000
2018-02-23 20:18:56,0.00340300,1.92000000
2018-02-23 20:18:57,0.00340400,0.93000000
2018-02-23 20:18:59,0.00340300,5.93000000
2018-02-23 20:18:59,0.00340200,3.92000000
2018-02-23 20:19:00,0.00340700,13.26000000
2018-02-23 20:19:02,0.00340600,0.66000000
2018-02-23 20:19:03,0.00340600,0.88000000
2018-02-23 20:19:03,0.00340100,6.87000000
2018-02-23 20:19:04,0.00340600,1.29000000
2018-02-23 20:19:05,0.00340600,5.58000000
2018-02-23 20:19:07,0.00340600,5.42000000
2018-02-23 20:19:07,0.00340600,0.10000000
2018-02-23 20:19:07,0.00340700,14.58000000
2018-02-23 20:19:09,0.00340700,14.68000000
2018-02-23 20:19:09,0.00340700,0.66000000
2018-02-23 20:19:11,0.00340600,11.76000000
2018-02-23 20:19:12,0.00340600,14.68000000
2018-02-23 20:19:13,0.00340500,0.45000000
2018-02-23 20:19:13,0.00340600,87.21000000
2018-02-23 20:19:13,0.00340700,29.49000000
2018-02-23 20:19:13,0.00340800,7.63000000
2018-02-23 20:19:13,0.00340900,24.82000000
2018-02-23 20:19:13,0.00341000,1.46000000
2018-02-23 20:19:16,0.00340600,0.35000000
2018-02-23 20:19:16,0.00340700,3.37000000
2018-02-23 20:19:16,0.00340700,7.33000000
2018-02-23 20:19:17,0.00340700,29.35000000
2018-02-23 20:19:17,0.00340700,4.04000000
2018-02-23 20:19:17,0.00340700,19.67000000
2018-02-23 20:19:18,0.00340700,26.12000000
2018-02-23 20:19:20,0.00340700,0.94000000
2018-02-23 20:19:22,0.00340700,32.48000000
2018-02-23 20:19:23,0.00340700,11.73000000
2018-02-23 20:19:24,0.00341000,64.13000000
2018-02-23 20:19:24,0.00341100,79.35000000
2018-02-23 20:19:24,0.00341100,9.65000000
2018-02-23 20:19:27,0.00341500,5.12000000
2018-02-23 20:19:27,0.00341600,10.45000000
2018-02-23 20:19:27,0.00341000,2.20000000
2018-02-23 20:19:28,0.00341000,3.53000000
2018-02-23 20:19:29,0.00341100,4.50000000
2018-02-23 20:19:29,0.00341000,8.89000000
2018-02-23 20:19:29,0.00341000,3.86000000
2018-02-23 20:19:29,0.00341000,2.53000000
2018-02-23 20:19:29,0.00341100,3.00000000
2018-02-23 20:19:30,0.00341200,0.34000000
2018-02-23 20:19:30,0.00341700,2.59000000
2018-02-23 20:19:36,0.00341400,0.59000000
2018-02-23 20:19:37,0.00341100,4.82000000
2018-02-23 20:19:37,0.00341100,3.72000000
2018-02-23 20:19:37,0.00341400,0.58000000
2018-02-23 20:19:43,0.00341600,3.20000000
2018-02-23 20:19:45,0.00341600,0.01000000
2018-02-23 20:19:49,0.00341600,4.67000000
2018-02-23 20:19:51,0.00341600,16.39000000
2018-02-23 20:19:53,0.00341600,0.85000000
2018-02-23 20:19:54,0.00341600,8.78000000
2018-02-23 20:19:56,0.00341600,0.94000000
2018-02-23 20:20:00,0.00341600,5.40000000
2018-02-23 20:20:02,0.00341800,4.75000000
2018-02-23 20:20:03,0.00341900,20.00000000
2018-02-23 20:20:05,0.00341700,4.44000000
2018-02-23 20:20:07,0.00341800,1.17000000
2018-02-23 20:20:08,0.00342000,5.50000000
2018-02-23 20:20:13,0.00342000,0.46000000
2018-02-23 20:20:13,0.00342200,1.20000000
2018-02-23 20:20:13,0.00342000,1.20000000
2018-02-23 20:20:14,0.00342300,1.16000000
2018-02-23 20:20:14,0.00342400,1.20000000
2018-02-23 20:20:14,0.00342000,6.08000000
2018-02-23 20:20:14,0.00342000,51.78000000
2018-02-23 20:20:15,0.00342000,2.85000000
2018-02-23 20:20:15,0.00342000,0.07000000
2018-02-23 20:20:17,0.00342000,6.54000000
2018-02-23 20:20:19,0.00342200,0.05000000
2018-02-23 20:20:20,0.00342200,0.51000000
2018-02-23 20:20:22,0.00342200,70.58000000
2018-02-23 20:20:22,0.00342200,10.33000000
2018-02-23 20:20:23,0.00342200,1.16000000
2018-02-23 20:20:23,0.00342300,5.78000000
2018-02-23 20:20:27,0.00342700,9.05000000
2018-02-23 20:20:28,0.00342200,19.51000000
2018-02-23 20:20:29,0.00342200,6.22000000
2018-02-23 20:20:30,0.00342200,3.50000000
2018-02-23 20:20:30,0.00342100,20.93000000
2018-02-23 20:20:31,0.00342700,7.67000000
2018-02-23 20:20:32,0.00342600,3.50000000
2018-02-23 20:20:33,0.00342200,4.02000000
2018-02-23 20:20:35,0.00342500,139.79000000
2018-02-23 20:20:35,0.00342500,40.64000000
2018-02-23 20:20:36,0.00342600,25.37000000
2018-02-23 20:20:37,0.00342700,99.99000000
2018-02-23 20:20:37,0.00342900,3.76000000
2018-02-23 20:20:38,0.00342700,1.16000000
2018-02-23 20:20:38,0.00342600,2.91000000
2018-02-23 20:20:38,0.00342500,0.64000000
2018-02-23 20:20:38,0.00342500,41.81000000
2018-02-23 20:20:38,0.00342400,12.33000000
2018-02-23 20:20:38,0.00342400,2.91000000
2018-02-23 20:20:39,0.00342400,14.60000000
2018-02-23 20:20:39,0.00342600,1.20000000
2018-02-23 20:20:40,0.00342500,61.25000000
2018-02-23 20:20:40,0.00342400,19.77000000
2018-02-23 20:20:40,0.00342500,0.02000000
2018-02-23 20:20:41,0.00342500,2.91000000
2018-02-23 20:20:47,0.00342500,1.16000000
2018-02-23 20:20:47,0.00342900,0.35000000
2018-02-23 20:20:47,0.00342500,8.75000000
2018-02-23 20:20:48,0.00342600,1.16000000
2018-02-23 20:20:51,0.00342900,94.76000000
2018-02-23 20:20:53,0.00342900,1.64000000
2018-02-23 20:20:53,0.00342900,1.64000000
2018-02-23 20:20:54,0.00342900,2.88000000
2018-02-23 20:20:55,0.00342900,1.43000000
2018-02-23 20:20:56,0.00342900,27.06000000
2018-02-23 20:20:56,0.00343000,31.95000000
2018-02-23 20:21:00,0.00343000,3.82000000
2018-02-23 20:21:04,0.00343000,13.84000000
2018-02-23 20:21:04,0.00343200,3.46000000
2018-02-23 20:21:05,0.00342900,13.02000000
2018-02-23 20:21:06,0.00342900,12.11000000
2018-02-23 20:21:07,0.00343000,3.92000000
2018-02-23 20:21:08,0.00342900,8.74000000
2018-02-23 20:21:08,0.00342900,16.20000000
2018-02-23 20:21:09,0.00342900,5.57000000
2018-02-23 20:21:09,0.00343000,1.16000000
2018-02-23 20:21:10,0.00342800,1.93000000
2018-02-23 20:21:14,0.00342800,4.57000000
2018-02-23 20:21:16,0.00342800,2.37000000
2018-02-23 20:21:19,0.00342800,350.69000000
2018-02-23 20:21:19,0.00342700,19.42000000
2018-02-23 20:21:20,0.00342800,7.04000000
2018-02-23 20:21:20,0.00342700,5.53000000
2018-02-23 20:21:21,0.00342800,0.46000000
2018-02-23 20:21:21,0.00342800,47.22000000
2018-02-23 20:21:23,0.00342800,0.83000000
2018-02-23 20:21:24,0.00342800,1.14000000
2018-02-23 20:21:24,0.00342800,1.05000000
2018-02-23 20:21:25,0.00342700,0.81000000
2018-02-23 20:21:26,0.00342600,1.16000000
2018-02-23 20:21:26,0.00342600,8.84000000
2018-02-23 20:21:27,0.00342600,4.15000000
2018-02-23 20:21:33,0.00342600,1.00000000
2018-02-23 20:21:33,0.00342600,1.00000000
2018-02-23 20:21:36,0.00342700,0.02000000
2018-02-23 20:21:36,0.00342800,24.98000000
2018-02-23 20:21:36,0.00342800,6.65000000
2018-02-23 20:21:37,0.00342600,55.35000000
2018-02-23 20:21:45,0.00342800,11.59000000
2018-02-23 20:21:45,0.00342800,0.02000000
2018-02-23 20:21:45,0.00343000,3.10000000
2018-02-23 20:21:52,0.00343100,9.98000000
2018-02-23 20:21:52,0.00342600,0.55000000
2018-02-23 20:21:57,0.00342900,2.71000000
2018-02-23 20:21:59,0.00342900,49.98000000
2018-02-23 20:22:02,0.00343000,3.29000000
2018-02-23 20:22:05,0.00343000,25.22000000
2018-02-23 20:22:10,0.00342900,3.05000000
2018-02-23 20:22:14,0.00343000,17.21000000
2018-02-23 20:22:20,0.00343100,7.84000000
2018-02-23 20:22:23,0.00343000,1.00000000
2018-02-23 20:22:23,0.00343000,9.81000000
2018-02-23 20:22:25,0.00343100,22.84000000
2018-02-23 20:22:26,0.00343000,8.92000000
2018-02-23 20:22:27,0.00343000,5.00000000
2018-02-23 20:22:27,0.00343000,25.00000000
2018-02-23 20:22:27,0.00343000,7.07000000
2018-02-23 20:22:29,0.00343000,3.52000000
2018-02-23 20:22:32,0.00343000,6.47000000
2018-02-23 20:22:32,0.00343100,4.29000000
2018-02-23 20:22:34,0.00343100,6.00000000
2018-02-23 20:22:35,0.00343200,14.57000000
2018-02-23 20:22:39,0.00343200,6.30000000
2018-02-23 20:22:40,0.00343300,0.10000000
2018-02-23 20:22:43,0.00343200,8.07000000
2018-02-23 20:22:44,0.00343200,3.26000000
2018-02-23 20:22:45,0.00343200,1.00000000
2018-02-23 20:22:48,0.00343200,3.52000000
2018-02-23 20:22:50,0.00343200,44.71000000
2018-02-23 20:22:50,0.00343200,78.14000000
2018-02-23 20:22:51,0.00343300,10.00000000
2018-02-23 20:22:51,0.00343400,131.23000000
2018-02-23 20:22:53,0.00343000,0.26000000
2018-02-23 20:22:54,0.00343300,20.96000000
2018-02-23 20:22:54,0.00343400,26.02000000
2018-02-23 20:22:55,0.00343000,0.35000000
2018-02-23 20:23:00,0.00343200,0.64000000
2018-02-23 20:23:09,0.00343100,9.76000000
2018-02-23 20:23:17,0.00343200,0.64000000
2018-02-23 20:23:17,0.00343200,9.38000000
2018-02-23 20:23:18,0.00343100,0.48000000
2018-02-23 20:23:19,0.00343100,1.00000000
2018-02-23 20:23:22,0.00343100,5.68000000
2018-02-23 20:23:23,0.00343200,8.73000000
2018-02-23 20:23:23,0.00343200,140.00000000
2018-02-23 20:23:23,0.00343200,26.95000000
2018-02-23 20:23:23,0.00343200,8.73000000
2018-02-23 20:23:28,0.00343200,5.68000000
2018-02-23 20:23:30,0.00343200,3.31000000
2018-02-23 20:23:30,0.00343100,23.81000000
2018-02-23 20:23:34,0.00343300,87.71000000
2018-02-23 20:23:34,0.00343300,46.57000000
2018-02-23 20:23:34,0.00343300,23.39000000
2018-02-23 20:23:34,0.00343300,24.79000000
2018-02-23 20:23:35,0.00343100,55.13000000
2018-02-23 20:23:37,0.00343100,14.71000000
2018-02-23 20:23:38,0.00343200,156.32000000
2018-02-23 20:23:38,0.00343300,35.96000000
2018-02-23 20:23:39,0.00343400,86.67000000
2018-02-23 20:23:39,0.00343400,30.57000000
2018-02-23 20:23:39,0.00343300,0.46000000
2018-02-23 20:23:39,0.00343300,0.53000000
2018-02-23 20:23:39,0.00343400,0.70000000
2018-02-23 20:23:42,0.00343400,3.55000000
2018-02-23 20:23:44,0.00343400,2.77000000
2018-02-23 20:23:45,0.00343300,53.00000000
2018-02-23 20:23:46,0.00343400,7.64000000
2018-02-23 20:23:48,0.00343400,19.70000000
2018-02-23 20:23:49,0.00343400,0.70000000
2018-02-23 20:23:50,0.00343300,1.30000000
2018-02-23 20:23:51,0.00343400,76.27000000
2018-02-23 20:23:52,0.00343400,2.60000000
2018-02-23 20:23:54,0.00343400,0.75000000
2018-02-23 20:23:54,0.00343400,51.76000000
2018-02-23 20:23:56,0.00343400,243.91000000
2018-02-23 20:23:56,0.00343500,69.70000000
2018-02-23 20:23:59,0.00343400,19.94000000
2018-02-23 20:24:04,0.00343400,880.94000000
2018-02-23 20:24:04,0.00343300,109.83000000
2018-02-23 20:24:04,0.00343200,26.42000000
2018-02-23 20:24:04,0.00343100,2.86000000
2018-02-23 20:24:04,0.00343000,69.52000000
2018-02-23 20:24:04,0.00342900,189.19000000
2018-02-23 20:24:04,0.00342900,29.09000000
2018-02-23 20:24:05,0.00342900,24.55000000
2018-02-23 20:24:05,0.00342700,2.91000000
2018-02-23 20:24:05,0.00342600,55.91000000
2018-02-23 20:24:05,0.00342500,53.51000000
2018-02-23 20:24:05,0.00342800,42.45000000
2018-02-23 20:24:05,0.00342900,0.87000000
2018-02-23 20:24:05,0.00342900,1.61000000
2018-02-23 20:24:05,0.00342500,1.16000000
2018-02-23 20:24:05,0.00342100,0.84000000
2018-02-23 20:24:06,0.00342800,2.54000000
2018-02-23 20:24:07,0.00342400,4.02000000
2018-02-23 20:24:07,0.00342200,1.20000000
2018-02-23 20:24:07,0.00342600,1.15000000
2018-02-23 20:24:07,0.00342600,0.05000000
2018-02-23 20:24:07,0.00342800,14.54000000
2018-02-23 20:24:08,0.00342300,1.09000000
2018-02-23 20:24:10,0.00342100,61.69000000
2018-02-23 20:24:10,0.00342000,45.17000000
2018-02-23 20:24:10,0.00341800,18.50000000
2018-02-23 20:24:11,0.00342400,33.89000000
2018-02-23 20:24:12,0.00342100,2.86000000
2018-02-23 20:24:12,0.00342000,1.16000000
2018-02-23 20:24:13,0.00342300,2.91000000
2018-02-23 20:24:13,0.00342000,1.03000000
2018-02-23 20:24:13,0.00341800,3.51000000
2018-02-23 20:24:13,0.00341700,34.31000000
2018-02-23 20:24:13,0.00341700,1.03000000
2018-02-23 20:24:14,0.00342300,3.50000000
2018-02-23 20:24:14,0.00342300,0.01000000
2018-02-23 20:24:14,0.00342400,2.92000000
2018-02-23 20:24:16,0.00342400,4.42000000
2018-02-23 20:24:17,0.00342200,1.00000000
2018-02-23 20:24:18,0.00342200,1.86000000
2018-02-23 20:24:18,0.00342500,2.92000000
2018-02-23 20:24:20,0.00342400,2.86000000
2018-02-23 20:24:20,0.00342500,27.93000000
2018-02-23 20:24:21,0.00342500,27.98000000
2018-02-23 20:24:22,0.00342800,11.92000000
2018-02-23 20:24:22,0.00343000,12.00000000
2018-02-23 20:24:23,0.00342600,1.04000000
2018-02-23 20:24:23,0.00343000,22.07000000
2018-02-23 20:24:23,0.00342500,0.34000000
2018-02-23 20:24:23,0.00342500,2.68000000
2018-02-23 20:24:23,0.00342500,2.97000000
2018-02-23 20:24:24,0.00342500,3.79000000
2018-02-23 20:24:24,0.00342500,1.88000000
2018-02-23 20:24:25,0.00342500,1.17000000
2018-02-23 20:24:25,0.00342600,1.02000000
2018-02-23 20:24:25,0.00342900,1.36000000
2018-02-23 20:24:25,0.00343000,1.04000000
2018-02-23 20:24:25,0.00343100,6.28000000
2018-02-23 20:24:25,0.00342700,2.86000000
2018-02-23 20:24:25,0.00343100,1.56000000
2018-02-23 20:24:26,0.00342500,2.85000000
2018-02-23 20:24:27,0.00342600,0.78000000
2018-02-23 20:24:27,0.00342600,32.28000000
2018-02-23 20:24:27,0.00342500,512.84000000
2018-02-23 20:24:27,0.00342400,2.92000000
2018-02-23 20:24:27,0.00342200,0.57000000
2018-02-23 20:24:27,0.00342200,0.78000000
2018-02-23 20:24:27,0.00342200,0.79000000
2018-02-23 20:24:27,0.00342100,0.79000000
2018-02-23 20:24:27,0.00342200,394.36000000
2018-02-23 20:24:28,0.00342100,1.40000000
2018-02-23 20:24:28,0.00342200,12.30000000
2018-02-23 20:24:28,0.00342200,35.72000000
2018-02-23 20:24:29,0.00342200,95.14000000
2018-02-23 20:24:29,0.00342200,73.06000000
2018-02-23 20:24:30,0.00342200,21.85000000
2018-02-23 20:24:30,0.00342200,34.29000000
2018-02-23 20:24:31,0.00342200,73.06000000
2018-02-23 20:24:32,0.00342100,4.06000000
2018-02-23 20:24:32,0.00342200,0.37000000
2018-02-23 20:24:32,0.00342200,43.06000000
2018-02-23 20:24:33,0.00342200,17.91000000
2018-02-23 20:24:33,0.00342200,73.05000000
2018-02-23 20:24:35,0.00342100,9.11000000
2018-02-23 20:24:35,0.00341900,2.87000000
2018-02-23 20:24:36,0.00342100,0.01000000
2018-02-23 20:24:36,0.00342200,6.29000000
2018-02-23 20:24:36,0.00342400,2.92000000
2018-02-23 20:24:36,0.00342700,5.38000000
2018-02-23 20:24:37,0.00342700,18.00000000
2018-02-23 20:24:37,0.00342700,14.59000000
2018-02-23 20:24:38,0.00342300,1.20000000
2018-02-23 20:24:39,0.00342100,2.92000000
2018-02-23 20:24:39,0.00342000,6.42000000
2018-02-23 20:24:39,0.00342500,2.92000000
2018-02-23 20:24:40,0.00342500,1.14000000
2018-02-23 20:24:40,0.00342700,3.44000000
2018-02-23 20:24:40,0.00342800,0.42000000
2018-02-23 20:24:41,0.00341800,32.59000000
2018-02-23 20:24:41,0.00341700,60.01000000
2018-02-23 20:24:43,0.00342000,0.14000000
2018-02-23 20:24:44,0.00342000,6.93000000
2018-02-23 20:24:44,0.00341900,1.45000000
2018-02-23 20:24:45,0.00342100,3.26000000
2018-02-23 20:24:46,0.00341900,0.87000000
2018-02-23 20:24:47,0.00341900,14.13000000
2018-02-23 20:24:47,0.00341700,3.44000000
2018-02-23 20:24:47,0.00341600,33.28000000
2018-02-23 20:24:47,0.00342300,28.27000000
2018-02-23 20:24:47,0.00342300,4.43000000
2018-02-23 20:24:48,0.00341600,13.00000000
2018-02-23 20:24:48,0.00341500,149.51000000
2018-02-23 20:24:48,0.00341500,125.74000000
2018-02-23 20:24:48,0.00341500,82.00000000
2018-02-23 20:24:48,0.00341500,1.73000000
2018-02-23 20:24:48,0.00342100,2.92000000
2018-02-23 20:24:48,0.00342200,3.08000000
2018-02-23 20:24:49,0.00341700,3.08000000
2018-02-23 20:24:49,0.00341600,13.87000000
2018-02-23 20:24:50,0.00341500,21.62000000
2018-02-23 20:24:50,0.00341500,5.38000000
2018-02-23 20:24:51,0.00342000,2.34000000
2018-02-23 20:24:51,0.00342000,14.62000000
2018-02-23 20:24:51,0.00342000,25.49000000
2018-02-23 20:24:51,0.00342100,17.53000000
2018-02-23 20:24:51,0.00342100,8.72000000
2018-02-23 20:24:52,0.00342100,4.32000000
2018-02-23 20:24:52,0.00342200,17.84000000
2018-02-23 20:24:52,0.00341500,13.92000000
2018-02-23 20:24:52,0.00342200,8.72000000
2018-02-23 20:24:52,0.00341500,32.20000000
2018-02-23 20:24:52,0.00341400,80.08000000
2018-02-23 20:24:52,0.00341400,33.35000000
2018-02-23 20:24:52,0.00342200,17.39000000
2018-02-23 20:24:53,0.00341500,11.00000000
2018-02-23 20:24:53,0.00341500,2.19000000
2018-02-23 20:24:53,0.00341500,4.43000000
2018-02-23 20:24:54,0.00341500,3.45000000
2018-02-23 20:24:54,0.00341500,0.85000000
2018-02-23 20:24:54,0.00341500,3.45000000
2018-02-23 20:24:54,0.00341500,3.44000000
2018-02-23 20:24:54,0.00341500,3.45000000
2018-02-23 20:24:54,0.00341500,1.26000000
2018-02-23 20:24:54,0.00341500,2.44000000
2018-02-23 20:24:54,0.00341500,24.64000000
2018-02-23 20:24:54,0.00341400,3.44000000
2018-02-23 20:24:54,0.00341500,5.17000000
2018-02-23 20:24:54,0.00341500,22.74000000
2018-02-23 20:24:54,0.00341500,8.73000000
2018-02-23 20:24:54,0.00341500,3.45000000
2018-02-23 20:24:54,0.00341500,29.10000000
2018-02-23 20:24:54,0.00341500,9.94000000
2018-02-23 20:24:54,0.00341500,20.19000000
2018-02-23 20:24:54,0.00342100,11.00000000
2018-02-23 20:24:54,0.00342200,42.01000000
2018-02-23 20:24:55,0.00342100,3.45000000
2018-02-23 20:24:55,0.00342100,1.67000000
2018-02-23 20:24:55,0.00342200,9.61000000
2018-02-23 20:24:55,0.00342100,3.61000000
2018-02-23 20:24:55,0.00342100,8.73000000
2018-02-23 20:24:56,0.00342100,2.66000000
2018-02-23 20:24:56,0.00342200,2.92000000
2018-02-23 20:24:56,0.00342200,2.44000000
2018-02-23 20:24:57,0.00342200,3.48000000
2018-02-23 20:24:58,0.00342000,11.00000000
2018-02-23 20:24:58,0.00342100,0.86000000
2018-02-23 20:24:58,0.00342100,4.98000000
2018-02-23 20:24:58,0.00342100,0.83000000
2018-02-23 20:24:58,0.00341600,1.43000000
2018-02-23 20:25:00,0.00342200,4.43000000
2018-02-23 20:25:01,0.00342100,14.62000000
2018-02-23 20:25:02,0.00342100,14.62000000
2018-02-23 20:25:02,0.00342100,57.49000000
2018-02-23 20:25:03,0.00341700,2.85000000
2018-02-23 20:25:05,0.00341800,1.00000000
2018-02-23 20:25:05,0.00341800,66.07000000
2018-02-23 20:25:05,0.00341700,11.83000000
2018-02-23 20:25:05,0.00341900,1.17000000
2018-02-23 20:25:06,0.00342000,1.17000000
2018-02-23 20:25:06,0.00342000,14.62000000
2018-02-23 20:25:06,0.00342000,1.17000000
2018-02-23 20:25:06,0.00341700,29.32000000
2018-02-23 20:25:06,0.00341600,12.49000000
2018-02-23 20:25:07,0.00341600,2.74000000
2018-02-23 20:25:07,0.00341600,1.14000000
2018-02-23 20:25:07,0.00341600,14.64000000
2018-02-23 20:25:07,0.00341600,1.17000000
2018-02-23 20:25:07,0.00341600,8.73000000
2018-02-23 20:25:07,0.00341600,15.80000000
2018-02-23 20:25:07,0.00342000,1.77000000
2018-02-23 20:25:07,0.00342000,9.19000000
2018-02-23 20:25:08,0.00342000,6.82000000
2018-02-23 20:25:08,0.00342000,8.73000000
2018-02-23 20:25:08,0.00342000,8.73000000
2018-02-23 20:25:08,0.00342000,179.17000000
2018-02-23 20:25:08,0.00342100,28.27000000
2018-02-23 20:25:08,0.00342200,1.78000000
2018-02-23 20:25:08,0.00342200,3.44000000
2018-02-23 20:25:09,0.00342200,2.44000000
2018-02-23 20:25:09,0.00342200,4.74000000
2018-02-23 20:25:12,0.00342200,11.00000000
2018-02-23 20:25:13,0.00342200,11.00000000
2018-02-23 20:25:13,0.00342300,1.11000000
2018-02-23 20:25:14,0.00342200,12.39000000
2018-02-23 20:25:14,0.00342000,8.73000000
2018-02-23 20:25:14,0.00341700,24.62000000
2018-02-23 20:25:14,0.00341600,14.64000000
2018-02-23 20:25:14,0.00341500,692.97000000
2018-02-23 20:25:14,0.00341500,3.10000000
2018-02-23 20:25:14,0.00341500,3.10000000
2018-02-23 20:25:14,0.00341500,3.10000000
2018-02-23 20:25:14,0.00341500,0.34000000
2018-02-23 20:25:14,0.00341500,2.22000000
2018-02-23 20:25:14,0.00341500,8.77000000
2018-02-23 20:25:14,0.00341500,39.12000000
2018-02-23 20:25:14,0.00341400,3.10000000
2018-02-23 20:25:14,0.00341500,3.10000000
2018-02-23 20:25:14,0.00341500,29.10000000
2018-02-23 20:25:14,0.00341500,15.00000000
2018-02-23 20:25:14,0.00341500,22.18000000
2018-02-23 20:25:15,0.00341500,73.21000000
2018-02-23 20:25:15,0.00341500,29.10000000
2018-02-23 20:25:15,0.00341500,0.88000000
2018-02-23 20:25:15,0.00341500,70.27000000
2018-02-23 20:25:15,0.00341500,14.64000000
2018-02-23 20:25:15,0.00341500,0.25000000
2018-02-23 20:25:15,0.00342000,4.30000000
2018-02-23 20:25:15,0.00342000,0.83000000
2018-02-23 20:25:15,0.00342200,8.73000000
2018-02-23 20:25:15,0.00342200,8.73000000
2018-02-23 20:25:16,0.00342200,8.73000000
2018-02-23 20:25:16,0.00342000,1.00000000
2018-02-23 20:25:18,0.00342000,0.83000000
2018-02-23 20:25:18,0.00342000,1.17000000
2018-02-23 20:25:18,0.00342000,4.76000000
2018-02-23 20:25:19,0.00342000,27.56000000
2018-02-23 20:25:19,0.00342000,0.93000000
2018-02-23 20:25:24,0.00342000,35.40000000
2018-02-23 20:25:27,0.00341600,2.86000000
2018-02-23 20:25:27,0.00341500,0.38000000
2018-02-23 20:25:27,0.00341900,2.92000000
2018-02-23 20:25:28,0.00341900,13.18000000
2018-02-23 20:25:29,0.00341900,13.27000000
2018-02-23 20:25:30,0.00341900,4.43000000
2018-02-23 20:25:31,0.00341900,8.88000000
2018-02-23 20:25:31,0.00342000,41.43000000
2018-02-23 20:25:32,0.00341500,4.21000000
2018-02-23 20:25:32,0.00341500,3.11000000
2018-02-23 20:25:34,0.00341900,13.48000000
2018-02-23 20:25:34,0.00341900,13.52000000
2018-02-23 20:25:36,0.00341900,0.32000000
2018-02-23 20:25:38,0.00341800,4.43000000
2018-02-23 20:25:38,0.00341500,11.38000000
2018-02-23 20:25:44,0.00341500,1.97000000
2018-02-23 20:25:44,0.00341500,3.39000000
2018-02-23 20:25:47,0.00341500,58.48000000
2018-02-23 20:25:47,0.00341600,10.14000000
2018-02-23 20:25:49,0.00341500,55.74000000
2018-02-23 20:25:49,0.00341800,0.93000000
2018-02-23 20:25:49,0.00341800,8.10000000
2018-02-23 20:25:51,0.00341800,8.11000000
2018-02-23 20:25:51,0.00341900,18.47000000
2018-02-23 20:25:51,0.00341900,10.99000000
2018-02-23 20:25:53,0.00341500,11.00000000
2018-02-23 20:25:53,0.00341400,7.76000000
2018-02-23 20:25:56,0.00341800,4.44000000
2018-02-23 20:25:56,0.00341800,29.23000000
2018-02-23 20:25:57,0.00341800,2.85000000
2018-02-23 20:25:57,0.00341500,88.00000000
2018-02-23 20:25:57,0.00341400,15.24000000
2018-02-23 20:25:58,0.00341800,29.09000000
2018-02-23 20:25:59,0.00341800,40.83000000
2018-02-23 20:26:00,0.00341400,6.80000000
2018-02-23 20:26:03,0.00341400,59.38000000
2018-02-23 20:26:03,0.00341300,47.06000000
2018-02-23 20:26:03,0.00341200,2.86000000
2018-02-23 20:26:03,0.00341100,69.45000000
2018-02-23 20:26:03,0.00341000,350.40000000
2018-02-23 20:26:03,0.00341000,1.00000000
2018-02-23 20:26:03,0.00341000,1.45000000
2018-02-23 20:26:04,0.00341000,10.00000000
2018-02-23 20:26:04,0.00341000,0.93000000
2018-02-23 20:26:05,0.00341000,15.00000000
2018-02-23 20:26:05,0.00341000,10.66000000
2018-02-23 20:26:06,0.00341000,73.31000000
2018-02-23 20:26:06,0.00341000,1.13000000
2018-02-23 20:26:06,0.00341000,2.00000000
2018-02-23 20:26:06,0.00341000,69.90000000
2018-02-23 20:26:07,0.00341000,1.70000000
2018-02-23 20:26:07,0.00341000,58.11000000
2018-02-23 20:26:07,0.00341000,14.66000000
2018-02-23 20:26:08,0.00341000,14.12000000
2018-02-23 20:26:09,0.00341100,14.66000000
2018-02-23 20:26:10,0.00341200,10.68000000
2018-02-23 20:26:10,0.00341200,18.38000000
2018-02-23 20:26:11,0.00341100,2.05000000
2018-02-23 20:26:11,0.00341100,12.45000000
2018-02-23 20:26:11,0.00341100,3.84000000
2018-02-23 20:26:11,0.00341200,10.81000000
2018-02-23 20:26:11,0.00341200,14.66000000
2018-02-23 20:26:12,0.00341200,14.65000000
2018-02-23 20:26:13,0.00341200,2.05000000
2018-02-23 20:26:13,0.00341200,14.65000000
2018-02-23 20:26:13,0.00341000,4.15000000
2018-02-23 20:26:13,0.00341000,0.06000000
2018-02-23 20:26:13,0.00341200,14.65000000
2018-02-23 20:26:14,0.00341200,26.37000000
2018-02-23 20:26:14,0.00341200,25.61000000
2018-02-23 20:26:15,0.00341000,1.46000000
2018-02-23 20:26:15,0.00341200,11.61000000
2018-02-23 20:26:15,0.00341300,25.07000000
2018-02-23 20:26:15,0.00341300,83.84000000
2018-02-23 20:26:16,0.00341300,14.65000000
2018-02-23 20:26:16,0.00341200,0.70000000
2018-02-23 20:26:16,0.00341000,0.62000000
2018-02-23 20:26:16,0.00341300,29.31000000
2018-02-23 20:26:16,0.00341000,335.97000000
2018-02-23 20:26:16,0.00341000,14.65000000
2018-02-23 20:26:17,0.00341000,1.45000000
2018-02-23 20:26:17,0.00341000,1.45000000
2018-02-23 20:26:17,0.00341000,116.97000000
2018-02-23 20:26:17,0.00341000,131.85000000
2018-02-23 20:26:17,0.00341300,14.66000000
2018-02-23 20:26:18,0.00341300,13.00000000
2018-02-23 20:26:18,0.00341300,1.30000000
2018-02-23 20:26:19,0.00341300,3.69000000
2018-02-23 20:26:19,0.00341300,65.92000000
2018-02-23 20:26:20,0.00341300,2.47000000
2018-02-23 20:26:20,0.00341300,2.47000000
2018-02-23 20:26:20,0.00341000,10.44000000
2018-02-23 20:26:21,0.00341000,9.52000000
2018-02-23 20:26:21,0.00341300,13.69000000
2018-02-23 20:26:21,0.00341300,2.93000000
2018-02-23 20:26:21,0.00341300,66.62000000
2018-02-23 20:26:23,0.00341300,26.58000000
2018-02-23 20:26:24,0.00341300,0.32000000
2018-02-23 20:26:24,0.00341300,0.32000000
2018-02-23 20:26:24,0.00341300,28.09000000
2018-02-23 20:26:25,0.00341000,34.67000000
2018-02-23 20:26:26,0.00341300,0.92000000
2018-02-23 20:26:26,0.00341400,13.74000000
2018-02-23 20:26:26,0.00341000,3.00000000
2018-02-23 20:26:28,0.00341000,3.50000000
2018-02-23 20:26:28,0.00341000,1.00000000
2018-02-23 20:26:29,0.00341000,2.04000000
2018-02-23 20:26:29,0.00341000,5.95000000
2018-02-23 20:26:30,0.00341000,305.68000000
2018-02-23 20:26:31,0.00341000,14.66000000
2018-02-23 20:26:33,0.00341000,14.66000000
2018-02-23 20:26:34,0.00341000,0.94000000
2018-02-23 20:26:35,0.00341000,34.64000000
2018-02-23 20:26:35,0.00341000,14.66000000
2018-02-23 20:26:36,0.00340900,24.67000000
2018-02-23 20:26:36,0.00340900,0.33000000
2018-02-23 20:26:36,0.00341000,22.50000000
2018-02-23 20:26:36,0.00341000,18.23000000
2018-02-23 20:26:37,0.00340900,0.88000000
2018-02-23 20:26:38,0.00340900,4.43000000
2018-02-23 20:26:38,0.00340900,14.67000000
2018-02-23 20:26:38,0.00340900,22.47000000
2018-02-23 20:26:38,0.00341000,29.22000000
2018-02-23 20:26:39,0.00341000,67.47000000
2018-02-23 20:26:39,0.00340900,3.05000000
2018-02-23 20:26:39,0.00341000,57.66000000
2018-02-23 20:26:39,0.00341000,116.77000000
2018-02-23 20:26:39,0.00341000,14.66000000
2018-02-23 20:26:40,0.00340900,9.15000000
2018-02-23 20:26:40,0.00340900,11.25000000
2018-02-23 20:26:40,0.00341000,67.73000000
2018-02-23 20:26:41,0.00341000,14.66000000
2018-02-23 20:26:41,0.00340900,1.50000000
2018-02-23 20:26:41,0.00340700,6.00000000
2018-02-23 20:26:41,0.00340600,4.04000000
2018-02-23 20:26:43,0.00341000,2.86000000
2018-02-23 20:26:43,0.00341000,11.52000000
2018-02-23 20:26:44,0.00341000,14.66000000
2018-02-23 20:26:45,0.00341000,17.85000000
2018-02-23 20:26:46,0.00341000,2.93000000
2018-02-23 20:26:48,0.00340900,1.49000000
2018-02-23 20:26:48,0.00341000,1.44000000
2018-02-23 20:26:48,0.00341000,11.73000000
2018-02-23 20:26:48,0.00341000,143.17000000
2018-02-23 20:26:50,0.00341000,94.41000000
2018-02-23 20:26:51,0.00341000,1.94000000
2018-02-23 20:26:51,0.00340900,0.94000000
2018-02-23 20:26:52,0.00340900,11.30000000
2018-02-23 20:26:52,0.00341000,23.27000000
2018-02-23 20:26:57,0.00341000,22.81000000
2018-02-23 20:26:57,0.00341000,0.70000000
2018-02-23 20:27:00,0.00340800,1.56000000
2018-02-23 20:27:00,0.00340800,2.93000000
2018-02-23 20:27:02,0.00340800,2.93000000
2018-02-23 20:27:02,0.00340800,1.56000000
2018-02-23 20:27:03,0.00340700,26.00000000
2018-02-23 20:27:03,0.00340600,193.72000000
2018-02-23 20:27:03,0.00340500,37.05000000
2018-02-23 20:27:03,0.00340300,2.00000000
2018-02-23 20:27:03,0.00340200,12.26000000
2018-02-23 20:27:03,0.00340100,388.88000000
