DATE,PRICE,VOLUME
2018-02-26 07:00:00,0.00355000,2.40000000
2018-02-26 07:00:07,0.00355000,2.50000000
2018-02-26 07:00:10,0.00354900,22.44000000
2018-02-26 07:00:10,0.00354400,8.92000000
2018-02-26 07:00:12,0.00355000,8.72000000
2018-02-26 07:00:13,0.00355000,2.50000000
2018-02-26 07:00:22,0.00354900,1.40000000
2018-02-26 07:00:22,0.00354200,3.36000000
2018-02-26 07:00:22,0.00355000,2.40000000
2018-02-26 07:00:26,0.00355000,14.34000000
2018-02-26 07:00:28,0.00355000,8.45000000
2018-02-26 07:00:34,0.00355000,14.08000000
2018-02-26 07:00:37,0.00355000,1.68000000
2018-02-26 07:00:40,0.00355000,11.26000000
2018-02-26 07:00:46,0.00355000,16.90000000
2018-02-26 07:00:50,0.00354900,0.29000000
2018-02-26 07:00:52,0.00354900,5.63000000
2018-02-26 07:00:55,0.00354400,1.00000000
2018-02-26 07:00:58,0.00354900,2.81000000
2018-02-26 07:01:00,0.00354900,0.58000000
2018-02-26 07:01:03,0.00354900,2.55000000
2018-02-26 07:01:03,0.00355000,15.10000000
2018-02-26 07:01:04,0.00355200,81.64000000
2018-02-26 07:01:06,0.00355200,2.81000000
2018-02-26 07:01:08,0.00355200,0.90000000
2018-02-26 07:01:10,0.00355200,39.41000000
2018-02-26 07:01:15,0.00355000,72.55000000
2018-02-26 07:01:16,0.00355200,19.70000000
2018-02-26 07:01:25,0.00355200,1.30000000
2018-02-26 07:01:27,0.00355200,2.81000000
2018-02-26 07:01:28,0.00355200,26.57000000
2018-02-26 07:01:28,0.00355300,170.30000000
2018-02-26 07:01:28,0.00355300,1.68000000
2018-02-26 07:01:33,0.00355300,2.81000000
2018-02-26 07:01:33,0.00355300,19.64000000
2018-02-26 07:01:34,0.00355300,4.61000000
2018-02-26 07:01:37,0.00355300,64.73000000
2018-02-26 07:01:38,0.00355300,1.30000000
2018-02-26 07:01:39,0.00355300,1.41000000
2018-02-26 07:01:42,0.00355000,17.13000000
2018-02-26 07:01:43,0.00355000,14.07000000
2018-02-26 07:01:49,0.00355000,9.00000000
2018-02-26 07:01:54,0.00355000,1.50000000
2018-02-26 07:02:01,0.00355000,1.40000000
2018-02-26 07:02:09,0.00355000,2.67000000
2018-02-26 07:02:13,0.00355300,0.69000000
2018-02-26 07:02:13,0.00355300,0.28000000
2018-02-26 07:02:22,0.00355300,40.51000000
2018-02-26 07:02:22,0.00355300,44.61000000
2018-02-26 07:02:23,0.00355300,121.02000000
2018-02-26 07:02:29,0.00355200,11.26000000
2018-02-26 07:02:37,0.00355000,5.30000000
2018-02-26 07:02:38,0.00355000,2.70000000
2018-02-26 07:02:41,0.00355200,14.07000000
2018-02-26 07:02:44,0.00355200,0.62000000
2018-02-26 07:02:50,0.00355000,5.84000000
2018-02-26 07:02:54,0.00355200,5.63000000
2018-02-26 07:02:54,0.00355200,1.00000000
2018-02-26 07:02:57,0.00355200,4.60000000
2018-02-26 07:02:58,0.00355200,0.68000000
2018-02-26 07:03:00,0.00355200,14.07000000
2018-02-26 07:03:00,0.00355200,19.13000000
2018-02-26 07:03:01,0.00355300,10.80000000
2018-02-26 07:03:02,0.00355300,90.18000000
2018-02-26 07:03:02,0.00355300,39.12000000
2018-02-26 07:03:06,0.00355300,25.55000000
2018-02-26 07:03:06,0.00355300,22.51000000
2018-02-26 07:03:06,0.00355300,3.06000000
2018-02-26 07:03:07,0.00355500,87.25000000
2018-02-26 07:03:08,0.00355500,57.80000000
2018-02-26 07:03:09,0.00355500,128.31000000
2018-02-26 07:03:10,0.00355500,128.31000000
2018-02-26 07:03:12,0.00355500,140.64000000
2018-02-26 07:03:12,0.00355500,11.00000000
2018-02-26 07:03:14,0.00355500,2.81000000
2018-02-26 07:03:15,0.00355500,128.40000000
2018-02-26 07:03:16,0.00355500,128.63000000
2018-02-26 07:03:17,0.00355300,2.30000000
2018-02-26 07:03:20,0.00355300,6.55000000
2018-02-26 07:03:20,0.00355500,95.38000000
2018-02-26 07:03:21,0.00355500,54.81000000
2018-02-26 07:03:25,0.00355500,28.12000000
2018-02-26 07:03:28,0.00355500,107.53000000
2018-02-26 07:03:37,0.00355500,4.96000000
2018-02-26 07:03:43,0.00355500,348.88000000
2018-02-26 07:03:48,0.00355500,5.81000000
2018-02-26 07:03:50,0.00355500,8.43000000
2018-02-26 07:03:51,0.00355500,1.63000000
2018-02-26 07:03:53,0.00355400,2.51000000
2018-02-26 07:03:53,0.00355300,0.47000000
2018-02-26 07:03:56,0.00355500,92.82000000
2018-02-26 07:04:02,0.00355500,56.25000000
2018-02-26 07:04:05,0.00355300,17.10000000
2018-02-26 07:04:06,0.00355500,13.37000000
2018-02-26 07:04:08,0.00355500,5.62000000
2018-02-26 07:04:13,0.00355500,29.60000000
2018-02-26 07:04:15,0.00355500,64.69000000
2018-02-26 07:04:16,0.00355500,41.37000000
2018-02-26 07:04:16,0.00355500,117.49000000
2018-02-26 07:04:18,0.00355500,3.46000000
2018-02-26 07:04:18,0.00355500,68.66000000
2018-02-26 07:04:19,0.00355500,44.77000000
2018-02-26 07:04:23,0.00355400,13.03000000
2018-02-26 07:04:24,0.00355400,43.64000000
2018-02-26 07:04:24,0.00355400,0.31000000
2018-02-26 07:04:26,0.00355400,14.07000000
2018-02-26 07:04:27,0.00355400,14.18000000
2018-02-26 07:04:27,0.00355400,13.83000000
2018-02-26 07:04:30,0.00355400,14.07000000
2018-02-26 07:04:31,0.00355400,140.00000000
2018-02-26 07:04:31,0.00355400,17.58000000
2018-02-26 07:04:32,0.00355500,2.81000000
2018-02-26 07:04:33,0.00355500,122.05000000
2018-02-26 07:04:33,0.00355500,140.64000000
2018-02-26 07:04:33,0.00355500,14.06000000
2018-02-26 07:04:36,0.00355500,37.07000000
2018-02-26 07:04:36,0.00355500,14.06000000
2018-02-26 07:04:36,0.00355500,2.40000000
2018-02-26 07:04:37,0.00355500,2.81000000
2018-02-26 07:04:39,0.00355500,14.06000000
2018-02-26 07:04:39,0.00355500,53.44000000
2018-02-26 07:04:40,0.00355500,14.06000000
2018-02-26 07:04:41,0.00355500,5.86000000
2018-02-26 07:04:42,0.00355500,127.31000000
2018-02-26 07:04:42,0.00355500,14.06000000
2018-02-26 07:04:43,0.00355500,4.76000000
2018-02-26 07:04:45,0.00355500,140.64000000
2018-02-26 07:04:45,0.00355500,419.89000000
2018-02-26 07:04:47,0.00355500,14.06000000
2018-02-26 07:04:47,0.00355500,822.38000000
2018-02-26 07:04:48,0.00355500,4.60000000
2018-02-26 07:04:49,0.00355500,14.06000000
2018-02-26 07:04:51,0.00355500,112.51000000
2018-02-26 07:04:53,0.00355500,25.53000000
2018-02-26 07:04:53,0.00355500,134.81000000
2018-02-26 07:04:54,0.00355500,0.29000000
2018-02-26 07:04:56,0.00355500,4.60000000
2018-02-26 07:04:57,0.00355500,2.81000000
2018-02-26 07:04:58,0.00355500,61.43000000
2018-02-26 07:04:59,0.00355700,13.95000000
2018-02-26 07:04:59,0.00355700,8.00000000
2018-02-26 07:05:02,0.00355500,1.00000000
2018-02-26 07:05:03,0.00355700,84.34000000
2018-02-26 07:05:22,0.00355800,64.64000000
2018-02-26 07:05:25,0.00355800,5.00000000
2018-02-26 07:05:25,0.00355800,165.73000000
2018-02-26 07:05:26,0.00355900,0.97000000
2018-02-26 07:05:29,0.00355800,2.63000000
2018-02-26 07:05:54,0.00355900,1.35000000
2018-02-26 07:05:55,0.00355800,15.00000000
2018-02-26 07:05:55,0.00355900,2.71000000
2018-02-26 07:05:55,0.00356000,2.80000000
2018-02-26 07:05:55,0.00355900,0.30000000
2018-02-26 07:05:59,0.00355900,3.05000000
2018-02-26 07:06:04,0.00355900,2.70000000
2018-02-26 07:06:09,0.00356000,1.20000000
2018-02-26 07:06:11,0.00356000,0.42000000
2018-02-26 07:06:11,0.00356000,6.00000000
2018-02-26 07:06:11,0.00355900,18.53000000
2018-02-26 07:06:13,0.00356000,8.42000000
2018-02-26 07:06:16,0.00356000,1.40000000
2018-02-26 07:06:19,0.00356000,28.08000000
2018-02-26 07:06:20,0.00356000,4.60000000
2018-02-26 07:06:21,0.00356000,1.80000000
2018-02-26 07:06:24,0.00355900,34.63000000
2018-02-26 07:06:25,0.00355900,7.48000000
2018-02-26 07:06:25,0.00355800,53.51000000
2018-02-26 07:06:26,0.00356000,5.61000000
2018-02-26 07:06:29,0.00355800,2.36000000
2018-02-26 07:06:29,0.00355700,22.50000000
2018-02-26 07:06:32,0.00355700,22.49000000
2018-02-26 07:06:33,0.00355700,2.81000000
2018-02-26 07:06:33,0.00355700,8.81000000
2018-02-26 07:06:35,0.00355900,100.10000000
2018-02-26 07:06:38,0.00355900,103.96000000
2018-02-26 07:06:39,0.00355700,0.30000000
2018-02-26 07:06:40,0.00355900,4.78000000
2018-02-26 07:06:40,0.00355900,2.40000000
2018-02-26 07:06:41,0.00355900,40.51000000
2018-02-26 07:06:44,0.00355900,14.04000000
2018-02-26 07:06:45,0.00355500,11.03000000
2018-02-26 07:06:50,0.00355900,25.28000000
2018-02-26 07:06:57,0.00355500,11.50000000
2018-02-26 07:06:59,0.00355900,30.90000000
2018-02-26 07:07:05,0.00355900,14.04000000
2018-02-26 07:07:13,0.00355900,28.09000000
2018-02-26 07:07:28,0.00355800,3.20000000
2018-02-26 07:07:29,0.00355800,5.62000000
2018-02-26 07:07:29,0.00355800,2.80000000
2018-02-26 07:07:29,0.00355700,3.22000000
2018-02-26 07:07:33,0.00355700,2.81000000
2018-02-26 07:07:35,0.00355800,16.86000000
2018-02-26 07:07:37,0.00355800,18.52000000
2018-02-26 07:07:40,0.00355800,1.12000000
2018-02-26 07:07:41,0.00356000,19.66000000
2018-02-26 07:07:47,0.00356000,11.23000000
2018-02-26 07:07:54,0.00356000,5.61000000
2018-02-26 07:07:54,0.00356000,4.48000000
2018-02-26 07:07:54,0.00356100,12.88000000
2018-02-26 07:07:55,0.00356100,73.23000000
2018-02-26 07:08:00,0.00356000,14.04000000
2018-02-26 07:08:02,0.00356000,8.00000000
2018-02-26 07:08:03,0.00356000,4.59000000
2018-02-26 07:08:03,0.00356000,2.50000000
2018-02-26 07:08:03,0.00356100,5.50000000
2018-02-26 07:08:04,0.00356100,184.05000000
2018-02-26 07:08:06,0.00356100,53.35000000
2018-02-26 07:08:08,0.00355900,4.50000000
2018-02-26 07:08:12,0.00356100,14.04000000
2018-02-26 07:08:12,0.00356100,7.00000000
2018-02-26 07:08:14,0.00356100,25.55000000
2018-02-26 07:08:15,0.00356100,10.98000000
2018-02-26 07:08:16,0.00356100,11.78000000
2018-02-26 07:08:18,0.00356100,140.40000000
2018-02-26 07:08:19,0.00356100,4.59000000
2018-02-26 07:08:20,0.00356100,0.69000000
2018-02-26 07:08:27,0.00356100,0.70000000
2018-02-26 07:08:29,0.00356100,2.80000000
2018-02-26 07:08:31,0.00356100,41.10000000
2018-02-26 07:08:33,0.00356100,19.31000000
2018-02-26 07:08:33,0.00356100,0.73000000
2018-02-26 07:08:34,0.00356100,72.00000000
2018-02-26 07:08:39,0.00356100,669.02000000
2018-02-26 07:08:41,0.00356100,1.48000000
2018-02-26 07:08:41,0.00356100,2.80000000
2018-02-26 07:08:42,0.00356100,4.59000000
2018-02-26 07:08:46,0.00356100,7.94000000
2018-02-26 07:08:47,0.00356100,2.80000000
2018-02-26 07:08:47,0.00356100,20.32000000
2018-02-26 07:08:48,0.00356000,2.93000000
2018-02-26 07:08:51,0.00356000,11.99000000
2018-02-26 07:08:57,0.00356100,8.29000000
2018-02-26 07:08:59,0.00356100,2.32000000
2018-02-26 07:09:02,0.00356100,0.67000000
2018-02-26 07:09:13,0.00356100,1.11000000
2018-02-26 07:09:15,0.00355900,21.10000000
2018-02-26 07:09:16,0.00356100,6.40000000
2018-02-26 07:09:18,0.00355900,10.32000000
2018-02-26 07:09:24,0.00355900,34.44000000
2018-02-26 07:09:25,0.00355900,70.78000000
2018-02-26 07:09:25,0.00355900,24.60000000
2018-02-26 07:09:26,0.00355900,36.59000000
2018-02-26 07:09:26,0.00355800,6.40000000
2018-02-26 07:09:28,0.00356000,14.44000000
2018-02-26 07:09:28,0.00356100,266.79000000
2018-02-26 07:09:32,0.00356100,6.00000000
2018-02-26 07:09:33,0.00356100,205.43000000
2018-02-26 07:09:40,0.00356100,4.26000000
2018-02-26 07:09:42,0.00356100,4.59000000
2018-02-26 07:09:42,0.00355900,20.00000000
2018-02-26 07:09:48,0.00356000,15.72000000
2018-02-26 07:09:48,0.00356100,44.53000000
2018-02-26 07:09:48,0.00356100,24.46000000
2018-02-26 07:09:55,0.00356000,15.85000000
2018-02-26 07:09:56,0.00356000,4.58000000
2018-02-26 07:09:59,0.00356000,3.66000000
2018-02-26 07:10:04,0.00356000,112.47000000
2018-02-26 07:10:05,0.00356100,14.09000000
2018-02-26 07:10:10,0.00356000,24.00000000
2018-02-26 07:10:12,0.00356100,19.78000000
2018-02-26 07:10:12,0.00356100,628.01000000
2018-02-26 07:10:15,0.00356100,8.66000000
2018-02-26 07:10:18,0.00356100,19.68000000
2018-02-26 07:10:20,0.00356100,5.07000000
2018-02-26 07:10:21,0.00356000,22.53000000
2018-02-26 07:10:22,0.00356000,72.72000000
2018-02-26 07:10:25,0.00356000,0.28000000
2018-02-26 07:10:30,0.00356000,0.02000000
2018-02-26 07:10:30,0.00356100,7.79000000
2018-02-26 07:10:32,0.00356100,114.06000000
2018-02-26 07:10:33,0.00356100,3.50000000
2018-02-26 07:10:35,0.00356100,0.98000000
2018-02-26 07:10:37,0.00356000,25.53000000
2018-02-26 07:10:38,0.00356000,0.67000000
2018-02-26 07:10:40,0.00356000,13.32000000
2018-02-26 07:10:42,0.00356000,8.67000000
2018-02-26 07:10:43,0.00356000,3.74000000
2018-02-26 07:10:48,0.00355600,39.12000000
2018-02-26 07:10:54,0.00355900,23.75000000
2018-02-26 07:10:56,0.00355600,0.90000000
2018-02-26 07:11:00,0.00355900,2.80000000
2018-02-26 07:11:03,0.00355900,10.00000000
2018-02-26 07:11:04,0.00355900,4.03000000
2018-02-26 07:11:06,0.00355600,20.00000000
2018-02-26 07:11:07,0.00355900,2.00000000
2018-02-26 07:11:08,0.00355900,6.71000000
2018-02-26 07:11:11,0.00355600,43.80000000
2018-02-26 07:11:12,0.00355600,3.12000000
2018-02-26 07:11:17,0.00355900,0.42000000
2018-02-26 07:11:19,0.00355900,17.03000000
2018-02-26 07:11:24,0.00355500,14.03000000
2018-02-26 07:11:27,0.00355900,2.80000000
2018-02-26 07:11:37,0.00355900,49.95000000
2018-02-26 07:11:43,0.00356000,48.07000000
2018-02-26 07:11:43,0.00356200,42.03000000
2018-02-26 07:11:43,0.00356200,42.03000000
2018-02-26 07:11:43,0.00356200,42.03000000
2018-02-26 07:11:43,0.00356200,42.03000000
2018-02-26 07:11:43,0.00356200,42.03000000
2018-02-26 07:11:47,0.00355900,140.36000000
2018-02-26 07:11:47,0.00356200,19.37000000
2018-02-26 07:11:48,0.00356200,10.92000000
2018-02-26 07:11:48,0.00355600,0.54000000
2018-02-26 07:11:54,0.00356200,126.37000000
2018-02-26 07:11:56,0.00356300,11.47000000
2018-02-26 07:11:56,0.00356400,1.00000000
2018-02-26 07:12:04,0.00356300,6.01000000
2018-02-26 07:12:05,0.00356200,33.41000000
2018-02-26 07:12:05,0.00356200,49.77000000
2018-02-26 07:12:05,0.00356200,15.63000000
2018-02-26 07:12:07,0.00356700,56.19000000
2018-02-26 07:12:08,0.00356700,2.30000000
2018-02-26 07:12:09,0.00356700,8.41000000
2018-02-26 07:12:11,0.00356700,9.17000000
2018-02-26 07:12:23,0.00356300,0.39000000
2018-02-26 07:12:29,0.00356300,83.71000000
2018-02-26 07:12:33,0.00356300,1.09000000
2018-02-26 07:12:42,0.00356200,14.04000000
2018-02-26 07:12:45,0.00356200,49.98000000
2018-02-26 07:12:56,0.00356200,1.16000000
2018-02-26 07:12:57,0.00356300,40.48000000
2018-02-26 07:12:57,0.00356300,4.00000000
2018-02-26 07:13:02,0.00356200,4.50000000
2018-02-26 07:13:10,0.00356200,86.99000000
2018-02-26 07:13:10,0.00356100,43.63000000
2018-02-26 07:13:10,0.00356000,53.82000000
2018-02-26 07:13:10,0.00355900,45.28000000
2018-02-26 07:13:10,0.00355800,17.87000000
2018-02-26 07:13:10,0.00355600,16.80000000
2018-02-26 07:13:10,0.00355400,7.30000000
2018-02-26 07:13:10,0.00355300,0.40000000
2018-02-26 07:13:10,0.00355200,29.10000000
2018-02-26 07:13:10,0.00355100,64.60000000
2018-02-26 07:13:10,0.00355000,204.70000000
2018-02-26 07:13:10,0.00354700,4.50000000
2018-02-26 07:13:10,0.00354600,131.49000000
2018-02-26 07:13:10,0.00354500,28.20000000
2018-02-26 07:13:10,0.00354400,10.00000000
2018-02-26 07:13:10,0.00354300,50.86000000
2018-02-26 07:13:10,0.00354200,192.22000000
2018-02-26 07:13:10,0.00354100,0.76000000
2018-02-26 07:13:10,0.00354000,1293.08000000
2018-02-26 07:13:10,0.00353900,95.02000000
2018-02-26 07:13:10,0.00353800,314.00000000
2018-02-26 07:13:10,0.00353700,6.46000000
2018-02-26 07:13:10,0.00353600,39.70000000
2018-02-26 07:13:10,0.00353500,19.08000000
2018-02-26 07:13:10,0.00353400,40.16000000
2018-02-26 07:13:10,0.00353300,91.63000000
2018-02-26 07:13:10,0.00353200,16.77000000
2018-02-26 07:13:10,0.00353100,25.60000000
2018-02-26 07:13:10,0.00353000,128.32000000
2018-02-26 07:13:10,0.00352900,34.98000000
2018-02-26 07:13:10,0.00352800,3.43000000
2018-02-26 07:13:10,0.00352700,2.00000000
2018-02-26 07:13:10,0.00352600,774.11000000
2018-02-26 07:13:10,0.00352500,227.21000000
2018-02-26 07:13:10,0.00352400,2.34000000
2018-02-26 07:13:10,0.00352300,297.59000000
2018-02-26 07:13:10,0.00352300,4.15000000
2018-02-26 07:13:10,0.00352200,5.67000000
2018-02-26 07:13:10,0.00352100,5.08000000
2018-02-26 07:13:10,0.00352000,15.09000000
2018-02-26 07:13:10,0.00352000,3.29000000
2018-02-26 07:13:10,0.00352000,20.00000000
2018-02-26 07:13:10,0.00352000,0.70000000
2018-02-26 07:13:10,0.00352000,0.80000000
2018-02-26 07:13:10,0.00352000,0.80000000
2018-02-26 07:13:10,0.00352000,0.80000000
2018-02-26 07:13:10,0.00352300,12.43000000
2018-02-26 07:13:10,0.00352000,84.73000000
2018-02-26 07:13:10,0.00351900,1.98000000
2018-02-26 07:13:10,0.00351800,16.67000000
2018-02-26 07:13:10,0.00351700,19.65000000
2018-02-26 07:13:10,0.00351600,39.07000000
2018-02-26 07:13:10,0.00351500,58.88000000
2018-02-26 07:13:10,0.00351300,2.87000000
2018-02-26 07:13:10,0.00351200,98.05000000
2018-02-26 07:13:10,0.00351100,131.56000000
2018-02-26 07:13:10,0.00351100,1.41000000
2018-02-26 07:13:10,0.00351100,4.98000000
2018-02-26 07:13:10,0.00351500,5.79000000
2018-02-26 07:13:10,0.00351500,5.14000000
2018-02-26 07:13:10,0.00351500,1.73000000
2018-02-26 07:13:10,0.00351500,5.88000000
2018-02-26 07:13:10,0.00351500,11.01000000
2018-02-26 07:13:10,0.00351500,5.83000000
2018-02-26 07:13:10,0.00351500,0.36000000
2018-02-26 07:13:10,0.00351900,2.44000000
2018-02-26 07:13:10,0.00351900,19.14000000
2018-02-26 07:13:10,0.00351900,10.10000000
2018-02-26 07:13:10,0.00352000,16.00000000
2018-02-26 07:13:10,0.00352500,5.88000000
2018-02-26 07:13:10,0.00352800,5.00000000
2018-02-26 07:13:10,0.00353000,32.67000000
2018-02-26 07:13:10,0.00353100,5.17000000
2018-02-26 07:13:10,0.00353200,2.00000000
2018-02-26 07:13:10,0.00353400,1.98000000
2018-02-26 07:13:10,0.00353400,16.02000000
2018-02-26 07:13:10,0.00353500,10.05000000
2018-02-26 07:13:10,0.00353700,78.93000000
2018-02-26 07:13:10,0.00353700,108.40000000
2018-02-26 07:13:10,0.00353800,2.35000000
2018-02-26 07:13:10,0.00356600,24.03000000
2018-02-26 07:13:10,0.00352000,2.80000000
2018-02-26 07:13:10,0.00356600,14.00000000
2018-02-26 07:13:10,0.00356600,13.01000000
2018-02-26 07:13:10,0.00356600,16.01000000
2018-02-26 07:13:11,0.00354600,0.84000000
2018-02-26 07:13:11,0.00355100,1.00000000
2018-02-26 07:13:11,0.00356400,9.16000000
2018-02-26 07:13:11,0.00356200,2.80000000
2018-02-26 07:13:11,0.00356200,2.80000000
2018-02-26 07:13:11,0.00356400,16.01000000
2018-02-26 07:13:11,0.00356200,2.98000000
2018-02-26 07:13:11,0.00356200,6.53000000
2018-02-26 07:13:11,0.00356300,0.49000000
2018-02-26 07:13:11,0.00356400,1.66000000
2018-02-26 07:13:11,0.00356400,2.79000000
2018-02-26 07:13:11,0.00356400,11.08000000
2018-02-26 07:13:11,0.00356200,2.82000000
2018-02-26 07:13:11,0.00356200,13.87000000
2018-02-26 07:13:11,0.00356200,67.71000000
2018-02-26 07:13:12,0.00354700,0.29000000
2018-02-26 07:13:12,0.00354700,0.55000000
2018-02-26 07:13:12,0.00356300,2.45000000
2018-02-26 07:13:12,0.00355000,0.64000000
2018-02-26 07:13:12,0.00353700,0.52000000
2018-02-26 07:13:12,0.00356100,0.70000000
2018-02-26 07:13:13,0.00356100,2.40000000
2018-02-26 07:13:15,0.00355900,2.40000000
2018-02-26 07:13:15,0.00355900,0.89000000
2018-02-26 07:13:15,0.00355900,1.92000000
2018-02-26 07:13:16,0.00355000,3.02000000
2018-02-26 07:13:17,0.00355000,0.76000000
2018-02-26 07:13:17,0.00355500,1.64000000
2018-02-26 07:13:18,0.00355500,14.76000000
2018-02-26 07:13:18,0.00355700,19.05000000
2018-02-26 07:13:21,0.00354700,6.00000000
2018-02-26 07:13:26,0.00355000,9.14000000
2018-02-26 07:13:26,0.00355100,0.52000000
2018-02-26 07:13:26,0.00355200,249.34000000
2018-02-26 07:13:27,0.00355000,5.99000000
2018-02-26 07:13:27,0.00355000,0.01000000
2018-02-26 07:13:27,0.00355200,8.40000000
2018-02-26 07:13:27,0.00355200,8.48000000
2018-02-26 07:13:27,0.00355200,8.41000000
2018-02-26 07:13:27,0.00355200,8.41000000
2018-02-26 07:13:27,0.00355200,8.48000000
2018-02-26 07:13:28,0.00355200,8.48000000
2018-02-26 07:13:28,0.00355200,8.44000000
2018-02-26 07:13:28,0.00355200,8.41000000
2018-02-26 07:13:28,0.00355200,25.55000000
2018-02-26 07:13:28,0.00355200,47.29000000
2018-02-26 07:13:28,0.00355200,8.48000000
2018-02-26 07:13:29,0.00355200,8.48000000
2018-02-26 07:13:29,0.00355200,8.48000000
2018-02-26 07:13:29,0.00355200,8.48000000
2018-02-26 07:13:29,0.00355200,8.41000000
2018-02-26 07:13:29,0.00355200,8.48000000
2018-02-26 07:13:30,0.00355200,0.68000000
2018-02-26 07:13:30,0.00355200,0.90000000
2018-02-26 07:13:31,0.00355200,8.48000000
2018-02-26 07:13:31,0.00355200,8.44000000
2018-02-26 07:13:31,0.00355200,8.48000000
2018-02-26 07:13:31,0.00355200,8.41000000
2018-02-26 07:13:32,0.00355200,1.41000000
2018-02-26 07:13:32,0.00355200,3.10000000
2018-02-26 07:13:32,0.00355200,8.41000000
2018-02-26 07:13:33,0.00355200,8.41000000
2018-02-26 07:13:34,0.00355200,8.44000000
2018-02-26 07:13:34,0.00355200,0.87000000
2018-02-26 07:13:36,0.00355200,58.97000000
2018-02-26 07:13:37,0.00355200,5.91000000
2018-02-26 07:13:37,0.00355200,13.03000000
2018-02-26 07:13:38,0.00355200,5.34000000
2018-02-26 07:13:39,0.00355200,4.78000000
2018-02-26 07:13:39,0.00355200,3.94000000
2018-02-26 07:13:41,0.00355300,8.48000000
2018-02-26 07:13:43,0.00355200,37.87000000
2018-02-26 07:13:46,0.00355200,11.02000000
2018-02-26 07:13:48,0.00355000,2.80000000
2018-02-26 07:13:48,0.00355000,25.55000000
2018-02-26 07:13:49,0.00355000,75.14000000
2018-02-26 07:13:49,0.00355000,8.48000000
2018-02-26 07:14:00,0.00355100,1.00000000
2018-02-26 07:14:02,0.00355100,2.15000000
2018-02-26 07:14:04,0.00355100,25.55000000
2018-02-26 07:14:05,0.00354800,1.60000000
2018-02-26 07:14:05,0.00354800,5.44000000
2018-02-26 07:14:06,0.00354800,7.04000000
2018-02-26 07:14:06,0.00354800,0.95000000
2018-02-26 07:14:10,0.00355200,50.53000000
2018-02-26 07:14:16,0.00355200,0.10000000
2018-02-26 07:14:18,0.00355200,2.19000000
2018-02-26 07:14:19,0.00355000,79.17000000
2018-02-26 07:14:20,0.00355000,25.55000000
2018-02-26 07:14:24,0.00354900,2.80000000
2018-02-26 07:14:24,0.00355000,20.97000000
2018-02-26 07:14:25,0.00355000,25.77000000
2018-02-26 07:14:26,0.00355000,48.54000000
2018-02-26 07:14:26,0.00355100,33.96000000
2018-02-26 07:14:28,0.00355100,2.30000000
2018-02-26 07:14:31,0.00355100,2.30000000
2018-02-26 07:14:36,0.00355000,14.08000000
2018-02-26 07:14:36,0.00355000,3.30000000
2018-02-26 07:14:41,0.00355000,56.02000000
2018-02-26 07:14:43,0.00355000,3.30000000
2018-02-26 07:14:44,0.00355000,53.52000000
2018-02-26 07:14:46,0.00355100,52.88000000
2018-02-26 07:14:47,0.00355100,14.77000000
2018-02-26 07:14:51,0.00355100,3.00000000
2018-02-26 07:14:57,0.00355100,5.83000000
2018-02-26 07:15:00,0.00355100,32.90000000
2018-02-26 07:15:04,0.00355100,14.92000000
2018-02-26 07:15:05,0.00355100,2.82000000
2018-02-26 07:15:06,0.00355100,2.15000000
2018-02-26 07:15:07,0.00355100,0.83000000
2018-02-26 07:15:07,0.00355100,7.35000000
2018-02-26 07:15:09,0.00355300,0.68000000
2018-02-26 07:15:11,0.00355300,1.11000000
2018-02-26 07:15:13,0.00355100,14.33000000
2018-02-26 07:15:13,0.00355100,25.85000000
2018-02-26 07:15:13,0.00355100,22.44000000
2018-02-26 07:15:13,0.00355100,14.08000000
2018-02-26 07:15:14,0.00355100,0.68000000
2018-02-26 07:15:14,0.00355100,5.35000000
2018-02-26 07:15:15,0.00355500,10.00000000
2018-02-26 07:15:15,0.00356000,2.06000000
2018-02-26 07:15:15,0.00356200,2.02000000
2018-02-26 07:15:16,0.00355200,15.75000000
2018-02-26 07:15:16,0.00355100,1.00000000
2018-02-26 07:15:16,0.00355000,42.92000000
2018-02-26 07:15:16,0.00355000,7.78000000
2018-02-26 07:15:16,0.00354900,14.91000000
2018-02-26 07:15:26,0.00355500,8.63000000
2018-02-26 07:15:28,0.00355600,2.62000000
2018-02-26 07:15:30,0.00356000,0.77000000
2018-02-26 07:15:31,0.00355800,2.62000000
2018-02-26 07:15:31,0.00355900,8.63000000
2018-02-26 07:15:31,0.00356000,88.85000000
2018-02-26 07:15:38,0.00356000,7.78000000
2018-02-26 07:15:39,0.00356000,0.70000000
2018-02-26 07:15:40,0.00355700,1.50000000
2018-02-26 07:15:53,0.00355900,3.45000000
2018-02-26 07:15:53,0.00356000,96.65000000
2018-02-26 07:15:54,0.00355800,14.85000000
2018-02-26 07:16:03,0.00355700,15.03000000
2018-02-26 07:16:10,0.00355800,2.30000000
2018-02-26 07:16:12,0.00355800,2.00000000
2018-02-26 07:16:23,0.00355800,5.00000000
2018-02-26 07:16:24,0.00355800,6.82000000
2018-02-26 07:16:31,0.00355800,32.26000000
2018-02-26 07:16:39,0.00355800,5.75000000
2018-02-26 07:16:47,0.00355700,226.97000000
2018-02-26 07:16:47,0.00355600,35.22000000
2018-02-26 07:16:49,0.00355800,1.12000000
2018-02-26 07:16:49,0.00355700,0.81000000
2018-02-26 07:16:52,0.00355700,37.49000000
2018-02-26 07:16:52,0.00355500,4.07000000
2018-02-26 07:16:52,0.00355000,62.47000000
2018-02-26 07:16:52,0.00354900,20.45000000
2018-02-26 07:16:52,0.00354800,12.73000000
2018-02-26 07:16:52,0.00354600,34.55000000
2018-02-26 07:16:52,0.00354200,15.01000000
2018-02-26 07:16:52,0.00354000,60.40000000
2018-02-26 07:16:52,0.00353900,10.00000000
2018-02-26 07:16:52,0.00353700,28.20000000
2018-02-26 07:16:53,0.00355600,19.95000000
2018-02-26 07:16:53,0.00355700,8.43000000
2018-02-26 07:16:53,0.00355700,28.20000000
2018-02-26 07:16:57,0.00355700,3.00000000
2018-02-26 07:16:57,0.00355800,0.53000000
2018-02-26 07:16:57,0.00355700,5.50000000
2018-02-26 07:16:57,0.00355800,72.69000000
2018-02-26 07:17:01,0.00356000,0.46000000
2018-02-26 07:17:03,0.00355700,2.60000000
2018-02-26 07:17:04,0.00355900,0.56000000
2018-02-26 07:17:09,0.00355900,0.63000000
2018-02-26 07:17:17,0.00355800,0.31000000
2018-02-26 07:17:22,0.00355900,7.04000000
2018-02-26 07:17:26,0.00355900,3.12000000
2018-02-26 07:17:26,0.00356000,60.93000000
2018-02-26 07:17:29,0.00356000,10.00000000
2018-02-26 07:17:31,0.00356000,2.80000000
2018-02-26 07:17:35,0.00355800,0.59000000
2018-02-26 07:17:35,0.00355700,9.41000000
2018-02-26 07:17:36,0.00356000,24.15000000
2018-02-26 07:17:43,0.00356000,14.04000000
2018-02-26 07:17:47,0.00355700,16.19000000
2018-02-26 07:17:50,0.00356000,14.04000000
2018-02-26 07:17:55,0.00355900,141.00000000
2018-02-26 07:17:55,0.00355700,1.00000000
2018-02-26 07:17:56,0.00355900,7.86000000
2018-02-26 07:17:56,0.00355900,14.05000000
2018-02-26 07:17:58,0.00355900,1.96000000
2018-02-26 07:18:00,0.00355900,10.00000000
2018-02-26 07:18:00,0.00355900,1.68000000
2018-02-26 07:18:05,0.00355900,0.64000000
2018-02-26 07:18:05,0.00355900,0.23000000
2018-02-26 07:18:05,0.00356000,43.70000000
2018-02-26 07:18:06,0.00356000,165.76000000
2018-02-26 07:18:06,0.00356000,4.77000000
2018-02-26 07:18:07,0.00356000,1.00000000
2018-02-26 07:18:08,0.00356000,2.81000000
2018-02-26 07:18:08,0.00356000,1.68000000
2018-02-26 07:18:08,0.00356000,85.34000000
2018-02-26 07:18:12,0.00356000,100.10000000
2018-02-26 07:18:14,0.00355700,1.69000000
2018-02-26 07:18:16,0.00355900,0.44000000
2018-02-26 07:18:18,0.00355700,14.38000000
2018-02-26 07:18:22,0.00355900,2.36000000
2018-02-26 07:18:22,0.00356000,11.69000000
2018-02-26 07:18:25,0.00355700,74.04000000
2018-02-26 07:18:26,0.00355700,44.99000000
2018-02-26 07:18:26,0.00355700,6.00000000
2018-02-26 07:18:29,0.00355000,0.23000000
2018-02-26 07:18:30,0.00355700,4.50000000
2018-02-26 07:18:31,0.00355000,1.77000000
2018-02-26 07:18:33,0.00355700,17.55000000
2018-02-26 07:18:37,0.00355700,6.00000000
2018-02-26 07:18:41,0.00355700,8.73000000
2018-02-26 07:18:54,0.00355400,1.47000000
2018-02-26 07:18:54,0.00355600,175.63000000
2018-02-26 07:18:56,0.00355600,0.01000000
2018-02-26 07:18:59,0.00355600,10.63000000
2018-02-26 07:19:20,0.00355600,0.93000000
2018-02-26 07:19:30,0.00355500,0.50000000
2018-02-26 07:19:30,0.00355500,31.59000000
2018-02-26 07:19:43,0.00355500,6.00000000
2018-02-26 07:19:45,0.00355500,3.99000000
2018-02-26 07:19:52,0.00355100,0.02000000
2018-02-26 07:20:16,0.00355300,26.76000000
2018-02-26 07:20:16,0.00355200,81.15000000
2018-02-26 07:20:16,0.00355100,19.98000000
2018-02-26 07:20:18,0.00355100,14.08000000
2018-02-26 07:20:20,0.00355100,2.82000000
2018-02-26 07:20:21,0.00355100,2.82000000
2018-02-26 07:20:24,0.00355100,2.82000000
2018-02-26 07:20:26,0.00355100,2.82000000
2018-02-26 07:20:28,0.00355100,2.82000000
2018-02-26 07:20:28,0.00355100,3.50000000
2018-02-26 07:20:28,0.00355500,1.69000000
2018-02-26 07:20:33,0.00355100,0.34000000
2018-02-26 07:20:35,0.00355100,1.11000000
2018-02-26 07:20:35,0.00355500,6.28000000
2018-02-26 07:20:37,0.00355500,0.84000000
2018-02-26 07:20:51,0.00355500,39.77000000
2018-02-26 07:20:51,0.00355600,33.46000000
2018-02-26 07:20:51,0.00355600,6.00000000
2018-02-26 07:20:55,0.00355700,0.56000000
2018-02-26 07:21:02,0.00355700,2.36000000
2018-02-26 07:21:03,0.00355700,1.21000000
2018-02-26 07:21:03,0.00355700,0.84000000
2018-02-26 07:21:08,0.00355500,1.11000000
2018-02-26 07:21:12,0.00355700,0.84000000
2018-02-26 07:21:12,0.00355700,0.57000000
2018-02-26 07:21:20,0.00355700,15.52000000
2018-02-26 07:21:21,0.00355800,1.33000000
2018-02-26 07:21:24,0.00355800,64.38000000
2018-02-26 07:21:30,0.00355800,27.27000000
2018-02-26 07:21:33,0.00355800,16.50000000
2018-02-26 07:21:34,0.00355800,6.00000000
2018-02-26 07:21:35,0.00355800,5.74000000
2018-02-26 07:21:48,0.00355800,0.29000000
2018-02-26 07:21:55,0.00355700,5.59000000
2018-02-26 07:21:56,0.00355800,6.00000000
2018-02-26 07:21:58,0.00355900,8.52000000
2018-02-26 07:21:59,0.00355900,1.69000000
2018-02-26 07:22:00,0.00355900,0.37000000
2018-02-26 07:22:02,0.00355800,6.67000000
2018-02-26 07:22:09,0.00355800,31.33000000
2018-02-26 07:22:12,0.00355900,1.95000000
2018-02-26 07:22:14,0.00355700,0.40000000
2018-02-26 07:22:17,0.00355500,38.97000000
2018-02-26 07:22:18,0.00355900,14.18000000
2018-02-26 07:22:18,0.00355900,6.00000000
2018-02-26 07:22:29,0.00355900,2.80000000
2018-02-26 07:22:37,0.00355900,1.30000000
2018-02-26 07:22:40,0.00355900,3.65000000
2018-02-26 07:23:02,0.00355100,8.44000000
2018-02-26 07:23:02,0.00355000,26.56000000
2018-02-26 07:23:05,0.00355700,8.43000000
2018-02-26 07:23:18,0.00355700,12.58000000
2018-02-26 07:23:38,0.00355700,2.50000000
2018-02-26 07:23:39,0.00355800,12.00000000
2018-02-26 07:23:45,0.00355700,28.14000000
2018-02-26 07:23:45,0.00355700,7.37000000
2018-02-26 07:23:46,0.00355700,28.14000000
2018-02-26 07:23:47,0.00355700,28.14000000
2018-02-26 07:23:48,0.00355700,28.14000000
2018-02-26 07:23:48,0.00355700,62.75000000
2018-02-26 07:23:49,0.00355700,28.14000000
2018-02-26 07:23:49,0.00355300,1.75000000
2018-02-26 07:23:50,0.00355700,28.14000000
2018-02-26 07:23:50,0.00355700,381.62000000
2018-02-26 07:23:51,0.00355700,0.42000000
2018-02-26 07:23:55,0.00355700,0.72000000
2018-02-26 07:24:06,0.00355700,0.79000000
2018-02-26 07:24:08,0.00355700,0.72000000
2018-02-26 07:24:08,0.00355700,3.96000000
2018-02-26 07:24:30,0.00355700,2.81000000
2018-02-26 07:24:40,0.00355700,0.29000000
2018-02-26 07:24:41,0.00355700,22.02000000
2018-02-26 07:24:41,0.00355300,0.87000000
2018-02-26 07:24:41,0.00355000,1.17000000
2018-02-26 07:24:41,0.00354900,4.39000000
2018-02-26 07:24:45,0.00355600,1.00000000
2018-02-26 07:25:00,0.00355000,23.19000000
2018-02-26 07:25:06,0.00355600,14.06000000
2018-02-26 07:25:12,0.00355400,6.38000000
2018-02-26 07:25:15,0.00355400,16.81000000
2018-02-26 07:25:15,0.00355500,4.63000000
2018-02-26 07:25:15,0.00355600,137.59000000
2018-02-26 07:25:22,0.00355600,10.33000000
2018-02-26 07:25:22,0.00355600,52.99000000
2018-02-26 07:25:22,0.00355500,3.04000000
2018-02-26 07:25:37,0.00355600,0.81000000
2018-02-26 07:25:38,0.00355600,1.74000000
2018-02-26 07:25:51,0.00355600,168.18000000
2018-02-26 07:25:51,0.00355700,24.41000000
2018-02-26 07:25:52,0.00355500,0.01000000
2018-02-26 07:25:52,0.00355000,24.99000000
2018-02-26 07:26:01,0.00355000,18.97000000
2018-02-26 07:26:01,0.00354900,80.77000000
2018-02-26 07:26:01,0.00354800,171.23000000
2018-02-26 07:26:01,0.00354700,203.76000000
2018-02-26 07:26:01,0.00354600,110.61000000
2018-02-26 07:26:01,0.00354500,19.98000000
2018-02-26 07:26:01,0.00354200,0.40000000
2018-02-26 07:26:01,0.00354000,2.15000000
2018-02-26 07:26:01,0.00353900,60.48000000
2018-02-26 07:26:02,0.00355500,2.91000000
2018-02-26 07:26:04,0.00355000,5.00000000
2018-02-26 07:26:04,0.00355400,3.32000000
2018-02-26 07:26:04,0.00355400,0.42000000
2018-02-26 07:26:08,0.00355400,5.93000000
2018-02-26 07:26:09,0.00355300,23.73000000
2018-02-26 07:26:09,0.00355300,19.78000000
2018-02-26 07:26:09,0.00355300,16.41000000
2018-02-26 07:26:10,0.00355400,1.69000000
2018-02-26 07:26:12,0.00355300,16.41000000
2018-02-26 07:26:14,0.00355300,7.37000000
2018-02-26 07:26:15,0.00355100,2.14000000
2018-02-26 07:26:16,0.00355100,3.37000000
2018-02-26 07:26:17,0.00355000,2.49000000
2018-02-26 07:26:21,0.00354900,5.54000000
2018-02-26 07:26:21,0.00355000,26.47000000
2018-02-26 07:26:21,0.00355200,10.09000000
2018-02-26 07:26:21,0.00355500,4.50000000
2018-02-26 07:26:21,0.00355600,43.84000000
2018-02-26 07:26:22,0.00355600,38.42000000
2018-02-26 07:26:24,0.00355100,21.37000000
2018-02-26 07:26:30,0.00355500,0.75000000
2018-02-26 07:27:09,0.00355400,17.03000000
2018-02-26 07:27:18,0.00355500,34.88000000
2018-02-26 07:27:47,0.00355100,10.01000000
2018-02-26 07:27:57,0.00355100,8.33000000
2018-02-26 07:27:58,0.00355000,0.62000000
2018-02-26 07:27:58,0.00354300,35.35000000
2018-02-26 07:27:58,0.00354200,43.20000000
2018-02-26 07:27:58,0.00354200,0.23000000
2018-02-26 07:28:01,0.00355000,26.89000000
2018-02-26 07:28:02,0.00354400,7.24000000
2018-02-26 07:28:14,0.00355100,8.16000000
2018-02-26 07:28:16,0.00354500,94.79000000
2018-02-26 07:28:16,0.00354400,2.26000000
2018-02-26 07:28:16,0.00354300,11.00000000
2018-02-26 07:28:16,0.00354200,0.85000000
2018-02-26 07:28:16,0.00353900,1.75000000
2018-02-26 07:28:16,0.00353800,29.17000000
2018-02-26 07:28:16,0.00353700,15.35000000
2018-02-26 07:28:27,0.00354300,5.64000000
2018-02-26 07:28:27,0.00354100,50.49000000
2018-02-26 07:28:31,0.00354700,2.12000000
2018-02-26 07:28:31,0.00354700,0.68000000
2018-02-26 07:28:35,0.00354700,6.70000000
2018-02-26 07:28:35,0.00354700,32.61000000
2018-02-26 07:28:36,0.00354600,1.87000000
2018-02-26 07:28:37,0.00354600,6.58000000
2018-02-26 07:28:37,0.00354600,0.01000000
2018-02-26 07:28:37,0.00354700,14.05000000
2018-02-26 07:28:43,0.00354100,39.42000000
2018-02-26 07:28:50,0.00354700,1.38000000
2018-02-26 07:28:53,0.00354700,4.79000000
2018-02-26 07:28:55,0.00354700,14.09000000
2018-02-26 07:28:56,0.00354700,0.32000000
2018-02-26 07:29:01,0.00354900,0.50000000
2018-02-26 07:29:02,0.00354900,4.80000000
2018-02-26 07:29:02,0.00354900,30.00000000
2018-02-26 07:29:05,0.00354900,30.00000000
2018-02-26 07:29:05,0.00354900,39.63000000
2018-02-26 07:29:07,0.00354900,14.09000000
2018-02-26 07:29:07,0.00354900,30.00000000
2018-02-26 07:29:08,0.00354900,2.12000000
2018-02-26 07:29:08,0.00354900,39.21000000
2018-02-26 07:29:08,0.00354900,14.09000000
2018-02-26 07:29:10,0.00354900,14.09000000
2018-02-26 07:29:11,0.00354900,1.00000000
2018-02-26 07:29:12,0.00354900,10.08000000
2018-02-26 07:29:12,0.00355000,4.01000000
2018-02-26 07:29:14,0.00355000,1.00000000
2018-02-26 07:29:15,0.00355000,3.81000000
2018-02-26 07:29:15,0.00354700,6.87000000
2018-02-26 07:29:15,0.00354000,41.68000000
2018-02-26 07:29:15,0.00355000,3.34000000
2018-02-26 07:29:16,0.00354100,6.00000000
2018-02-26 07:29:16,0.00354000,0.35000000
2018-02-26 07:29:16,0.00353900,1.19000000
2018-02-26 07:29:16,0.00353800,23.47000000
2018-02-26 07:29:16,0.00353700,6.01000000
2018-02-26 07:29:18,0.00354900,2.50000000
2018-02-26 07:29:18,0.00354900,14.08000000
2018-02-26 07:29:21,0.00354900,12.89000000
2018-02-26 07:29:21,0.00355000,4.29000000
2018-02-26 07:29:21,0.00355100,7.58000000
2018-02-26 07:29:21,0.00355200,19.98000000
2018-02-26 07:29:21,0.00355300,7.66000000
2018-02-26 07:29:21,0.00354900,13.51000000
2018-02-26 07:29:24,0.00355200,2.92000000
2018-02-26 07:29:26,0.00355200,2.81000000
2018-02-26 07:29:26,0.00355200,6.53000000
2018-02-26 07:29:26,0.00355200,0.69000000
2018-02-26 07:29:28,0.00355100,1.41000000
2018-02-26 07:29:33,0.00355100,25.01000000
2018-02-26 07:29:34,0.00355100,23.05000000
2018-02-26 07:29:37,0.00355400,2.58000000
2018-02-26 07:29:37,0.00355400,2.58000000
2018-02-26 07:29:37,0.00355400,2.58000000
2018-02-26 07:29:37,0.00354500,2.58000000
2018-02-26 07:29:39,0.00355300,1.50000000
2018-02-26 07:29:44,0.00354500,9.11000000
2018-02-26 07:29:44,0.00354500,20.67000000
2018-02-26 07:29:44,0.00354500,33.34000000
2018-02-26 07:29:44,0.00354500,10.47000000
2018-02-26 07:29:44,0.00354500,11.00000000
2018-02-26 07:29:45,0.00354500,3.58000000
2018-02-26 07:29:46,0.00354500,7.04000000
2018-02-26 07:29:46,0.00354500,1.06000000
2018-02-26 07:29:46,0.00354500,0.21000000
2018-02-26 07:29:48,0.00355200,34.61000000
2018-02-26 07:29:51,0.00355200,10.58000000
2018-02-26 07:29:53,0.00355200,85.29000000
2018-02-26 07:29:56,0.00355200,7.37000000
2018-02-26 07:29:56,0.00355300,7.70000000
2018-02-26 07:29:56,0.00355400,144.04000000
2018-02-26 07:29:56,0.00355400,50.04000000
2018-02-26 07:29:57,0.00355100,16.82000000
2018-02-26 07:30:06,0.00355100,3.01000000
2018-02-26 07:30:11,0.00355000,2.50000000
2018-02-26 07:30:11,0.00355000,65.50000000
2018-02-26 07:30:13,0.00355000,33.26000000
2018-02-26 07:30:13,0.00355000,25.93000000
2018-02-26 07:30:15,0.00355000,18.43000000
2018-02-26 07:30:18,0.00355000,128.77000000
2018-02-26 07:30:19,0.00355000,47.85000000
2018-02-26 07:30:20,0.00355000,12.95000000
2018-02-26 07:30:20,0.00355000,21.60000000
2018-02-26 07:30:21,0.00355000,107.47000000
2018-02-26 07:30:22,0.00355000,16.89000000
2018-02-26 07:30:22,0.00355000,14.08000000
2018-02-26 07:30:25,0.00355000,8.44000000
2018-02-26 07:30:26,0.00355000,10.98000000
2018-02-26 07:30:30,0.00355000,14.08000000
2018-02-26 07:30:30,0.00355000,2.93000000
2018-02-26 07:30:31,0.00355000,3.32000000
2018-02-26 07:30:32,0.00355000,61.39000000
2018-02-26 07:30:32,0.00355000,13.48000000
2018-02-26 07:30:33,0.00355000,14.08000000
2018-02-26 07:30:33,0.00354900,5.86000000
2018-02-26 07:30:42,0.00354900,56.34000000
2018-02-26 07:30:43,0.00354900,0.68000000
2018-02-26 07:30:43,0.00354900,47.52000000
2018-02-26 07:30:44,0.00354800,7.69000000
2018-02-26 07:30:44,0.00354800,6.13000000
2018-02-26 07:30:44,0.00354900,7.96000000
2018-02-26 07:30:45,0.00354900,1.69000000
2018-02-26 07:30:45,0.00354900,38.03000000
2018-02-26 07:30:46,0.00354900,0.68000000
2018-02-26 07:30:47,0.00354900,11.97000000
2018-02-26 07:30:48,0.00354900,0.68000000
2018-02-26 07:30:48,0.00354900,14.09000000
2018-02-26 07:30:50,0.00354900,0.83000000
2018-02-26 07:30:50,0.00354900,14.09000000
2018-02-26 07:30:51,0.00354900,1.00000000
2018-02-26 07:30:56,0.00354900,2.30000000
2018-02-26 07:30:56,0.00354900,26.37000000
2018-02-26 07:31:02,0.00354800,0.64000000
2018-02-26 07:31:08,0.00354900,30.99000000
2018-02-26 07:31:09,0.00354900,17.18000000
2018-02-26 07:31:14,0.00354900,2.52000000
2018-02-26 07:31:15,0.00354800,4.35000000
2018-02-26 07:31:16,0.00354800,14.08000000
2018-02-26 07:31:16,0.00354800,24.30000000
2018-02-26 07:31:17,0.00354600,2.12000000
2018-02-26 07:31:17,0.00354600,7.37000000
2018-02-26 07:31:17,0.00354600,0.51000000
2018-02-26 07:31:17,0.00354800,38.09000000
2018-02-26 07:31:19,0.00354800,26.73000000
2018-02-26 07:31:20,0.00354800,7.83000000
2018-02-26 07:31:24,0.00354800,2.82000000
2018-02-26 07:31:24,0.00354800,22.42000000
2018-02-26 07:31:26,0.00354800,14.89000000
2018-02-26 07:31:30,0.00354800,0.58000000
2018-02-26 07:31:32,0.00354800,46.24000000
2018-02-26 07:31:34,0.00354800,0.68000000
2018-02-26 07:31:39,0.00354600,2.09000000
2018-02-26 07:31:39,0.00354700,16.67000000
2018-02-26 07:31:45,0.00354700,5.86000000
2018-02-26 07:31:45,0.00354700,14.08000000
2018-02-26 07:31:46,0.00354700,13.37000000
2018-02-26 07:31:47,0.00354700,109.05000000
2018-02-26 07:31:48,0.00354700,120.93000000
2018-02-26 07:31:48,0.00354700,23.92000000
2018-02-26 07:31:49,0.00354700,126.15000000
2018-02-26 07:31:49,0.00354600,69.46000000
2018-02-26 07:31:51,0.00354600,1.49000000
2018-02-26 07:31:51,0.00354600,2.13000000
2018-02-26 07:31:51,0.00354600,21.14000000
2018-02-26 07:31:52,0.00354600,2.10000000
2018-02-26 07:31:53,0.00354600,5.86000000
2018-02-26 07:31:54,0.00354600,2.67000000
2018-02-26 07:31:57,0.00354500,3.77000000
2018-02-26 07:31:57,0.00354300,8.46000000
2018-02-26 07:31:57,0.00354000,6.00000000
2018-02-26 07:31:57,0.00353700,16.76000000
2018-02-26 07:32:00,0.00354600,0.90000000
2018-02-26 07:32:02,0.00354600,19.69000000
2018-02-26 07:32:06,0.00354100,20.30000000
2018-02-26 07:32:08,0.00354600,29.92000000
2018-02-26 07:32:09,0.00354700,5.86000000
2018-02-26 07:32:11,0.00354700,5.86000000
2018-02-26 07:32:13,0.00354700,21.81000000
2018-02-26 07:32:15,0.00354600,0.68000000
2018-02-26 07:32:16,0.00354400,1.08000000
2018-02-26 07:32:16,0.00354100,7.05000000
2018-02-26 07:32:20,0.00354500,0.90000000
2018-02-26 07:32:20,0.00354500,4.21000000
2018-02-26 07:32:21,0.00354500,3.35000000
2018-02-26 07:32:24,0.00354700,0.75000000
2018-02-26 07:32:26,0.00354700,106.19000000
2018-02-26 07:32:27,0.00354700,1.21000000
2018-02-26 07:32:31,0.00354700,8.79000000
2018-02-26 07:32:37,0.00354500,12.63000000
2018-02-26 07:32:39,0.00354500,4.86000000
2018-02-26 07:32:40,0.00354400,0.90000000
2018-02-26 07:32:41,0.00354400,21.05000000
2018-02-26 07:32:41,0.00354400,3.09000000
2018-02-26 07:32:49,0.00354400,0.56000000
2018-02-26 07:32:50,0.00354400,0.90000000
2018-02-26 07:32:51,0.00354400,2.26000000
2018-02-26 07:32:51,0.00354400,1.00000000
2018-02-26 07:32:57,0.00354400,3.22000000
2018-02-26 07:32:57,0.00354000,177.41000000
2018-02-26 07:32:57,0.00354000,76.19000000
2018-02-26 07:32:57,0.00354000,2.98000000
2018-02-26 07:32:58,0.00354000,10.00000000
2018-02-26 07:32:58,0.00354000,12.52000000
2018-02-26 07:32:58,0.00354000,6.51000000
2018-02-26 07:32:58,0.00354000,2.13000000
2018-02-26 07:32:58,0.00354000,2.98000000
2018-02-26 07:32:59,0.00354000,43.95000000
2018-02-26 07:32:59,0.00354000,10.52000000
2018-02-26 07:32:59,0.00354000,0.90000000
2018-02-26 07:32:59,0.00354000,6.31000000
2018-02-26 07:33:00,0.00354000,2.98000000
2018-02-26 07:33:00,0.00354000,2.13000000
2018-02-26 07:33:00,0.00354000,0.90000000
2018-02-26 07:33:00,0.00354000,2.98000000
2018-02-26 07:33:00,0.00354000,5.60000000
2018-02-26 07:33:01,0.00354000,14.12000000
2018-02-26 07:33:01,0.00354000,0.68000000
2018-02-26 07:33:01,0.00354000,6.31000000
2018-02-26 07:33:02,0.00354000,0.68000000
2018-02-26 07:33:02,0.00354000,2.13000000
2018-02-26 07:33:02,0.00354000,2.98000000
2018-02-26 07:33:03,0.00354000,2.13000000
2018-02-26 07:33:03,0.00354000,2.94000000
2018-02-26 07:33:03,0.00354000,14.12000000
2018-02-26 07:33:03,0.00354000,2.54000000
2018-02-26 07:33:03,0.00354000,2.98000000
2018-02-26 07:33:03,0.00354000,9.68000000
2018-02-26 07:33:04,0.00354000,30.00000000
2018-02-26 07:33:04,0.00354000,4.23000000
2018-02-26 07:33:04,0.00354000,1.42000000
2018-02-26 07:33:04,0.00354000,14.00000000
2018-02-26 07:33:05,0.00354000,2.13000000
2018-02-26 07:33:05,0.00354000,14.12000000
2018-02-26 07:33:05,0.00354000,3.95000000
2018-02-26 07:33:05,0.00354000,2.98000000
2018-02-26 07:33:05,0.00354000,30.00000000
2018-02-26 07:33:05,0.00354000,2.13000000
2018-02-26 07:33:05,0.00354000,2.13000000
2018-02-26 07:33:05,0.00354000,17.81000000
2018-02-26 07:33:05,0.00354400,27.38000000
2018-02-26 07:33:06,0.00354400,0.74000000
2018-02-26 07:33:07,0.00354400,11.72000000
2018-02-26 07:33:08,0.00354400,1.92000000
2018-02-26 07:33:09,0.00354400,1.94000000
2018-02-26 07:33:09,0.00354400,0.68000000
2018-02-26 07:33:10,0.00354400,0.90000000
2018-02-26 07:33:10,0.00354400,0.68000000
2018-02-26 07:33:12,0.00354400,0.64000000
2018-02-26 07:33:12,0.00354400,22.57000000
2018-02-26 07:33:12,0.00354400,1.08000000
2018-02-26 07:33:12,0.00354400,1.03000000
2018-02-26 07:33:12,0.00354400,43.15000000
2018-02-26 07:33:13,0.00354400,0.68000000
2018-02-26 07:33:13,0.00354400,8.79000000
2018-02-26 07:33:13,0.00354400,0.69000000
2018-02-26 07:33:14,0.00354400,0.87000000
2018-02-26 07:33:15,0.00354200,2.78000000
2018-02-26 07:33:15,0.00354200,10.00000000
2018-02-26 07:33:15,0.00354200,10.49000000
2018-02-26 07:33:17,0.00354200,9.62000000
2018-02-26 07:33:18,0.00354200,107.62000000
2018-02-26 07:33:19,0.00354200,14.68000000
2018-02-26 07:33:19,0.00354200,64.93000000
2018-02-26 07:33:19,0.00354200,1.73000000
2018-02-26 07:33:20,0.00354200,1.23000000
2018-02-26 07:33:20,0.00354200,1.69000000
2018-02-26 07:33:20,0.00354200,2.71000000
2018-02-26 07:33:20,0.00354200,14.12000000
2018-02-26 07:33:20,0.00354200,0.90000000
2018-02-26 07:33:20,0.00354200,25.13000000
2018-02-26 07:33:21,0.00354400,11.67000000
2018-02-26 07:33:23,0.00354400,10.37000000
2018-02-26 07:33:23,0.00354200,8.15000000
2018-02-26 07:33:26,0.00354400,11.72000000
2018-02-26 07:33:26,0.00354400,16.93000000
2018-02-26 07:33:27,0.00354400,0.68000000
2018-02-26 07:33:28,0.00354300,10.00000000
2018-02-26 07:33:29,0.00354400,14.11000000
2018-02-26 07:33:29,0.00354400,5.86000000
2018-02-26 07:33:29,0.00354400,0.68000000
2018-02-26 07:33:31,0.00354400,14.11000000
2018-02-26 07:33:31,0.00354400,1.69000000
2018-02-26 07:33:32,0.00354400,1.25000000
2018-02-26 07:33:32,0.00354400,135.44000000
2018-02-26 07:33:32,0.00354400,14.11000000
2018-02-26 07:33:34,0.00354400,14.00000000
2018-02-26 07:33:34,0.00354400,14.11000000
2018-02-26 07:33:35,0.00354300,22.75000000
2018-02-26 07:33:36,0.00354400,14.11000000
2018-02-26 07:33:37,0.00354400,2.12000000
2018-02-26 07:33:37,0.00354400,5.64000000
2018-02-26 07:33:38,0.00354400,126.97000000
2018-02-26 07:33:38,0.00354400,26.37000000
2018-02-26 07:33:38,0.00354400,2.92000000
2018-02-26 07:33:39,0.00354400,5.86000000
2018-02-26 07:33:39,0.00354400,14.11000000
2018-02-26 07:33:40,0.00354400,2.93000000
2018-02-26 07:33:40,0.00354400,0.90000000
2018-02-26 07:33:40,0.00354400,3.96000000
2018-02-26 07:33:43,0.00354400,2.93000000
2018-02-26 07:33:43,0.00354400,14.11000000
2018-02-26 07:33:48,0.00354400,14.11000000
2018-02-26 07:33:50,0.00354400,62.07000000
2018-02-26 07:33:51,0.00354400,14.61000000
2018-02-26 07:33:51,0.00354400,12.12000000
2018-02-26 07:33:53,0.00354400,11.56000000
2018-02-26 07:33:54,0.00354400,14.11000000
2018-02-26 07:33:54,0.00354400,9.98000000
2018-02-26 07:33:55,0.00354900,1.74000000
2018-02-26 07:33:56,0.00354900,1.30000000
2018-02-26 07:33:56,0.00354900,50.71000000
2018-02-26 07:33:57,0.00354900,2.93000000
2018-02-26 07:33:57,0.00354900,3.14000000
2018-02-26 07:34:02,0.00354900,1.30000000
2018-02-26 07:34:05,0.00354900,0.05000000
2018-02-26 07:34:05,0.00355000,1.77000000
2018-02-26 07:34:05,0.00355000,14.08000000
2018-02-26 07:34:06,0.00355000,78.41000000
2018-02-26 07:34:06,0.00355400,0.42000000
2018-02-26 07:34:06,0.00355700,6.56000000
2018-02-26 07:34:06,0.00355800,27.01000000
2018-02-26 07:34:16,0.00355700,1.41000000
2018-02-26 07:34:33,0.00355600,21.29000000
2018-02-26 07:34:35,0.00355600,26.67000000
2018-02-26 07:34:35,0.00355600,20.48000000
2018-02-26 07:34:40,0.00355500,51.24000000
2018-02-26 07:34:53,0.00355700,254.12000000
2018-02-26 07:34:53,0.00355800,87.21000000
2018-02-26 07:34:53,0.00355800,4.33000000
2018-02-26 07:34:55,0.00355700,2.08000000
2018-02-26 07:35:00,0.00355700,17.43000000
2018-02-26 07:35:06,0.00356000,4.74000000
2018-02-26 07:35:06,0.00355800,1.56000000
2018-02-26 07:35:08,0.00355700,11.22000000
2018-02-26 07:35:13,0.00355700,53.41000000
2018-02-26 07:35:28,0.00355500,2.54000000
2018-02-26 07:35:31,0.00355400,2.14000000
2018-02-26 07:35:33,0.00355400,32.89000000
2018-02-26 07:35:33,0.00355500,1.80000000
2018-02-26 07:35:33,0.00355700,10.00000000
2018-02-26 07:35:33,0.00356000,236.20000000
2018-02-26 07:35:40,0.00356000,0.70000000
2018-02-26 07:35:43,0.00355500,1.68000000
2018-02-26 07:35:52,0.00355600,8.43000000
2018-02-26 07:35:54,0.00355500,1.68000000
2018-02-26 07:35:56,0.00355600,4.23000000
2018-02-26 07:36:01,0.00355600,3.63000000
2018-02-26 07:36:01,0.00356000,3.97000000
2018-02-26 07:36:04,0.00356000,205.03000000
2018-02-26 07:36:07,0.00355400,2.73000000
2018-02-26 07:36:14,0.00355400,48.55000000
2018-02-26 07:36:27,0.00355400,2.00000000
2018-02-26 07:36:29,0.00355400,10.06000000
2018-02-26 07:36:31,0.00356000,2.80000000
2018-02-26 07:36:46,0.00355900,23.52000000
2018-02-26 07:36:48,0.00355700,0.10000000
2018-02-26 07:36:52,0.00355700,9.44000000
2018-02-26 07:36:55,0.00356000,3.80000000
2018-02-26 07:36:55,0.00356000,6.21000000
2018-02-26 07:37:02,0.00356000,0.67000000
2018-02-26 07:37:06,0.00356000,67.50000000
2018-02-26 07:37:19,0.00355700,13.10000000
2018-02-26 07:37:20,0.00355700,0.90000000
2018-02-26 07:37:22,0.00355900,55.19000000
2018-02-26 07:37:23,0.00355900,0.76000000
2018-02-26 07:37:24,0.00355800,51.57000000
2018-02-26 07:37:24,0.00355900,14.72000000
2018-02-26 07:37:24,0.00355900,28.10000000
2018-02-26 07:37:24,0.00355900,4.54000000
2018-02-26 07:37:25,0.00355900,2.00000000
2018-02-26 07:37:26,0.00355800,0.41000000
2018-02-26 07:37:27,0.00355800,3.13000000
2018-02-26 07:37:27,0.00355800,3.76000000
2018-02-26 07:37:27,0.00355800,3.13000000
2018-02-26 07:37:27,0.00355800,3.01000000
2018-02-26 07:37:27,0.00355800,3.75000000
2018-02-26 07:37:27,0.00355800,2.80000000
2018-02-26 07:37:27,0.00355800,3.77000000
2018-02-26 07:37:27,0.00355700,2.80000000
2018-02-26 07:37:28,0.00355700,2.20000000
2018-02-26 07:37:28,0.00355700,1.55000000
2018-02-26 07:37:28,0.00355800,0.14000000
2018-02-26 07:37:31,0.00355700,1.69000000
2018-02-26 07:37:38,0.00355700,0.30000000
2018-02-26 07:37:40,0.00355800,0.38000000
2018-02-26 07:37:43,0.00355800,2.50000000
2018-02-26 07:37:43,0.00355800,0.25000000
2018-02-26 07:37:49,0.00355500,0.54000000
2018-02-26 07:37:59,0.00355800,10.34000000
2018-02-26 07:38:04,0.00355700,2.12000000
2018-02-26 07:38:10,0.00355600,6.64000000
2018-02-26 07:38:10,0.00355700,1.23000000
2018-02-26 07:38:19,0.00355700,0.01000000
2018-02-26 07:38:19,0.00355600,8.04000000
2018-02-26 07:38:20,0.00355700,4.54000000
2018-02-26 07:38:28,0.00355800,28.80000000
2018-02-26 07:38:34,0.00355700,0.54000000
2018-02-26 07:38:41,0.00355700,0.90000000
2018-02-26 07:38:50,0.00355700,0.90000000
2018-02-26 07:38:50,0.00355700,12.00000000
2018-02-26 07:38:51,0.00355700,17.34000000
2018-02-26 07:38:57,0.00355800,0.85000000
2018-02-26 07:39:00,0.00355700,0.90000000
2018-02-26 07:39:04,0.00355700,1.82000000
2018-02-26 07:39:05,0.00355700,16.19000000
2018-02-26 07:39:11,0.00355800,58.89000000
2018-02-26 07:39:14,0.00355800,22.01000000
2018-02-26 07:39:19,0.00355800,16.38000000
2018-02-26 07:39:20,0.00355800,5.25000000
2018-02-26 07:39:21,0.00355700,3.71000000
2018-02-26 07:39:21,0.00355500,3.39000000
2018-02-26 07:39:22,0.00355800,21.53000000
2018-02-26 07:39:24,0.00355800,5.62000000
2018-02-26 07:39:24,0.00355800,127.15000000
2018-02-26 07:39:40,0.00355600,0.90000000
2018-02-26 07:39:53,0.00355600,4.25000000
2018-02-26 07:39:54,0.00355700,29.00000000
2018-02-26 07:39:59,0.00355700,4.68000000
2018-02-26 07:40:00,0.00355700,34.35000000
2018-02-26 07:40:06,0.00355800,33.72000000
2018-02-26 07:40:11,0.00355800,34.74000000
2018-02-26 07:40:11,0.00355800,0.31000000
2018-02-26 07:40:15,0.00355800,0.31000000
2018-02-26 07:40:17,0.00355800,4.97000000
2018-02-26 07:40:18,0.00356000,70.22000000
2018-02-26 07:40:18,0.00355800,10.90000000
2018-02-26 07:40:26,0.00355800,1.77000000
2018-02-26 07:40:27,0.00355800,12.11000000
2018-02-26 07:40:27,0.00355800,51.57000000
2018-02-26 07:40:28,0.00355800,7.72000000
2018-02-26 07:40:31,0.00355800,14.60000000
2018-02-26 07:40:33,0.00356000,6.45000000
2018-02-26 07:40:33,0.00356000,252.93000000
2018-02-26 07:40:36,0.00356000,2.05000000
2018-02-26 07:40:37,0.00355800,1.09000000
2018-02-26 07:40:38,0.00356000,2.05000000
2018-02-26 07:40:40,0.00356000,2.05000000
2018-02-26 07:40:42,0.00356000,2.70000000
2018-02-26 07:40:42,0.00356000,2.70000000
2018-02-26 07:40:43,0.00356000,2.80000000
2018-02-26 07:40:43,0.00356000,2.05000000
2018-02-26 07:40:46,0.00356000,6.07000000
2018-02-26 07:40:48,0.00356000,6.07000000
2018-02-26 07:40:51,0.00356000,6.07000000
2018-02-26 07:40:54,0.00356000,6.07000000
2018-02-26 07:40:56,0.00355800,1.73000000
2018-02-26 07:40:56,0.00356000,2.05000000
2018-02-26 07:40:59,0.00356000,2.05000000
2018-02-26 07:41:00,0.00356000,103.89000000
2018-02-26 07:41:01,0.00356000,2.05000000
2018-02-26 07:41:02,0.00355800,0.16000000
2018-02-26 07:41:03,0.00356000,117.97000000
2018-02-26 07:41:03,0.00356000,0.24000000
2018-02-26 07:41:03,0.00356000,0.67000000
2018-02-26 07:41:06,0.00356000,6.19000000
2018-02-26 07:41:08,0.00356000,2.85000000
2018-02-26 07:41:09,0.00356000,95.50000000
2018-02-26 07:41:10,0.00355900,0.30000000
2018-02-26 07:41:13,0.00356000,2.85000000
2018-02-26 07:41:14,0.00356000,39.15000000
2018-02-26 07:41:15,0.00356000,75.84000000
2018-02-26 07:41:15,0.00355900,12.00000000
2018-02-26 07:41:15,0.00356000,2.01000000
2018-02-26 07:41:16,0.00356000,5.24000000
2018-02-26 07:41:16,0.00356100,1.69000000
2018-02-26 07:41:17,0.00356100,1.50000000
2018-02-26 07:41:18,0.00356100,25.63000000
2018-02-26 07:41:20,0.00356100,10.88000000
2018-02-26 07:41:21,0.00356100,5.66000000
2018-02-26 07:41:22,0.00356300,10.87000000
2018-02-26 07:41:24,0.00356100,0.56000000
2018-02-26 07:41:25,0.00356300,23.15000000
2018-02-26 07:41:26,0.00356100,0.56000000
2018-02-26 07:41:26,0.00356100,1.05000000
2018-02-26 07:41:26,0.00356000,0.95000000
2018-02-26 07:41:27,0.00356100,0.56000000
2018-02-26 07:41:27,0.00356400,23.15000000
2018-02-26 07:41:28,0.00356400,1.50000000
2018-02-26 07:41:29,0.00356400,17.32000000
2018-02-26 07:41:30,0.00356100,8.23000000
2018-02-26 07:41:32,0.00356400,1.01000000
2018-02-26 07:41:32,0.00356500,0.42000000
2018-02-26 07:41:34,0.00356400,0.67000000
2018-02-26 07:41:36,0.00356500,0.20000000
2018-02-26 07:41:37,0.00356500,0.47000000
2018-02-26 07:41:37,0.00356100,0.53000000
2018-02-26 07:41:39,0.00356500,0.20000000
2018-02-26 07:41:39,0.00356500,0.11000000
2018-02-26 07:41:39,0.00356600,0.56000000
2018-02-26 07:41:41,0.00356600,0.67000000
2018-02-26 07:41:44,0.00356600,0.04000000
2018-02-26 07:41:44,0.00356600,0.63000000
2018-02-26 07:41:44,0.00356600,62.56000000
2018-02-26 07:41:46,0.00356600,21.73000000
2018-02-26 07:41:48,0.00356600,1.12000000
2018-02-26 07:41:48,0.00356700,0.39000000
2018-02-26 07:41:49,0.00356600,21.73000000
2018-02-26 07:41:49,0.00356300,1.25000000
2018-02-26 07:41:50,0.00356700,1.50000000
2018-02-26 07:41:51,0.00356200,2.43000000
2018-02-26 07:41:51,0.00356700,21.73000000
2018-02-26 07:41:54,0.00356700,21.73000000
2018-02-26 07:41:54,0.00356700,0.98000000
2018-02-26 07:41:55,0.00356500,21.37000000
2018-02-26 07:41:55,0.00356500,14.09000000
2018-02-26 07:41:55,0.00356500,1.00000000
2018-02-26 07:41:56,0.00356500,14.09000000
2018-02-26 07:41:56,0.00356500,8.41000000
2018-02-26 07:41:56,0.00356700,19.68000000
2018-02-26 07:41:56,0.00356500,14.09000000
2018-02-26 07:41:56,0.00356500,19.92000000
2018-02-26 07:41:57,0.00356200,8.41000000
2018-02-26 07:41:57,0.00356200,8.41000000
2018-02-26 07:41:58,0.00356200,0.37000000
2018-02-26 07:41:58,0.00356500,19.69000000
2018-02-26 07:42:01,0.00356700,0.24000000
2018-02-26 07:42:01,0.00356500,3.23000000
2018-02-26 07:42:02,0.00356200,3.23000000
2018-02-26 07:42:03,0.00356500,2.33000000
2018-02-26 07:42:05,0.00356200,5.10000000
2018-02-26 07:42:05,0.00356500,0.67000000
2018-02-26 07:42:07,0.00356500,0.23000000
2018-02-26 07:42:07,0.00356700,41.24000000
2018-02-26 07:42:08,0.00356700,8.41000000
2018-02-26 07:42:08,0.00356800,0.67000000
2018-02-26 07:42:08,0.00356700,8.41000000
2018-02-26 07:42:08,0.00356700,14.09000000
2018-02-26 07:42:08,0.00356700,21.36000000
2018-02-26 07:42:08,0.00356700,4.88000000
2018-02-26 07:42:08,0.00356200,8.41000000
2018-02-26 07:42:08,0.00356200,8.41000000
2018-02-26 07:42:08,0.00356200,45.06000000
2018-02-26 07:42:09,0.00356200,4.88000000
2018-02-26 07:42:09,0.00356200,8.41000000
2018-02-26 07:42:09,0.00356200,4.88000000
2018-02-26 07:42:10,0.00356700,0.67000000
2018-02-26 07:42:10,0.00356200,20.00000000
2018-02-26 07:42:11,0.00356200,28.57000000
2018-02-26 07:42:12,0.00356200,0.31000000
2018-02-26 07:42:12,0.00356700,0.67000000
2018-02-26 07:42:13,0.00356200,70.00000000
2018-02-26 07:42:14,0.00356500,8.41000000
2018-02-26 07:42:14,0.00356700,1.50000000
2018-02-26 07:42:15,0.00356500,8.41000000
2018-02-26 07:42:15,0.00356700,0.03000000
2018-02-26 07:42:15,0.00356700,0.67000000
2018-02-26 07:42:16,0.00356500,8.09000000
2018-02-26 07:42:16,0.00356400,0.32000000
2018-02-26 07:42:16,0.00356400,47.98000000
2018-02-26 07:42:17,0.00356200,8.09000000
2018-02-26 07:42:18,0.00356200,0.67000000
2018-02-26 07:42:18,0.00356100,0.33000000
2018-02-26 07:42:20,0.00356700,0.67000000
2018-02-26 07:42:21,0.00356700,3.00000000
2018-02-26 07:42:22,0.00356700,0.67000000
2018-02-26 07:42:25,0.00356700,0.67000000
2018-02-26 07:42:27,0.00356700,0.67000000
2018-02-26 07:42:27,0.00356700,20.54000000
2018-02-26 07:42:29,0.00356700,0.67000000
2018-02-26 07:42:30,0.00356300,0.90000000
2018-02-26 07:42:32,0.00356700,0.67000000
2018-02-26 07:42:34,0.00356700,0.67000000
2018-02-26 07:42:34,0.00356700,5.03000000
2018-02-26 07:42:36,0.00356700,0.67000000
2018-02-26 07:42:39,0.00356700,2.69000000
2018-02-26 07:42:41,0.00356700,0.75000000
2018-02-26 07:42:44,0.00356700,0.29000000
2018-02-26 07:42:47,0.00356800,1.12000000
2018-02-26 07:42:49,0.00356800,0.44000000
2018-02-26 07:42:50,0.00356800,0.67000000
2018-02-26 07:42:50,0.00356700,0.23000000
2018-02-26 07:42:51,0.00356900,0.60000000
2018-02-26 07:42:52,0.00356900,0.80000000
2018-02-26 07:42:52,0.00356800,0.31000000
2018-02-26 07:42:52,0.00356800,2.97000000
2018-02-26 07:42:54,0.00356800,5.54000000
2018-02-26 07:42:54,0.00356700,13.49000000
2018-02-26 07:42:54,0.00356700,0.74000000
2018-02-26 07:42:54,0.00356700,0.31000000
2018-02-26 07:42:54,0.00356900,0.31000000
2018-02-26 07:42:57,0.00356800,14.07000000
2018-02-26 07:42:57,0.00356800,17.00000000
2018-02-26 07:42:58,0.00357000,1.18000000
2018-02-26 07:43:00,0.00357000,1.53000000
2018-02-26 07:43:04,0.00357100,28.10000000
2018-02-26 07:43:04,0.00357200,3.97000000
2018-02-26 07:43:08,0.00357100,14.00000000
2018-02-26 07:43:09,0.00357300,0.64000000
2018-02-26 07:43:09,0.00357300,0.28000000
2018-02-26 07:43:10,0.00357300,0.84000000
2018-02-26 07:43:10,0.00357100,2.81000000
2018-02-26 07:43:10,0.00357100,0.19000000
2018-02-26 07:43:11,0.00357100,0.71000000
2018-02-26 07:43:15,0.00357300,14.32000000
2018-02-26 07:43:16,0.00357300,29.74000000
2018-02-26 07:43:16,0.00357300,33.35000000
2018-02-26 07:43:16,0.00357100,2.30000000
2018-02-26 07:43:17,0.00357100,147.11000000
2018-02-26 07:43:18,0.00357400,0.73000000
2018-02-26 07:43:18,0.00357500,1.67000000
2018-02-26 07:43:21,0.00357500,2.50000000
2018-02-26 07:43:21,0.00357000,4.13000000
2018-02-26 07:43:23,0.00357500,2.40000000
2018-02-26 07:43:25,0.00357000,88.07000000
2018-02-26 07:43:26,0.00357000,153.81000000
2018-02-26 07:43:26,0.00357000,17.12000000
2018-02-26 07:43:26,0.00357500,2.40000000
2018-02-26 07:43:26,0.00357500,1.76000000
2018-02-26 07:43:27,0.00357500,0.29000000
2018-02-26 07:43:28,0.00357500,32.57000000
2018-02-26 07:43:28,0.00357500,2.40000000
2018-02-26 07:43:28,0.00357500,2.79000000
2018-02-26 07:43:29,0.00357500,12.77000000
2018-02-26 07:43:30,0.00357000,8.14000000
2018-02-26 07:43:30,0.00357500,86.67000000
2018-02-26 07:43:30,0.00356900,0.90000000
2018-02-26 07:43:33,0.00357500,2.50000000
2018-02-26 07:43:37,0.00357500,2.40000000
2018-02-26 07:43:39,0.00357500,149.22000000
2018-02-26 07:43:39,0.00357500,38.42000000
2018-02-26 07:43:40,0.00357500,51.32000000
2018-02-26 07:43:40,0.00357500,13.99000000
2018-02-26 07:43:40,0.00357600,2.50000000
2018-02-26 07:43:40,0.00357500,30.00000000
2018-02-26 07:43:40,0.00357500,1.00000000
2018-02-26 07:43:40,0.00357500,0.31000000
2018-02-26 07:43:41,0.00357500,7.00000000
2018-02-26 07:43:42,0.00357500,13.99000000
2018-02-26 07:43:42,0.00357500,33.94000000
2018-02-26 07:43:42,0.00357600,2.30000000
2018-02-26 07:43:44,0.00357500,14.05000000
2018-02-26 07:43:47,0.00357600,2.50000000
2018-02-26 07:43:47,0.00357600,7.02000000
2018-02-26 07:43:47,0.00357600,2.79000000
2018-02-26 07:43:47,0.00357800,48.21000000
2018-02-26 07:43:49,0.00357700,26.63000000
2018-02-26 07:43:49,0.00357700,2.30000000
2018-02-26 07:43:51,0.00357700,2.40000000
2018-02-26 07:43:54,0.00357700,2.40000000
2018-02-26 07:43:56,0.00357500,2.24000000
2018-02-26 07:43:56,0.00357500,0.57000000
2018-02-26 07:43:56,0.00357700,1.93000000
2018-02-26 07:43:59,0.00357600,24.17000000
2018-02-26 07:43:59,0.00357800,2.50000000
2018-02-26 07:44:01,0.00357700,2.40000000
2018-02-26 07:44:04,0.00357700,2.50000000
2018-02-26 07:44:06,0.00357700,2.40000000
2018-02-26 07:44:09,0.00357700,2.40000000
2018-02-26 07:44:11,0.00357700,2.30000000
2018-02-26 07:44:12,0.00357500,246.97000000
2018-02-26 07:44:12,0.00357700,3.29000000
2018-02-26 07:44:13,0.00357500,24.13000000
2018-02-26 07:44:13,0.00357700,2.40000000
2018-02-26 07:44:14,0.00357700,5.07000000
2018-02-26 07:44:14,0.00357500,1.45000000
2018-02-26 07:44:14,0.00357500,28.90000000
2018-02-26 07:44:15,0.00357700,1.35000000
2018-02-26 07:44:15,0.00357700,0.06000000
2018-02-26 07:44:15,0.00357700,41.42000000
2018-02-26 07:44:15,0.00357500,20.00000000
2018-02-26 07:44:15,0.00357400,0.67000000
2018-02-26 07:44:15,0.00357100,70.08000000
2018-02-26 07:44:15,0.00357800,2.40000000
2018-02-26 07:44:17,0.00357100,23.50000000
2018-02-26 07:44:17,0.00356900,34.42000000
2018-02-26 07:44:18,0.00357800,2.30000000
2018-02-26 07:44:20,0.00357700,2.30000000
2018-02-26 07:44:21,0.00357500,2.99000000
2018-02-26 07:44:22,0.00357700,15.74000000
2018-02-26 07:44:22,0.00357700,69.96000000
2018-02-26 07:44:22,0.00357800,9.84000000
2018-02-26 07:44:23,0.00357800,2.40000000
2018-02-26 07:44:25,0.00357800,2.50000000
2018-02-26 07:44:27,0.00357800,0.75000000
2018-02-26 07:44:27,0.00357800,0.39000000
2018-02-26 07:44:27,0.00357800,2.30000000
2018-02-26 07:44:29,0.00357800,2.50000000
2018-02-26 07:44:30,0.00357800,27.27000000
2018-02-26 07:44:32,0.00357800,2.40000000
2018-02-26 07:44:32,0.00357700,0.60000000
2018-02-26 07:44:33,0.00357700,8.38000000
2018-02-26 07:44:33,0.00357700,5.77000000
2018-02-26 07:44:33,0.00357400,0.67000000
2018-02-26 07:44:33,0.00357100,5.04000000
2018-02-26 07:44:34,0.00357800,2.40000000
2018-02-26 07:44:36,0.00357800,2.40000000
2018-02-26 07:44:38,0.00357800,2.40000000
2018-02-26 07:44:41,0.00357800,2.50000000
2018-02-26 07:44:42,0.00357800,3.39000000
2018-02-26 07:44:43,0.00357800,2.50000000
2018-02-26 07:44:45,0.00357800,2.30000000
2018-02-26 07:44:48,0.00357800,2.30000000
2018-02-26 07:44:50,0.00357800,2.40000000
2018-02-26 07:44:52,0.00357800,2.40000000
2018-02-26 07:44:55,0.00357800,2.40000000
2018-02-26 07:44:56,0.00357800,27.75000000
2018-02-26 07:44:56,0.00357200,111.65000000
2018-02-26 07:44:57,0.00357800,2.50000000
2018-02-26 07:45:00,0.00357800,2.40000000
2018-02-26 07:45:02,0.00357800,2.40000000
2018-02-26 07:45:04,0.00357500,2.40000000
2018-02-26 07:45:04,0.00357500,1.29000000
2018-02-26 07:45:06,0.00357500,2.79000000
2018-02-26 07:45:06,0.00357500,2.30000000
2018-02-26 07:45:08,0.00357500,0.54000000
2018-02-26 07:45:09,0.00357700,21.91000000
2018-02-26 07:45:09,0.00357700,2.40000000
2018-02-26 07:45:11,0.00357700,2.40000000
2018-02-26 07:45:12,0.00357500,13.99000000
2018-02-26 07:45:14,0.00357700,2.40000000
2018-02-26 07:45:14,0.00357500,12.10000000
2018-02-26 07:45:14,0.00357400,0.67000000
2018-02-26 07:45:15,0.00357400,3.13000000
2018-02-26 07:45:16,0.00357400,2.50000000
2018-02-26 07:45:17,0.00357300,2.66000000
2018-02-26 07:45:18,0.00357400,2.30000000
2018-02-26 07:45:19,0.00357300,25.28000000
2018-02-26 07:45:19,0.00357200,44.43000000
2018-02-26 07:45:24,0.00357400,14.48000000
2018-02-26 07:45:24,0.00357400,28.51000000
2018-02-26 07:45:27,0.00357400,0.38000000
2018-02-26 07:45:28,0.00357600,2.30000000
2018-02-26 07:45:31,0.00357600,2.30000000
2018-02-26 07:45:33,0.00357600,2.40000000
2018-02-26 07:45:41,0.00357100,31.04000000
2018-02-26 07:45:42,0.00357600,126.50000000
2018-02-26 07:46:09,0.00357400,6.38000000
2018-02-26 07:46:24,0.00357600,20.02000000
2018-02-26 07:46:25,0.00357600,21.33000000
2018-02-26 07:46:26,0.00357600,8.12000000
2018-02-26 07:46:31,0.00357600,2.50000000
2018-02-26 07:46:32,0.00357500,3.00000000
2018-02-26 07:46:32,0.00357400,66.19000000
2018-02-26 07:46:32,0.00357600,2.79000000
2018-02-26 07:46:40,0.00357400,7.97000000
2018-02-26 07:46:45,0.00357500,1.76000000
2018-02-26 07:46:47,0.00357600,45.79000000
2018-02-26 07:46:47,0.00357700,42.14000000
2018-02-26 07:46:47,0.00357800,346.14000000
2018-02-26 07:46:47,0.00357800,107.97000000
2018-02-26 07:46:48,0.00357800,2.00000000
2018-02-26 07:46:48,0.00357800,1.99000000
2018-02-26 07:46:49,0.00357800,11.83000000
2018-02-26 07:46:50,0.00357800,5.00000000
2018-02-26 07:46:51,0.00357800,5.00000000
2018-02-26 07:46:51,0.00357800,13.97000000
2018-02-26 07:46:52,0.00357800,5.00000000
2018-02-26 07:46:53,0.00357800,13.97000000
2018-02-26 07:46:55,0.00357800,13.97000000
2018-02-26 07:46:56,0.00357800,1.15000000
2018-02-26 07:46:57,0.00357800,13.97000000
2018-02-26 07:47:13,0.00357800,2.30000000
2018-02-26 07:47:14,0.00357800,0.38000000
2018-02-26 07:47:14,0.00357800,2.93000000
2018-02-26 07:47:15,0.00357800,45.67000000
2018-02-26 07:47:15,0.00357900,43.03000000
2018-02-26 07:47:16,0.00357900,2.40000000
2018-02-26 07:47:18,0.00357900,2.30000000
2018-02-26 07:47:20,0.00357600,1.11000000
2018-02-26 07:47:20,0.00357900,2.40000000
2018-02-26 07:47:23,0.00357900,2.30000000
2018-02-26 07:47:23,0.00357900,2.46000000
2018-02-26 07:47:23,0.00358000,11.88000000
2018-02-26 07:47:23,0.00358300,1.78000000
2018-02-26 07:47:23,0.00358500,22.35000000
2018-02-26 07:47:23,0.00358600,1.41000000
2018-02-26 07:47:23,0.00358700,2.23000000
2018-02-26 07:47:23,0.00358800,18.91000000
2018-02-26 07:47:23,0.00358900,10.14000000
2018-02-26 07:47:23,0.00359000,22.82000000
2018-02-26 07:47:24,0.00358500,0.61000000
2018-02-26 07:47:25,0.00357800,0.61000000
2018-02-26 07:47:25,0.00357900,2.40000000
2018-02-26 07:47:28,0.00357900,0.35000000
2018-02-26 07:47:28,0.00358200,0.61000000
2018-02-26 07:47:28,0.00358400,1.44000000
2018-02-26 07:47:29,0.00358100,1.92000000
2018-02-26 07:47:30,0.00358100,0.28000000
2018-02-26 07:47:31,0.00358100,0.59000000
2018-02-26 07:47:32,0.00358100,0.83000000
2018-02-26 07:47:34,0.00358100,3.78000000
2018-02-26 07:47:37,0.00358100,2.26000000
2018-02-26 07:47:38,0.00358800,0.20000000
2018-02-26 07:47:39,0.00358200,3.65000000
2018-02-26 07:47:42,0.00358800,0.70000000
2018-02-26 07:47:42,0.00358800,1.70000000
2018-02-26 07:47:43,0.00358300,2.81000000
2018-02-26 07:47:45,0.00358300,1.76000000
2018-02-26 07:47:45,0.00358300,1.76000000
2018-02-26 07:47:46,0.00358300,0.64000000
2018-02-26 07:47:46,0.00358300,3.20000000
2018-02-26 07:47:50,0.00358800,0.80000000
2018-02-26 07:47:54,0.00358200,44.06000000
2018-02-26 07:47:54,0.00358100,138.98000000
2018-02-26 07:47:56,0.00358200,16.81000000
2018-02-26 07:47:56,0.00358100,2.72000000
2018-02-26 07:47:57,0.00358200,8.03000000
2018-02-26 07:47:59,0.00358100,2.14000000
2018-02-26 07:48:03,0.00358100,0.01000000
2018-02-26 07:48:04,0.00358100,29.32000000
2018-02-26 07:48:09,0.00358200,24.85000000
2018-02-26 07:48:09,0.00358200,0.31000000
2018-02-26 07:48:09,0.00358700,1.12000000
2018-02-26 07:48:13,0.00358200,1.69000000
2018-02-26 07:48:14,0.00358700,2.00000000
2018-02-26 07:48:14,0.00358200,16.70000000
2018-02-26 07:48:14,0.00358100,83.87000000
2018-02-26 07:48:18,0.00358100,3.02000000
2018-02-26 07:48:20,0.00358600,0.58000000
2018-02-26 07:48:25,0.00358100,37.19000000
2018-02-26 07:48:26,0.00358100,52.05000000
2018-02-26 07:48:26,0.00358500,5.21000000
2018-02-26 07:48:26,0.00358600,5.64000000
2018-02-26 07:48:26,0.00358700,26.15000000
2018-02-26 07:48:27,0.00358100,38.18000000
2018-02-26 07:48:27,0.00358100,2.79000000
2018-02-26 07:48:28,0.00358100,58.60000000
2018-02-26 07:48:29,0.00358200,1.21000000
2018-02-26 07:48:30,0.00358100,1.95000000
2018-02-26 07:48:30,0.00358100,1.39000000
2018-02-26 07:48:31,0.00358100,13.96000000
2018-02-26 07:48:33,0.00358100,57.28000000
2018-02-26 07:48:36,0.00358100,87.17000000
2018-02-26 07:48:37,0.00358200,1.52000000
2018-02-26 07:48:44,0.00358200,1.22000000
2018-02-26 07:48:49,0.00358200,15.17000000
2018-02-26 07:48:52,0.00358200,9.38000000
2018-02-26 07:48:52,0.00358100,1.50000000
2018-02-26 07:48:53,0.00358200,4.15000000
2018-02-26 07:48:53,0.00358300,3.03000000
2018-02-26 07:49:05,0.00358300,13.95000000
2018-02-26 07:49:05,0.00358300,0.24000000
2018-02-26 07:49:05,0.00358300,14.00000000
2018-02-26 07:49:09,0.00358300,13.95000000
2018-02-26 07:49:10,0.00358300,13.95000000
2018-02-26 07:49:16,0.00358300,13.95000000
2018-02-26 07:49:19,0.00358300,14.75000000
2018-02-26 07:49:20,0.00358300,13.95000000
2018-02-26 07:49:21,0.00358300,13.95000000
2018-02-26 07:49:23,0.00358300,7.97000000
2018-02-26 07:49:25,0.00358300,13.95000000
2018-02-26 07:49:26,0.00358300,13.95000000
2018-02-26 07:49:27,0.00358300,13.00000000
2018-02-26 07:49:28,0.00358300,0.28000000
2018-02-26 07:49:28,0.00358200,16.57000000
2018-02-26 07:49:28,0.00358200,8.37000000
2018-02-26 07:49:29,0.00358200,53.94000000
2018-02-26 07:49:30,0.00358200,3.16000000
2018-02-26 07:49:32,0.00358200,40.30000000
2018-02-26 07:49:36,0.00358200,2.13000000
2018-02-26 07:49:36,0.00358100,43.19000000
2018-02-26 07:49:37,0.00358100,1.69000000
2018-02-26 07:49:38,0.00358100,0.31000000
2018-02-26 07:49:40,0.00358200,2.23000000
2018-02-26 07:49:40,0.00358400,37.77000000
2018-02-26 07:49:41,0.00358100,0.38000000
2018-02-26 07:49:44,0.00358100,16.62000000
2018-02-26 07:49:44,0.00358400,25.04000000
2018-02-26 07:49:44,0.00358500,7.53000000
2018-02-26 07:49:50,0.00358400,0.33000000
2018-02-26 07:49:55,0.00358400,0.04000000
2018-02-26 07:50:02,0.00357900,0.01000000
2018-02-26 07:50:03,0.00358400,2.00000000
2018-02-26 07:50:04,0.00358400,0.50000000
2018-02-26 07:50:04,0.00357800,0.71000000
2018-02-26 07:50:15,0.00358500,20.07000000
2018-02-26 07:50:15,0.00358700,62.54000000
2018-02-26 07:50:15,0.00359000,19.32000000
2018-02-26 07:50:17,0.00358100,0.31000000
2018-02-26 07:50:18,0.00358100,5.00000000
2018-02-26 07:50:19,0.00358200,29.68000000
2018-02-26 07:50:20,0.00358800,2.52000000
2018-02-26 07:50:20,0.00358900,10.55000000
2018-02-26 07:50:20,0.00359000,12.19000000
2018-02-26 07:50:22,0.00358800,0.62000000
2018-02-26 07:50:23,0.00358800,2.17000000
2018-02-26 07:50:23,0.00358900,6.18000000
2018-02-26 07:50:27,0.00358100,11.80000000
2018-02-26 07:50:30,0.00357900,7.95000000
2018-02-26 07:50:31,0.00358500,6.00000000
2018-02-26 07:50:31,0.00358600,9.00000000
2018-02-26 07:50:45,0.00358600,1.37000000
2018-02-26 07:50:45,0.00358600,14.01000000
2018-02-26 07:50:45,0.00358600,27.78000000
2018-02-26 07:50:45,0.00358600,23.85000000
2018-02-26 07:50:45,0.00358000,9.61000000
2018-02-26 07:50:47,0.00358700,0.33000000
2018-02-26 07:50:52,0.00358000,2.25000000
2018-02-26 07:50:52,0.00358000,97.76000000
2018-02-26 07:50:53,0.00358000,0.30000000
2018-02-26 07:50:59,0.00358000,28.75000000
2018-02-26 07:50:59,0.00357900,4.76000000
2018-02-26 07:51:06,0.00358000,0.02000000
2018-02-26 07:51:06,0.00358500,1.00000000
2018-02-26 07:51:07,0.00358000,5.58000000
2018-02-26 07:51:08,0.00358400,1.39000000
2018-02-26 07:51:08,0.00358500,2.11000000
2018-02-26 07:51:08,0.00358600,0.84000000
2018-02-26 07:51:08,0.00358700,2.84000000
2018-02-26 07:51:09,0.00358100,14.85000000
2018-02-26 07:51:13,0.00358100,19.54000000
2018-02-26 07:51:19,0.00358100,8.37000000
2018-02-26 07:51:19,0.00358100,10.65000000
2018-02-26 07:51:19,0.00358100,0.66000000
2018-02-26 07:51:23,0.00358100,4.43000000
2018-02-26 07:51:25,0.00358100,8.37000000
2018-02-26 07:51:26,0.00358600,2.78000000
2018-02-26 07:51:26,0.00358100,0.99000000
2018-02-26 07:51:33,0.00358100,5.00000000
2018-02-26 07:51:40,0.00358100,5.58000000
2018-02-26 07:51:41,0.00358100,0.89000000
2018-02-26 07:51:41,0.00358100,7.01000000
2018-02-26 07:51:41,0.00358000,74.04000000
2018-02-26 07:51:48,0.00358000,8.37000000
2018-02-26 07:51:53,0.00358100,8.35000000
2018-02-26 07:51:54,0.00358100,0.01000000
2018-02-26 07:51:54,0.00358000,5.57000000
2018-02-26 07:51:55,0.00358000,13.65000000
2018-02-26 07:51:55,0.00358000,13.65000000
2018-02-26 07:52:00,0.00358000,125.69000000
2018-02-26 07:52:00,0.00358000,9.03000000
2018-02-26 07:52:06,0.00358000,75.41000000
2018-02-26 07:52:06,0.00358300,1.99000000
2018-02-26 07:52:10,0.00358300,4.19000000
2018-02-26 07:52:10,0.00358300,20.45000000
2018-02-26 07:52:10,0.00358400,0.52000000
2018-02-26 07:52:10,0.00358300,20.26000000
2018-02-26 07:52:12,0.00358300,1.80000000
2018-02-26 07:52:12,0.00358300,11.16000000
2018-02-26 07:52:13,0.00358300,6.00000000
2018-02-26 07:52:14,0.00358300,0.31000000
2018-02-26 07:52:15,0.00358300,21.09000000
2018-02-26 07:52:16,0.00358300,5.00000000
2018-02-26 07:52:20,0.00358300,0.03000000
2018-02-26 07:52:22,0.00358100,27.83000000
2018-02-26 07:52:23,0.00358100,27.85000000
2018-02-26 07:52:23,0.00358000,27.92000000
2018-02-26 07:52:29,0.00357900,5.58000000
2018-02-26 07:52:30,0.00358300,0.86000000
2018-02-26 07:52:30,0.00358500,2.79000000
2018-02-26 07:52:35,0.00358300,5.58000000
2018-02-26 07:52:36,0.00358300,4.00000000
2018-02-26 07:52:37,0.00358300,29.15000000
2018-02-26 07:52:38,0.00358300,36.46000000
2018-02-26 07:52:40,0.00358300,32.79000000
2018-02-26 07:52:41,0.00358300,0.89000000
2018-02-26 07:52:41,0.00358300,31.94000000
2018-02-26 07:52:41,0.00358000,1.55000000
2018-02-26 07:52:43,0.00358300,1.59000000
2018-02-26 07:52:46,0.00358000,14.76000000
2018-02-26 07:52:47,0.00358300,4.00000000
2018-02-26 07:52:57,0.00358300,18.23000000
2018-02-26 07:52:57,0.00358400,28.53000000
2018-02-26 07:53:03,0.00358300,0.86000000
2018-02-26 07:53:07,0.00358300,3.71000000
2018-02-26 07:53:12,0.00358300,119.34000000
2018-02-26 07:53:21,0.00358300,23.53000000
2018-02-26 07:53:21,0.00358000,72.08000000
2018-02-26 07:53:24,0.00358400,1.96000000
2018-02-26 07:53:24,0.00358400,7.65000000
2018-02-26 07:53:24,0.00358400,1.50000000
2018-02-26 07:53:28,0.00358400,0.55000000
2018-02-26 07:53:29,0.00358400,0.55000000
2018-02-26 07:53:29,0.00358400,0.55000000
2018-02-26 07:53:30,0.00358400,0.55000000
2018-02-26 07:53:30,0.00358400,0.31000000
2018-02-26 07:53:31,0.00358400,0.55000000
2018-02-26 07:53:32,0.00358400,0.55000000
2018-02-26 07:53:33,0.00358400,0.55000000
2018-02-26 07:53:34,0.00358400,0.55000000
2018-02-26 07:53:35,0.00358400,0.55000000
2018-02-26 07:53:35,0.00358400,0.55000000
2018-02-26 07:53:37,0.00358400,9.23000000
2018-02-26 07:53:37,0.00358300,18.55000000
2018-02-26 07:53:38,0.00358300,18.00000000
2018-02-26 07:53:39,0.00358400,19.52000000
2018-02-26 07:53:39,0.00358400,33.92000000
2018-02-26 07:53:49,0.00358500,71.27000000
2018-02-26 07:53:50,0.00358400,0.55000000
2018-02-26 07:53:50,0.00358400,30.00000000
2018-02-26 07:53:51,0.00358400,0.55000000
2018-02-26 07:53:52,0.00358400,0.55000000
2018-02-26 07:53:53,0.00358400,0.55000000
2018-02-26 07:53:54,0.00358400,13.95000000
2018-02-26 07:53:55,0.00358400,13.95000000
2018-02-26 07:54:00,0.00358300,5.00000000
2018-02-26 07:54:05,0.00358600,2.59000000
2018-02-26 07:54:08,0.00358600,1.12000000
2018-02-26 07:54:10,0.00358400,2.74000000
2018-02-26 07:54:10,0.00358400,2.04000000
2018-02-26 07:54:10,0.00358600,2.78000000
2018-02-26 07:54:11,0.00358400,0.01000000
2018-02-26 07:54:12,0.00358400,0.30000000
2018-02-26 07:54:14,0.00358400,0.82000000
2018-02-26 07:54:14,0.00358300,69.18000000
2018-02-26 07:54:15,0.00358500,1.12000000
2018-02-26 07:54:16,0.00358500,6.94000000
2018-02-26 07:54:20,0.00358300,1.00000000
2018-02-26 07:54:23,0.00358500,14.01000000
2018-02-26 07:54:23,0.00358500,14.01000000
2018-02-26 07:54:24,0.00358500,14.01000000
2018-02-26 07:54:25,0.00358500,13.95000000
2018-02-26 07:54:26,0.00358500,14.01000000
2018-02-26 07:54:27,0.00358500,14.01000000
2018-02-26 07:54:27,0.00358500,13.95000000
2018-02-26 07:54:27,0.00358500,14.01000000
2018-02-26 07:54:28,0.00358500,14.01000000
2018-02-26 07:54:29,0.00358500,14.01000000
2018-02-26 07:54:29,0.00358500,13.95000000
2018-02-26 07:54:29,0.00358500,14.01000000
2018-02-26 07:54:30,0.00358500,5.70000000
2018-02-26 07:54:35,0.00358500,11.23000000
2018-02-26 07:54:36,0.00358500,14.01000000
2018-02-26 07:54:36,0.00358500,14.01000000
2018-02-26 07:54:37,0.00358600,2.94000000
2018-02-26 07:54:37,0.00358500,10.97000000
2018-02-26 07:54:40,0.00358400,0.89000000
2018-02-26 07:54:50,0.00358400,0.68000000
2018-02-26 07:54:53,0.00358400,0.31000000
2018-02-26 07:54:54,0.00358400,90.00000000
2018-02-26 07:54:56,0.00358400,3.13000000
2018-02-26 07:54:56,0.00358400,43.17000000
2018-02-26 07:54:56,0.00358300,26.83000000
2018-02-26 07:54:57,0.00358300,3.00000000
2018-02-26 07:55:00,0.00358300,0.72000000
2018-02-26 07:55:02,0.00358300,0.17000000
2018-02-26 07:55:02,0.00358400,66.96000000
2018-02-26 07:55:02,0.00358500,13.80000000
2018-02-26 07:55:02,0.00358600,4.30000000
2018-02-26 07:55:03,0.00358100,0.31000000
2018-02-26 07:55:03,0.00358100,4.78000000
2018-02-26 07:55:10,0.00358100,0.89000000
2018-02-26 07:55:18,0.00358400,17.00000000
2018-02-26 07:55:20,0.00358400,13.95000000
2018-02-26 07:55:20,0.00358400,0.89000000
2018-02-26 07:55:30,0.00358600,2.78000000
2018-02-26 07:55:32,0.00358600,1.12000000
2018-02-26 07:55:33,0.00358400,1.01000000
2018-02-26 07:55:33,0.00358600,6.00000000
2018-02-26 07:55:33,0.00358600,1.12000000
2018-02-26 07:55:33,0.00358600,49.05000000
2018-02-26 07:55:34,0.00358600,3.16000000
2018-02-26 07:55:34,0.00358600,8.36000000
2018-02-26 07:55:34,0.00358600,14.01000000
2018-02-26 07:55:34,0.00358700,11.15000000
2018-02-26 07:55:35,0.00358600,8.36000000
2018-02-26 07:55:36,0.00358600,14.01000000
2018-02-26 07:55:36,0.00358600,8.36000000
2018-02-26 07:55:36,0.00358600,10.91000000
2018-02-26 07:55:36,0.00358600,0.31000000
2018-02-26 07:55:36,0.00358700,7.19000000
2018-02-26 07:55:36,0.00358600,3.29000000
2018-02-26 07:55:37,0.00358600,0.31000000
2018-02-26 07:55:38,0.00358600,69.96000000
2018-02-26 07:55:39,0.00358600,3.31000000
2018-02-26 07:55:39,0.00358700,1.58000000
2018-02-26 07:55:40,0.00358600,19.00000000
2018-02-26 07:55:41,0.00358700,4.65000000
2018-02-26 07:55:44,0.00358700,4.65000000
2018-02-26 07:55:44,0.00358600,38.95000000
2018-02-26 07:55:46,0.00358600,1.30000000
2018-02-26 07:55:48,0.00358600,1.29000000
2018-02-26 07:55:50,0.00358600,0.50000000
2018-02-26 07:55:50,0.00358600,0.62000000
2018-02-26 07:55:50,0.00358400,11.98000000
2018-02-26 07:55:55,0.00358700,49.06000000
2018-02-26 07:55:57,0.00358800,78.08000000
2018-02-26 07:55:58,0.00358800,119.64000000
2018-02-26 07:56:00,0.00358800,47.94000000
2018-02-26 07:56:02,0.00358800,4.67000000
2018-02-26 07:56:03,0.00358400,54.62000000
2018-02-26 07:56:06,0.00358500,7.32000000
2018-02-26 07:56:08,0.00358500,14.64000000
2018-02-26 07:56:14,0.00358500,14.01000000
2018-02-26 07:56:15,0.00358500,14.01000000
2018-02-26 07:56:15,0.00358500,14.01000000
2018-02-26 07:56:17,0.00358500,14.01000000
2018-02-26 07:56:17,0.00358500,12.84000000
2018-02-26 07:56:19,0.00358500,14.01000000
2018-02-26 07:56:20,0.00358500,14.01000000
2018-02-26 07:56:21,0.00358500,14.01000000
2018-02-26 07:56:22,0.00358500,14.01000000
2018-02-26 07:56:24,0.00358500,69.96000000
2018-02-26 07:56:32,0.00358500,14.01000000
2018-02-26 07:56:34,0.00358500,1.00000000
2018-02-26 07:56:38,0.00358600,8.72000000
2018-02-26 07:56:40,0.00358600,6.81000000
2018-02-26 07:56:40,0.00358600,4.47000000
2018-02-26 07:56:48,0.00358600,2.34000000
2018-02-26 07:57:27,0.00358700,2.78000000
2018-02-26 07:57:30,0.00358700,7.67000000
2018-02-26 07:57:33,0.00358600,13.94000000
2018-02-26 07:57:33,0.00358700,0.56000000
2018-02-26 07:57:34,0.00358700,2.50000000
2018-02-26 07:57:35,0.00358700,0.15000000
2018-02-26 07:57:36,0.00358600,0.72000000
2018-02-26 07:57:36,0.00358500,13.23000000
2018-02-26 07:57:37,0.00358500,20.44000000
2018-02-26 07:57:38,0.00358500,13.95000000
2018-02-26 07:57:41,0.00358700,0.68000000
2018-02-26 07:57:43,0.00358700,27.89000000
2018-02-26 07:57:52,0.00358700,28.41000000
2018-02-26 07:57:52,0.00358700,2.64000000
2018-02-26 07:58:02,0.00358700,0.90000000
2018-02-26 07:58:02,0.00358800,28.61000000
2018-02-26 07:58:02,0.00358900,43.13000000
2018-02-26 07:58:03,0.00358900,0.24000000
2018-02-26 07:58:05,0.00358900,3.00000000
2018-02-26 07:58:05,0.00358900,2.79000000
2018-02-26 07:58:05,0.00359000,1.24000000
2018-02-26 07:58:06,0.00358900,0.15000000
2018-02-26 07:58:12,0.00358900,5.82000000
2018-02-26 07:58:14,0.00359000,27.70000000
2018-02-26 07:58:19,0.00359000,370.68000000
2018-02-26 07:58:20,0.00359000,69.74000000
2018-02-26 07:58:21,0.00359000,3.98000000
2018-02-26 07:58:22,0.00359000,13.95000000
2018-02-26 07:58:23,0.00359000,7.00000000
2018-02-26 07:58:24,0.00359100,2.79000000
2018-02-26 07:58:25,0.00359100,4.52000000
2018-02-26 07:58:25,0.00359000,62.04000000
2018-02-26 07:58:25,0.00359000,64.10000000
2018-02-26 07:58:25,0.00358900,7.95000000
2018-02-26 07:58:26,0.00358700,216.06000000
2018-02-26 07:58:27,0.00358700,5.57000000
2018-02-26 07:58:28,0.00358700,6.50000000
2018-02-26 07:58:31,0.00358600,0.70000000
2018-02-26 07:58:41,0.00358800,16.17000000
2018-02-26 07:58:43,0.00358800,1.44000000
2018-02-26 07:58:53,0.00358700,11.01000000
2018-02-26 07:59:05,0.00358800,2.71000000
2018-02-26 07:59:10,0.00358800,12.56000000
2018-02-26 07:59:12,0.00358800,0.93000000
2018-02-26 07:59:12,0.00358800,6.51000000
2018-02-26 07:59:27,0.00358900,2.78000000
2018-02-26 07:59:32,0.00358800,2.26000000
2018-02-26 07:59:32,0.00358800,0.31000000
2018-02-26 07:59:36,0.00358900,131.97000000
2018-02-26 07:59:41,0.00358800,15.58000000
2018-02-26 07:59:46,0.00358900,6.31000000
2018-02-26 07:59:46,0.00358900,0.20000000
2018-02-26 07:59:51,0.00358800,0.45000000
2018-02-26 07:59:55,0.00358900,7.31000000
