DATE,PRICE,VOLUME
2018-02-24 13:00:00,0.00375500,2.48000000
2018-02-24 13:00:00,0.00375500,81.56000000
2018-02-24 13:00:01,0.00375500,40.70000000
2018-02-24 13:00:01,0.00375500,3.04000000
2018-02-24 13:00:02,0.00375500,5.47000000
2018-02-24 13:00:04,0.00375500,55.03000000
2018-02-24 13:00:04,0.00375500,51.73000000
2018-02-24 13:00:04,0.00375500,37.76000000
2018-02-24 13:00:04,0.00375500,26.96000000
2018-02-24 13:00:05,0.00375500,47.94000000
2018-02-24 13:00:05,0.00375500,32.73000000
2018-02-24 13:00:05,0.00375500,21.76000000
2018-02-24 13:00:05,0.00375500,0.39000000
2018-02-24 13:00:05,0.00375500,27.02000000
2018-02-24 13:00:06,0.00375500,0.28000000
2018-02-24 13:00:06,0.00375500,60.81000000
2018-02-24 13:00:07,0.00375500,2.31000000
2018-02-24 13:00:07,0.00375500,7.98000000
2018-02-24 13:00:08,0.00375500,2.72000000
2018-02-24 13:00:08,0.00375400,2.20000000
2018-02-24 13:00:08,0.00375400,7.19000000
2018-02-24 13:00:09,0.00375500,13.00000000
2018-02-24 13:00:09,0.00375600,15.16000000
2018-02-24 13:00:09,0.00375400,1.08000000
2018-02-24 13:00:09,0.00375500,0.81000000
2018-02-24 13:00:10,0.00375500,1.60000000
2018-02-24 13:00:10,0.00375400,1.13000000
2018-02-24 13:00:11,0.00375400,30.14000000
2018-02-24 13:00:12,0.00375100,14.72000000
2018-02-24 13:00:12,0.00375000,18.69000000
2018-02-24 13:00:12,0.00375000,60.45000000
2018-02-24 13:00:12,0.00375000,0.54000000
2018-02-24 13:00:12,0.00375500,2.77000000
2018-02-24 13:00:13,0.00375500,24.35000000
2018-02-24 13:00:15,0.00375000,5.89000000
2018-02-24 13:00:15,0.00375000,0.54000000
2018-02-24 13:00:16,0.00375000,2.58000000
2018-02-24 13:00:16,0.00375000,10.82000000
2018-02-24 13:00:16,0.00375000,4.06000000
2018-02-24 13:00:16,0.00375000,0.50000000
2018-02-24 13:00:16,0.00375100,2.71000000
2018-02-24 13:00:16,0.00375100,1.91000000
2018-02-24 13:00:17,0.00375500,9.42000000
2018-02-24 13:00:17,0.00375100,52.67000000
2018-02-24 13:00:17,0.00375100,54.23000000
2018-02-24 13:00:17,0.00375100,0.79000000
2018-02-24 13:00:17,0.00375100,0.81000000
2018-02-24 13:00:18,0.00375100,0.67000000
2018-02-24 13:00:19,0.00375100,0.56000000
2018-02-24 13:00:19,0.00375100,16.12000000
2018-02-24 13:00:20,0.00375100,8.17000000
2018-02-24 13:00:20,0.00375100,0.98000000
2018-02-24 13:00:20,0.00375100,50.00000000
2018-02-24 13:00:21,0.00375500,0.61000000
2018-02-24 13:00:21,0.00375100,1.48000000
2018-02-24 13:00:22,0.00375100,2.83000000
2018-02-24 13:00:22,0.00375100,107.25000000
2018-02-24 13:00:22,0.00375000,342.79000000
2018-02-24 13:00:22,0.00375000,7.99000000
2018-02-24 13:00:23,0.00375000,7.99000000
2018-02-24 13:00:23,0.00375000,8.59000000
2018-02-24 13:00:23,0.00375000,7.99000000
2018-02-24 13:00:23,0.00374900,7.97000000
2018-02-24 13:00:23,0.00375000,2.66000000
2018-02-24 13:00:24,0.00374900,1.37000000
2018-02-24 13:00:25,0.00374900,3.00000000
2018-02-24 13:00:26,0.00375000,3.21000000
2018-02-24 13:00:26,0.00374900,18.19000000
2018-02-24 13:00:26,0.00374800,16.84000000
2018-02-24 13:00:27,0.00374800,12.26000000
2018-02-24 13:00:27,0.00374700,51.85000000
2018-02-24 13:00:28,0.00374700,0.69000000
2018-02-24 13:00:29,0.00374700,0.68000000
2018-02-24 13:00:29,0.00374700,9.52000000
2018-02-24 13:00:29,0.00375000,41.29000000
2018-02-24 13:00:30,0.00375000,0.97000000
2018-02-24 13:00:30,0.00375000,4.36000000
2018-02-24 13:00:30,0.00375000,10.20000000
2018-02-24 13:00:30,0.00375000,1.00000000
2018-02-24 13:00:30,0.00375000,18.55000000
2018-02-24 13:00:31,0.00374800,41.00000000
2018-02-24 13:00:31,0.00374800,6.92000000
2018-02-24 13:00:31,0.00374800,0.54000000
2018-02-24 13:00:31,0.00374800,0.87000000
2018-02-24 13:00:32,0.00374800,2.29000000
2018-02-24 13:00:32,0.00374800,129.85000000
2018-02-24 13:00:32,0.00374700,30.37000000
2018-02-24 13:00:33,0.00374700,100.11000000
2018-02-24 13:00:35,0.00374700,2.27000000
2018-02-24 13:00:35,0.00374700,2.47000000
2018-02-24 13:00:35,0.00374700,0.75000000
2018-02-24 13:00:35,0.00374700,68.14000000
2018-02-24 13:00:35,0.00374700,20.02000000
2018-02-24 13:00:36,0.00374900,0.80000000
2018-02-24 13:00:36,0.00374900,9.75000000
2018-02-24 13:00:36,0.00375000,34.13000000
2018-02-24 13:00:36,0.00375300,31.61000000
2018-02-24 13:00:36,0.00375700,2.66000000
2018-02-24 13:00:36,0.00375800,14.69000000
2018-02-24 13:00:36,0.00375900,30.09000000
2018-02-24 13:00:36,0.00376000,3.33000000
2018-02-24 13:00:45,0.00375800,2.29000000
2018-02-24 13:00:45,0.00375500,0.81000000
2018-02-24 13:00:46,0.00375000,0.66000000
2018-02-24 13:00:48,0.00375500,9.19000000
2018-02-24 13:00:48,0.00375500,51.12000000
2018-02-24 13:00:50,0.00375100,5.40000000
2018-02-24 13:00:52,0.00375100,86.76000000
2018-02-24 13:00:52,0.00375000,610.10000000
2018-02-24 13:00:52,0.00374900,1.33000000
2018-02-24 13:00:52,0.00374800,274.52000000
2018-02-24 13:00:52,0.00374700,415.94000000
2018-02-24 13:00:53,0.00374900,2.66000000
2018-02-24 13:00:58,0.00374900,13.94000000
2018-02-24 13:00:58,0.00374700,31.27000000
2018-02-24 13:00:58,0.00374700,0.82000000
2018-02-24 13:00:59,0.00374700,15.35000000
2018-02-24 13:01:01,0.00374700,3.00000000
2018-02-24 13:01:02,0.00374700,1.62000000
2018-02-24 13:01:02,0.00374700,2.87000000
2018-02-24 13:01:02,0.00374200,1.14000000
2018-02-24 13:01:03,0.00374700,66.36000000
2018-02-24 13:01:04,0.00374100,0.69000000
2018-02-24 13:01:05,0.00374200,0.68000000
2018-02-24 13:01:05,0.00374700,11.39000000
2018-02-24 13:01:05,0.00374200,0.38000000
2018-02-24 13:01:05,0.00374100,0.22000000
2018-02-24 13:01:05,0.00374100,10.96000000
2018-02-24 13:01:06,0.00374800,2.66000000
2018-02-24 13:01:06,0.00374900,4.27000000
2018-02-24 13:01:07,0.00374900,19.74000000
2018-02-24 13:01:08,0.00374800,2.66000000
2018-02-24 13:01:09,0.00374800,1.60000000
2018-02-24 13:01:10,0.00374800,2.66000000
2018-02-24 13:01:12,0.00374100,362.29000000
2018-02-24 13:01:12,0.00374100,2.74000000
2018-02-24 13:01:12,0.00374700,3.93000000
2018-02-24 13:01:12,0.00374100,4.41000000
2018-02-24 13:01:13,0.00374200,1.56000000
2018-02-24 13:01:13,0.00374200,2.74000000
2018-02-24 13:01:13,0.00374200,2.74000000
2018-02-24 13:01:13,0.00374200,2.73000000
2018-02-24 13:01:14,0.00374700,8.00000000
2018-02-24 13:01:14,0.00374200,2.74000000
2018-02-24 13:01:14,0.00374200,2.74000000
2018-02-24 13:01:14,0.00374200,2.74000000
2018-02-24 13:01:14,0.00374200,2.73000000
2018-02-24 13:01:14,0.00374200,101.38000000
2018-02-24 13:01:14,0.00374100,64.91000000
2018-02-24 13:01:15,0.00374200,2.74000000
2018-02-24 13:01:15,0.00374200,2.74000000
2018-02-24 13:01:15,0.00374700,16.63000000
2018-02-24 13:01:15,0.00374800,15.95000000
2018-02-24 13:01:16,0.00374100,2.72000000
2018-02-24 13:01:16,0.00374200,2.73000000
2018-02-24 13:01:16,0.00374200,2.74000000
2018-02-24 13:01:16,0.00374300,2.73000000
2018-02-24 13:01:17,0.00374800,17.01000000
2018-02-24 13:01:17,0.00374300,2.73000000
2018-02-24 13:01:17,0.00374300,2.72000000
2018-02-24 13:01:17,0.00374300,2.72000000
2018-02-24 13:01:17,0.00374300,2.73000000
2018-02-24 13:01:18,0.00374300,2.72000000
2018-02-24 13:01:18,0.00374300,2.74000000
2018-02-24 13:01:18,0.00374300,2.72000000
2018-02-24 13:01:19,0.00374300,2.72000000
2018-02-24 13:01:20,0.00374300,2.73000000
2018-02-24 13:01:20,0.00374300,2.72000000
2018-02-24 13:01:20,0.00374300,2.72000000
2018-02-24 13:01:21,0.00374200,2.72000000
2018-02-24 13:01:21,0.00374200,2.72000000
2018-02-24 13:01:21,0.00374300,2.72000000
2018-02-24 13:01:21,0.00374300,5.49000000
2018-02-24 13:01:21,0.00374300,15.11000000
2018-02-24 13:01:21,0.00374200,40.12000000
2018-02-24 13:01:22,0.00374200,2.72000000
2018-02-24 13:01:22,0.00374700,0.27000000
2018-02-24 13:01:22,0.00374300,0.47000000
2018-02-24 13:01:22,0.00374200,2.25000000
2018-02-24 13:01:22,0.00374200,2.72000000
2018-02-24 13:01:22,0.00374200,2.72000000
2018-02-24 13:01:23,0.00374700,1.52000000
2018-02-24 13:01:23,0.00374200,2.72000000
2018-02-24 13:01:24,0.00374700,3.13000000
2018-02-24 13:01:24,0.00374200,2.72000000
2018-02-24 13:01:24,0.00374200,2.72000000
2018-02-24 13:01:25,0.00374200,2.72000000
2018-02-24 13:01:25,0.00374200,2.72000000
2018-02-24 13:01:26,0.00374600,2.60000000
2018-02-24 13:01:26,0.00374700,9.50000000
2018-02-24 13:01:26,0.00374300,5.18000000
2018-02-24 13:01:26,0.00374200,46.53000000
2018-02-24 13:01:27,0.00374200,2.72000000
2018-02-24 13:01:27,0.00374200,0.48000000
2018-02-24 13:01:27,0.00374200,3.49000000
2018-02-24 13:01:28,0.00374200,0.99000000
2018-02-24 13:01:30,0.00374200,0.30000000
2018-02-24 13:01:30,0.00374300,2.86000000
2018-02-24 13:01:30,0.00374300,8.00000000
2018-02-24 13:01:30,0.00374300,8.00000000
2018-02-24 13:01:30,0.00374300,8.00000000
2018-02-24 13:01:30,0.00374300,8.00000000
2018-02-24 13:01:30,0.00374300,0.47000000
2018-02-24 13:01:30,0.00374300,0.46000000
2018-02-24 13:01:30,0.00374300,3.00000000
2018-02-24 13:01:30,0.00374300,1.80000000
2018-02-24 13:01:31,0.00374200,0.45000000
2018-02-24 13:01:31,0.00374200,8.00000000
2018-02-24 13:01:31,0.00374200,1.79000000
2018-02-24 13:01:31,0.00374300,2.67000000
2018-02-24 13:01:31,0.00374300,2.66000000
2018-02-24 13:01:32,0.00374200,32.56000000
2018-02-24 13:01:32,0.00374300,19.81000000
2018-02-24 13:01:32,0.00374700,2.64000000
2018-02-24 13:01:32,0.00374700,0.32000000
2018-02-24 13:01:32,0.00374200,0.46000000
2018-02-24 13:01:32,0.00374200,6.83000000
2018-02-24 13:01:32,0.00374200,61.59000000
2018-02-24 13:01:33,0.00374200,12.25000000
2018-02-24 13:01:33,0.00374200,6.42000000
2018-02-24 13:01:33,0.00374200,220.59000000
2018-02-24 13:01:33,0.00374100,1.34000000
2018-02-24 13:01:33,0.00374200,3.03000000
2018-02-24 13:01:34,0.00374200,14.28000000
2018-02-24 13:01:35,0.00374200,7.14000000
2018-02-24 13:01:36,0.00374200,3.57000000
2018-02-24 13:01:36,0.00374200,2.67000000
2018-02-24 13:01:36,0.00374200,3.57000000
2018-02-24 13:01:37,0.00374200,3.36000000
2018-02-24 13:01:37,0.00374200,2.80000000
2018-02-24 13:01:37,0.00374200,3.35000000
2018-02-24 13:01:37,0.00374200,3.36000000
2018-02-24 13:01:37,0.00374200,3.35000000
2018-02-24 13:01:37,0.00374200,3.00000000
2018-02-24 13:01:37,0.00374200,3.00000000
2018-02-24 13:01:37,0.00374100,3.35000000
2018-02-24 13:01:37,0.00374100,83.18000000
2018-02-24 13:01:38,0.00374200,114.91000000
2018-02-24 13:01:38,0.00374200,8.99000000
2018-02-24 13:01:39,0.00374100,0.54000000
2018-02-24 13:01:39,0.00374200,217.34000000
2018-02-24 13:01:39,0.00374300,7.95000000
2018-02-24 13:01:40,0.00374200,2.03000000
2018-02-24 13:01:40,0.00374300,8.89000000
2018-02-24 13:01:40,0.00374200,9.00000000
2018-02-24 13:01:41,0.00374200,14.56000000
2018-02-24 13:01:42,0.00374300,12.30000000
2018-02-24 13:01:42,0.00374300,1.34000000
2018-02-24 13:01:42,0.00374300,7.68000000
2018-02-24 13:01:42,0.00374200,1.23000000
2018-02-24 13:01:42,0.00374200,2.72000000
2018-02-24 13:01:43,0.00374300,4.16000000
2018-02-24 13:01:43,0.00374200,2.72000000
2018-02-24 13:01:44,0.00374300,2.11000000
2018-02-24 13:01:45,0.00374500,91.73000000
2018-02-24 13:01:45,0.00374600,14.82000000
2018-02-24 13:01:45,0.00374800,3.75000000
2018-02-24 13:01:45,0.00374800,3.30000000
2018-02-24 13:01:47,0.00374800,5.71000000
2018-02-24 13:01:50,0.00374300,4.22000000
2018-02-24 13:01:51,0.00374700,14.06000000
2018-02-24 13:01:51,0.00374300,207.91000000
2018-02-24 13:01:51,0.00374200,215.75000000
2018-02-24 13:01:53,0.00374100,24.55000000
2018-02-24 13:01:53,0.00374900,24.59000000
2018-02-24 13:01:53,0.00375000,21.58000000
2018-02-24 13:01:55,0.00374200,4.99000000
2018-02-24 13:01:57,0.00374800,2.26000000
2018-02-24 13:01:57,0.00374800,0.54000000
2018-02-24 13:01:57,0.00374900,18.77000000
2018-02-24 13:02:00,0.00374800,24.50000000
2018-02-24 13:02:02,0.00374900,37.34000000
2018-02-24 13:02:02,0.00374300,19.38000000
2018-02-24 13:02:03,0.00374400,22.27000000
2018-02-24 13:02:03,0.00374300,32.84000000
2018-02-24 13:02:04,0.00374900,10.97000000
2018-02-24 13:02:08,0.00374900,8.00000000
2018-02-24 13:02:10,0.00374700,13.00000000
2018-02-24 13:02:11,0.00374400,48.92000000
2018-02-24 13:02:12,0.00374700,9.60000000
2018-02-24 13:02:14,0.00374500,127.86000000
2018-02-24 13:02:14,0.00374400,45.01000000
2018-02-24 13:02:18,0.00374400,108.11000000
2018-02-24 13:02:19,0.00374400,1.32000000
2018-02-24 13:02:19,0.00374300,3.78000000
2018-02-24 13:02:19,0.00374300,12.28000000
2018-02-24 13:02:20,0.00374300,1.93000000
2018-02-24 13:02:20,0.00374400,4.33000000
2018-02-24 13:02:21,0.00374600,0.10000000
2018-02-24 13:02:22,0.00374700,8.00000000
2018-02-24 13:02:24,0.00374700,63.83000000
2018-02-24 13:02:24,0.00374800,37.68000000
2018-02-24 13:02:25,0.00374400,3.36000000
2018-02-24 13:02:27,0.00374700,10.16000000
2018-02-24 13:02:27,0.00374400,22.55000000
2018-02-24 13:02:27,0.00374300,4.64000000
2018-02-24 13:02:28,0.00374700,26.68000000
2018-02-24 13:02:30,0.00374700,1.25000000
2018-02-24 13:02:31,0.00374700,7.97000000
2018-02-24 13:02:32,0.00374700,7.97000000
2018-02-24 13:02:32,0.00374700,25.37000000
2018-02-24 13:02:33,0.00374700,7.97000000
2018-02-24 13:02:34,0.00374900,24.00000000
2018-02-24 13:02:34,0.00374900,7.97000000
2018-02-24 13:02:35,0.00374900,8.45000000
2018-02-24 13:02:36,0.00375000,310.33000000
2018-02-24 13:02:36,0.00375000,0.33000000
2018-02-24 13:02:37,0.00375000,162.59000000
2018-02-24 13:02:37,0.00375000,5.87000000
2018-02-24 13:02:41,0.00375300,0.17000000
2018-02-24 13:02:47,0.00375300,0.50000000
2018-02-24 13:02:49,0.00375300,1.99000000
2018-02-24 13:02:51,0.00375500,33.96000000
2018-02-24 13:02:51,0.00375500,8.74000000
2018-02-24 13:02:51,0.00375500,13.80000000
2018-02-24 13:02:51,0.00375500,5.00000000
2018-02-24 13:02:53,0.00375500,6.43000000
2018-02-24 13:02:53,0.00375300,22.49000000
2018-02-24 13:03:00,0.00375300,4.84000000
2018-02-24 13:03:02,0.00375300,0.16000000
2018-02-24 13:03:03,0.00375300,6.71000000
2018-02-24 13:03:05,0.00375300,1.26000000
2018-02-24 13:03:05,0.00375300,0.39000000
2018-02-24 13:03:09,0.00375300,1.64000000
2018-02-24 13:03:09,0.00375300,2.44000000
2018-02-24 13:03:11,0.00375300,6.00000000
2018-02-24 13:03:11,0.00375200,21.63000000
2018-02-24 13:03:16,0.00375300,14.89000000
2018-02-24 13:03:17,0.00375300,1.63000000
2018-02-24 13:03:21,0.00375300,13.73000000
2018-02-24 13:03:23,0.00375200,0.30000000
2018-02-24 13:03:24,0.00375300,33.81000000
2018-02-24 13:03:25,0.00375300,7.32000000
2018-02-24 13:03:29,0.00375300,1.71000000
2018-02-24 13:03:30,0.00375500,2.49000000
2018-02-24 13:03:30,0.00375500,2.66000000
2018-02-24 13:03:31,0.00375500,1.22000000
2018-02-24 13:03:36,0.00375300,1.86000000
2018-02-24 13:03:42,0.00375500,9.66000000
2018-02-24 13:03:48,0.00375600,7.29000000
2018-02-24 13:03:48,0.00375600,43.81000000
2018-02-24 13:03:48,0.00375800,7.29000000
2018-02-24 13:03:48,0.00375800,14.10000000
2018-02-24 13:03:48,0.00375800,11.40000000
2018-02-24 13:03:49,0.00375500,3.25000000
2018-02-24 13:03:50,0.00375800,15.16000000
2018-02-24 13:03:50,0.00375500,28.21000000
2018-02-24 13:03:51,0.00375600,1.51000000
2018-02-24 13:03:51,0.00375800,21.73000000
2018-02-24 13:03:53,0.00375900,7.50000000
2018-02-24 13:03:53,0.00375800,44.26000000
2018-02-24 13:03:55,0.00375900,6.15000000
2018-02-24 13:03:55,0.00375800,15.00000000
2018-02-24 13:03:56,0.00375800,1.00000000
2018-02-24 13:03:57,0.00375900,6.15000000
2018-02-24 13:03:59,0.00375900,45.13000000
2018-02-24 13:03:59,0.00376000,37.69000000
2018-02-24 13:04:00,0.00376000,41.00000000
2018-02-24 13:04:00,0.00375900,5.37000000
2018-02-24 13:04:00,0.00375500,3.08000000
2018-02-24 13:04:02,0.00376000,77.09000000
2018-02-24 13:04:03,0.00376000,43.09000000
2018-02-24 13:04:03,0.00376000,116.92000000
2018-02-24 13:04:03,0.00376000,2.15000000
2018-02-24 13:04:04,0.00375500,26.08000000
2018-02-24 13:04:04,0.00375500,0.76000000
2018-02-24 13:04:05,0.00375500,0.73000000
2018-02-24 13:04:05,0.00375500,18.33000000
2018-02-24 13:04:07,0.00375400,7.99000000
2018-02-24 13:04:07,0.00375500,16.73000000
2018-02-24 13:04:07,0.00376000,95.48000000
2018-02-24 13:04:07,0.00376000,106.94000000
2018-02-24 13:04:08,0.00376000,18.67000000
2018-02-24 13:04:08,0.00375500,17.20000000
2018-02-24 13:04:09,0.00376100,1.00000000
2018-02-24 13:04:12,0.00375400,159.87000000
2018-02-24 13:04:13,0.00375400,0.30000000
2018-02-24 13:04:16,0.00376100,1.93000000
2018-02-24 13:04:16,0.00376100,133.03000000
2018-02-24 13:04:16,0.00376200,50.79000000
2018-02-24 13:04:16,0.00376300,1.00000000
2018-02-24 13:04:16,0.00376600,24.59000000
2018-02-24 13:04:16,0.00376700,70.45000000
2018-02-24 13:04:16,0.00376800,108.02000000
2018-02-24 13:04:16,0.00376900,223.62000000
2018-02-24 13:04:16,0.00377000,165.91000000
2018-02-24 13:04:16,0.00377100,91.98000000
2018-02-24 13:04:18,0.00376000,2.22000000
2018-02-24 13:04:18,0.00376000,0.41000000
2018-02-24 13:04:18,0.00376000,0.02000000
2018-02-24 13:04:18,0.00375900,1.35000000
2018-02-24 13:04:19,0.00376000,1.30000000
2018-02-24 13:04:22,0.00376000,2.81000000
2018-02-24 13:04:22,0.00376200,7.97000000
2018-02-24 13:04:22,0.00376200,7.97000000
2018-02-24 13:04:22,0.00376200,5.84000000
2018-02-24 13:04:23,0.00376000,63.32000000
2018-02-24 13:04:23,0.00376700,3.95000000
2018-02-24 13:04:23,0.00376800,130.25000000
2018-02-24 13:04:23,0.00376900,100.43000000
2018-02-24 13:04:23,0.00377000,12.05000000
2018-02-24 13:04:24,0.00376100,2.65000000
2018-02-24 13:04:25,0.00376000,2.64000000
2018-02-24 13:04:25,0.00377000,1.41000000
2018-02-24 13:04:26,0.00376000,7.97000000
2018-02-24 13:04:26,0.00376000,2.27000000
2018-02-24 13:04:26,0.00376200,7.97000000
2018-02-24 13:04:26,0.00376200,7.97000000
2018-02-24 13:04:26,0.00376200,7.97000000
2018-02-24 13:04:26,0.00376200,4.92000000
2018-02-24 13:04:27,0.00376000,7.96000000
2018-02-24 13:04:27,0.00376000,7.44000000
2018-02-24 13:04:28,0.00376000,0.77000000
2018-02-24 13:04:31,0.00376600,2.65000000
2018-02-24 13:04:31,0.00376600,7.58000000
2018-02-24 13:04:31,0.00376700,2.95000000
2018-02-24 13:04:31,0.00376700,2.35000000
2018-02-24 13:04:31,0.00376900,0.30000000
2018-02-24 13:04:32,0.00376600,3.95000000
2018-02-24 13:04:32,0.00376100,5.95000000
2018-02-24 13:04:32,0.00376100,7.97000000
2018-02-24 13:04:32,0.00376100,7.97000000
2018-02-24 13:04:32,0.00376100,5.24000000
2018-02-24 13:04:33,0.00376100,7.97000000
2018-02-24 13:04:33,0.00376100,2.77000000
2018-02-24 13:04:33,0.00376100,1.33000000
2018-02-24 13:04:33,0.00376100,0.01000000
2018-02-24 13:04:33,0.00376000,1.44000000
2018-02-24 13:04:34,0.00376000,7.97000000
2018-02-24 13:04:34,0.00376000,7.96000000
2018-02-24 13:04:34,0.00376000,7.97000000
2018-02-24 13:04:34,0.00376000,7.96000000
2018-02-24 13:04:35,0.00376000,1.91000000
2018-02-24 13:04:35,0.00376000,7.97000000
2018-02-24 13:04:36,0.00376000,7.96000000
2018-02-24 13:04:37,0.00376100,6.11000000
2018-02-24 13:04:37,0.00376100,7.97000000
2018-02-24 13:04:37,0.00376100,7.96000000
2018-02-24 13:04:37,0.00376100,7.97000000
2018-02-24 13:04:37,0.00376100,7.96000000
2018-02-24 13:04:37,0.00376100,7.97000000
2018-02-24 13:04:37,0.00376100,5.41000000
2018-02-24 13:04:37,0.00376100,7.97000000
2018-02-24 13:04:38,0.00376100,7.90000000
2018-02-24 13:04:38,0.00376100,7.97000000
2018-02-24 13:04:38,0.00376100,7.02000000
2018-02-24 13:04:38,0.00376200,1.08000000
2018-02-24 13:04:39,0.00376000,6.65000000
2018-02-24 13:04:41,0.00376000,7.97000000
2018-02-24 13:04:41,0.00376000,2.81000000
2018-02-24 13:04:43,0.00376400,0.33000000
2018-02-24 13:04:44,0.00376000,2.50000000
2018-02-24 13:04:46,0.00376400,1.00000000
2018-02-24 13:04:46,0.00376500,25.40000000
2018-02-24 13:04:47,0.00376100,7.96000000
2018-02-24 13:04:48,0.00376100,7.97000000
2018-02-24 13:04:48,0.00376100,2.25000000
2018-02-24 13:04:48,0.00376100,6.30000000
2018-02-24 13:04:49,0.00376500,0.45000000
2018-02-24 13:04:49,0.00376500,36.04000000
2018-02-24 13:04:49,0.00376000,7.96000000
2018-02-24 13:04:49,0.00376000,7.97000000
2018-02-24 13:04:50,0.00376100,7.97000000
2018-02-24 13:04:50,0.00376100,5.38000000
2018-02-24 13:04:50,0.00376100,1.50000000
2018-02-24 13:04:50,0.00376100,2.67000000
2018-02-24 13:04:50,0.00376100,7.48000000
2018-02-24 13:04:50,0.00376000,7.96000000
2018-02-24 13:04:52,0.00376300,3.69000000
2018-02-24 13:04:54,0.00376000,26.57000000
2018-02-24 13:04:54,0.00376000,0.77000000
2018-02-24 13:04:55,0.00376100,2.78000000
2018-02-24 13:04:55,0.00376100,1.12000000
2018-02-24 13:04:55,0.00376100,7.97000000
2018-02-24 13:04:55,0.00376100,5.21000000
2018-02-24 13:04:55,0.00376100,7.97000000
2018-02-24 13:04:55,0.00376100,5.20000000
2018-02-24 13:04:55,0.00376100,7.96000000
2018-02-24 13:04:55,0.00376100,7.39000000
2018-02-24 13:04:55,0.00376100,0.01000000
2018-02-24 13:04:55,0.00376000,7.96000000
2018-02-24 13:04:56,0.00376000,26.57000000
2018-02-24 13:04:56,0.00376000,3.89000000
2018-02-24 13:04:57,0.00376300,1.63000000
2018-02-24 13:04:59,0.00376300,4.94000000
2018-02-24 13:04:59,0.00376300,1.13000000
2018-02-24 13:05:01,0.00376300,24.48000000
2018-02-24 13:05:02,0.00376400,5.12000000
2018-02-24 13:05:03,0.00376400,1.22000000
2018-02-24 13:05:03,0.00376400,73.36000000
2018-02-24 13:05:03,0.00376300,151.22000000
2018-02-24 13:05:04,0.00376300,1.23000000
2018-02-24 13:05:04,0.00376300,102.11000000
2018-02-24 13:05:04,0.00376100,122.55000000
2018-02-24 13:05:04,0.00376100,21.25000000
2018-02-24 13:05:05,0.00376300,0.55000000
2018-02-24 13:05:05,0.00376300,1.31000000
2018-02-24 13:05:06,0.00376100,141.70000000
2018-02-24 13:05:06,0.00376300,0.40000000
2018-02-24 13:05:07,0.00376300,6.22000000
2018-02-24 13:05:09,0.00376200,3.95000000
2018-02-24 13:05:09,0.00376300,2.94000000
2018-02-24 13:05:09,0.00376600,5.27000000
2018-02-24 13:05:09,0.00376800,10.19000000
2018-02-24 13:05:09,0.00377000,4.26000000
2018-02-24 13:05:09,0.00377100,0.43000000
2018-02-24 13:05:09,0.00377200,76.93000000
2018-02-24 13:05:09,0.00377300,3.03000000
2018-02-24 13:05:09,0.00376600,62.63000000
2018-02-24 13:05:09,0.00376100,0.01000000
2018-02-24 13:05:10,0.00376300,2.65000000
2018-02-24 13:05:10,0.00376200,2.65000000
2018-02-24 13:05:11,0.00376100,20.00000000
2018-02-24 13:05:11,0.00376100,4.53000000
2018-02-24 13:05:21,0.00376100,6.06000000
2018-02-24 13:05:22,0.00376000,93.98000000
2018-02-24 13:05:23,0.00376100,2.82000000
2018-02-24 13:05:24,0.00376100,32.67000000
2018-02-24 13:05:24,0.00376000,9.25000000
2018-02-24 13:05:29,0.00376000,3.54000000
2018-02-24 13:05:29,0.00376000,14.00000000
2018-02-24 13:05:29,0.00376500,1.33000000
2018-02-24 13:05:29,0.00376600,14.90000000
2018-02-24 13:05:30,0.00376000,3.45000000
2018-02-24 13:05:30,0.00376000,3.46000000
2018-02-24 13:05:30,0.00375900,30.00000000
2018-02-24 13:05:30,0.00375900,32.31000000
2018-02-24 13:05:30,0.00375800,1.24000000
2018-02-24 13:05:31,0.00376500,5.79000000
2018-02-24 13:05:33,0.00376100,0.30000000
2018-02-24 13:05:34,0.00375800,3.44000000
2018-02-24 13:05:34,0.00375800,1.26000000
2018-02-24 13:05:35,0.00376100,16.11000000
2018-02-24 13:05:36,0.00375900,5.22000000
2018-02-24 13:05:37,0.00376000,26.90000000
2018-02-24 13:05:40,0.00376000,3.10000000
2018-02-24 13:05:41,0.00376000,100.00000000
2018-02-24 13:05:42,0.00376500,1.00000000
2018-02-24 13:05:42,0.00376500,0.79000000
2018-02-24 13:05:45,0.00376000,105.97000000
2018-02-24 13:05:46,0.00376000,46.79000000
2018-02-24 13:05:46,0.00375900,92.12000000
2018-02-24 13:05:47,0.00376100,16.21000000
2018-02-24 13:05:48,0.00376100,12.11000000
2018-02-24 13:05:48,0.00376500,7.84000000
2018-02-24 13:05:49,0.00376600,7.96000000
2018-02-24 13:05:49,0.00376600,12.16000000
2018-02-24 13:05:49,0.00376600,7.96000000
2018-02-24 13:05:49,0.00376100,7.96000000
2018-02-24 13:05:49,0.00376600,0.84000000
2018-02-24 13:05:50,0.00376100,23.89000000
2018-02-24 13:05:51,0.00376600,3.95000000
2018-02-24 13:05:53,0.00376000,14.45000000
2018-02-24 13:05:56,0.00376500,0.64000000
2018-02-24 13:05:56,0.00376000,60.60000000
2018-02-24 13:05:56,0.00375900,63.78000000
2018-02-24 13:05:58,0.00376500,4.34000000
2018-02-24 13:05:59,0.00375900,61.43000000
2018-02-24 13:05:59,0.00375900,21.76000000
2018-02-24 13:05:59,0.00375900,4.02000000
2018-02-24 13:05:59,0.00376500,1.44000000
2018-02-24 13:06:01,0.00376400,12.14000000
2018-02-24 13:06:01,0.00376500,25.35000000
2018-02-24 13:06:01,0.00375900,0.90000000
2018-02-24 13:06:01,0.00375900,2.42000000
2018-02-24 13:06:01,0.00375900,44.26000000
2018-02-24 13:06:02,0.00376000,23.94000000
2018-02-24 13:06:02,0.00375900,112.76000000
2018-02-24 13:06:02,0.00375900,45.48000000
2018-02-24 13:06:03,0.00376500,7.54000000
2018-02-24 13:06:05,0.00376400,4.66000000
2018-02-24 13:06:05,0.00376500,10.16000000
2018-02-24 13:06:08,0.00376300,0.35000000
2018-02-24 13:06:08,0.00376500,72.70000000
2018-02-24 13:06:08,0.00376600,15.34000000
2018-02-24 13:06:09,0.00376600,21.61000000
2018-02-24 13:06:09,0.00376000,0.72000000
2018-02-24 13:06:09,0.00375900,4.83000000
2018-02-24 13:06:11,0.00375900,0.99000000
2018-02-24 13:06:11,0.00375900,10.00000000
2018-02-24 13:06:12,0.00376300,12.32000000
2018-02-24 13:06:12,0.00376400,5.02000000
2018-02-24 13:06:14,0.00375900,12.19000000
2018-02-24 13:06:17,0.00376300,1.33000000
2018-02-24 13:06:17,0.00376500,70.00000000
2018-02-24 13:06:17,0.00376500,39.67000000
2018-02-24 13:06:18,0.00376200,26.57000000
2018-02-24 13:06:18,0.00376200,14.41000000
2018-02-24 13:06:20,0.00376200,0.02000000
2018-02-24 13:06:24,0.00376200,13.30000000
2018-02-24 13:06:26,0.00376700,2.40000000
2018-02-24 13:06:28,0.00376200,17.21000000
2018-02-24 13:06:28,0.00376100,39.48000000
2018-02-24 13:06:30,0.00376600,2.65000000
2018-02-24 13:06:31,0.00376100,2.68000000
2018-02-24 13:06:34,0.00376300,0.80000000
2018-02-24 13:06:34,0.00376200,2.90000000
2018-02-24 13:06:39,0.00376200,11.78000000
2018-02-24 13:06:42,0.00376300,6.51000000
2018-02-24 13:06:43,0.00376300,7.75000000
2018-02-24 13:06:44,0.00376300,3.14000000
2018-02-24 13:06:45,0.00376300,34.22000000
2018-02-24 13:06:47,0.00376400,10.63000000
2018-02-24 13:06:49,0.00376400,10.63000000
2018-02-24 13:06:50,0.00376400,39.85000000
2018-02-24 13:06:51,0.00376400,1.06000000
2018-02-24 13:06:52,0.00376400,1.17000000
2018-02-24 13:06:52,0.00376700,56.57000000
2018-02-24 13:06:52,0.00376800,100.70000000
2018-02-24 13:06:52,0.00377000,37.37000000
2018-02-24 13:06:52,0.00377000,0.50000000
2018-02-24 13:06:52,0.00377000,3.32000000
2018-02-24 13:06:52,0.00377300,6.91000000
2018-02-24 13:06:52,0.00377000,7.94000000
2018-02-24 13:06:52,0.00377000,30.17000000
2018-02-24 13:06:52,0.00377000,56.23000000
2018-02-24 13:06:52,0.00377000,7.95000000
2018-02-24 13:06:53,0.00377000,18.96000000
2018-02-24 13:06:53,0.00377000,1.92000000
2018-02-24 13:06:53,0.00377000,6.80000000
2018-02-24 13:06:53,0.00377000,2.72000000
2018-02-24 13:06:53,0.00377000,7.95000000
2018-02-24 13:06:53,0.00377000,8.68000000
2018-02-24 13:06:53,0.00377000,11.00000000
2018-02-24 13:06:53,0.00377000,10.47000000
2018-02-24 13:06:54,0.00377000,24.50000000
2018-02-24 13:06:54,0.00377000,13.32000000
2018-02-24 13:06:54,0.00377000,19.69000000
2018-02-24 13:06:54,0.00377000,13.32000000
2018-02-24 13:06:55,0.00377000,13.32000000
2018-02-24 13:06:55,0.00377000,7.95000000
2018-02-24 13:06:55,0.00377000,6.53000000
2018-02-24 13:06:56,0.00377000,3.39000000
2018-02-24 13:06:56,0.00377000,37.13000000
2018-02-24 13:06:56,0.00377000,7.95000000
2018-02-24 13:06:56,0.00377000,13.32000000
2018-02-24 13:06:56,0.00377000,8.00000000
2018-02-24 13:06:57,0.00377000,14.96000000
2018-02-24 13:06:57,0.00377000,0.65000000
2018-02-24 13:06:57,0.00377000,7.95000000
2018-02-24 13:06:57,0.00377000,7.95000000
2018-02-24 13:06:57,0.00377000,13.32000000
2018-02-24 13:06:57,0.00377000,7.95000000
2018-02-24 13:06:57,0.00377000,3.73000000
2018-02-24 13:06:57,0.00377000,7.95000000
2018-02-24 13:06:57,0.00377000,7.95000000
2018-02-24 13:06:57,0.00377000,3.05000000
2018-02-24 13:06:57,0.00377000,1.00000000
2018-02-24 13:06:58,0.00377000,8.00000000
2018-02-24 13:06:58,0.00377000,8.00000000
2018-02-24 13:06:58,0.00377000,7.95000000
2018-02-24 13:06:58,0.00377000,3.77000000
2018-02-24 13:06:58,0.00377000,10.61000000
2018-02-24 13:06:58,0.00377000,54.25000000
2018-02-24 13:06:58,0.00377000,7.95000000
2018-02-24 13:06:58,0.00377000,7.95000000
2018-02-24 13:06:58,0.00377000,13.32000000
2018-02-24 13:06:58,0.00377200,5.55000000
2018-02-24 13:06:58,0.00377000,3.12000000
2018-02-24 13:06:58,0.00377000,7.95000000
2018-02-24 13:06:58,0.00377000,7.95000000
2018-02-24 13:06:58,0.00377000,7.95000000
2018-02-24 13:06:59,0.00377000,7.95000000
2018-02-24 13:06:59,0.00377000,20.44000000
2018-02-24 13:06:59,0.00377000,7.95000000
2018-02-24 13:06:59,0.00377000,19.87000000
2018-02-24 13:06:59,0.00377000,7.95000000
2018-02-24 13:07:00,0.00377000,13.32000000
2018-02-24 13:07:00,0.00377000,10.61000000
2018-02-24 13:07:00,0.00377000,2.39000000
2018-02-24 13:07:01,0.00377000,4.21000000
2018-02-24 13:07:01,0.00377100,13.32000000
2018-02-24 13:07:01,0.00377200,10.91000000
2018-02-24 13:07:01,0.00377100,2.46000000
2018-02-24 13:07:01,0.00377100,7.95000000
2018-02-24 13:07:02,0.00377100,7.95000000
2018-02-24 13:07:02,0.00377100,7.95000000
2018-02-24 13:07:02,0.00377100,1.37000000
2018-02-24 13:07:02,0.00377000,11.88000000
2018-02-24 13:07:02,0.00377000,7.95000000
2018-02-24 13:07:02,0.00377000,7.95000000
2018-02-24 13:07:03,0.00377000,7.95000000
2018-02-24 13:07:03,0.00377000,1.37000000
2018-02-24 13:07:03,0.00377000,1.37000000
2018-02-24 13:07:03,0.00377000,7.95000000
2018-02-24 13:07:03,0.00377000,7.95000000
2018-02-24 13:07:03,0.00377100,10.61000000
2018-02-24 13:07:03,0.00377200,5.11000000
2018-02-24 13:07:04,0.00377000,1.37000000
2018-02-24 13:07:04,0.00377000,0.99000000
2018-02-24 13:07:04,0.00377000,1.43000000
2018-02-24 13:07:06,0.00377100,2.02000000
2018-02-24 13:07:06,0.00377000,3.68000000
2018-02-24 13:07:07,0.00377000,7.95000000
2018-02-24 13:07:07,0.00377000,7.95000000
2018-02-24 13:07:07,0.00377000,7.95000000
2018-02-24 13:07:08,0.00377100,7.95000000
2018-02-24 13:07:08,0.00377100,2.92000000
2018-02-24 13:07:08,0.00377000,5.03000000
2018-02-24 13:07:08,0.00377000,7.95000000
2018-02-24 13:07:08,0.00377200,63.59000000
2018-02-24 13:07:08,0.00377000,34.48000000
2018-02-24 13:07:08,0.00377000,7.95000000
2018-02-24 13:07:09,0.00377000,7.95000000
2018-02-24 13:07:09,0.00377000,7.95000000
2018-02-24 13:07:09,0.00377000,3.68000000
2018-02-24 13:07:09,0.00377000,7.95000000
2018-02-24 13:07:09,0.00377000,7.95000000
2018-02-24 13:07:09,0.00377000,8.38000000
2018-02-24 13:07:09,0.00377000,7.95000000
2018-02-24 13:07:09,0.00377000,7.95000000
2018-02-24 13:07:10,0.00377000,8.00000000
2018-02-24 13:07:10,0.00377000,7.95000000
2018-02-24 13:07:10,0.00377000,7.95000000
2018-02-24 13:07:10,0.00377000,7.95000000
2018-02-24 13:07:10,0.00377000,7.95000000
2018-02-24 13:07:10,0.00377000,7.95000000
2018-02-24 13:07:10,0.00377200,2.05000000
2018-02-24 13:07:10,0.00377200,7.95000000
2018-02-24 13:07:11,0.00377200,7.95000000
2018-02-24 13:07:11,0.00377200,7.95000000
2018-02-24 13:07:11,0.00377200,7.95000000
2018-02-24 13:07:11,0.00377200,34.58000000
2018-02-24 13:07:11,0.00377200,0.69000000
2018-02-24 13:07:11,0.00377200,6.52000000
2018-02-24 13:07:11,0.00377200,7.95000000
2018-02-24 13:07:11,0.00377200,1.06000000
2018-02-24 13:07:11,0.00377200,2.14000000
2018-02-24 13:07:11,0.00377200,7.95000000
2018-02-24 13:07:11,0.00377200,7.95000000
2018-02-24 13:07:12,0.00377200,7.95000000
2018-02-24 13:07:12,0.00377200,7.95000000
2018-02-24 13:07:12,0.00377200,7.95000000
2018-02-24 13:07:12,0.00377200,14.96000000
2018-02-24 13:07:12,0.00377200,7.95000000
2018-02-24 13:07:12,0.00377200,7.95000000
2018-02-24 13:07:12,0.00377200,7.95000000
2018-02-24 13:07:12,0.00377200,7.95000000
2018-02-24 13:07:13,0.00377200,14.96000000
2018-02-24 13:07:13,0.00377200,7.95000000
2018-02-24 13:07:13,0.00377200,7.95000000
2018-02-24 13:07:13,0.00377200,7.95000000
2018-02-24 13:07:13,0.00377300,1.91000000
2018-02-24 13:07:13,0.00377200,7.95000000
2018-02-24 13:07:13,0.00377200,19.60000000
2018-02-24 13:07:13,0.00377200,1.06000000
2018-02-24 13:07:14,0.00377200,7.95000000
2018-02-24 13:07:14,0.00377300,12.15000000
2018-02-24 13:07:14,0.00377200,7.95000000
2018-02-24 13:07:14,0.00377200,7.95000000
2018-02-24 13:07:14,0.00377200,7.95000000
2018-02-24 13:07:14,0.00377200,7.95000000
2018-02-24 13:07:14,0.00377200,7.95000000
2018-02-24 13:07:14,0.00377200,23.86000000
2018-02-24 13:07:14,0.00377200,7.95000000
2018-02-24 13:07:14,0.00377200,7.95000000
2018-02-24 13:07:15,0.00377200,7.95000000
2018-02-24 13:07:15,0.00377200,7.95000000
2018-02-24 13:07:15,0.00377200,7.95000000
2018-02-24 13:07:15,0.00377200,1.16000000
2018-02-24 13:07:15,0.00377200,7.95000000
2018-02-24 13:07:15,0.00377200,7.95000000
2018-02-24 13:07:15,0.00377200,210.29000000
2018-02-24 13:07:15,0.00377200,7.95000000
2018-02-24 13:07:16,0.00377200,0.12000000
2018-02-24 13:07:16,0.00377000,7.83000000
2018-02-24 13:07:16,0.00377000,7.95000000
2018-02-24 13:07:16,0.00377000,7.95000000
2018-02-24 13:07:16,0.00377000,21.68000000
2018-02-24 13:07:16,0.00377000,7.95000000
2018-02-24 13:07:16,0.00377000,7.90000000
2018-02-24 13:07:16,0.00377000,53.05000000
2018-02-24 13:07:17,0.00377000,14.97000000
2018-02-24 13:07:17,0.00377000,9.71000000
2018-02-24 13:07:19,0.00377000,8.00000000
2018-02-24 13:07:19,0.00377000,8.72000000
2018-02-24 13:07:19,0.00377000,8.68000000
2018-02-24 13:07:19,0.00377200,5.00000000
2018-02-24 13:07:20,0.00377000,20.00000000
2018-02-24 13:07:20,0.00377000,14.97000000
2018-02-24 13:07:20,0.00377000,1.75000000
2018-02-24 13:07:21,0.00377000,16.00000000
2018-02-24 13:07:21,0.00377100,10.00000000
2018-02-24 13:07:21,0.00377000,57.96000000
2018-02-24 13:07:21,0.00377000,1.97000000
2018-02-24 13:07:22,0.00377000,3.76000000
2018-02-24 13:07:22,0.00377000,216.50000000
2018-02-24 13:07:22,0.00377000,3.76000000
2018-02-24 13:07:22,0.00377000,3.76000000
2018-02-24 13:07:23,0.00377200,2.50000000
2018-02-24 13:07:23,0.00377200,1.67000000
2018-02-24 13:07:23,0.00377200,7.95000000
2018-02-24 13:07:23,0.00377200,2.80000000
2018-02-24 13:07:23,0.00377200,1.72000000
2018-02-24 13:07:23,0.00377200,3.00000000
2018-02-24 13:07:23,0.00377200,45.96000000
2018-02-24 13:07:23,0.00377200,185.17000000
2018-02-24 13:07:23,0.00377000,228.27000000
2018-02-24 13:07:23,0.00377000,7.95000000
2018-02-24 13:07:23,0.00377000,3.70000000
2018-02-24 13:07:24,0.00377000,3.72000000
2018-02-24 13:07:24,0.00377000,7.95000000
2018-02-24 13:07:24,0.00377000,7.95000000
2018-02-24 13:07:24,0.00377000,13.25000000
2018-02-24 13:07:24,0.00377000,7.95000000
2018-02-24 13:07:24,0.00377200,37.49000000
2018-02-24 13:07:24,0.00377000,13.32000000
2018-02-24 13:07:24,0.00377000,7.95000000
2018-02-24 13:07:25,0.00377000,9.74000000
2018-02-24 13:07:25,0.00377000,100.00000000
2018-02-24 13:07:25,0.00377000,19.85000000
2018-02-24 13:07:25,0.00377100,5.00000000
2018-02-24 13:07:25,0.00377000,46.29000000
2018-02-24 13:07:26,0.00377100,0.80000000
2018-02-24 13:07:26,0.00377000,14.17000000
2018-02-24 13:07:26,0.00377000,40.00000000
2018-02-24 13:07:26,0.00377000,20.18000000
2018-02-24 13:07:26,0.00377200,1.33000000
2018-02-24 13:07:26,0.00377200,9.74000000
2018-02-24 13:07:26,0.00377200,42.50000000
2018-02-24 13:07:26,0.00377000,399.76000000
2018-02-24 13:07:26,0.00377000,3.28000000
2018-02-24 13:07:27,0.00377000,106.17000000
2018-02-24 13:07:27,0.00377000,2.65000000
2018-02-24 13:07:29,0.00377000,1.41000000
2018-02-24 13:07:29,0.00377000,5.00000000
2018-02-24 13:07:30,0.00377000,15.59000000
2018-02-24 13:07:31,0.00376500,335.77000000
2018-02-24 13:07:31,0.00376500,7.95000000
2018-02-24 13:07:31,0.00376500,213.72000000
2018-02-24 13:07:31,0.00376500,34.41000000
2018-02-24 13:07:32,0.00376400,7.95000000
2018-02-24 13:07:32,0.00376400,14.97000000
2018-02-24 13:07:32,0.00376400,48.72000000
2018-02-24 13:07:33,0.00376400,3.84000000
2018-02-24 13:07:33,0.00376400,7.80000000
2018-02-24 13:07:34,0.00376400,2.64000000
2018-02-24 13:07:34,0.00376900,0.05000000
2018-02-24 13:07:34,0.00376400,5.14000000
2018-02-24 13:07:35,0.00376900,5.00000000
2018-02-24 13:07:35,0.00376400,6.53000000
2018-02-24 13:07:35,0.00376900,19.48000000
2018-02-24 13:07:35,0.00377000,74.57000000
2018-02-24 13:07:36,0.00376400,0.67000000
2018-02-24 13:07:39,0.00376400,4.96000000
2018-02-24 13:07:39,0.00376400,21.25000000
2018-02-24 13:07:41,0.00376400,4.88000000
2018-02-24 13:07:41,0.00376400,4.89000000
2018-02-24 13:07:41,0.00376400,58.70000000
2018-02-24 13:07:42,0.00376400,2.44000000
2018-02-24 13:07:45,0.00376400,5.31000000
2018-02-24 13:07:56,0.00376600,24.29000000
2018-02-24 13:07:57,0.00376500,52.48000000
2018-02-24 13:07:57,0.00376500,24.52000000
2018-02-24 13:07:57,0.00376500,20.01000000
2018-02-24 13:07:59,0.00376600,0.91000000
2018-02-24 13:08:01,0.00376600,3.18000000
2018-02-24 13:08:01,0.00376500,3.90000000
2018-02-24 13:08:01,0.00376400,51.07000000
2018-02-24 13:08:01,0.00376300,58.59000000
2018-02-24 13:08:01,0.00376500,7.96000000
2018-02-24 13:08:02,0.00376400,7.96000000
2018-02-24 13:08:02,0.00376400,15.94000000
2018-02-24 13:08:02,0.00376400,0.79000000
2018-02-24 13:08:02,0.00376400,7.98000000
2018-02-24 13:08:02,0.00376400,7.96000000
2018-02-24 13:08:02,0.00376400,7.19000000
2018-02-24 13:08:02,0.00376400,7.96000000
2018-02-24 13:08:02,0.00376400,15.94000000
2018-02-24 13:08:02,0.00376400,7.96000000
2018-02-24 13:08:03,0.00376300,5.36000000
2018-02-24 13:08:06,0.00376300,10.23000000
2018-02-24 13:08:07,0.00376400,12.00000000
2018-02-24 13:08:09,0.00376300,83.49000000
2018-02-24 13:08:12,0.00376400,0.02000000
2018-02-24 13:08:12,0.00376500,7.96000000
2018-02-24 13:08:12,0.00376500,7.96000000
2018-02-24 13:08:12,0.00376500,2.62000000
2018-02-24 13:08:12,0.00376400,7.96000000
2018-02-24 13:08:12,0.00376500,2.62000000
2018-02-24 13:08:13,0.00376400,2.62000000
2018-02-24 13:08:13,0.00376500,5.00000000
2018-02-24 13:08:14,0.00376500,5.00000000
2018-02-24 13:08:15,0.00376500,1.88000000
2018-02-24 13:08:15,0.00376800,1.88000000
2018-02-24 13:08:15,0.00376800,5.00000000
2018-02-24 13:08:16,0.00376800,0.02000000
2018-02-24 13:08:17,0.00376800,5.00000000
2018-02-24 13:08:17,0.00376800,5.00000000
2018-02-24 13:08:19,0.00376800,12.46000000
2018-02-24 13:08:23,0.00376900,13.27000000
2018-02-24 13:08:23,0.00376500,7.96000000
2018-02-24 13:08:24,0.00376900,0.59000000
2018-02-24 13:08:31,0.00376900,29.78000000
2018-02-24 13:08:32,0.00376500,99.10000000
2018-02-24 13:08:32,0.00376500,0.50000000
2018-02-24 13:08:41,0.00376600,1.00000000
2018-02-24 13:08:41,0.00376600,11.75000000
2018-02-24 13:08:43,0.00376600,32.57000000
2018-02-24 13:08:43,0.00376600,3.40000000
2018-02-24 13:08:44,0.00376600,8.39000000
2018-02-24 13:08:45,0.00376800,9.04000000
2018-02-24 13:08:46,0.00376600,18.58000000
2018-02-24 13:08:51,0.00376600,40.14000000
2018-02-24 13:08:52,0.00376800,0.16000000
2018-02-24 13:08:52,0.00376800,1.33000000
2018-02-24 13:08:52,0.00376600,7.00000000
2018-02-24 13:08:53,0.00376600,23.99000000
2018-02-24 13:08:53,0.00376500,9.01000000
2018-02-24 13:08:55,0.00376600,1.00000000
2018-02-24 13:08:55,0.00376500,0.99000000
2018-02-24 13:08:55,0.00376600,1.26000000
2018-02-24 13:08:55,0.00376500,32.91000000
2018-02-24 13:08:56,0.00376400,54.26000000
2018-02-24 13:08:56,0.00376300,100.71000000
2018-02-24 13:08:57,0.00376500,30.00000000
2018-02-24 13:08:57,0.00376600,5.45000000
2018-02-24 13:08:58,0.00376600,4.58000000
2018-02-24 13:08:58,0.00376800,3.00000000
2018-02-24 13:08:59,0.00376800,3.65000000
2018-02-24 13:08:59,0.00376500,66.39000000
2018-02-24 13:09:00,0.00376500,26.50000000
2018-02-24 13:09:06,0.00376500,1.18000000
2018-02-24 13:09:06,0.00376500,1.06000000
2018-02-24 13:09:06,0.00376800,0.01000000
2018-02-24 13:09:07,0.00376800,0.36000000
2018-02-24 13:09:07,0.00376500,32.58000000
2018-02-24 13:09:07,0.00376800,117.80000000
2018-02-24 13:09:08,0.00376800,1.06000000
2018-02-24 13:09:10,0.00376900,13.28000000
2018-02-24 13:09:10,0.00376800,2.10000000
2018-02-24 13:09:10,0.00376800,106.37000000
2018-02-24 13:09:11,0.00376900,0.35000000
2018-02-24 13:09:13,0.00376800,2.10000000
2018-02-24 13:09:15,0.00376900,2.87000000
2018-02-24 13:09:15,0.00377000,16.82000000
2018-02-24 13:09:16,0.00377000,4.00000000
2018-02-24 13:09:18,0.00377000,1.00000000
2018-02-24 13:09:20,0.00377000,36.00000000
2018-02-24 13:09:22,0.00377000,11.69000000
2018-02-24 13:09:23,0.00376900,5.30000000
2018-02-24 13:09:23,0.00377000,1.36000000
2018-02-24 13:09:25,0.00376900,7.26000000
2018-02-24 13:09:25,0.00376900,19.88000000
2018-02-24 13:09:25,0.00377000,80.41000000
2018-02-24 13:09:26,0.00377000,6.63000000
2018-02-24 13:09:26,0.00376900,2.02000000
2018-02-24 13:09:27,0.00377000,0.71000000
2018-02-24 13:09:27,0.00377000,10.06000000
2018-02-24 13:09:27,0.00376900,45.32000000
2018-02-24 13:09:28,0.00376900,4.53000000
2018-02-24 13:09:29,0.00376800,50.42000000
2018-02-24 13:09:29,0.00376900,45.00000000
2018-02-24 13:09:29,0.00376800,5.12000000
2018-02-24 13:09:29,0.00376800,2.25000000
2018-02-24 13:09:30,0.00376800,7.96000000
2018-02-24 13:09:30,0.00376800,5.21000000
2018-02-24 13:09:30,0.00376800,1.87000000
2018-02-24 13:09:30,0.00376800,2.66000000
2018-02-24 13:09:30,0.00376800,7.96000000
2018-02-24 13:09:30,0.00376800,0.57000000
2018-02-24 13:09:31,0.00376800,4.18000000
2018-02-24 13:09:31,0.00376800,2.75000000
2018-02-24 13:09:31,0.00376800,2.23000000
2018-02-24 13:09:31,0.00376800,1.44000000
2018-02-24 13:09:33,0.00376900,5.39000000
2018-02-24 13:09:33,0.00377000,4.45000000
2018-02-24 13:09:35,0.00376900,21.22000000
2018-02-24 13:09:36,0.00377000,2.16000000
2018-02-24 13:09:36,0.00376900,7.00000000
2018-02-24 13:09:36,0.00376900,7.95000000
2018-02-24 13:09:37,0.00376900,131.16000000
2018-02-24 13:09:37,0.00376800,98.84000000
2018-02-24 13:09:38,0.00376800,7.95000000
2018-02-24 13:09:38,0.00376800,3.01000000
2018-02-24 13:09:39,0.00377000,0.89000000
2018-02-24 13:09:39,0.00377100,1.33000000
2018-02-24 13:09:39,0.00377400,21.54000000
2018-02-24 13:09:39,0.00377500,36.24000000
2018-02-24 13:09:41,0.00376800,7.96000000
2018-02-24 13:09:41,0.00376800,0.50000000
2018-02-24 13:09:45,0.00376800,8.00000000
2018-02-24 13:09:46,0.00377100,8.54000000
2018-02-24 13:09:46,0.00377100,3.60000000
2018-02-24 13:09:47,0.00377100,1.40000000
2018-02-24 13:09:47,0.00376800,1.30000000
2018-02-24 13:09:47,0.00376800,8.00000000
2018-02-24 13:09:47,0.00376800,1.40000000
2018-02-24 13:09:47,0.00376800,1.40000000
2018-02-24 13:09:48,0.00376800,8.00000000
2018-02-24 13:09:48,0.00376800,1.40000000
2018-02-24 13:09:48,0.00376800,1.40000000
2018-02-24 13:09:49,0.00376800,2.70000000
2018-02-24 13:09:49,0.00377300,3.27000000
2018-02-24 13:09:49,0.00377400,9.15000000
2018-02-24 13:09:51,0.00376900,1.06000000
2018-02-24 13:09:52,0.00376900,0.79000000
2018-02-24 13:09:52,0.00376900,0.79000000
2018-02-24 13:09:52,0.00376900,0.79000000
2018-02-24 13:09:52,0.00376900,4.20000000
2018-02-24 13:09:53,0.00376900,39.79000000
2018-02-24 13:09:53,0.00376900,7.03000000
2018-02-24 13:09:54,0.00377300,2.62000000
2018-02-24 13:09:55,0.00377400,10.00000000
2018-02-24 13:09:55,0.00377400,7.94000000
2018-02-24 13:09:55,0.00377400,7.94000000
2018-02-24 13:09:55,0.00377400,0.49000000
2018-02-24 13:09:55,0.00377000,7.45000000
2018-02-24 13:09:55,0.00377000,7.94000000
2018-02-24 13:09:55,0.00377000,7.94000000
2018-02-24 13:09:55,0.00377000,13.99000000
2018-02-24 13:09:55,0.00377000,8.00000000
2018-02-24 13:09:55,0.00377000,1.33000000
2018-02-24 13:09:56,0.00377000,3.22000000
2018-02-24 13:09:56,0.00377000,0.27000000
2018-02-24 13:09:56,0.00377000,3.22000000
2018-02-24 13:09:56,0.00377000,0.27000000
2018-02-24 13:09:56,0.00377000,5.66000000
2018-02-24 13:09:56,0.00377000,5.00000000
2018-02-24 13:09:56,0.00377000,7.94000000
2018-02-24 13:09:56,0.00377000,3.22000000
2018-02-24 13:09:56,0.00377000,60.00000000
2018-02-24 13:09:56,0.00377000,7.94000000
2018-02-24 13:09:56,0.00377300,3.94000000
2018-02-24 13:09:56,0.00377000,0.44000000
2018-02-24 13:09:57,0.00377000,123.00000000
2018-02-24 13:09:57,0.00377000,60.09000000
2018-02-24 13:09:57,0.00376900,35.92000000
2018-02-24 13:09:57,0.00376900,1.12000000
2018-02-24 13:09:58,0.00376900,0.16000000
2018-02-24 13:09:59,0.00377300,7.87000000
2018-02-24 13:09:59,0.00377400,36.21000000
2018-02-24 13:09:59,0.00376900,3.42000000
2018-02-24 13:09:59,0.00376900,1.24000000
2018-02-24 13:09:59,0.00376800,4.19000000
2018-02-24 13:10:00,0.00376800,29.12000000
2018-02-24 13:10:01,0.00376800,1.06000000
2018-02-24 13:10:01,0.00376800,32.07000000
2018-02-24 13:10:01,0.00376800,5.08000000
2018-02-24 13:10:02,0.00377200,4.80000000
2018-02-24 13:10:03,0.00376800,1.06000000
2018-02-24 13:10:05,0.00376800,5.30000000
2018-02-24 13:10:06,0.00376900,2.95000000
2018-02-24 13:10:07,0.00376900,0.11000000
2018-02-24 13:10:07,0.00376800,16.39000000
2018-02-24 13:10:08,0.00376800,4.19000000
2018-02-24 13:10:09,0.00376800,32.43000000
2018-02-24 13:10:09,0.00376800,0.89000000
2018-02-24 13:10:10,0.00376800,159.23000000
2018-02-24 13:10:10,0.00376800,10.00000000
2018-02-24 13:10:11,0.00376800,4.40000000
2018-02-24 13:10:11,0.00376800,17.16000000
2018-02-24 13:10:12,0.00376900,1.00000000
2018-02-24 13:10:12,0.00376800,5.24000000
2018-02-24 13:10:12,0.00376800,7.96000000
2018-02-24 13:10:13,0.00376800,7.96000000
2018-02-24 13:10:13,0.00376800,7.96000000
2018-02-24 13:10:14,0.00376800,10.60000000
2018-02-24 13:10:14,0.00376800,19.20000000
2018-02-24 13:10:15,0.00376800,7.96000000
2018-02-24 13:10:16,0.00376800,7.96000000
2018-02-24 13:10:16,0.00376800,71.66000000
2018-02-24 13:10:17,0.00376800,7.96000000
2018-02-24 13:10:18,0.00376800,4.20000000
2018-02-24 13:10:18,0.00377000,0.82000000
2018-02-24 13:10:18,0.00376800,996.15000000
2018-02-24 13:10:19,0.00376600,2.65000000
2018-02-24 13:10:19,0.00376500,6.35000000
2018-02-24 13:10:19,0.00376500,25.19000000
2018-02-24 13:10:19,0.00376500,1.33000000
2018-02-24 13:10:19,0.00376500,2.85000000
2018-02-24 13:10:20,0.00376400,19.36000000
2018-02-24 13:10:21,0.00376300,0.54000000
2018-02-24 13:10:21,0.00376300,2.65000000
2018-02-24 13:10:21,0.00376300,10.52000000
2018-02-24 13:10:22,0.00376300,51.20000000
2018-02-24 13:10:22,0.00376300,66.42000000
2018-02-24 13:10:23,0.00376300,1.92000000
2018-02-24 13:10:23,0.00376300,62.26000000
2018-02-24 13:10:24,0.00376200,8.88000000
2018-02-24 13:10:24,0.00376100,4.47000000
2018-02-24 13:10:24,0.00376000,13.44000000
2018-02-24 13:10:25,0.00376000,7.96000000
2018-02-24 13:10:25,0.00376000,7.97000000
2018-02-24 13:10:25,0.00376000,2.66000000
2018-02-24 13:10:26,0.00375900,0.70000000
2018-02-24 13:10:26,0.00375900,0.39000000
2018-02-24 13:10:26,0.00376000,0.67000000
2018-02-24 13:10:29,0.00375900,2.74000000
2018-02-24 13:10:29,0.00376000,12.65000000
2018-02-24 13:10:30,0.00375800,0.35000000
2018-02-24 13:10:30,0.00375300,4.45000000
2018-02-24 13:10:31,0.00376000,1.00000000
2018-02-24 13:10:32,0.00375800,43.94000000
2018-02-24 13:10:32,0.00375300,59.42000000
2018-02-24 13:10:32,0.00375000,5.58000000
2018-02-24 13:10:33,0.00375800,4.04000000
2018-02-24 13:10:33,0.00375000,5.85000000
2018-02-24 13:10:33,0.00374900,10.00000000
2018-02-24 13:10:33,0.00374800,6.91000000
2018-02-24 13:10:33,0.00374800,52.59000000
2018-02-24 13:10:33,0.00374800,149.41000000
2018-02-24 13:10:33,0.00374800,0.03000000
2018-02-24 13:10:33,0.00375000,2.35000000
2018-02-24 13:10:34,0.00374700,2.72000000
2018-02-24 13:10:34,0.00374700,2.71000000
2018-02-24 13:10:35,0.00375000,1.00000000
2018-02-24 13:10:35,0.00374700,2.72000000
2018-02-24 13:10:35,0.00374700,9.13000000
2018-02-24 13:10:35,0.00375000,0.39000000
2018-02-24 13:10:35,0.00375700,0.46000000
2018-02-24 13:10:35,0.00374700,21.53000000
2018-02-24 13:10:36,0.00374700,2.60000000
2018-02-24 13:10:37,0.00374900,1.70000000
2018-02-24 13:10:38,0.00374900,0.96000000
2018-02-24 13:10:38,0.00374700,7.86000000
2018-02-24 13:10:38,0.00375000,6.37000000
2018-02-24 13:10:38,0.00375000,6.37000000
2018-02-24 13:10:38,0.00375000,4.26000000
2018-02-24 13:10:38,0.00375000,13.33000000
2018-02-24 13:10:39,0.00375000,9.12000000
2018-02-24 13:10:40,0.00375000,1.18000000
2018-02-24 13:10:40,0.00375000,1.55000000
2018-02-24 13:10:40,0.00375000,1.00000000
2018-02-24 13:10:41,0.00374700,57.22000000
2018-02-24 13:10:41,0.00375000,0.55000000
2018-02-24 13:10:41,0.00375000,2.65000000
2018-02-24 13:10:41,0.00375000,3.80000000
2018-02-24 13:10:41,0.00375600,6.45000000
2018-02-24 13:10:42,0.00374900,2.74000000
2018-02-24 13:10:42,0.00375600,2.67000000
2018-02-24 13:10:43,0.00374900,5.58000000
2018-02-24 13:10:43,0.00375000,9.32000000
2018-02-24 13:10:43,0.00375600,4.01000000
2018-02-24 13:10:43,0.00375000,2.74000000
2018-02-24 13:10:43,0.00375000,2.74000000
2018-02-24 13:10:43,0.00375000,40.00000000
2018-02-24 13:10:44,0.00375400,1.61000000
2018-02-24 13:10:44,0.00375500,1.05000000
2018-02-24 13:10:44,0.00375000,2.73000000
2018-02-24 13:10:44,0.00375000,0.62000000
2018-02-24 13:10:44,0.00375000,2.74000000
2018-02-24 13:10:44,0.00375000,2.74000000
2018-02-24 13:10:44,0.00375100,1.05000000
2018-02-24 13:10:44,0.00375000,1.69000000
2018-02-24 13:10:45,0.00375000,7.26000000
2018-02-24 13:10:45,0.00375000,2.74000000
2018-02-24 13:10:45,0.00375000,2.73000000
2018-02-24 13:10:45,0.00375000,2.74000000
2018-02-24 13:10:45,0.00375000,2.74000000
2018-02-24 13:10:46,0.00375000,2.75000000
2018-02-24 13:10:46,0.00375000,2.74000000
2018-02-24 13:10:46,0.00375000,2.73000000
2018-02-24 13:10:46,0.00375000,2.72000000
2018-02-24 13:10:47,0.00375000,2.74000000
2018-02-24 13:10:47,0.00375000,2.74000000
2018-02-24 13:10:48,0.00375000,2.74000000
2018-02-24 13:10:48,0.00375000,2.72000000
2018-02-24 13:10:48,0.00375000,2.72000000
2018-02-24 13:10:48,0.00375500,24.59000000
2018-02-24 13:10:48,0.00375600,53.59000000
2018-02-24 13:10:48,0.00375700,2.19000000
2018-02-24 13:10:48,0.00376000,10.80000000
2018-02-24 13:10:48,0.00376000,2.74000000
2018-02-24 13:10:48,0.00376000,2.74000000
2018-02-24 13:10:48,0.00376000,30.12000000
2018-02-24 13:10:48,0.00375000,5.47000000
2018-02-24 13:10:49,0.00375100,2.73000000
2018-02-24 13:10:49,0.00375200,2.66000000
2018-02-24 13:10:49,0.00375100,0.07000000
2018-02-24 13:10:49,0.00375100,2.74000000
2018-02-24 13:10:49,0.00375200,2.66000000
2018-02-24 13:10:49,0.00375100,0.06000000
2018-02-24 13:10:49,0.00375100,2.73000000
2018-02-24 13:10:50,0.00375100,2.73000000
2018-02-24 13:10:50,0.00375100,2.73000000
2018-02-24 13:10:50,0.00375100,2.73000000
2018-02-24 13:10:51,0.00375100,2.73000000
2018-02-24 13:10:51,0.00375100,2.71000000
2018-02-24 13:10:51,0.00375100,2.73000000
2018-02-24 13:10:51,0.00375100,0.70000000
2018-02-24 13:10:51,0.00375000,2.03000000
2018-02-24 13:10:52,0.00375000,2.72000000
2018-02-24 13:10:52,0.00375000,2.73000000
2018-02-24 13:10:52,0.00375000,2.73000000
2018-02-24 13:10:52,0.00375300,0.29000000
2018-02-24 13:10:52,0.00375000,2.44000000
2018-02-24 13:10:53,0.00375000,73.69000000
2018-02-24 13:10:53,0.00375000,2.72000000
2018-02-24 13:10:54,0.00375000,2.73000000
2018-02-24 13:10:54,0.00375000,2.73000000
2018-02-24 13:10:54,0.00375000,2.34000000
2018-02-24 13:10:55,0.00375100,1.00000000
2018-02-24 13:10:55,0.00375000,19.00000000
2018-02-24 13:10:55,0.00375000,2.71000000
2018-02-24 13:10:55,0.00375000,2.72000000
2018-02-24 13:10:56,0.00375000,1.99000000
2018-02-24 13:10:56,0.00375000,13.26000000
2018-02-24 13:10:56,0.00375000,73.69000000
2018-02-24 13:10:57,0.00375000,104.31000000
2018-02-24 13:10:57,0.00375000,2.71000000
2018-02-24 13:10:57,0.00375000,2.72000000
2018-02-24 13:10:58,0.00375000,2.72000000
2018-02-24 13:10:58,0.00375000,2.71000000
2018-02-24 13:10:58,0.00375000,2.73000000
2018-02-24 13:10:58,0.00375000,23.24000000
2018-02-24 13:10:58,0.00374900,0.43000000
2018-02-24 13:10:58,0.00375100,7.99000000
2018-02-24 13:10:58,0.00375000,7.99000000
2018-02-24 13:10:59,0.00375000,7.99000000
2018-02-24 13:10:59,0.00375000,8.41000000
2018-02-24 13:10:59,0.00374900,2.61000000
2018-02-24 13:11:00,0.00374700,2.73000000
2018-02-24 13:11:00,0.00374700,2.88000000
2018-02-24 13:11:00,0.00374400,3.83000000
2018-02-24 13:11:00,0.00374300,1.10000000
2018-02-24 13:11:00,0.00374300,2.71000000
2018-02-24 13:11:00,0.00374300,566.39000000
2018-02-24 13:11:00,0.00374300,1.61000000
2018-02-24 13:11:00,0.00374300,5.21000000
2018-02-24 13:11:01,0.00374100,2.71000000
2018-02-24 13:11:01,0.00374300,5.71000000
2018-02-24 13:11:01,0.00374300,3.33000000
2018-02-24 13:11:01,0.00375000,2.67000000
2018-02-24 13:11:02,0.00374700,0.56000000
2018-02-24 13:11:02,0.00374200,1.06000000
2018-02-24 13:11:02,0.00374100,1.09000000
2018-02-24 13:11:02,0.00374100,0.70000000
2018-02-24 13:11:02,0.00374000,2.01000000
2018-02-24 13:11:03,0.00374100,1.08000000
2018-02-24 13:11:03,0.00374000,1.64000000
2018-02-24 13:11:03,0.00374000,2.71000000
2018-02-24 13:11:03,0.00374000,61.69000000
2018-02-24 13:11:04,0.00374000,2.72000000
2018-02-24 13:11:04,0.00374000,2.74000000
2018-02-24 13:11:04,0.00374000,2.71000000
2018-02-24 13:11:04,0.00374200,1.79000000
2018-02-24 13:11:04,0.00374100,13.66000000
2018-02-24 13:11:04,0.00374000,2.71000000
2018-02-24 13:11:04,0.00374100,7.99000000
2018-02-24 13:11:04,0.00374000,7.99000000
2018-02-24 13:11:04,0.00374100,0.40000000
2018-02-24 13:11:05,0.00374100,4.50000000
2018-02-24 13:11:05,0.00374000,64.65000000
2018-02-24 13:11:05,0.00373900,2.75000000
2018-02-24 13:11:05,0.00373900,2.71000000
2018-02-24 13:11:05,0.00373900,3.99000000
2018-02-24 13:11:06,0.00373900,2.74000000
2018-02-24 13:11:06,0.00374000,2.75000000
2018-02-24 13:11:07,0.00374100,2.39000000
2018-02-24 13:11:07,0.00374100,66.83000000
2018-02-24 13:11:07,0.00374000,12.81000000
2018-02-24 13:11:07,0.00373900,1.29000000
2018-02-24 13:11:08,0.00373900,2.75000000
2018-02-24 13:11:08,0.00373900,2.74000000
2018-02-24 13:11:08,0.00374100,70.81000000
2018-02-24 13:11:08,0.00373900,2.75000000
2018-02-24 13:11:08,0.00373900,2.75000000
2018-02-24 13:11:09,0.00373900,17.18000000
2018-02-24 13:11:09,0.00374100,66.83000000
2018-02-24 13:11:09,0.00374100,1.34000000
2018-02-24 13:11:09,0.00373900,1.11000000
2018-02-24 13:11:09,0.00373900,2.74000000
2018-02-24 13:11:09,0.00373900,2.75000000
2018-02-24 13:11:09,0.00373900,2.74000000
2018-02-24 13:11:09,0.00373900,2.75000000
2018-02-24 13:11:09,0.00373900,2.75000000
2018-02-24 13:11:10,0.00374100,0.32000000
2018-02-24 13:11:10,0.00374100,10.00000000
2018-02-24 13:11:10,0.00373900,3.94000000
2018-02-24 13:11:10,0.00374100,1.00000000
2018-02-24 13:11:10,0.00374100,0.36000000
2018-02-24 13:11:10,0.00374000,2.74000000
2018-02-24 13:11:10,0.00374000,11.92000000
2018-02-24 13:11:10,0.00374100,37.32000000
2018-02-24 13:11:10,0.00374300,29.48000000
2018-02-24 13:11:11,0.00374000,2.74000000
2018-02-24 13:11:11,0.00374000,2.75000000
2018-02-24 13:11:11,0.00374000,26.49000000
2018-02-24 13:11:11,0.00374000,15.00000000
2018-02-24 13:11:11,0.00373900,2.75000000
2018-02-24 13:11:11,0.00374000,3.02000000
2018-02-24 13:11:11,0.00374000,12.62000000
2018-02-24 13:11:11,0.00373900,2.74000000
2018-02-24 13:11:11,0.00373900,108.70000000
2018-02-24 13:11:11,0.00373900,2.74000000
2018-02-24 13:11:12,0.00374000,1.00000000
2018-02-24 13:11:12,0.00373900,2.73000000
2018-02-24 13:11:12,0.00373900,89.64000000
2018-02-24 13:11:12,0.00373900,2.74000000
2018-02-24 13:11:12,0.00373900,2.74000000
2018-02-24 13:11:12,0.00374000,66.79000000
2018-02-24 13:11:12,0.00373900,2.74000000
2018-02-24 13:11:12,0.00374000,8.01000000
2018-02-24 13:11:13,0.00374000,8.01000000
2018-02-24 13:11:13,0.00373900,2.75000000
2018-02-24 13:11:13,0.00374000,24.68000000
2018-02-24 13:11:13,0.00374000,8.01000000
2018-02-24 13:11:13,0.00374000,8.01000000
2018-02-24 13:11:13,0.00374000,0.67000000
2018-02-24 13:11:13,0.00374000,8.01000000
2018-02-24 13:11:13,0.00373900,2.72000000
2018-02-24 13:11:13,0.00373900,2.73000000
2018-02-24 13:11:13,0.00374000,8.01000000
2018-02-24 13:11:13,0.00373900,11.83000000
2018-02-24 13:11:14,0.00373900,2.75000000
2018-02-24 13:11:14,0.00373900,2.75000000
2018-02-24 13:11:14,0.00373900,40.16000000
2018-02-24 13:11:14,0.00373800,2.68000000
2018-02-24 13:11:14,0.00373700,5.07000000
2018-02-24 13:11:14,0.00374000,8.01000000
2018-02-24 13:11:14,0.00373700,2.75000000
2018-02-24 13:11:14,0.00374000,1.00000000
2018-02-24 13:11:14,0.00373700,2.74000000
2018-02-24 13:11:14,0.00374000,8.01000000
2018-02-24 13:11:14,0.00373900,9.81000000
2018-02-24 13:11:14,0.00373900,8.01000000
2018-02-24 13:11:15,0.00373900,8.01000000
2018-02-24 13:11:15,0.00373900,3.14000000
2018-02-24 13:11:15,0.00373700,2.73000000
2018-02-24 13:11:15,0.00373700,2.57000000
2018-02-24 13:11:15,0.00373600,0.18000000
2018-02-24 13:11:15,0.00373600,2.45000000
2018-02-24 13:11:15,0.00373500,0.30000000
2018-02-24 13:11:15,0.00373900,4.56000000
2018-02-24 13:11:15,0.00373900,0.32000000
2018-02-24 13:11:15,0.00373500,2.74000000
2018-02-24 13:11:16,0.00373500,2.73000000
2018-02-24 13:11:16,0.00373900,12.09000000
2018-02-24 13:11:16,0.00374000,54.76000000
2018-02-24 13:11:16,0.00373600,2.73000000
2018-02-24 13:11:16,0.00373600,2.73000000
2018-02-24 13:11:17,0.00374000,19.97000000
2018-02-24 13:11:17,0.00373600,2.74000000
2018-02-24 13:11:17,0.00373600,2.73000000
2018-02-24 13:11:17,0.00373600,0.88000000
2018-02-24 13:11:17,0.00374000,2.50000000
2018-02-24 13:11:18,0.00373500,2.73000000
2018-02-24 13:11:18,0.00374000,0.30000000
2018-02-24 13:11:18,0.00374000,66.84000000
2018-02-24 13:11:18,0.00373500,2.73000000
2018-02-24 13:11:18,0.00374000,71.32000000
2018-02-24 13:11:18,0.00373600,2.72000000
2018-02-24 13:11:19,0.00374000,63.01000000
2018-02-24 13:11:19,0.00373600,2.73000000
2018-02-24 13:11:19,0.00373600,2.73000000
2018-02-24 13:11:19,0.00373600,2.73000000
2018-02-24 13:11:19,0.00374000,44.12000000
2018-02-24 13:11:20,0.00374000,50.22000000
2018-02-24 13:11:20,0.00374200,16.62000000
2018-02-24 13:11:20,0.00373600,0.34000000
2018-02-24 13:11:20,0.00373500,7.68000000
2018-02-24 13:11:20,0.00373600,2.74000000
2018-02-24 13:11:20,0.00373600,2.73000000
2018-02-24 13:11:20,0.00373700,2.73000000
2018-02-24 13:11:20,0.00373700,11.25000000
2018-02-24 13:11:20,0.00373600,10.18000000
2018-02-24 13:11:21,0.00373600,0.49000000
2018-02-24 13:11:21,0.00373500,2.24000000
2018-02-24 13:11:22,0.00373600,2.74000000
2018-02-24 13:11:22,0.00373900,2.67000000
2018-02-24 13:11:22,0.00373600,2.73000000
2018-02-24 13:11:22,0.00373900,1.00000000
2018-02-24 13:11:23,0.00373600,4.58000000
2018-02-24 13:11:23,0.00373600,14.95000000
2018-02-24 13:11:23,0.00373500,4.16000000
2018-02-24 13:11:23,0.00373400,46.69000000
2018-02-24 13:11:23,0.00373500,1.02000000
2018-02-24 13:11:23,0.00373500,2.02000000
2018-02-24 13:11:23,0.00373400,2.74000000
2018-02-24 13:11:23,0.00373500,8.43000000
2018-02-24 13:11:23,0.00373500,8.43000000
2018-02-24 13:11:23,0.00373400,1.57000000
2018-02-24 13:11:23,0.00373400,2.74000000
2018-02-24 13:11:23,0.00373900,0.29000000
2018-02-24 13:11:24,0.00373900,1.41000000
2018-02-24 13:11:24,0.00373500,2.72000000
2018-02-24 13:11:24,0.00373500,2.73000000
2018-02-24 13:11:24,0.00373500,2.74000000
2018-02-24 13:11:25,0.00373900,10.66000000
2018-02-24 13:11:25,0.00373500,2.74000000
2018-02-24 13:11:25,0.00373500,2.74000000
2018-02-24 13:11:25,0.00373500,2.74000000
2018-02-24 13:11:25,0.00373900,3.35000000
2018-02-24 13:11:25,0.00373500,11.00000000
2018-02-24 13:11:26,0.00373900,6.74000000
2018-02-24 13:11:26,0.00373500,27.48000000
2018-02-24 13:11:26,0.00373900,3.37000000
2018-02-24 13:11:26,0.00373500,2.74000000
2018-02-24 13:11:26,0.00373500,2.74000000
2018-02-24 13:11:26,0.00373900,0.37000000
2018-02-24 13:11:26,0.00373500,2.74000000
2018-02-24 13:11:26,0.00373500,2.74000000
2018-02-24 13:11:26,0.00373500,2.74000000
2018-02-24 13:11:27,0.00373900,8.75000000
2018-02-24 13:11:27,0.00373900,11.36000000
2018-02-24 13:11:27,0.00373900,2.74000000
2018-02-24 13:11:27,0.00373900,2.74000000
2018-02-24 13:11:28,0.00374000,3.06000000
2018-02-24 13:11:28,0.00373900,2.74000000
2018-02-24 13:11:28,0.00373900,2.74000000
2018-02-24 13:11:28,0.00373900,2.74000000
2018-02-24 13:11:28,0.00374000,0.89000000
2018-02-24 13:11:29,0.00374000,3.41000000
2018-02-24 13:11:29,0.00373900,2.74000000
2018-02-24 13:11:29,0.00373900,2.73000000
2018-02-24 13:11:29,0.00373900,2.74000000
2018-02-24 13:11:29,0.00373900,2.74000000
2018-02-24 13:11:29,0.00373900,4.60000000
2018-02-24 13:11:29,0.00373600,0.56000000
2018-02-24 13:11:29,0.00373500,151.32000000
2018-02-24 13:11:29,0.00373400,76.80000000
2018-02-24 13:11:29,0.00373400,2.73000000
2018-02-24 13:11:30,0.00373500,2.73000000
2018-02-24 13:11:30,0.00373500,1.41000000
2018-02-24 13:11:30,0.00373400,2.73000000
2018-02-24 13:11:30,0.00373400,2.74000000
2018-02-24 13:11:30,0.00373400,2.74000000
2018-02-24 13:11:30,0.00373900,7.28000000
2018-02-24 13:11:31,0.00373900,4.57000000
2018-02-24 13:11:31,0.00373400,2.74000000
2018-02-24 13:11:31,0.00373900,13.08000000
2018-02-24 13:11:31,0.00373400,130.55000000
2018-02-24 13:11:31,0.00373500,19.47000000
2018-02-24 13:11:31,0.00373500,1.41000000
2018-02-24 13:11:31,0.00373500,9.04000000
2018-02-24 13:11:31,0.00373500,20.90000000
2018-02-24 13:11:31,0.00373900,0.02000000
2018-02-24 13:11:31,0.00374000,1.90000000
2018-02-24 13:11:31,0.00373900,2.20000000
2018-02-24 13:11:31,0.00373500,4.66000000
2018-02-24 13:11:31,0.00373500,2.73000000
2018-02-24 13:11:32,0.00374000,4.58000000
2018-02-24 13:11:32,0.00373500,2.74000000
2018-02-24 13:11:32,0.00373500,2.74000000
2018-02-24 13:11:32,0.00373500,2.73000000
2018-02-24 13:11:32,0.00373500,2.72000000
2018-02-24 13:11:33,0.00373500,2.74000000
2018-02-24 13:11:33,0.00373500,2.73000000
2018-02-24 13:11:33,0.00373500,2.72000000
2018-02-24 13:11:33,0.00374000,1.92000000
2018-02-24 13:11:33,0.00373700,1.07000000
2018-02-24 13:11:33,0.00373500,1.67000000
2018-02-24 13:11:33,0.00374000,24.14000000
2018-02-24 13:11:33,0.00374000,44.30000000
2018-02-24 13:11:33,0.00374000,15.67000000
2018-02-24 13:11:33,0.00373500,2.72000000
2018-02-24 13:11:34,0.00374000,26.76000000
2018-02-24 13:11:34,0.00374000,54.59000000
2018-02-24 13:11:34,0.00373500,0.59000000
2018-02-24 13:11:34,0.00373500,2.72000000
2018-02-24 13:11:34,0.00373500,2.72000000
2018-02-24 13:11:35,0.00373500,2.72000000
2018-02-24 13:11:35,0.00373500,2.74000000
2018-02-24 13:11:36,0.00373600,0.42000000
2018-02-24 13:11:36,0.00373500,2.31000000
2018-02-24 13:11:36,0.00373500,2.72000000
2018-02-24 13:11:36,0.00373500,2.73000000
2018-02-24 13:11:37,0.00373500,2.73000000
2018-02-24 13:11:37,0.00373500,2.72000000
2018-02-24 13:11:37,0.00373500,2.74000000
2018-02-24 13:11:38,0.00373500,2.72000000
2018-02-24 13:11:38,0.00374000,0.51000000
2018-02-24 13:11:38,0.00373500,2.72000000
2018-02-24 13:11:39,0.00373500,2.74000000
2018-02-24 13:11:39,0.00373600,0.90000000
2018-02-24 13:11:39,0.00373600,1.85000000
2018-02-24 13:11:39,0.00373500,2.74000000
2018-02-24 13:11:39,0.00373600,15.50000000
2018-02-24 13:11:39,0.00373600,2.67000000
2018-02-24 13:11:40,0.00373600,11.09000000
2018-02-24 13:11:40,0.00373500,2.74000000
2018-02-24 13:11:40,0.00373500,2.72000000
2018-02-24 13:11:41,0.00373500,115.11000000
2018-02-24 13:11:41,0.00373500,2.72000000
2018-02-24 13:11:42,0.00373500,2.72000000
2018-02-24 13:11:42,0.00373500,2.72000000
2018-02-24 13:11:42,0.00373500,2.72000000
2018-02-24 13:11:43,0.00373500,2.72000000
2018-02-24 13:11:43,0.00373600,2.30000000
2018-02-24 13:11:43,0.00373500,2.72000000
2018-02-24 13:11:43,0.00373500,2.73000000
2018-02-24 13:11:43,0.00373500,2.72000000
2018-02-24 13:11:43,0.00373500,65.62000000
2018-02-24 13:11:43,0.00373400,4.81000000
2018-02-24 13:11:43,0.00373400,2.72000000
2018-02-24 13:11:44,0.00373600,2.49000000
2018-02-24 13:11:44,0.00373600,5.04000000
2018-02-24 13:11:44,0.00373500,1.10000000
2018-02-24 13:11:44,0.00373400,68.16000000
2018-02-24 13:11:44,0.00373400,2.72000000
2018-02-24 13:11:44,0.00373500,30.31000000
2018-02-24 13:11:44,0.00373500,1.09000000
2018-02-24 13:11:44,0.00373400,2.72000000
2018-02-24 13:11:45,0.00373400,2.72000000
2018-02-24 13:11:45,0.00373400,2.72000000
2018-02-24 13:11:45,0.00373400,2.73000000
2018-02-24 13:11:45,0.00373500,26.78000000
2018-02-24 13:11:45,0.00373500,16.85000000
2018-02-24 13:11:45,0.00373400,45.34000000
2018-02-24 13:11:45,0.00373400,11.30000000
2018-02-24 13:11:45,0.00373400,0.82000000
2018-02-24 13:11:45,0.00373400,2.73000000
2018-02-24 13:11:45,0.00373500,30.31000000
2018-02-24 13:11:46,0.00373500,0.45000000
2018-02-24 13:11:46,0.00373500,0.27000000
2018-02-24 13:11:46,0.00373400,2.73000000
2018-02-24 13:11:46,0.00373400,2.73000000
2018-02-24 13:11:46,0.00373400,2.72000000
2018-02-24 13:11:46,0.00373400,2.72000000
2018-02-24 13:11:46,0.00373500,3.85000000
2018-02-24 13:11:47,0.00373500,322.32000000
2018-02-24 13:11:47,0.00373400,2.72000000
2018-02-24 13:11:47,0.00373400,325.20000000
2018-02-24 13:11:47,0.00373200,1.11000000
2018-02-24 13:11:47,0.00373100,1.00000000
2018-02-24 13:11:47,0.00373000,14.43000000
2018-02-24 13:11:47,0.00372900,151.63000000
2018-02-24 13:11:47,0.00372800,3.31000000
2018-02-24 13:11:47,0.00372700,17.72000000
2018-02-24 13:11:47,0.00372600,6.66000000
2018-02-24 13:11:47,0.00372500,347.46000000
2018-02-24 13:11:47,0.00372500,42.93000000
2018-02-24 13:11:47,0.00372400,0.82000000
2018-02-24 13:11:47,0.00372200,0.87000000
2018-02-24 13:11:47,0.00372500,5.92000000
2018-02-24 13:11:47,0.00372500,0.36000000
2018-02-24 13:11:47,0.00372500,92.67000000
2018-02-24 13:11:47,0.00372300,2.72000000
2018-02-24 13:11:47,0.00372300,2.72000000
2018-02-24 13:11:47,0.00372300,2.72000000
2018-02-24 13:11:48,0.00372300,2.73000000
2018-02-24 13:11:48,0.00372500,4.15000000
2018-02-24 13:11:48,0.00372500,0.45000000
2018-02-24 13:11:48,0.00372500,0.46000000
2018-02-24 13:11:48,0.00372500,9.41000000
2018-02-24 13:11:48,0.00372500,0.54000000
2018-02-24 13:11:48,0.00372300,2.72000000
2018-02-24 13:11:49,0.00372300,2.72000000
2018-02-24 13:11:49,0.00372300,2.72000000
2018-02-24 13:11:49,0.00372300,2.72000000
2018-02-24 13:11:49,0.00372300,1.08000000
2018-02-24 13:11:49,0.00372300,2.72000000
2018-02-24 13:11:50,0.00372500,0.45000000
2018-02-24 13:11:50,0.00372300,2.72000000
2018-02-24 13:11:50,0.00372300,1.71000000
2018-02-24 13:11:50,0.00372200,1.01000000
2018-02-24 13:11:50,0.00372500,64.43000000
2018-02-24 13:11:50,0.00372800,147.12000000
2018-02-24 13:11:50,0.00372200,2.62000000
2018-02-24 13:11:50,0.00372100,0.10000000
2018-02-24 13:11:50,0.00372100,2.72000000
2018-02-24 13:11:51,0.00372100,2.72000000
2018-02-24 13:11:51,0.00372800,0.03000000
2018-02-24 13:11:51,0.00372900,2.17000000
2018-02-24 13:11:51,0.00372900,33.13000000
2018-02-24 13:11:51,0.00373000,1.50000000
2018-02-24 13:11:51,0.00373400,4.64000000
2018-02-24 13:11:51,0.00372100,2.72000000
2018-02-24 13:11:51,0.00372100,2.73000000
2018-02-24 13:11:52,0.00372300,0.28000000
2018-02-24 13:11:52,0.00372100,2.72000000
2018-02-24 13:11:52,0.00372200,2.72000000
2018-02-24 13:11:52,0.00372200,0.83000000
2018-02-24 13:11:52,0.00372100,2.80000000
2018-02-24 13:11:53,0.00372200,2.72000000
2018-02-24 13:11:53,0.00372300,1.92000000
2018-02-24 13:11:53,0.00372300,3.50000000
2018-02-24 13:11:53,0.00372300,2.72000000
2018-02-24 13:11:53,0.00372300,2.72000000
2018-02-24 13:11:53,0.00373300,1.33000000
2018-02-24 13:11:54,0.00372700,2.30000000
2018-02-24 13:11:54,0.00372300,0.42000000
2018-02-24 13:11:54,0.00372300,2.72000000
2018-02-24 13:11:54,0.00372300,2.72000000
2018-02-24 13:11:55,0.00373300,0.29000000
2018-02-24 13:11:55,0.00372300,2.72000000
2018-02-24 13:11:55,0.00373300,13.60000000
2018-02-24 13:11:55,0.00372300,0.35000000
2018-02-24 13:11:55,0.00372300,2.72000000
2018-02-24 13:11:56,0.00373200,27.70000000
2018-02-24 13:11:56,0.00373300,137.68000000
2018-02-24 13:11:56,0.00373400,30.16000000
2018-02-24 13:11:56,0.00372300,2.73000000
2018-02-24 13:11:56,0.00372300,2.72000000
2018-02-24 13:11:57,0.00373000,0.70000000
2018-02-24 13:11:57,0.00372300,2.02000000
2018-02-24 13:11:57,0.00373100,0.35000000
2018-02-24 13:11:57,0.00372300,2.73000000
2018-02-24 13:11:57,0.00373100,62.01000000
2018-02-24 13:11:58,0.00372400,2.73000000
2018-02-24 13:11:58,0.00372400,2.72000000
2018-02-24 13:11:58,0.00372300,2.72000000
2018-02-24 13:11:59,0.00372400,2.74000000
2018-02-24 13:11:59,0.00372400,16.85000000
2018-02-24 13:11:59,0.00372300,30.71000000
2018-02-24 13:11:59,0.00373100,0.02000000
2018-02-24 13:11:59,0.00373400,21.46000000
2018-02-24 13:11:59,0.00372300,3.42000000
2018-02-24 13:11:59,0.00372300,2.72000000
2018-02-24 13:12:00,0.00372400,2.68000000
2018-02-24 13:12:00,0.00372300,0.04000000
2018-02-24 13:12:00,0.00372300,2.72000000
2018-02-24 13:12:00,0.00372300,0.62000000
2018-02-24 13:12:00,0.00372300,80.00000000
2018-02-24 13:12:00,0.00372300,0.68000000
2018-02-24 13:12:00,0.00372300,22.59000000
2018-02-24 13:12:00,0.00372300,2.74000000
2018-02-24 13:12:01,0.00372300,2.72000000
2018-02-24 13:12:01,0.00372300,2.72000000
2018-02-24 13:12:01,0.00372300,59.41000000
2018-02-24 13:12:01,0.00372300,37.61000000
2018-02-24 13:12:01,0.00372300,0.02000000
2018-02-24 13:12:01,0.00372700,2.18000000
2018-02-24 13:12:01,0.00372200,0.54000000
2018-02-24 13:12:02,0.00372200,2.72000000
2018-02-24 13:12:02,0.00372200,6.70000000
2018-02-24 13:12:02,0.00372200,2.73000000
2018-02-24 13:12:02,0.00372200,2.72000000
2018-02-24 13:12:02,0.00372200,2.72000000
2018-02-24 13:12:03,0.00372200,2.73000000
2018-02-24 13:12:03,0.00372200,2.72000000
2018-02-24 13:12:03,0.00372200,2.72000000
2018-02-24 13:12:03,0.00372200,2.73000000
2018-02-24 13:12:03,0.00372200,28.15000000
2018-02-24 13:12:03,0.00372100,19.05000000
2018-02-24 13:12:03,0.00371900,5.66000000
2018-02-24 13:12:03,0.00371700,1.41000000
2018-02-24 13:12:03,0.00371600,11.22000000
2018-02-24 13:12:03,0.00371500,35.04000000
2018-02-24 13:12:03,0.00371500,1.25000000
2018-02-24 13:12:03,0.00371500,30.07000000
2018-02-24 13:12:03,0.00371500,7.48000000
2018-02-24 13:12:03,0.00371500,2.89000000
2018-02-24 13:12:03,0.00371500,51.85000000
2018-02-24 13:12:03,0.00372900,2.68000000
2018-02-24 13:12:03,0.00373000,3.56000000
2018-02-24 13:12:03,0.00373300,25.04000000
2018-02-24 13:12:03,0.00373400,2.78000000
2018-02-24 13:12:04,0.00371600,2.73000000
2018-02-24 13:12:04,0.00371700,2.73000000
2018-02-24 13:12:04,0.00371700,2.72000000
2018-02-24 13:12:05,0.00371800,2.68000000
2018-02-24 13:12:05,0.00371800,0.04000000
2018-02-24 13:12:05,0.00372300,46.81000000
2018-02-24 13:12:05,0.00371700,24.35000000
2018-02-24 13:12:05,0.00371500,2.16000000
2018-02-24 13:12:05,0.00371500,2.72000000
2018-02-24 13:12:05,0.00372800,2.90000000
2018-02-24 13:12:05,0.00372900,2.73000000
2018-02-24 13:12:05,0.00373400,93.43000000
2018-02-24 13:12:05,0.00372000,2.73000000
2018-02-24 13:12:05,0.00372000,2.73000000
2018-02-24 13:12:06,0.00372000,2.54000000
2018-02-24 13:12:06,0.00371800,0.19000000
2018-02-24 13:12:06,0.00372100,2.72000000
2018-02-24 13:12:06,0.00372600,8.00000000
2018-02-24 13:12:06,0.00372900,2.68000000
2018-02-24 13:12:06,0.00373000,16.50000000
2018-02-24 13:12:06,0.00372100,0.18000000
2018-02-24 13:12:06,0.00371900,2.55000000
2018-02-24 13:12:06,0.00371900,2.73000000
2018-02-24 13:12:07,0.00371900,2.72000000
2018-02-24 13:12:07,0.00372900,0.49000000
2018-02-24 13:12:07,0.00371900,2.72000000
2018-02-24 13:12:07,0.00371900,2.72000000
2018-02-24 13:12:07,0.00371900,2.68000000
2018-02-24 13:12:07,0.00371800,0.04000000
2018-02-24 13:12:08,0.00371900,2.72000000
2018-02-24 13:12:08,0.00372900,2.41000000
2018-02-24 13:12:08,0.00373000,133.12000000
2018-02-24 13:12:08,0.00372000,2.98000000
2018-02-24 13:12:08,0.00372000,1.21000000
2018-02-24 13:12:08,0.00371800,2.72000000
2018-02-24 13:12:09,0.00371900,2.72000000
2018-02-24 13:12:09,0.00371900,2.72000000
2018-02-24 13:12:09,0.00372000,40.13000000
2018-02-24 13:12:09,0.00372000,2.35000000
2018-02-24 13:12:09,0.00372000,16.00000000
2018-02-24 13:12:10,0.00372000,36.13000000
2018-02-24 13:12:10,0.00372000,1.92000000
2018-02-24 13:12:10,0.00372000,0.33000000
2018-02-24 13:12:10,0.00371900,2.19000000
2018-02-24 13:12:10,0.00371400,0.53000000
2018-02-24 13:12:11,0.00371400,2.72000000
2018-02-24 13:12:11,0.00371900,0.71000000
2018-02-24 13:12:11,0.00371900,13.44000000
2018-02-24 13:12:11,0.00371900,33.36000000
2018-02-24 13:12:11,0.00371800,6.43000000
2018-02-24 13:12:11,0.00371800,8.06000000
2018-02-24 13:12:11,0.00371800,5.18000000
2018-02-24 13:12:12,0.00371800,4.21000000
2018-02-24 13:12:12,0.00371400,2.72000000
2018-02-24 13:12:12,0.00371800,0.45000000
2018-02-24 13:12:12,0.00371700,0.82000000
2018-02-24 13:12:12,0.00371700,0.82000000
2018-02-24 13:12:12,0.00371700,1.08000000
2018-02-24 13:12:12,0.00371800,0.64000000
2018-02-24 13:12:13,0.00371800,0.45000000
2018-02-24 13:12:13,0.00371400,2.72000000
2018-02-24 13:12:13,0.00371400,2.72000000
2018-02-24 13:12:13,0.00371500,1.40000000
2018-02-24 13:12:13,0.00371500,0.59000000
2018-02-24 13:12:14,0.00371500,0.73000000
2018-02-24 13:12:14,0.00371800,1.48000000
2018-02-24 13:12:14,0.00371900,0.48000000
2018-02-24 13:12:14,0.00371500,2.73000000
2018-02-24 13:12:14,0.00371500,0.82000000
2018-02-24 13:12:14,0.00371900,6.70000000
2018-02-24 13:12:14,0.00371700,5.63000000
2018-02-24 13:12:14,0.00371900,14.37000000
2018-02-24 13:12:14,0.00371900,0.62000000
2018-02-24 13:12:15,0.00371500,2.72000000
2018-02-24 13:12:15,0.00371500,1.61000000
2018-02-24 13:12:16,0.00371500,0.30000000
2018-02-24 13:12:16,0.00371400,2.72000000
2018-02-24 13:12:17,0.00371500,0.81000000
2018-02-24 13:12:17,0.00371700,1.88000000
2018-02-24 13:12:17,0.00371400,2.72000000
2018-02-24 13:12:17,0.00371400,2.72000000
2018-02-24 13:12:18,0.00371500,0.59000000
2018-02-24 13:12:18,0.00371500,0.01000000
2018-02-24 13:12:18,0.00371600,5.44000000
2018-02-24 13:12:18,0.00371700,39.42000000
2018-02-24 13:12:18,0.00371700,13.45000000
2018-02-24 13:12:18,0.00371700,2.30000000
2018-02-24 13:12:19,0.00371400,9.45000000
2018-02-24 13:12:19,0.00371400,2.72000000
2018-02-24 13:12:19,0.00371700,35.50000000
2018-02-24 13:12:19,0.00371400,2.72000000
2018-02-24 13:12:19,0.00371500,0.40000000
2018-02-24 13:12:20,0.00371400,2.72000000
2018-02-24 13:12:20,0.00371400,2.72000000
2018-02-24 13:12:20,0.00371500,1.15000000
2018-02-24 13:12:20,0.00371400,2.73000000
2018-02-24 13:12:20,0.00371500,1.17000000
2018-02-24 13:12:20,0.00371700,12.28000000
2018-02-24 13:12:20,0.00371400,2.72000000
2018-02-24 13:12:21,0.00371700,0.65000000
2018-02-24 13:12:21,0.00371400,25.57000000
2018-02-24 13:12:21,0.00371600,2.72000000
2018-02-24 13:12:21,0.00371600,2.48000000
2018-02-24 13:12:22,0.00371400,2.72000000
2018-02-24 13:12:22,0.00371500,1.44000000
2018-02-24 13:12:23,0.00371400,2.72000000
2018-02-24 13:12:23,0.00371400,2.72000000
2018-02-24 13:12:23,0.00371500,1.28000000
2018-02-24 13:12:23,0.00371600,2.96000000
2018-02-24 13:12:23,0.00371700,9.46000000
2018-02-24 13:12:23,0.00371400,2.72000000
2018-02-24 13:12:24,0.00371500,17.50000000
2018-02-24 13:12:24,0.00371400,63.01000000
2018-02-24 13:12:24,0.00371400,2.72000000
2018-02-24 13:12:24,0.00371500,8.07000000
2018-02-24 13:12:24,0.00371400,2.73000000
2018-02-24 13:12:24,0.00371400,413.31000000
2018-02-24 13:12:25,0.00371500,9.46000000
2018-02-24 13:12:25,0.00371500,2.72000000
2018-02-24 13:12:25,0.00371400,4.48000000
2018-02-24 13:12:25,0.00371500,2.72000000
2018-02-24 13:12:26,0.00371600,0.29000000
2018-02-24 13:12:26,0.00371400,2.72000000
2018-02-24 13:12:26,0.00371600,2.43000000
2018-02-24 13:12:26,0.00371600,0.29000000
2018-02-24 13:12:26,0.00371600,0.84000000
2018-02-24 13:12:26,0.00371600,1.59000000
2018-02-24 13:12:26,0.00371600,0.83000000
2018-02-24 13:12:27,0.00371500,1.89000000
2018-02-24 13:12:27,0.00371700,56.36000000
2018-02-24 13:12:27,0.00371400,74.81000000
2018-02-24 13:12:27,0.00371400,17.49000000
2018-02-24 13:12:27,0.00371300,1.13000000
2018-02-24 13:12:27,0.00371200,1.60000000
2018-02-24 13:12:27,0.00371200,22.08000000
2018-02-24 13:12:27,0.00371400,0.67000000
2018-02-24 13:12:27,0.00371400,13.45000000
2018-02-24 13:12:27,0.00371200,2.73000000
2018-02-24 13:12:28,0.00371400,46.89000000
2018-02-24 13:12:28,0.00371400,21.99000000
2018-02-24 13:12:28,0.00371200,2.73000000
2018-02-24 13:12:29,0.00371400,13.46000000
2018-02-24 13:12:30,0.00371400,30.00000000
2018-02-24 13:12:30,0.00371400,118.47000000
2018-02-24 13:12:30,0.00371400,6.90000000
2018-02-24 13:12:30,0.00371200,20.27000000
2018-02-24 13:12:30,0.00371200,23.37000000
2018-02-24 13:12:30,0.00371400,28.26000000
2018-02-24 13:12:31,0.00371400,13.46000000
2018-02-24 13:12:31,0.00371400,41.38000000
2018-02-24 13:12:31,0.00371500,13.04000000
2018-02-24 13:12:31,0.00371700,16.51000000
2018-02-24 13:12:31,0.00371700,22.12000000
2018-02-24 13:12:31,0.00371800,3.85000000
2018-02-24 13:12:33,0.00371400,13.45000000
2018-02-24 13:12:33,0.00371400,66.12000000
2018-02-24 13:12:33,0.00371800,6.99000000
2018-02-24 13:12:34,0.00371900,25.80000000
2018-02-24 13:12:34,0.00371800,7.57000000
2018-02-24 13:12:34,0.00371100,1.90000000
2018-02-24 13:12:34,0.00371100,2.09000000
2018-02-24 13:12:34,0.00371000,0.62000000
2018-02-24 13:12:34,0.00371100,15.61000000
2018-02-24 13:12:35,0.00371000,3.49000000
2018-02-24 13:12:35,0.00371100,27.44000000
2018-02-24 13:12:35,0.00371100,700.25000000
2018-02-24 13:12:35,0.00371100,54.86000000
2018-02-24 13:12:36,0.00371100,100.00000000
2018-02-24 13:12:36,0.00371100,48.50000000
2018-02-24 13:12:36,0.00371100,25.19000000
2018-02-24 13:12:37,0.00371100,13.47000000
2018-02-24 13:12:37,0.00371100,2.05000000
2018-02-24 13:12:37,0.00371100,6.59000000
2018-02-24 13:12:37,0.00371800,1.41000000
2018-02-24 13:12:38,0.00371300,2.72000000
2018-02-24 13:12:38,0.00371300,2.73000000
2018-02-24 13:12:39,0.00371300,2.72000000
2018-02-24 13:12:39,0.00371800,0.80000000
2018-02-24 13:12:39,0.00371300,2.09000000
2018-02-24 13:12:39,0.00371100,1.30000000
2018-02-24 13:12:39,0.00371000,1.20000000
2018-02-24 13:12:39,0.00370900,3.20000000
2018-02-24 13:12:39,0.00370700,2.21000000
2018-02-24 13:12:39,0.00370700,1.14000000
2018-02-24 13:12:39,0.00370700,1.59000000
2018-02-24 13:12:39,0.00371400,1.30000000
2018-02-24 13:12:39,0.00371800,13.82000000
2018-02-24 13:12:40,0.00371800,12.51000000
2018-02-24 13:12:40,0.00371200,2.72000000
2018-02-24 13:12:40,0.00371200,2.72000000
2018-02-24 13:12:41,0.00371300,2.72000000
2018-02-24 13:12:41,0.00371800,4.38000000
2018-02-24 13:12:41,0.00371900,34.76000000
2018-02-24 13:12:41,0.00371300,2.72000000
2018-02-24 13:12:41,0.00371800,2.73000000
2018-02-24 13:12:42,0.00371800,0.07000000
2018-02-24 13:12:42,0.00371300,2.66000000
2018-02-24 13:12:42,0.00371300,10.11000000
2018-02-24 13:12:42,0.00371300,2.72000000
2018-02-24 13:12:42,0.00371300,2.72000000
2018-02-24 13:12:42,0.00371800,19.60000000
2018-02-24 13:12:42,0.00371900,49.16000000
2018-02-24 13:12:43,0.00371900,2.30000000
2018-02-24 13:12:43,0.00371900,62.04000000
2018-02-24 13:12:43,0.00371300,1.39000000
2018-02-24 13:12:43,0.00371200,1.33000000
2018-02-24 13:12:43,0.00371400,0.83000000
2018-02-24 13:12:43,0.00371900,37.47000000
2018-02-24 13:12:43,0.00371900,16.99000000
2018-02-24 13:12:44,0.00371400,0.67000000
2018-02-24 13:12:44,0.00371200,2.05000000
2018-02-24 13:12:44,0.00371800,3.19000000
2018-02-24 13:12:45,0.00371200,2.00000000
2018-02-24 13:12:45,0.00371100,0.73000000
2018-02-24 13:12:48,0.00371300,2.72000000
2018-02-24 13:12:48,0.00371800,10.75000000
2018-02-24 13:12:49,0.00371100,2.72000000
2018-02-24 13:12:50,0.00371100,2.72000000
2018-02-24 13:12:51,0.00371200,2.72000000
2018-02-24 13:12:51,0.00371100,2.73000000
2018-02-24 13:12:51,0.00371100,2.72000000
2018-02-24 13:12:52,0.00371800,2.01000000
2018-02-24 13:12:52,0.00371100,2.73000000
2018-02-24 13:12:52,0.00371100,2.73000000
2018-02-24 13:12:53,0.00371100,3.30000000
2018-02-24 13:12:53,0.00371800,15.34000000
2018-02-24 13:12:53,0.00371900,1.03000000
2018-02-24 13:12:53,0.00371100,2.72000000
2018-02-24 13:12:53,0.00371100,10.31000000
2018-02-24 13:12:54,0.00371200,2.72000000
2018-02-24 13:12:54,0.00371900,4.13000000
2018-02-24 13:12:54,0.00371900,1.35000000
2018-02-24 13:12:54,0.00371200,2.72000000
2018-02-24 13:12:54,0.00371900,13.55000000
2018-02-24 13:12:56,0.00371200,1.29000000
2018-02-24 13:12:56,0.00371300,0.29000000
2018-02-24 13:12:56,0.00371300,2.43000000
2018-02-24 13:12:56,0.00371900,6.23000000
2018-02-24 13:12:58,0.00371300,2.43000000
2018-02-24 13:12:58,0.00371200,41.65000000
2018-02-24 13:12:59,0.00371800,6.49000000
2018-02-24 13:12:59,0.00371900,1.41000000
2018-02-24 13:13:00,0.00371200,2.72000000
2018-02-24 13:13:02,0.00371400,2.72000000
2018-02-24 13:13:02,0.00371800,14.10000000
2018-02-24 13:13:02,0.00371800,56.40000000
2018-02-24 13:13:02,0.00371900,179.62000000
2018-02-24 13:13:04,0.00371900,2.68000000
2018-02-24 13:13:05,0.00371400,2.72000000
2018-02-24 13:13:05,0.00371900,2.68000000
2018-02-24 13:13:06,0.00371800,2.52000000
2018-02-24 13:13:07,0.00371900,0.50000000
2018-02-24 13:13:07,0.00371900,5.13000000
2018-02-24 13:13:07,0.00371900,0.99000000
2018-02-24 13:13:07,0.00371900,1.68000000
2018-02-24 13:13:07,0.00371900,1.96000000
2018-02-24 13:13:07,0.00371800,4.57000000
2018-02-24 13:13:07,0.00371900,57.23000000
2018-02-24 13:13:07,0.00371500,0.55000000
2018-02-24 13:13:07,0.00371900,2.83000000
2018-02-24 13:13:07,0.00371900,331.85000000
2018-02-24 13:13:07,0.00372000,165.21000000
2018-02-24 13:13:07,0.00372100,281.63000000
2018-02-24 13:13:10,0.00372200,0.98000000
2018-02-24 13:13:10,0.00372200,2.41000000
2018-02-24 13:13:10,0.00372300,0.58000000
2018-02-24 13:13:10,0.00372200,43.89000000
2018-02-24 13:13:10,0.00372100,6.61000000
2018-02-24 13:13:10,0.00372300,2.68000000
2018-02-24 13:13:11,0.00372100,6.12000000
2018-02-24 13:13:12,0.00372300,7.87000000
2018-02-24 13:13:13,0.00372100,2.72000000
2018-02-24 13:13:13,0.00372300,2.08000000
2018-02-24 13:13:13,0.00372200,2.72000000
2018-02-24 13:13:13,0.00372200,0.70000000
2018-02-24 13:13:13,0.00372100,2.02000000
2018-02-24 13:13:13,0.00372300,3.70000000
2018-02-24 13:13:13,0.00372100,2.71000000
2018-02-24 13:13:13,0.00372200,0.75000000
2018-02-24 13:13:13,0.00372300,20.50000000
2018-02-24 13:13:13,0.00372300,1.08000000
2018-02-24 13:13:13,0.00372300,2.72000000
2018-02-24 13:13:13,0.00372300,0.55000000
2018-02-24 13:13:14,0.00372300,1.20000000
2018-02-24 13:13:14,0.00372300,2.72000000
2018-02-24 13:13:14,0.00372300,2.72000000
2018-02-24 13:13:14,0.00372300,2.72000000
2018-02-24 13:13:15,0.00372300,2.72000000
2018-02-24 13:13:15,0.00372300,2.71000000
2018-02-24 13:13:15,0.00372300,5.46000000
2018-02-24 13:13:15,0.00372300,2.72000000
2018-02-24 13:13:15,0.00372300,2.72000000
2018-02-24 13:13:16,0.00372300,2.72000000
2018-02-24 13:13:16,0.00372500,0.80000000
2018-02-24 13:13:16,0.00372300,2.72000000
2018-02-24 13:13:16,0.00372300,2.72000000
2018-02-24 13:13:16,0.00372300,2.72000000
2018-02-24 13:13:17,0.00372500,0.59000000
2018-02-24 13:13:17,0.00372300,6.16000000
2018-02-24 13:13:17,0.00372500,3.47000000
2018-02-24 13:13:17,0.00372500,0.67000000
2018-02-24 13:13:17,0.00372300,2.72000000
2018-02-24 13:13:17,0.00372500,14.07000000
2018-02-24 13:13:17,0.00372700,2.68000000
2018-02-24 13:13:17,0.00372500,12.12000000
2018-02-24 13:13:17,0.00372300,14.84000000
2018-02-24 13:13:17,0.00372500,1.33000000
2018-02-24 13:13:17,0.00372300,1.39000000
2018-02-24 13:13:17,0.00372300,2.72000000
2018-02-24 13:13:17,0.00372300,74.13000000
2018-02-24 13:13:18,0.00372700,0.35000000
2018-02-24 13:13:18,0.00372500,2.72000000
2018-02-24 13:13:18,0.00372700,53.93000000
2018-02-24 13:13:18,0.00372500,7.01000000
2018-02-24 13:13:18,0.00372500,2.72000000
2018-02-24 13:13:18,0.00372500,51.58000000
2018-02-24 13:13:18,0.00372500,2.81000000
2018-02-24 13:13:19,0.00372500,27.74000000
2018-02-24 13:13:19,0.00372500,2.72000000
2018-02-24 13:13:19,0.00372500,5.80000000
2018-02-24 13:13:19,0.00372500,4.55000000
2018-02-24 13:13:19,0.00372300,3.50000000
2018-02-24 13:13:19,0.00372300,8.05000000
2018-02-24 13:13:19,0.00372300,2.72000000
2018-02-24 13:13:19,0.00372500,8.05000000
2018-02-24 13:13:19,0.00372500,2.72000000
2018-02-24 13:13:19,0.00372500,2.72000000
2018-02-24 13:13:20,0.00372500,32.81000000
2018-02-24 13:13:20,0.00372300,32.04000000
2018-02-24 13:13:20,0.00372200,8.26000000
2018-02-24 13:13:20,0.00372200,2.04000000
2018-02-24 13:13:20,0.00372100,0.68000000
2018-02-24 13:13:20,0.00372300,26.76000000
2018-02-24 13:13:20,0.00372700,49.96000000
2018-02-24 13:13:21,0.00372100,2.72000000
2018-02-24 13:13:21,0.00372100,2.72000000
2018-02-24 13:13:21,0.00372100,2.72000000
2018-02-24 13:13:21,0.00372100,3.09000000
2018-02-24 13:13:21,0.00372100,11.00000000
2018-02-24 13:13:21,0.00372100,2.72000000
2018-02-24 13:13:22,0.00372100,26.27000000
2018-02-24 13:13:22,0.00372100,2.72000000
2018-02-24 13:13:22,0.00372500,13.28000000
2018-02-24 13:13:22,0.00372700,9.38000000
2018-02-24 13:13:22,0.00372200,2.72000000
2018-02-24 13:13:22,0.00372200,2.72000000
2018-02-24 13:13:22,0.00372700,10.61000000
2018-02-24 13:13:23,0.00372200,2.72000000
2018-02-24 13:13:23,0.00372700,0.80000000
2018-02-24 13:13:23,0.00372200,2.72000000
2018-02-24 13:13:23,0.00372300,2.72000000
2018-02-24 13:13:24,0.00372300,0.67000000
2018-02-24 13:13:24,0.00372200,2.05000000
2018-02-24 13:13:24,0.00372600,3.28000000
2018-02-24 13:13:24,0.00372200,2.72000000
2018-02-24 13:13:25,0.00372600,21.76000000
2018-02-24 13:13:25,0.00372700,108.16000000
2018-02-24 13:13:25,0.00372200,2.72000000
2018-02-24 13:13:25,0.00372200,20.70000000
2018-02-24 13:13:25,0.00372200,2.72000000
2018-02-24 13:13:25,0.00372700,19.50000000
2018-02-24 13:13:25,0.00372700,6.98000000
2018-02-24 13:13:26,0.00372700,17.91000000
2018-02-24 13:13:26,0.00372300,0.91000000
2018-02-24 13:13:26,0.00372200,1.38000000
2018-02-24 13:13:26,0.00372200,5.71000000
2018-02-24 13:13:26,0.00372200,2.72000000
2018-02-24 13:13:27,0.00372200,24.79000000
2018-02-24 13:13:27,0.00371900,4.50000000
2018-02-24 13:13:28,0.00372100,46.84000000
2018-02-24 13:13:28,0.00371900,13.61000000
2018-02-24 13:13:28,0.00371800,10.00000000
2018-02-24 13:13:28,0.00371500,39.41000000
2018-02-24 13:13:29,0.00372100,0.03000000
2018-02-24 13:13:29,0.00371600,2.72000000
2018-02-24 13:13:29,0.00372000,7.94000000
2018-02-24 13:13:30,0.00372000,5.61000000
2018-02-24 13:13:30,0.00372100,86.68000000
2018-02-24 13:13:31,0.00371500,41.40000000
2018-02-24 13:13:31,0.00371400,3.29000000
2018-02-24 13:13:31,0.00371300,18.84000000
2018-02-24 13:13:32,0.00371700,1.08000000
2018-02-24 13:13:32,0.00371600,2.72000000
2018-02-24 13:13:32,0.00371600,2.72000000
2018-02-24 13:13:32,0.00371600,6.69000000
2018-02-24 13:13:33,0.00371600,1.69000000
2018-02-24 13:13:33,0.00371600,3.73000000
2018-02-24 13:13:33,0.00371600,5.27000000
2018-02-24 13:13:33,0.00371600,2.72000000
2018-02-24 13:13:33,0.00371600,2.14000000
2018-02-24 13:13:34,0.00371600,19.25000000
2018-02-24 13:13:34,0.00371300,34.63000000
2018-02-24 13:13:34,0.00371300,62.04000000
2018-02-24 13:13:34,0.00371700,2.68000000
2018-02-24 13:13:35,0.00371300,84.49000000
2018-02-24 13:13:35,0.00371100,22.23000000
2018-02-24 13:13:35,0.00371600,2.72000000
2018-02-24 13:13:35,0.00371700,4.40000000
2018-02-24 13:13:35,0.00371800,2.72000000
2018-02-24 13:13:35,0.00372000,182.08000000
2018-02-24 13:13:35,0.00371200,2.69000000
2018-02-24 13:13:35,0.00371100,23.95000000
2018-02-24 13:13:35,0.00371000,50.08000000
2018-02-24 13:13:35,0.00372000,1.79000000
2018-02-24 13:13:36,0.00371600,1.00000000
2018-02-24 13:13:38,0.00371400,1.08000000
2018-02-24 13:13:39,0.00371600,1.72000000
2018-02-24 13:13:39,0.00371700,2.72000000
2018-02-24 13:13:39,0.00371900,11.38000000
2018-02-24 13:13:39,0.00371900,9.77000000
2018-02-24 13:13:39,0.00371900,2.68000000
2018-02-24 13:13:40,0.00371600,3.28000000
2018-02-24 13:13:40,0.00371700,62.57000000
2018-02-24 13:13:40,0.00372000,136.65000000
2018-02-24 13:13:40,0.00371500,7.02000000
2018-02-24 13:13:40,0.00371500,8.94000000
2018-02-24 13:13:40,0.00371400,0.03000000
2018-02-24 13:13:41,0.00371400,1.08000000
2018-02-24 13:13:41,0.00372000,11.51000000
2018-02-24 13:13:41,0.00371400,13.23000000
2018-02-24 13:13:42,0.00371200,13.20000000
2018-02-24 13:13:42,0.00371100,0.95000000
2018-02-24 13:13:42,0.00371000,18.61000000
2018-02-24 13:13:42,0.00371000,70.04000000
2018-02-24 13:13:42,0.00371000,72.77000000
2018-02-24 13:13:43,0.00371000,4.82000000
2018-02-24 13:13:43,0.00371000,13.43000000
2018-02-24 13:13:43,0.00371000,17.51000000
2018-02-24 13:13:44,0.00371000,47.00000000
2018-02-24 13:13:46,0.00370900,1.34000000
2018-02-24 13:13:46,0.00370700,1.93000000
2018-02-24 13:13:47,0.00371000,2.70000000
2018-02-24 13:13:48,0.00370700,3.47000000
2018-02-24 13:13:48,0.00371000,21.56000000
2018-02-24 13:13:48,0.00370700,24.60000000
2018-02-24 13:13:48,0.00370500,280.59000000
2018-02-24 13:13:49,0.00370500,0.50000000
2018-02-24 13:13:49,0.00370500,262.94000000
2018-02-24 13:13:49,0.00370500,6.99000000
2018-02-24 13:13:49,0.00370900,0.67000000
2018-02-24 13:13:50,0.00370500,60.75000000
2018-02-24 13:13:50,0.00370400,1.04000000
2018-02-24 13:13:52,0.00370400,8.07000000
2018-02-24 13:13:52,0.00370400,0.53000000
2018-02-24 13:13:52,0.00370300,2.62000000
2018-02-24 13:13:52,0.00370300,7.50000000
2018-02-24 13:13:53,0.00370400,2.02000000
2018-02-24 13:13:53,0.00370400,2.68000000
2018-02-24 13:13:53,0.00370400,0.53000000
2018-02-24 13:13:54,0.00370400,8.06000000
2018-02-24 13:13:54,0.00370400,5.13000000
2018-02-24 13:13:54,0.00370400,40.49000000
2018-02-24 13:13:54,0.00370400,8.09000000
2018-02-24 13:13:54,0.00370400,0.53000000
2018-02-24 13:13:55,0.00370400,5.38000000
2018-02-24 13:13:55,0.00370400,8.06000000
2018-02-24 13:13:55,0.00370400,3.00000000
2018-02-24 13:13:55,0.00370300,5.38000000
2018-02-24 13:13:56,0.00370500,6.44000000
2018-02-24 13:13:56,0.00370700,10.30000000
2018-02-24 13:13:56,0.00370800,16.52000000
2018-02-24 13:13:56,0.00370900,34.23000000
2018-02-24 13:13:57,0.00370300,2.00000000
2018-02-24 13:13:57,0.00370400,17.40000000
2018-02-24 13:13:57,0.00370300,65.42000000
2018-02-24 13:13:57,0.00370800,0.39000000
2018-02-24 13:13:57,0.00370300,21.33000000
2018-02-24 13:13:57,0.00370200,43.02000000
2018-02-24 13:13:58,0.00370300,1.00000000
2018-02-24 13:13:58,0.00370300,2.35000000
2018-02-24 13:13:58,0.00370300,8.00000000
2018-02-24 13:13:58,0.00370300,8.00000000
2018-02-24 13:13:58,0.00370300,8.00000000
2018-02-24 13:13:58,0.00370300,0.67000000
2018-02-24 13:13:59,0.00370300,0.67000000
2018-02-24 13:13:59,0.00370300,70.00000000
2018-02-24 13:13:59,0.00370300,13.42000000
2018-02-24 13:14:00,0.00370300,15.39000000
2018-02-24 13:14:00,0.00370800,5.39000000
2018-02-24 13:14:01,0.00370400,5.39000000
2018-02-24 13:14:01,0.00370300,265.22000000
2018-02-24 13:14:01,0.00370200,750.08000000
2018-02-24 13:14:01,0.00370100,185.49000000
2018-02-24 13:14:01,0.00370000,633.69000000
2018-02-24 13:14:01,0.00369900,18.98000000
2018-02-24 13:14:01,0.00369900,2.49000000
2018-02-24 13:14:01,0.00370000,2.40000000
2018-02-24 13:14:01,0.00370000,2.21000000
2018-02-24 13:14:01,0.00370000,10.56000000
2018-02-24 13:14:01,0.00370000,2.20000000
2018-02-24 13:14:02,0.00370000,8.08000000
2018-02-24 13:14:02,0.00370000,8.09000000
2018-02-24 13:14:02,0.00370000,8.09000000
2018-02-24 13:14:02,0.00370000,5.14000000
2018-02-24 13:14:02,0.00369900,10.00000000
2018-02-24 13:14:03,0.00370000,5.00000000
2018-02-24 13:14:03,0.00370000,43.00000000
2018-02-24 13:14:03,0.00370000,80.98000000
2018-02-24 13:14:03,0.00370000,3.24000000
2018-02-24 13:14:03,0.00370000,119.09000000
2018-02-24 13:14:03,0.00370000,55.07000000
2018-02-24 13:14:03,0.00370000,0.46000000
2018-02-24 13:14:03,0.00370000,4.53000000
2018-02-24 13:14:03,0.00370000,0.46000000
2018-02-24 13:14:03,0.00370000,5.83000000
2018-02-24 13:14:03,0.00369900,1.56000000
2018-02-24 13:14:03,0.00370000,2.77000000
2018-02-24 13:14:03,0.00370000,1.20000000
2018-02-24 13:14:03,0.00369900,5.83000000
2018-02-24 13:14:03,0.00370000,0.65000000
2018-02-24 13:14:03,0.00369900,24.00000000
2018-02-24 13:14:03,0.00370000,64.92000000
2018-02-24 13:14:03,0.00370000,8.85000000
2018-02-24 13:14:03,0.00370000,2.40000000
2018-02-24 13:14:04,0.00370000,0.81000000
2018-02-24 13:14:04,0.00370000,2.30000000
2018-02-24 13:14:04,0.00370000,3.80000000
2018-02-24 13:14:05,0.00370000,3.80000000
2018-02-24 13:14:05,0.00370000,6.77000000
2018-02-24 13:14:05,0.00369900,2.41000000
2018-02-24 13:14:05,0.00370000,94.31000000
2018-02-24 13:14:05,0.00370000,1.35000000
2018-02-24 13:14:06,0.00370000,5.40000000
2018-02-24 13:14:06,0.00370000,2.30000000
2018-02-24 13:14:06,0.00370000,0.36000000
2018-02-24 13:14:06,0.00370000,2.30000000
2018-02-24 13:14:06,0.00369900,13.87000000
2018-02-24 13:14:06,0.00369800,3.53000000
2018-02-24 13:14:06,0.00369700,20.57000000
2018-02-24 13:14:06,0.00369500,103.30000000
2018-02-24 13:14:07,0.00370000,27.02000000
2018-02-24 13:14:07,0.00370000,183.67000000
2018-02-24 13:14:07,0.00370000,0.65000000
2018-02-24 13:14:07,0.00370000,6.58000000
2018-02-24 13:14:08,0.00370000,4.24000000
2018-02-24 13:14:08,0.00370000,1.86000000
2018-02-24 13:14:08,0.00370000,13.51000000
2018-02-24 13:14:08,0.00370000,8.10000000
2018-02-24 13:14:08,0.00370000,2.40000000
2018-02-24 13:14:08,0.00369900,2.44000000
2018-02-24 13:14:08,0.00370000,6.77000000
2018-02-24 13:14:09,0.00370000,4.96000000
2018-02-24 13:14:09,0.00370000,2.77000000
2018-02-24 13:14:09,0.00370000,2.40000000
2018-02-24 13:14:09,0.00370000,0.37000000
2018-02-24 13:14:09,0.00370000,8.09000000
2018-02-24 13:14:09,0.00370000,5.38000000
2018-02-24 13:14:09,0.00370000,75.51000000
2018-02-24 13:14:09,0.00370000,0.65000000
2018-02-24 13:14:09,0.00370000,7.95000000
2018-02-24 13:14:10,0.00370000,13.51000000
2018-02-24 13:14:10,0.00370000,3.24000000
2018-02-24 13:14:10,0.00370000,8.10000000
2018-02-24 13:14:10,0.00370000,8.10000000
2018-02-24 13:14:10,0.00370000,1.75000000
2018-02-24 13:14:10,0.00370000,5.58000000
2018-02-24 13:14:10,0.00370000,4.67000000
2018-02-24 13:14:10,0.00370000,36.00000000
2018-02-24 13:14:10,0.00370000,2.50000000
2018-02-24 13:14:10,0.00369500,65.72000000
2018-02-24 13:14:10,0.00369400,27.60000000
2018-02-24 13:14:10,0.00369300,2.10000000
2018-02-24 13:14:10,0.00369200,204.28000000
2018-02-24 13:14:10,0.00370000,2.19000000
2018-02-24 13:14:11,0.00370000,8.10000000
2018-02-24 13:14:11,0.00370000,8.09000000
2018-02-24 13:14:11,0.00370000,5.24000000
2018-02-24 13:14:11,0.00370000,8.10000000
2018-02-24 13:14:11,0.00370000,1.35000000
2018-02-24 13:14:11,0.00370000,8.09000000
2018-02-24 13:14:11,0.00370000,2.20000000
2018-02-24 13:14:11,0.00370000,8.10000000
2018-02-24 13:14:11,0.00369900,5.04000000
2018-02-24 13:14:12,0.00369900,0.37000000
2018-02-24 13:14:12,0.00370000,0.08000000
2018-02-24 13:14:12,0.00370000,0.34000000
2018-02-24 13:14:12,0.00370000,0.28000000
2018-02-24 13:14:12,0.00370000,0.65000000
2018-02-24 13:14:12,0.00370000,135.13000000
2018-02-24 13:14:12,0.00370000,3.89000000
2018-02-24 13:14:12,0.00370000,115.43000000
2018-02-24 13:14:13,0.00370000,2.77000000
2018-02-24 13:14:13,0.00369800,0.41000000
2018-02-24 13:14:13,0.00369800,11.92000000
2018-02-24 13:14:13,0.00370000,0.41000000
2018-02-24 13:14:13,0.00370000,0.59000000
2018-02-24 13:14:13,0.00369900,2.69000000
2018-02-24 13:14:13,0.00370000,2.68000000
2018-02-24 13:14:13,0.00370000,2.40000000
2018-02-24 13:14:13,0.00370000,0.81000000
2018-02-24 13:14:13,0.00370000,16.41000000
2018-02-24 13:14:13,0.00370000,13.51000000
2018-02-24 13:14:13,0.00370000,2.54000000
2018-02-24 13:14:13,0.00370000,8.10000000
2018-02-24 13:14:13,0.00370000,73.96000000
2018-02-24 13:14:14,0.00370000,2.30000000
2018-02-24 13:14:14,0.00369200,57.24000000
2018-02-24 13:14:14,0.00370000,4.75000000
2018-02-24 13:14:14,0.00370000,8.10000000
2018-02-24 13:14:15,0.00370000,8.10000000
2018-02-24 13:14:15,0.00369300,1.09000000
2018-02-24 13:14:15,0.00369300,2.51000000
2018-02-24 13:14:15,0.00369300,1.41000000
2018-02-24 13:14:15,0.00370000,2.50000000
2018-02-24 13:14:15,0.00370000,5.30000000
2018-02-24 13:14:15,0.00370000,6.30000000
2018-02-24 13:14:16,0.00369200,8.99000000
2018-02-24 13:14:16,0.00370000,13.51000000
2018-02-24 13:14:16,0.00370000,2.20000000
2018-02-24 13:14:16,0.00370000,2.43000000
2018-02-24 13:14:16,0.00370000,1.18000000
2018-02-24 13:14:16,0.00370000,1.35000000
2018-02-24 13:14:17,0.00370000,27.02000000
2018-02-24 13:14:17,0.00369200,28.81000000
2018-02-24 13:14:17,0.00369200,69.18000000
2018-02-24 13:14:17,0.00369100,43.09000000
2018-02-24 13:14:17,0.00369000,131.57000000
2018-02-24 13:14:17,0.00369000,6.00000000
2018-02-24 13:14:17,0.00370000,5.12000000
2018-02-24 13:14:17,0.00370000,18.74000000
2018-02-24 13:14:17,0.00370000,112.82000000
2018-02-24 13:14:17,0.00370000,2.30000000
2018-02-24 13:14:18,0.00370000,46.33000000
2018-02-24 13:14:18,0.00370000,4.23000000
2018-02-24 13:14:18,0.00370000,86.48000000
2018-02-24 13:14:18,0.00370000,16.09000000
2018-02-24 13:14:19,0.00370000,2.30000000
2018-02-24 13:14:19,0.00370000,0.54000000
2018-02-24 13:14:19,0.00370000,12.37000000
2018-02-24 13:14:19,0.00370000,7.32000000
2018-02-24 13:14:20,0.00370000,0.67000000
2018-02-24 13:14:20,0.00370000,5.13000000
2018-02-24 13:14:20,0.00370000,25.20000000
2018-02-24 13:14:20,0.00370000,2.30000000
2018-02-24 13:14:20,0.00370000,17.98000000
2018-02-24 13:14:21,0.00369900,21.44000000
2018-02-24 13:14:21,0.00369900,0.68000000
2018-02-24 13:14:21,0.00370000,33.28000000
2018-02-24 13:14:21,0.00370000,2.20000000
2018-02-24 13:14:21,0.00370000,103.37000000
2018-02-24 13:14:21,0.00370000,89.12000000
2018-02-24 13:14:21,0.00370000,17.40000000
2018-02-24 13:14:22,0.00370000,6.83000000
2018-02-24 13:14:22,0.00370000,0.30000000
2018-02-24 13:14:22,0.00370000,5.02000000
2018-02-24 13:14:22,0.00370000,2.40000000
2018-02-24 13:14:23,0.00370000,36.51000000
2018-02-24 13:14:23,0.00370000,5.38000000
2018-02-24 13:14:23,0.00369900,0.65000000
2018-02-24 13:14:23,0.00369900,2.40000000
2018-02-24 13:14:24,0.00369900,1.65000000
2018-02-24 13:14:24,0.00369900,12.42000000
2018-02-24 13:14:24,0.00369900,105.40000000
2018-02-24 13:14:24,0.00369900,0.30000000
2018-02-24 13:14:24,0.00369900,6.00000000
2018-02-24 13:14:24,0.00369900,41.33000000
2018-02-24 13:14:25,0.00369900,1.41000000
2018-02-24 13:14:25,0.00369900,2.40000000
2018-02-24 13:14:25,0.00369900,0.28000000
2018-02-24 13:14:25,0.00369900,8.83000000
2018-02-24 13:14:26,0.00369500,13.41000000
2018-02-24 13:14:26,0.00369500,63.83000000
2018-02-24 13:14:26,0.00369900,6.02000000
2018-02-24 13:14:26,0.00369900,2.20000000
2018-02-24 13:14:26,0.00369500,63.83000000
2018-02-24 13:14:26,0.00369900,12.47000000
2018-02-24 13:14:27,0.00369900,14.08000000
2018-02-24 13:14:27,0.00369900,2.40000000
2018-02-24 13:14:27,0.00369900,9.00000000
2018-02-24 13:14:27,0.00369900,7.14000000
2018-02-24 13:14:27,0.00369900,28.48000000
2018-02-24 13:14:27,0.00369900,4.23000000
2018-02-24 13:14:28,0.00369900,11.57000000
2018-02-24 13:14:28,0.00369500,10.00000000
2018-02-24 13:14:28,0.00369900,1.74000000
2018-02-24 13:14:28,0.00369900,20.38000000
2018-02-24 13:14:28,0.00369900,2.20000000
2018-02-24 13:14:28,0.00369900,2.70000000
2018-02-24 13:14:29,0.00369900,12.51000000
2018-02-24 13:14:29,0.00369900,8.82000000
2018-02-24 13:14:29,0.00369900,50.04000000
2018-02-24 13:14:29,0.00369900,1.35000000
2018-02-24 13:14:29,0.00369500,32.39000000
2018-02-24 13:14:29,0.00369300,10.16000000
2018-02-24 13:14:29,0.00369900,5.72000000
2018-02-24 13:14:29,0.00369900,2.50000000
2018-02-24 13:14:29,0.00369900,1.35000000
2018-02-24 13:14:30,0.00369900,2.19000000
2018-02-24 13:14:30,0.00369900,7.98000000
2018-02-24 13:14:30,0.00369900,1.43000000
2018-02-24 13:14:30,0.00369900,1.35000000
2018-02-24 13:14:30,0.00369900,8.07000000
2018-02-24 13:14:30,0.00369600,1.41000000
2018-02-24 13:14:30,0.00369900,8.06000000
2018-02-24 13:14:30,0.00369900,20.48000000
2018-02-24 13:14:30,0.00369900,8.06000000
2018-02-24 13:14:30,0.00369900,8.06000000
2018-02-24 13:14:31,0.00369900,1.35000000
2018-02-24 13:14:31,0.00369900,31.37000000
2018-02-24 13:14:31,0.00370000,45.58000000
2018-02-24 13:14:31,0.00370000,2.30000000
2018-02-24 13:14:31,0.00370000,8.06000000
2018-02-24 13:14:31,0.00370000,8.06000000
2018-02-24 13:14:31,0.00370000,8.06000000
2018-02-24 13:14:31,0.00370000,23.36000000
2018-02-24 13:14:31,0.00370000,177.80000000
2018-02-24 13:14:31,0.00370000,1.35000000
2018-02-24 13:14:32,0.00370000,8.06000000
2018-02-24 13:14:32,0.00370000,8.06000000
2018-02-24 13:14:32,0.00370000,2.25000000
2018-02-24 13:14:32,0.00370000,30.00000000
2018-02-24 13:14:32,0.00370000,2.25000000
2018-02-24 13:14:32,0.00370000,1.35000000
2018-02-24 13:14:32,0.00369900,22.95000000
2018-02-24 13:14:32,0.00369600,11.56000000
2018-02-24 13:14:32,0.00369500,347.61000000
2018-02-24 13:14:32,0.00369300,70.38000000
2018-02-24 13:14:32,0.00369200,17.43000000
2018-02-24 13:14:32,0.00369000,30.07000000
2018-02-24 13:14:32,0.00370000,13.51000000
2018-02-24 13:14:32,0.00370000,8.06000000
2018-02-24 13:14:32,0.00370000,8.06000000
2018-02-24 13:14:32,0.00370000,8.06000000
