DATE,PRICE,VOLUME
2018-02-28 11:00:07,0.00320200,1.56000000
2018-02-28 11:00:08,0.00320200,7.00000000
2018-02-28 11:00:11,0.00320200,0.97000000
2018-02-28 11:00:15,0.00320200,0.02000000
2018-02-28 11:00:15,0.00320100,76.22000000
2018-02-28 11:00:15,0.00320000,11.57000000
2018-02-28 11:00:32,0.00320500,4.09000000
2018-02-28 11:00:37,0.00320100,0.70000000
2018-02-28 11:00:39,0.00320000,9.97000000
2018-02-28 11:00:40,0.00320200,0.67000000
2018-02-28 11:00:46,0.00320200,45.96000000
2018-02-28 11:00:51,0.00320200,1.86000000
2018-02-28 11:01:05,0.00320100,3.07000000
2018-02-28 11:01:07,0.00320200,4.75000000
2018-02-28 11:01:14,0.00320200,2.77000000
2018-02-28 11:01:16,0.00320400,2.40000000
2018-02-28 11:01:19,0.00320400,2.30000000
2018-02-28 11:01:21,0.00320400,2.50000000
2018-02-28 11:01:23,0.00320400,2.40000000
2018-02-28 11:01:26,0.00320400,2.50000000
2018-02-28 11:01:28,0.00320200,0.53000000
2018-02-28 11:01:28,0.00320400,2.40000000
2018-02-28 11:01:28,0.00320200,1.90000000
2018-02-28 11:01:30,0.00320400,2.40000000
2018-02-28 11:01:30,0.00320400,35.63000000
2018-02-28 11:01:31,0.00320400,3.64000000
2018-02-28 11:01:32,0.00320500,2.30000000
2018-02-28 11:01:35,0.00320500,2.50000000
2018-02-28 11:01:37,0.00320500,2.40000000
2018-02-28 11:01:39,0.00320500,2.50000000
2018-02-28 11:01:40,0.00320400,1.00000000
2018-02-28 11:01:41,0.00320400,4.57000000
2018-02-28 11:01:42,0.00320500,2.50000000
2018-02-28 11:01:43,0.00320500,3.70000000
2018-02-28 11:01:44,0.00320500,2.30000000
2018-02-28 11:01:45,0.00320500,16.41000000
2018-02-28 11:01:46,0.00320500,2.50000000
2018-02-28 11:01:49,0.00320500,2.50000000
2018-02-28 11:01:49,0.00320400,0.30000000
2018-02-28 11:01:51,0.00320400,10.49000000
2018-02-28 11:01:51,0.00320300,5.82000000
2018-02-28 11:01:51,0.00320500,2.30000000
2018-02-28 11:01:53,0.00320500,2.30000000
2018-02-28 11:01:56,0.00320500,2.03000000
2018-02-28 11:01:56,0.00320700,0.47000000
2018-02-28 11:02:12,0.00320400,0.05000000
2018-02-28 11:02:32,0.00320400,6.00000000
2018-02-28 11:02:32,0.00320500,1.18000000
2018-02-28 11:02:32,0.00320600,1.12000000
2018-02-28 11:02:36,0.00320600,3.11000000
2018-02-28 11:02:39,0.00320600,0.01000000
2018-02-28 11:02:41,0.00320600,27.40000000
2018-02-28 11:02:48,0.00320400,3.00000000
2018-02-28 11:03:02,0.00320400,1.85000000
2018-02-28 11:03:09,0.00320400,2.80000000
2018-02-28 11:03:12,0.00320400,96.60000000
2018-02-28 11:03:29,0.00320600,3.11000000
2018-02-28 11:03:30,0.00320600,3.71000000
2018-02-28 11:03:30,0.00320600,4.56000000
2018-02-28 11:03:31,0.00320600,10.47000000
2018-02-28 11:03:33,0.00320600,52.50000000
2018-02-28 11:03:36,0.00320600,19.03000000
2018-02-28 11:03:39,0.00320600,1.12000000
2018-02-28 11:03:40,0.00320500,3.92000000
2018-02-28 11:03:58,0.00320600,32.35000000
2018-02-28 11:03:58,0.00320700,20.24000000
2018-02-28 11:03:58,0.00320900,4.43000000
2018-02-28 11:04:01,0.00320900,1.43000000
2018-02-28 11:04:02,0.00320900,0.62000000
2018-02-28 11:04:13,0.00320900,67.69000000
2018-02-28 11:04:13,0.00320900,4.37000000
2018-02-28 11:04:13,0.00320900,3.33000000
2018-02-28 11:04:33,0.00320800,3.66000000
2018-02-28 11:04:35,0.00320800,17.17000000
2018-02-28 11:04:38,0.00320700,6.25000000
2018-02-28 11:04:43,0.00320700,36.22000000
2018-02-28 11:04:46,0.00320800,21.00000000
2018-02-28 11:04:48,0.00320800,0.09000000
2018-02-28 11:05:01,0.00320800,2.21000000
2018-02-28 11:05:04,0.00320800,6.43000000
2018-02-28 11:05:04,0.00320700,1.17000000
2018-02-28 11:05:09,0.00320800,1.30000000
2018-02-28 11:05:10,0.00320700,1.39000000
2018-02-28 11:05:11,0.00320800,1.42000000
2018-02-28 11:05:19,0.00320700,11.51000000
2018-02-28 11:05:25,0.00320700,12.08000000
2018-02-28 11:05:25,0.00320700,13.78000000
2018-02-28 11:05:25,0.00320700,10.21000000
2018-02-28 11:05:40,0.00320700,1.73000000
2018-02-28 11:05:43,0.00320700,26.41000000
2018-02-28 11:05:47,0.00320700,6.51000000
2018-02-28 11:05:48,0.00320800,16.31000000
2018-02-28 11:05:48,0.00320900,27.58000000
2018-02-28 11:05:49,0.00320900,15.62000000
2018-02-28 11:05:49,0.00320900,80.62000000
2018-02-28 11:05:53,0.00320700,1.00000000
2018-02-28 11:05:55,0.00320900,2.40000000
2018-02-28 11:05:56,0.00320700,5.64000000
2018-02-28 11:06:05,0.00320700,10.20000000
2018-02-28 11:06:09,0.00320800,7.37000000
2018-02-28 11:06:10,0.00320800,1.62000000
2018-02-28 11:06:12,0.00320800,0.75000000
2018-02-28 11:06:13,0.00320800,1.00000000
2018-02-28 11:06:14,0.00320800,4.84000000
2018-02-28 11:06:14,0.00320700,29.51000000
2018-02-28 11:06:16,0.00320700,0.64000000
2018-02-28 11:06:17,0.00320700,25.07000000
2018-02-28 11:06:19,0.00320700,0.75000000
2018-02-28 11:06:19,0.00320700,30.39000000
2018-02-28 11:06:19,0.00320700,1.95000000
2018-02-28 11:06:21,0.00320700,24.21000000
2018-02-28 11:06:27,0.00320700,14.99000000
2018-02-28 11:06:29,0.00320700,25.65000000
2018-02-28 11:06:30,0.00320700,1.56000000
2018-02-28 11:06:30,0.00320700,30.66000000
2018-02-28 11:06:30,0.00320700,6.23000000
2018-02-28 11:06:33,0.00320800,0.30000000
2018-02-28 11:06:33,0.00320700,14.85000000
2018-02-28 11:06:36,0.00320700,9.88000000
2018-02-28 11:06:36,0.00320400,1.24000000
2018-02-28 11:06:37,0.00320400,8.40000000
2018-02-28 11:06:37,0.00320300,3.60000000
2018-02-28 11:06:44,0.00320400,0.61000000
2018-02-28 11:06:48,0.00320400,15.08000000
2018-02-28 11:06:55,0.00320300,0.98000000
2018-02-28 11:07:10,0.00320700,33.57000000
2018-02-28 11:07:15,0.00320300,7.27000000
2018-02-28 11:07:20,0.00320300,2.08000000
2018-02-28 11:07:21,0.00320300,0.66000000
2018-02-28 11:07:21,0.00320300,2.00000000
2018-02-28 11:07:21,0.00320300,2.48000000
2018-02-28 11:07:21,0.00320000,39.62000000
2018-02-28 11:07:22,0.00319900,0.80000000
2018-02-28 11:07:23,0.00319900,10.14000000
2018-02-28 11:07:25,0.00320000,0.84000000
2018-02-28 11:07:25,0.00319900,20.31000000
2018-02-28 11:07:26,0.00319900,3.12000000
2018-02-28 11:07:36,0.00319900,1.70000000
2018-02-28 11:07:58,0.00319900,0.07000000
2018-02-28 11:08:04,0.00319800,10.00000000
2018-02-28 11:08:07,0.00319900,9.38000000
2018-02-28 11:08:07,0.00319800,1.38000000
2018-02-28 11:08:08,0.00319800,2.00000000
2018-02-28 11:08:11,0.00319700,5.95000000
2018-02-28 11:08:14,0.00319700,11.05000000
2018-02-28 11:08:14,0.00319800,100.07000000
2018-02-28 11:08:14,0.00319900,15.52000000
2018-02-28 11:08:20,0.00319700,1.03000000
2018-02-28 11:08:21,0.00319700,8.21000000
2018-02-28 11:08:28,0.00319800,0.57000000
2018-02-28 11:08:32,0.00319700,3.43000000
2018-02-28 11:08:38,0.00319700,0.52000000
2018-02-28 11:08:39,0.00319700,2.16000000
2018-02-28 11:08:51,0.00319700,6.92000000
2018-02-28 11:08:51,0.00319800,83.39000000
2018-02-28 11:08:51,0.00319900,14.81000000
2018-02-28 11:08:51,0.00320300,19.97000000
2018-02-28 11:08:51,0.00320700,18.24000000
2018-02-28 11:09:06,0.00320300,3.76000000
2018-02-28 11:09:06,0.00319800,2.00000000
2018-02-28 11:09:06,0.00319500,27.09000000
2018-02-28 11:09:06,0.00319300,209.90000000
2018-02-28 11:09:07,0.00320300,0.71000000
2018-02-28 11:09:07,0.00319400,1.56000000
2018-02-28 11:09:08,0.00320300,1.80000000
2018-02-28 11:09:12,0.00319800,0.87000000
2018-02-28 11:09:13,0.00319800,0.69000000
2018-02-28 11:09:13,0.00319900,2.61000000
2018-02-28 11:09:16,0.00320200,1.45000000
2018-02-28 11:09:29,0.00319400,0.75000000
2018-02-28 11:09:29,0.00319900,0.73000000
2018-02-28 11:09:30,0.00319900,3.12000000
2018-02-28 11:09:39,0.00319800,2.59000000
2018-02-28 11:09:39,0.00319900,22.23000000
2018-02-28 11:09:39,0.00320000,30.42000000
2018-02-28 11:09:42,0.00319700,9.38000000
2018-02-28 11:09:42,0.00319600,2.00000000
2018-02-28 11:09:42,0.00319500,14.87000000
2018-02-28 11:09:42,0.00319400,120.73000000
2018-02-28 11:09:43,0.00319400,1.00000000
2018-02-28 11:09:49,0.00319900,0.46000000
2018-02-28 11:10:01,0.00319200,59.40000000
2018-02-28 11:10:01,0.00319100,24.33000000
2018-02-28 11:10:01,0.00319000,4.13000000
2018-02-28 11:10:01,0.00318900,48.82000000
2018-02-28 11:10:01,0.00318800,4.62000000
2018-02-28 11:10:16,0.00319300,10.00000000
2018-02-28 11:10:19,0.00319300,5.16000000
2018-02-28 11:10:19,0.00319400,9.38000000
2018-02-28 11:10:33,0.00320000,1.32000000
2018-02-28 11:10:43,0.00320000,3.12000000
2018-02-28 11:10:45,0.00319300,10.00000000
2018-02-28 11:10:46,0.00320000,3.12000000
2018-02-28 11:10:47,0.00320000,50.30000000
2018-02-28 11:10:47,0.00320400,10.60000000
2018-02-28 11:10:53,0.00320500,1.56000000
2018-02-28 11:10:53,0.00320600,1.56000000
2018-02-28 11:11:04,0.00319600,9.38000000
2018-02-28 11:11:04,0.00319400,17.35000000
2018-02-28 11:11:04,0.00319300,15.01000000
2018-02-28 11:11:11,0.00320000,1.87000000
2018-02-28 11:11:22,0.00319800,8.79000000
2018-02-28 11:11:31,0.00319800,10.58000000
2018-02-28 11:11:36,0.00319800,27.66000000
2018-02-28 11:11:36,0.00319900,9.38000000
2018-02-28 11:11:37,0.00319900,31.25000000
2018-02-28 11:11:37,0.00319900,21.92000000
2018-02-28 11:11:40,0.00319900,13.69000000
2018-02-28 11:11:42,0.00320200,0.91000000
2018-02-28 11:11:56,0.00320000,0.63000000
2018-02-28 11:11:58,0.00320000,9.89000000
2018-02-28 11:11:58,0.00319900,23.16000000
2018-02-28 11:12:14,0.00320800,2.49000000
2018-02-28 11:12:14,0.00320800,0.67000000
2018-02-28 11:12:32,0.00320600,3.11000000
2018-02-28 11:12:33,0.00320100,9.37000000
2018-02-28 11:12:33,0.00320000,17.00000000
2018-02-28 11:12:36,0.00319900,86.81000000
2018-02-28 11:12:38,0.00319900,50.00000000
2018-02-28 11:12:44,0.00319900,3.00000000
2018-02-28 11:12:46,0.00319900,2.15000000
2018-02-28 11:12:54,0.00320000,3.70000000
2018-02-28 11:12:55,0.00320000,5.00000000
2018-02-28 11:12:55,0.00320000,1.30000000
2018-02-28 11:12:58,0.00320000,10.01000000
2018-02-28 11:12:58,0.00319900,39.99000000
2018-02-28 11:13:03,0.00320000,10.51000000
2018-02-28 11:13:04,0.00320000,0.61000000
2018-02-28 11:13:08,0.00320000,4.62000000
2018-02-28 11:13:13,0.00320000,4.27000000
2018-02-28 11:13:13,0.00319900,108.60000000
2018-02-28 11:13:13,0.00319400,9.97000000
2018-02-28 11:13:13,0.00318900,5.00000000
2018-02-28 11:13:13,0.00318800,20.15000000
2018-02-28 11:13:41,0.00319800,3.12000000
2018-02-28 11:13:48,0.00319200,1.52000000
2018-02-28 11:13:51,0.00319300,11.36000000
2018-02-28 11:13:51,0.00319200,5.64000000
2018-02-28 11:13:54,0.00319500,0.74000000
2018-02-28 11:13:54,0.00319700,3.13000000
2018-02-28 11:14:06,0.00319700,3.12000000
2018-02-28 11:14:13,0.00319200,12.82000000
2018-02-28 11:14:14,0.00318800,2.40000000
2018-02-28 11:14:14,0.00318800,3.97000000
2018-02-28 11:14:15,0.00319700,1.60000000
2018-02-28 11:14:16,0.00318900,14.79000000
2018-02-28 11:14:16,0.00318800,9.82000000
2018-02-28 11:14:22,0.00319300,6.47000000
2018-02-28 11:14:24,0.00319300,1.83000000
2018-02-28 11:14:26,0.00319300,0.75000000
2018-02-28 11:14:27,0.00319300,7.27000000
2018-02-28 11:14:27,0.00319300,4.72000000
2018-02-28 11:14:32,0.00319300,8.02000000
2018-02-28 11:14:33,0.00319300,21.22000000
2018-02-28 11:14:34,0.00319300,8.35000000
2018-02-28 11:14:37,0.00319300,15.17000000
2018-02-28 11:14:38,0.00319300,1.00000000
2018-02-28 11:14:41,0.00319200,8.01000000
2018-02-28 11:14:43,0.00319200,1.00000000
2018-02-28 11:14:45,0.00319200,3.86000000
2018-02-28 11:14:45,0.00319300,48.61000000
2018-02-28 11:14:47,0.00319300,0.71000000
2018-02-28 11:14:48,0.00319300,18.39000000
2018-02-28 11:14:55,0.00319300,11.24000000
2018-02-28 11:14:59,0.00319300,5.61000000
2018-02-28 11:15:02,0.00319300,12.56000000
2018-02-28 11:15:05,0.00319700,13.99000000
2018-02-28 11:15:05,0.00319200,10.00000000
2018-02-28 11:15:05,0.00319100,4.51000000
2018-02-28 11:15:07,0.00319700,0.34000000
2018-02-28 11:15:10,0.00319100,49.04000000
2018-02-28 11:15:15,0.00319100,21.07000000
2018-02-28 11:15:17,0.00319600,0.38000000
2018-02-28 11:15:17,0.00319700,7.63000000
2018-02-28 11:15:20,0.00319700,0.78000000
2018-02-28 11:15:27,0.00319500,39.99000000
2018-02-28 11:15:28,0.00319100,1.96000000
2018-02-28 11:15:28,0.00319300,19.98000000
2018-02-28 11:15:29,0.00319300,23.05000000
2018-02-28 11:15:30,0.00319300,17.41000000
2018-02-28 11:15:37,0.00319200,5.16000000
2018-02-28 11:15:43,0.00319200,12.19000000
2018-02-28 11:15:46,0.00319300,43.45000000
2018-02-28 11:15:46,0.00319300,43.45000000
2018-02-28 11:15:47,0.00319300,92.05000000
2018-02-28 11:15:50,0.00319200,7.04000000
2018-02-28 11:15:52,0.00319200,8.02000000
2018-02-28 11:15:54,0.00319300,52.60000000
2018-02-28 11:15:56,0.00319300,39.47000000
2018-02-28 11:16:02,0.00319300,13.13000000
2018-02-28 11:16:03,0.00319200,2.60000000
2018-02-28 11:16:05,0.00319300,3.13000000
2018-02-28 11:16:12,0.00319200,7.40000000
2018-02-28 11:16:12,0.00319100,7.31000000
2018-02-28 11:16:12,0.00319000,24.57000000
2018-02-28 11:16:12,0.00318800,9.00000000
2018-02-28 11:16:12,0.00318800,103.73000000
2018-02-28 11:16:12,0.00318700,27.63000000
2018-02-28 11:16:12,0.00318700,0.38000000
2018-02-28 11:16:12,0.00318600,76.11000000
2018-02-28 11:16:12,0.00318500,58.28000000
2018-02-28 11:16:12,0.00318400,1.00000000
2018-02-28 11:16:12,0.00318300,33.00000000
2018-02-28 11:16:12,0.00318200,119.80000000
2018-02-28 11:16:12,0.00318100,15.18000000
2018-02-28 11:16:12,0.00318100,79.14000000
2018-02-28 11:16:13,0.00318700,51.05000000
2018-02-28 11:16:13,0.00319000,9.00000000
2018-02-28 11:16:13,0.00319100,75.16000000
2018-02-28 11:16:13,0.00318700,1.07000000
2018-02-28 11:16:13,0.00318700,0.54000000
2018-02-28 11:16:14,0.00318100,8.00000000
2018-02-28 11:16:14,0.00318100,8.00000000
2018-02-28 11:16:14,0.00318100,12.00000000
2018-02-28 11:16:14,0.00318100,8.00000000
2018-02-28 11:16:14,0.00318100,8.00000000
2018-02-28 11:16:15,0.00318700,25.19000000
2018-02-28 11:16:15,0.00318700,4.72000000
2018-02-28 11:16:15,0.00318100,15.75000000
2018-02-28 11:16:15,0.00318700,20.52000000
2018-02-28 11:16:17,0.00319100,26.22000000
2018-02-28 11:16:17,0.00318700,0.35000000
2018-02-28 11:16:17,0.00318300,9.42000000
2018-02-28 11:16:17,0.00318200,5.98000000
2018-02-28 11:16:19,0.00318100,15.75000000
2018-02-28 11:16:19,0.00318200,8.82000000
2018-02-28 11:16:20,0.00318200,8.03000000
2018-02-28 11:16:20,0.00318200,8.10000000
2018-02-28 11:16:20,0.00318200,14.80000000
2018-02-28 11:16:20,0.00318200,2.04000000
2018-02-28 11:16:20,0.00318100,29.39000000
2018-02-28 11:16:21,0.00318100,4.13000000
2018-02-28 11:16:21,0.00318000,11.62000000
2018-02-28 11:16:22,0.00319100,5.02000000
2018-02-28 11:16:23,0.00318100,3.15000000
2018-02-28 11:16:25,0.00318200,0.61000000
2018-02-28 11:16:25,0.00318100,2.54000000
2018-02-28 11:16:25,0.00318200,0.61000000
2018-02-28 11:16:25,0.00318100,12.71000000
2018-02-28 11:16:26,0.00318100,38.49000000
2018-02-28 11:16:26,0.00318100,18.33000000
2018-02-28 11:16:26,0.00318000,17.34000000
2018-02-28 11:16:27,0.00318100,8.14000000
2018-02-28 11:16:28,0.00318100,12.02000000
2018-02-28 11:16:30,0.00318000,7.40000000
2018-02-28 11:16:30,0.00318000,4.04000000
2018-02-28 11:16:30,0.00318000,6.32000000
2018-02-28 11:16:30,0.00318000,7.40000000
2018-02-28 11:16:30,0.00318000,7.40000000
2018-02-28 11:16:31,0.00318100,0.01000000
2018-02-28 11:16:32,0.00318700,5.62000000
2018-02-28 11:16:32,0.00318800,3.13000000
2018-02-28 11:16:32,0.00318400,2.39000000
2018-02-28 11:16:32,0.00318100,0.76000000
2018-02-28 11:16:34,0.00318800,2.40000000
2018-02-28 11:16:36,0.00318200,3.15000000
2018-02-28 11:16:37,0.00319100,1.06000000
2018-02-28 11:16:37,0.00319200,1.34000000
2018-02-28 11:16:38,0.00318200,3.15000000
2018-02-28 11:16:39,0.00319100,2.40000000
2018-02-28 11:16:41,0.00319000,3.14000000
2018-02-28 11:16:42,0.00319000,0.01000000
2018-02-28 11:16:42,0.00319100,0.75000000
2018-02-28 11:16:42,0.00319200,1.74000000
2018-02-28 11:16:44,0.00318400,3.15000000
2018-02-28 11:16:46,0.00318400,1.51000000
2018-02-28 11:16:46,0.00318300,1.64000000
2018-02-28 11:16:46,0.00319000,2.50000000
2018-02-28 11:16:48,0.00318300,3.15000000
2018-02-28 11:16:48,0.00318900,0.78000000
2018-02-28 11:16:49,0.00318900,2.37000000
2018-02-28 11:16:49,0.00319000,0.13000000
2018-02-28 11:16:51,0.00319000,0.52000000
2018-02-28 11:16:51,0.00319100,1.78000000
2018-02-28 11:16:52,0.00318400,3.15000000
2018-02-28 11:16:53,0.00319000,2.40000000
2018-02-28 11:16:54,0.00318400,3.15000000
2018-02-28 11:16:55,0.00319000,0.75000000
2018-02-28 11:16:55,0.00319100,3.44000000
2018-02-28 11:16:56,0.00318400,3.15000000
2018-02-28 11:16:56,0.00319000,2.40000000
2018-02-28 11:16:56,0.00319000,0.75000000
2018-02-28 11:16:56,0.00319300,3.44000000
2018-02-28 11:16:58,0.00319200,2.40000000
2018-02-28 11:16:58,0.00318600,6.25000000
2018-02-28 11:16:58,0.00318400,9.48000000
2018-02-28 11:17:01,0.00318900,2.40000000
2018-02-28 11:17:02,0.00318400,2.05000000
2018-02-28 11:17:02,0.00318300,14.25000000
2018-02-28 11:17:02,0.00318100,97.71000000
2018-02-28 11:17:02,0.00318000,161.84000000
2018-02-28 11:17:02,0.00317900,7.75000000
2018-02-28 11:17:02,0.00317800,1631.17000000
2018-02-28 11:17:03,0.00318700,1.67000000
2018-02-28 11:17:03,0.00318800,0.38000000
2018-02-28 11:17:03,0.00318900,0.25000000
2018-02-28 11:17:06,0.00318800,2.50000000
2018-02-28 11:17:06,0.00318800,3.13000000
2018-02-28 11:17:06,0.00318700,1.37000000
2018-02-28 11:17:08,0.00318700,2.30000000
2018-02-28 11:17:11,0.00318700,2.30000000
2018-02-28 11:17:11,0.00318700,0.30000000
2018-02-28 11:17:13,0.00318700,0.56000000
2018-02-28 11:17:14,0.00319000,1.84000000
2018-02-28 11:17:15,0.00318200,3.15000000
2018-02-28 11:17:15,0.00318700,9.89000000
2018-02-28 11:17:15,0.00318300,6.67000000
2018-02-28 11:17:15,0.00318200,0.38000000
2018-02-28 11:17:15,0.00318100,2.50000000
2018-02-28 11:17:15,0.00317900,6.77000000
2018-02-28 11:17:15,0.00317800,457.35000000
2018-02-28 11:17:16,0.00318000,2.30000000
2018-02-28 11:17:16,0.00318000,6.88000000
2018-02-28 11:17:16,0.00318800,2.12000000
2018-02-28 11:17:18,0.00318500,1.03000000
2018-02-28 11:17:18,0.00318600,1.47000000
2018-02-28 11:17:20,0.00318400,13.33000000
2018-02-28 11:17:20,0.00317800,17.03000000
2018-02-28 11:17:20,0.00317600,3.99000000
2018-02-28 11:17:20,0.00317500,13.07000000
2018-02-28 11:17:20,0.00318400,0.01000000
2018-02-28 11:17:21,0.00318800,0.38000000
2018-02-28 11:17:23,0.00319000,1.84000000
2018-02-28 11:17:23,0.00319200,0.66000000
2018-02-28 11:17:25,0.00319100,1.07000000
2018-02-28 11:17:25,0.00319200,1.43000000
2018-02-28 11:17:26,0.00318800,0.09000000
2018-02-28 11:17:26,0.00318700,2.39000000
2018-02-28 11:17:26,0.00318500,5.42000000
2018-02-28 11:17:28,0.00319100,17.23000000
2018-02-28 11:17:28,0.00319100,2.30000000
2018-02-28 11:17:28,0.00318500,15.73000000
2018-02-28 11:17:30,0.00319100,2.40000000
2018-02-28 11:17:32,0.00319100,2.50000000
2018-02-28 11:17:36,0.00319000,4.79000000
2018-02-28 11:17:39,0.00318800,1.68000000
2018-02-28 11:17:39,0.00318800,7.77000000
2018-02-28 11:17:39,0.00318700,15.72000000
2018-02-28 11:17:40,0.00318800,2.30000000
2018-02-28 11:17:41,0.00318700,2.19000000
2018-02-28 11:17:41,0.00318700,15.72000000
2018-02-28 11:17:42,0.00318800,2.40000000
2018-02-28 11:17:43,0.00318700,15.72000000
2018-02-28 11:17:45,0.00318700,3.14000000
2018-02-28 11:17:47,0.00318700,7.73000000
2018-02-28 11:17:50,0.00318700,362.06000000
2018-02-28 11:17:52,0.00318700,61.80000000
2018-02-28 11:17:53,0.00318700,30.91000000
2018-02-28 11:17:55,0.00318700,2.50000000
2018-02-28 11:17:56,0.00318700,28.42000000
2018-02-28 11:18:00,0.00318800,24.46000000
2018-02-28 11:18:01,0.00318700,3.14000000
2018-02-28 11:18:02,0.00318800,2.40000000
2018-02-28 11:18:05,0.00318700,15.72000000
2018-02-28 11:18:05,0.00318700,255.47000000
2018-02-28 11:18:06,0.00318800,2.26000000
2018-02-28 11:18:09,0.00319100,1.17000000
2018-02-28 11:18:09,0.00319200,1.23000000
2018-02-28 11:18:10,0.00319200,4.17000000
2018-02-28 11:18:10,0.00319300,1.16000000
2018-02-28 11:18:11,0.00318800,7.15000000
2018-02-28 11:18:11,0.00318700,2.85000000
2018-02-28 11:18:11,0.00319300,2.40000000
2018-02-28 11:18:13,0.00319200,0.51000000
2018-02-28 11:18:13,0.00319200,0.65000000
2018-02-28 11:18:13,0.00318700,0.03000000
2018-02-28 11:18:14,0.00319300,2.50000000
2018-02-28 11:18:16,0.00318800,2.18000000
2018-02-28 11:18:18,0.00319300,2.30000000
2018-02-28 11:18:23,0.00318800,15.49000000
2018-02-28 11:18:23,0.00318700,251.37000000
2018-02-28 11:18:27,0.00319200,0.38000000
2018-02-28 11:18:27,0.00319300,2.12000000
2018-02-28 11:18:29,0.00318700,7.29000000
2018-02-28 11:18:32,0.00319300,0.94000000
2018-02-28 11:18:34,0.00319300,2.30000000
2018-02-28 11:18:37,0.00318700,0.50000000
2018-02-28 11:18:40,0.00319300,2.30000000
2018-02-28 11:18:42,0.00318700,21.71000000
2018-02-28 11:18:43,0.00318700,106.57000000
2018-02-28 11:18:43,0.00318400,18.71000000
2018-02-28 11:18:45,0.00319300,2.40000000
2018-02-28 11:18:47,0.00318500,8.37000000
2018-02-28 11:18:50,0.00319200,1.38000000
2018-02-28 11:18:52,0.00318700,0.32000000
2018-02-28 11:18:56,0.00319200,9.36000000
2018-02-28 11:19:01,0.00319200,3.13000000
2018-02-28 11:19:04,0.00319200,84.46000000
2018-02-28 11:19:05,0.00319000,2.08000000
2018-02-28 11:19:08,0.00319100,1.67000000
2018-02-28 11:19:09,0.00319100,28.51000000
2018-02-28 11:19:09,0.00319100,1.52000000
2018-02-28 11:19:11,0.00319000,18.48000000
2018-02-28 11:19:26,0.00319000,3.01000000
2018-02-28 11:19:38,0.00319000,12.95000000
2018-02-28 11:19:40,0.00319000,58.16000000
2018-02-28 11:19:40,0.00319000,2.50000000
2018-02-28 11:19:41,0.00319000,40.00000000
2018-02-28 11:19:43,0.00318900,7.50000000
2018-02-28 11:19:45,0.00318900,2.40000000
2018-02-28 11:19:47,0.00318900,2.50000000
2018-02-28 11:19:48,0.00318900,19.49000000
2018-02-28 11:19:48,0.00319000,0.94000000
2018-02-28 11:19:52,0.00318500,2.70000000
2018-02-28 11:19:52,0.00318400,32.24000000
2018-02-28 11:19:54,0.00318400,115.74000000
2018-02-28 11:19:54,0.00318400,136.56000000
2018-02-28 11:19:55,0.00318400,115.72000000
2018-02-28 11:19:56,0.00318400,25.30000000
2018-02-28 11:19:56,0.00318400,2.30000000
2018-02-28 11:19:57,0.00318400,0.02000000
2018-02-28 11:19:58,0.00318400,0.52000000
2018-02-28 11:19:59,0.00318400,2.40000000
2018-02-28 11:19:59,0.00318400,57.06000000
2018-02-28 11:20:00,0.00318400,23.91000000
2018-02-28 11:20:02,0.00318400,2.40000000
2018-02-28 11:20:04,0.00318400,2.30000000
2018-02-28 11:20:04,0.00318100,13.00000000
2018-02-28 11:20:05,0.00318100,0.53000000
2018-02-28 11:20:06,0.00318100,3.00000000
2018-02-28 11:20:06,0.00318100,19.98000000
2018-02-28 11:20:06,0.00318100,20.51000000
2018-02-28 11:20:06,0.00318100,2.50000000
2018-02-28 11:20:08,0.00318100,6.48000000
2018-02-28 11:20:09,0.00318400,2.30000000
2018-02-28 11:20:21,0.00318300,2.40000000
2018-02-28 11:20:23,0.00318300,2.50000000
2018-02-28 11:20:24,0.00318000,8.36000000
2018-02-28 11:20:26,0.00318000,2.40000000
2018-02-28 11:20:26,0.00318000,49.58000000
2018-02-28 11:20:27,0.00318000,31.06000000
2018-02-28 11:20:28,0.00318000,2.30000000
2018-02-28 11:20:28,0.00318000,66.88000000
2018-02-28 11:20:29,0.00318000,12.11000000
2018-02-28 11:20:31,0.00318000,35.71000000
2018-02-28 11:20:31,0.00318000,46.21000000
2018-02-28 11:20:31,0.00318000,1.63000000
2018-02-28 11:20:33,0.00318000,9.99000000
2018-02-28 11:20:33,0.00317700,41.33000000
2018-02-28 11:20:36,0.00317700,2.00000000
2018-02-28 11:20:37,0.00318300,2.40000000
2018-02-28 11:20:44,0.00318200,55.30000000
2018-02-28 11:20:44,0.00318200,3.14000000
2018-02-28 11:20:46,0.00318200,76.23000000
2018-02-28 11:20:48,0.00318200,64.88000000
2018-02-28 11:20:52,0.00318200,2.40000000
2018-02-28 11:20:54,0.00318200,2.50000000
2018-02-28 11:20:57,0.00317900,49.87000000
2018-02-28 11:21:00,0.00318000,13.65000000
2018-02-28 11:21:03,0.00318200,39.59000000
2018-02-28 11:21:08,0.00318000,2.00000000
2018-02-28 11:21:08,0.00318200,477.53000000
2018-02-28 11:21:08,0.00318200,19.97000000
2018-02-28 11:21:09,0.00318000,2.36000000
2018-02-28 11:21:13,0.00318000,8.55000000
2018-02-28 11:21:13,0.00318000,19.57000000
2018-02-28 11:21:16,0.00318000,2.43000000
2018-02-28 11:21:16,0.00317800,10.00000000
2018-02-28 11:21:17,0.00317800,0.85000000
2018-02-28 11:21:17,0.00317800,2.62000000
2018-02-28 11:21:21,0.00318000,2.40000000
2018-02-28 11:21:22,0.00318000,27.39000000
2018-02-28 11:21:23,0.00318000,2.50000000
2018-02-28 11:21:26,0.00318000,2.30000000
2018-02-28 11:21:27,0.00317700,16.51000000
2018-02-28 11:21:28,0.00318000,2.40000000
2018-02-28 11:21:30,0.00318000,2.40000000
2018-02-28 11:21:32,0.00318000,1.09000000
2018-02-28 11:21:33,0.00318000,2.50000000
2018-02-28 11:21:33,0.00318000,0.10000000
2018-02-28 11:21:34,0.00317700,117.13000000
2018-02-28 11:21:35,0.00317700,17.63000000
2018-02-28 11:21:35,0.00317600,21.42000000
2018-02-28 11:21:37,0.00318000,14.96000000
2018-02-28 11:21:42,0.00317800,2.00000000
2018-02-28 11:21:42,0.00317700,12.93000000
2018-02-28 11:21:42,0.00317500,0.07000000
2018-02-28 11:21:42,0.00317500,44.74000000
2018-02-28 11:21:49,0.00318000,2.28000000
2018-02-28 11:21:50,0.00318000,55.56000000
2018-02-28 11:21:51,0.00318000,0.40000000
2018-02-28 11:21:51,0.00318000,10.53000000
2018-02-28 11:21:51,0.00318000,26.62000000
2018-02-28 11:21:53,0.00318000,2.95000000
2018-02-28 11:21:55,0.00317600,1.34000000
2018-02-28 11:21:55,0.00317500,28.63000000
2018-02-28 11:21:56,0.00317500,732.49000000
2018-02-28 11:21:56,0.00317500,32.01000000
2018-02-28 11:21:56,0.00317500,3.14000000
2018-02-28 11:21:56,0.00317500,1.28000000
2018-02-28 11:21:56,0.00317500,3.96000000
2018-02-28 11:21:56,0.00317400,3.14000000
2018-02-28 11:21:57,0.00317500,1.12000000
2018-02-28 11:21:57,0.00317500,48.19000000
2018-02-28 11:21:57,0.00317500,50.00000000
2018-02-28 11:21:57,0.00317500,12.98000000
2018-02-28 11:21:58,0.00317500,7.05000000
2018-02-28 11:21:58,0.00317500,6.99000000
2018-02-28 11:21:59,0.00317400,13.72000000
2018-02-28 11:21:59,0.00317300,8.14000000
2018-02-28 11:21:59,0.00317200,38.56000000
2018-02-28 11:21:59,0.00317100,171.04000000
2018-02-28 11:21:59,0.00317000,28.97000000
2018-02-28 11:21:59,0.00317500,1.48000000
2018-02-28 11:21:59,0.00317500,0.95000000
2018-02-28 11:22:00,0.00317500,16.23000000
2018-02-28 11:22:00,0.00317500,21.48000000
2018-02-28 11:22:00,0.00317500,7.04000000
2018-02-28 11:22:01,0.00317000,0.46000000
2018-02-28 11:22:01,0.00317500,0.56000000
2018-02-28 11:22:02,0.00317500,0.41000000
2018-02-28 11:22:03,0.00317500,8.74000000
2018-02-28 11:22:03,0.00317500,1.00000000
2018-02-28 11:22:03,0.00317500,0.66000000
2018-02-28 11:22:04,0.00317500,279.17000000
2018-02-28 11:22:04,0.00317900,0.38000000
2018-02-28 11:22:05,0.00318000,2.83000000
2018-02-28 11:22:06,0.00318000,3.36000000
2018-02-28 11:22:06,0.00318000,0.78000000
2018-02-28 11:22:06,0.00318000,1.16000000
2018-02-28 11:22:07,0.00317900,58.87000000
2018-02-28 11:22:07,0.00318000,0.66000000
2018-02-28 11:22:07,0.00318000,8.74000000
2018-02-28 11:22:07,0.00318000,0.87000000
2018-02-28 11:22:08,0.00318000,10.33000000
2018-02-28 11:22:08,0.00318000,1.62000000
2018-02-28 11:22:09,0.00318000,1.95000000
2018-02-28 11:22:10,0.00318000,0.54000000
2018-02-28 11:22:11,0.00318000,4.40000000
2018-02-28 11:22:14,0.00317900,141.22000000
2018-02-28 11:22:16,0.00317900,0.66000000
2018-02-28 11:22:16,0.00317900,25.00000000
2018-02-28 11:22:18,0.00317900,1.00000000
2018-02-28 11:22:19,0.00318000,6.71000000
2018-02-28 11:22:20,0.00317900,1.51000000
2018-02-28 11:22:21,0.00317900,0.76000000
2018-02-28 11:22:24,0.00317900,0.29000000
2018-02-28 11:22:24,0.00318000,106.70000000
2018-02-28 11:22:24,0.00318200,3.65000000
2018-02-28 11:22:27,0.00318300,64.95000000
2018-02-28 11:22:27,0.00318000,2.00000000
2018-02-28 11:22:27,0.00317900,0.47000000
2018-02-28 11:22:29,0.00317900,22.70000000
2018-02-28 11:22:29,0.00317900,11.58000000
2018-02-28 11:22:30,0.00317900,0.58000000
2018-02-28 11:22:33,0.00317900,3.14000000
2018-02-28 11:22:34,0.00317900,20.41000000
2018-02-28 11:22:37,0.00317900,3.67000000
2018-02-28 11:22:37,0.00317400,47.50000000
2018-02-28 11:22:38,0.00317900,0.76000000
2018-02-28 11:22:38,0.00317900,41.64000000
2018-02-28 11:22:40,0.00318000,0.75000000
2018-02-28 11:22:42,0.00318000,0.25000000
2018-02-28 11:22:43,0.00318200,19.52000000
2018-02-28 11:22:44,0.00318300,8.63000000
2018-02-28 11:22:45,0.00318000,0.50000000
2018-02-28 11:22:45,0.00317900,0.75000000
2018-02-28 11:22:47,0.00317900,0.70000000
2018-02-28 11:22:47,0.00318200,7.93000000
2018-02-28 11:22:48,0.00317400,0.38000000
2018-02-28 11:22:48,0.00317300,9.45000000
2018-02-28 11:22:48,0.00317100,1.35000000
2018-02-28 11:22:48,0.00317000,13.78000000
2018-02-28 11:22:55,0.00318000,9.45000000
2018-02-28 11:22:55,0.00318100,0.38000000
2018-02-28 11:22:55,0.00318300,2.65000000
2018-02-28 11:23:01,0.00317900,17.46000000
2018-02-28 11:23:01,0.00318000,5.48000000
2018-02-28 11:23:01,0.00318300,63.94000000
2018-02-28 11:23:01,0.00318300,1.34000000
2018-02-28 11:23:01,0.00318300,29.34000000
2018-02-28 11:23:05,0.00318400,1.39000000
2018-02-28 11:23:06,0.00317500,9.44000000
2018-02-28 11:23:06,0.00317400,14.88000000
2018-02-28 11:23:06,0.00317300,1.56000000
2018-02-28 11:23:06,0.00317100,1.00000000
2018-02-28 11:23:09,0.00318100,14.01000000
2018-02-28 11:23:10,0.00318000,0.64000000
2018-02-28 11:23:11,0.00317900,6.45000000
2018-02-28 11:23:11,0.00317900,8.80000000
2018-02-28 11:23:13,0.00317900,6.21000000
2018-02-28 11:23:13,0.00318100,8.63000000
2018-02-28 11:23:19,0.00318000,8.63000000
2018-02-28 11:23:20,0.00318000,6.52000000
2018-02-28 11:23:24,0.00318100,8.63000000
2018-02-28 11:23:27,0.00318100,2.35000000
2018-02-28 11:23:31,0.00318100,0.75000000
2018-02-28 11:23:32,0.00318000,58.80000000
2018-02-28 11:23:36,0.00318000,7.01000000
2018-02-28 11:23:37,0.00318000,0.78000000
2018-02-28 11:23:37,0.00318000,28.26000000
2018-02-28 11:23:41,0.00318000,45.47000000
2018-02-28 11:23:45,0.00318000,22.73000000
2018-02-28 11:23:47,0.00317900,11.35000000
2018-02-28 11:23:50,0.00317900,5.69000000
2018-02-28 11:23:51,0.00317400,6.72000000
2018-02-28 11:23:51,0.00317300,4.45000000
2018-02-28 11:23:51,0.00317100,33.19000000
2018-02-28 11:23:51,0.00317000,125.63000000
2018-02-28 11:23:58,0.00317800,0.38000000
2018-02-28 11:24:01,0.00317900,33.40000000
2018-02-28 11:24:01,0.00318000,61.70000000
2018-02-28 11:24:02,0.00318000,11.00000000
2018-02-28 11:24:08,0.00318000,77.23000000
2018-02-28 11:24:14,0.00318000,24.40000000
2018-02-28 11:24:16,0.00318000,36.75000000
2018-02-28 11:24:17,0.00318000,18.39000000
2018-02-28 11:24:20,0.00317900,1.23000000
2018-02-28 11:24:20,0.00317500,1.21000000
2018-02-28 11:24:21,0.00318000,30.59000000
2018-02-28 11:24:22,0.00318000,21.11000000
2018-02-28 11:24:24,0.00317500,0.57000000
2018-02-28 11:24:30,0.00317500,86.87000000
2018-02-28 11:24:30,0.00317100,86.02000000
2018-02-28 11:24:30,0.00317100,4.57000000
2018-02-28 11:24:32,0.00317800,5.70000000
2018-02-28 11:24:33,0.00317800,3.75000000
2018-02-28 11:24:33,0.00317900,13.38000000
2018-02-28 11:24:33,0.00318000,1.05000000
2018-02-28 11:24:35,0.00317200,9.45000000
2018-02-28 11:24:35,0.00317100,9.50000000
2018-02-28 11:24:35,0.00317000,81.05000000
2018-02-28 11:24:39,0.00317900,2.35000000
2018-02-28 11:24:42,0.00317100,2.29000000
2018-02-28 11:24:43,0.00317100,50.81000000
2018-02-28 11:24:43,0.00317100,3.46000000
2018-02-28 11:24:43,0.00317900,7.10000000
2018-02-28 11:24:43,0.00318000,8.67000000
2018-02-28 11:24:50,0.00318000,0.68000000
2018-02-28 11:24:53,0.00318000,1.54000000
2018-02-28 11:24:55,0.00318000,57.59000000
2018-02-28 11:24:56,0.00318000,28.03000000
2018-02-28 11:24:58,0.00318000,14.01000000
2018-02-28 11:24:58,0.00318000,12.69000000
2018-02-28 11:25:00,0.00318000,0.96000000
2018-02-28 11:25:03,0.00318000,0.37000000
2018-02-28 11:25:11,0.00318100,20.65000000
2018-02-28 11:25:22,0.00318000,0.38000000
2018-02-28 11:25:28,0.00318000,0.53000000
2018-02-28 11:25:28,0.00318100,1.87000000
2018-02-28 11:25:33,0.00317400,0.38000000
2018-02-28 11:25:33,0.00317300,7.62000000
2018-02-28 11:25:33,0.00317300,7.24000000
2018-02-28 11:25:33,0.00317200,4.76000000
2018-02-28 11:25:34,0.00317200,4.69000000
2018-02-28 11:25:34,0.00317000,14.95000000
2018-02-28 11:25:34,0.00316900,25.38000000
2018-02-28 11:25:34,0.00317200,6.10000000
2018-02-28 11:25:35,0.00317200,3.15000000
2018-02-28 11:25:35,0.00317000,0.93000000
2018-02-28 11:25:35,0.00317000,3.76000000
2018-02-28 11:25:35,0.00317200,0.18000000
2018-02-28 11:25:35,0.00317200,4.69000000
2018-02-28 11:25:35,0.00317200,0.79000000
2018-02-28 11:25:35,0.00317000,2.30000000
2018-02-28 11:25:36,0.00317000,21.15000000
2018-02-28 11:25:36,0.00317400,9.45000000
2018-02-28 11:25:36,0.00317600,9.72000000
2018-02-28 11:25:37,0.00316900,1.00000000
2018-02-28 11:25:37,0.00316900,2.33000000
2018-02-28 11:25:37,0.00316900,2.30000000
2018-02-28 11:25:38,0.00316900,0.68000000
2018-02-28 11:25:38,0.00316900,7.76000000
2018-02-28 11:25:38,0.00317600,0.68000000
2018-02-28 11:25:39,0.00317200,3.16000000
2018-02-28 11:25:39,0.00317800,0.53000000
2018-02-28 11:25:39,0.00317800,2.40000000
2018-02-28 11:25:41,0.00317700,5.91000000
2018-02-28 11:25:41,0.00317800,0.36000000
2018-02-28 11:25:42,0.00317800,2.40000000
2018-02-28 11:25:44,0.00317800,1.55000000
2018-02-28 11:25:44,0.00317800,2.30000000
2018-02-28 11:25:44,0.00317800,1.44000000
2018-02-28 11:25:46,0.00317800,2.50000000
2018-02-28 11:25:47,0.00317800,5.30000000
2018-02-28 11:25:48,0.00317900,8.63000000
2018-02-28 11:25:49,0.00317900,0.82000000
2018-02-28 11:25:49,0.00318000,1.48000000
2018-02-28 11:25:50,0.00317200,14.86000000
2018-02-28 11:25:50,0.00317100,9.46000000
2018-02-28 11:25:50,0.00317000,8.82000000
2018-02-28 11:25:50,0.00317800,14.99000000
2018-02-28 11:25:51,0.00317700,8.63000000
2018-02-28 11:25:51,0.00317700,2.30000000
2018-02-28 11:25:53,0.00317700,2.30000000
2018-02-28 11:25:54,0.00317700,8.63000000
2018-02-28 11:25:55,0.00317700,23.07000000
2018-02-28 11:25:56,0.00317700,2.40000000
2018-02-28 11:25:56,0.00317000,10.10000000
2018-02-28 11:25:57,0.00317000,8.63000000
2018-02-28 11:25:57,0.00317000,7.68000000
2018-02-28 11:25:58,0.00317000,3.43000000
2018-02-28 11:25:59,0.00317000,0.01000000
2018-02-28 11:26:00,0.00317700,8.63000000
2018-02-28 11:26:02,0.00317500,0.38000000
2018-02-28 11:26:02,0.00317600,2.02000000
2018-02-28 11:26:03,0.00317600,7.44000000
2018-02-28 11:26:03,0.00317700,1.19000000
2018-02-28 11:26:03,0.00317700,34.53000000
2018-02-28 11:26:05,0.00317800,24.08000000
2018-02-28 11:26:05,0.00317700,8.62000000
2018-02-28 11:26:06,0.00317200,2.40000000
2018-02-28 11:26:08,0.00317200,0.55000000
2018-02-28 11:26:08,0.00317800,19.45000000
2018-02-28 11:26:09,0.00317100,36.16000000
2018-02-28 11:26:09,0.00317000,13.84000000
2018-02-28 11:26:10,0.00317700,9.46000000
2018-02-28 11:26:10,0.00317800,6.26000000
2018-02-28 11:26:13,0.00317700,2.30000000
2018-02-28 11:26:15,0.00317700,2.40000000
2018-02-28 11:26:16,0.00317700,1.54000000
2018-02-28 11:26:18,0.00317700,2.30000000
2018-02-28 11:26:18,0.00317700,96.04000000
2018-02-28 11:26:20,0.00317700,2.40000000
2018-02-28 11:26:22,0.00317700,2.50000000
2018-02-28 11:26:25,0.00317700,2.40000000
2018-02-28 11:26:27,0.00317700,2.30000000
2018-02-28 11:26:29,0.00317700,2.40000000
2018-02-28 11:26:32,0.00317700,2.40000000
2018-02-28 11:26:34,0.00317700,0.79000000
2018-02-28 11:26:34,0.00317700,2.40000000
2018-02-28 11:26:36,0.00317500,100.00000000
2018-02-28 11:26:37,0.00317500,2.50000000
2018-02-28 11:26:39,0.00317500,85.65000000
2018-02-28 11:26:39,0.00317500,10.00000000
2018-02-28 11:26:39,0.00317500,2.30000000
2018-02-28 11:26:41,0.00317500,23.58000000
2018-02-28 11:26:42,0.00317500,2.40000000
2018-02-28 11:26:44,0.00317500,2.30000000
2018-02-28 11:26:46,0.00317200,14.16000000
2018-02-28 11:26:47,0.00317200,2.40000000
2018-02-28 11:26:47,0.00317200,18.59000000
2018-02-28 11:26:47,0.00317000,60.41000000
2018-02-28 11:26:48,0.00317200,0.01000000
2018-02-28 11:26:48,0.00317200,3.15000000
2018-02-28 11:26:49,0.00317200,2.40000000
2018-02-28 11:26:50,0.00317000,35.59000000
2018-02-28 11:26:51,0.00317000,0.41000000
2018-02-28 11:26:51,0.00317000,60.98000000
2018-02-28 11:26:51,0.00317200,10.67000000
2018-02-28 11:26:51,0.00317200,2.40000000
2018-02-28 11:26:52,0.00317200,8.66000000
2018-02-28 11:26:53,0.00317000,1.69000000
2018-02-28 11:26:53,0.00317000,10.84000000
2018-02-28 11:26:54,0.00317000,6.16000000
2018-02-28 11:26:54,0.00317000,0.01000000
2018-02-28 11:26:54,0.00317200,0.01000000
2018-02-28 11:26:56,0.00317500,0.66000000
2018-02-28 11:26:56,0.00317500,2.50000000
2018-02-28 11:26:57,0.00317300,0.38000000
2018-02-28 11:26:57,0.00317500,13.47000000
2018-02-28 11:26:57,0.00317700,3.28000000
2018-02-28 11:26:57,0.00317800,9.41000000
2018-02-28 11:26:59,0.00317700,2.40000000
2018-02-28 11:27:00,0.00317700,30.87000000
2018-02-28 11:27:01,0.00317700,2.40000000
2018-02-28 11:27:01,0.00317700,50.98000000
2018-02-28 11:27:03,0.00317700,24.31000000
2018-02-28 11:27:04,0.00317700,2.40000000
2018-02-28 11:27:06,0.00317700,2.50000000
2018-02-28 11:27:06,0.00317700,10.95000000
2018-02-28 11:27:08,0.00317700,8.47000000
2018-02-28 11:27:08,0.00317800,27.38000000
2018-02-28 11:27:08,0.00317800,2.40000000
2018-02-28 11:27:09,0.00317800,24.50000000
2018-02-28 11:27:10,0.00317800,12.27000000
2018-02-28 11:27:11,0.00317800,2.40000000
2018-02-28 11:27:13,0.00317800,2.40000000
2018-02-28 11:27:14,0.00317500,2.93000000
2018-02-28 11:27:14,0.00317800,27.05000000
2018-02-28 11:27:15,0.00317800,2.40000000
2018-02-28 11:27:17,0.00317800,2.30000000
2018-02-28 11:27:19,0.00317800,2.40000000
2018-02-28 11:27:22,0.00317800,2.40000000
2018-02-28 11:27:22,0.00317800,15.00000000
2018-02-28 11:27:24,0.00317800,11.92000000
2018-02-28 11:27:24,0.00317800,2.40000000
2018-02-28 11:27:26,0.00317800,2.50000000
2018-02-28 11:27:28,0.00317800,54.14000000
2018-02-28 11:27:28,0.00317800,3.14000000
2018-02-28 11:27:29,0.00317800,2.50000000
2018-02-28 11:27:29,0.00317800,0.53000000
2018-02-28 11:27:31,0.00317800,2.30000000
2018-02-28 11:27:33,0.00317800,2.30000000
2018-02-28 11:27:34,0.00317800,21.67000000
2018-02-28 11:27:35,0.00317800,0.49000000
2018-02-28 11:27:35,0.00317700,0.50000000
2018-02-28 11:27:35,0.00317800,21.24000000
2018-02-28 11:27:36,0.00317900,2.30000000
2018-02-28 11:27:36,0.00317800,2.94000000
2018-02-28 11:27:36,0.00317800,0.69000000
2018-02-28 11:27:38,0.00317800,27.18000000
2018-02-28 11:27:38,0.00317800,2.40000000
2018-02-28 11:27:40,0.00317800,0.45000000
2018-02-28 11:27:40,0.00317800,2.40000000
2018-02-28 11:27:40,0.00317800,1.36000000
2018-02-28 11:27:42,0.00317800,2.30000000
2018-02-28 11:27:45,0.00317800,2.50000000
2018-02-28 11:27:45,0.00317800,0.41000000
2018-02-28 11:27:46,0.00317800,31.96000000
2018-02-28 11:27:47,0.00317800,2.30000000
2018-02-28 11:27:48,0.00317800,20.57000000
2018-02-28 11:27:48,0.00317800,20.59000000
2018-02-28 11:27:48,0.00317900,7.16000000
2018-02-28 11:27:51,0.00318000,6.06000000
2018-02-28 11:27:54,0.00318000,2.00000000
2018-02-28 11:27:57,0.00318200,0.38000000
2018-02-28 11:27:57,0.00318200,0.40000000
2018-02-28 11:27:58,0.00318200,4.00000000
2018-02-28 11:27:58,0.00318200,1.89000000
2018-02-28 11:28:02,0.00318300,4.60000000
2018-02-28 11:28:02,0.00318300,0.62000000
2018-02-28 11:28:11,0.00318400,3.27000000
2018-02-28 11:28:14,0.00318400,2.11000000
2018-02-28 11:28:14,0.00318400,3.13000000
2018-02-28 11:28:15,0.00318400,0.51000000
2018-02-28 11:28:17,0.00318400,0.07000000
2018-02-28 11:28:17,0.00318000,4.93000000
2018-02-28 11:28:20,0.00318300,2.39000000
2018-02-28 11:28:22,0.00318300,0.01000000
2018-02-28 11:28:34,0.00318200,10.94000000
2018-02-28 11:28:50,0.00318300,1.48000000
2018-02-28 11:28:52,0.00318300,14.97000000
2018-02-28 11:28:58,0.00318200,1.49000000
2018-02-28 11:28:58,0.00318300,2.99000000
2018-02-28 11:29:01,0.00318300,0.83000000
2018-02-28 11:29:01,0.00318300,2.30000000
2018-02-28 11:29:02,0.00318300,12.85000000
2018-02-28 11:29:03,0.00318300,2.87000000
2018-02-28 11:29:14,0.00318600,0.26000000
2018-02-28 11:29:29,0.00318600,9.04000000
2018-02-28 11:29:29,0.00318700,20.96000000
2018-02-28 11:29:36,0.00318700,14.00000000
2018-02-28 11:29:44,0.00318700,5.15000000
2018-02-28 11:29:54,0.00318300,1.02000000
2018-02-28 11:29:54,0.00318200,7.24000000
2018-02-28 11:30:01,0.00318100,1.65000000
2018-02-28 11:30:04,0.00318700,0.37000000
2018-02-28 11:30:10,0.00318700,1.00000000
2018-02-28 11:30:10,0.00318700,1.00000000
2018-02-28 11:30:13,0.00318700,0.62000000
2018-02-28 11:30:13,0.00318100,6.18000000
2018-02-28 11:30:29,0.00318200,26.69000000
2018-02-28 11:30:29,0.00318100,2.90000000
2018-02-28 11:30:29,0.00318700,2.50000000
2018-02-28 11:30:32,0.00318600,2.50000000
2018-02-28 11:30:46,0.00318100,0.59000000
2018-02-28 11:30:49,0.00318100,10.88000000
2018-02-28 11:31:03,0.00318100,49.77000000
2018-02-28 11:31:03,0.00318000,0.02000000
2018-02-28 11:31:04,0.00318100,2.20000000
2018-02-28 11:31:05,0.00318100,2.06000000
2018-02-28 11:31:05,0.00318100,2.68000000
2018-02-28 11:31:06,0.00318100,2.52000000
2018-02-28 11:31:07,0.00318400,1.56000000
2018-02-28 11:31:16,0.00318400,0.59000000
2018-02-28 11:31:19,0.00318400,0.15000000
2018-02-28 11:31:19,0.00318100,4.73000000
2018-02-28 11:31:19,0.00318000,175.75000000
2018-02-28 11:31:19,0.00318000,44.97000000
2018-02-28 11:31:19,0.00318000,1.13000000
2018-02-28 11:31:19,0.00318000,36.17000000
2018-02-28 11:31:19,0.00318000,114.54000000
2018-02-28 11:31:20,0.00318000,8.69000000
2018-02-28 11:31:20,0.00318000,2.00000000
2018-02-28 11:31:21,0.00317900,0.38000000
2018-02-28 11:31:21,0.00317700,19.47000000
2018-02-28 11:31:21,0.00317500,25.00000000
2018-02-28 11:31:21,0.00317300,17.85000000
2018-02-28 11:31:22,0.00318000,0.47000000
2018-02-28 11:31:22,0.00318000,4.71000000
2018-02-28 11:31:23,0.00318000,0.51000000
2018-02-28 11:31:24,0.00318000,8.76000000
2018-02-28 11:31:26,0.00318000,0.47000000
2018-02-28 11:31:30,0.00318000,4.71000000
2018-02-28 11:31:33,0.00318000,77.73000000
2018-02-28 11:31:37,0.00318000,13.07000000
2018-02-28 11:31:40,0.00318000,0.75000000
2018-02-28 11:31:40,0.00318000,12.80000000
2018-02-28 11:31:42,0.00318000,2.26000000
2018-02-28 11:31:42,0.00318000,76.19000000
2018-02-28 11:31:44,0.00318000,1.49000000
2018-02-28 11:31:45,0.00318000,3.64000000
2018-02-28 11:31:47,0.00318000,32.00000000
2018-02-28 11:31:53,0.00318000,9.51000000
2018-02-28 11:31:53,0.00318000,39.79000000
2018-02-28 11:31:55,0.00318000,13.61000000
2018-02-28 11:31:55,0.00318000,16.71000000
2018-02-28 11:32:08,0.00318200,41.54000000
2018-02-28 11:32:11,0.00318200,35.14000000
2018-02-28 11:32:13,0.00318200,0.26000000
2018-02-28 11:32:16,0.00318100,3.71000000
2018-02-28 11:32:16,0.00318100,7.93000000
2018-02-28 11:32:19,0.00318100,43.43000000
2018-02-28 11:32:21,0.00318100,25.00000000
2018-02-28 11:32:21,0.00318100,0.64000000
2018-02-28 11:32:22,0.00318100,43.49000000
2018-02-28 11:32:25,0.00318100,25.77000000
2018-02-28 11:32:26,0.00318100,38.44000000
2018-02-28 11:32:33,0.00317600,1.38000000
2018-02-28 11:32:33,0.00317400,1.55000000
2018-02-28 11:32:33,0.00318000,0.38000000
2018-02-28 11:32:33,0.00318100,15.85000000
2018-02-28 11:32:36,0.00318100,15.00000000
2018-02-28 11:32:37,0.00318100,3.14000000
2018-02-28 11:32:37,0.00318100,1.00000000
2018-02-28 11:32:37,0.00317400,1.41000000
2018-02-28 11:32:39,0.00318100,26.28000000
2018-02-28 11:32:45,0.00318100,65.22000000
2018-02-28 11:32:46,0.00318100,28.47000000
2018-02-28 11:32:47,0.00318100,15.00000000
2018-02-28 11:32:48,0.00318100,15.00000000
2018-02-28 11:32:48,0.00318100,15.00000000
2018-02-28 11:32:49,0.00318100,15.00000000
2018-02-28 11:32:50,0.00318100,15.00000000
2018-02-28 11:32:50,0.00318100,5.04000000
2018-02-28 11:32:50,0.00318100,58.02000000
2018-02-28 11:32:51,0.00318100,4.70000000
2018-02-28 11:32:51,0.00318100,53.05000000
2018-02-28 11:32:52,0.00318100,26.52000000
2018-02-28 11:32:53,0.00318100,10.13000000
2018-02-28 11:32:54,0.00318100,8.19000000
2018-02-28 11:32:54,0.00318100,10.27000000
2018-02-28 11:32:55,0.00318100,18.07000000
2018-02-28 11:32:56,0.00318100,10.27000000
2018-02-28 11:32:57,0.00318100,91.59000000
2018-02-28 11:32:58,0.00318100,120.18000000
2018-02-28 11:32:59,0.00318100,76.37000000
2018-02-28 11:33:00,0.00318100,38.69000000
2018-02-28 11:33:03,0.00318000,11.19000000
2018-02-28 11:33:04,0.00318000,0.26000000
2018-02-28 11:33:08,0.00317600,0.59000000
2018-02-28 11:33:09,0.00317600,8.85000000
2018-02-28 11:33:09,0.00317500,9.44000000
2018-02-28 11:33:09,0.00317400,241.44000000
2018-02-28 11:33:09,0.00317100,3.13000000
2018-02-28 11:33:09,0.00317000,58.23000000
2018-02-28 11:33:09,0.00317000,0.38000000
2018-02-28 11:33:10,0.00317000,97.44000000
2018-02-28 11:33:10,0.00317000,52.84000000
2018-02-28 11:33:10,0.00317000,3.14000000
2018-02-28 11:33:10,0.00317000,52.83000000
2018-02-28 11:33:10,0.00317000,103.19000000
2018-02-28 11:33:10,0.00317900,3.15000000
2018-02-28 11:33:12,0.00317700,10.51000000
2018-02-28 11:33:15,0.00317500,10.53000000
2018-02-28 11:33:18,0.00317600,3.38000000
2018-02-28 11:33:22,0.00317800,8.51000000
2018-02-28 11:33:24,0.00317800,0.93000000
2018-02-28 11:33:27,0.00317800,10.76000000
2018-02-28 11:33:28,0.00317800,26.22000000
2018-02-28 11:33:30,0.00317800,13.11000000
2018-02-28 11:33:31,0.00317800,19.13000000
2018-02-28 11:33:32,0.00317800,99.96000000
2018-02-28 11:33:32,0.00317800,37.08000000
2018-02-28 11:33:34,0.00317800,16.70000000
2018-02-28 11:33:36,0.00317600,6.03000000
2018-02-28 11:33:40,0.00317600,0.76000000
2018-02-28 11:33:42,0.00317600,3.00000000
2018-02-28 11:33:43,0.00317000,11.84000000
2018-02-28 11:33:43,0.00317600,1.17000000
2018-02-28 11:33:43,0.00317800,98.93000000
2018-02-28 11:33:45,0.00317800,19.85000000
2018-02-28 11:33:52,0.00317100,31.53000000
2018-02-28 11:33:59,0.00317600,0.66000000
2018-02-28 11:34:01,0.00317600,20.11000000
2018-02-28 11:34:07,0.00317500,1.30000000
2018-02-28 11:34:07,0.00317500,174.28000000
2018-02-28 11:34:07,0.00317800,126.02000000
2018-02-28 11:34:12,0.00317100,9.42000000
2018-02-28 11:34:12,0.00317000,40.01000000
2018-02-28 11:34:23,0.00317500,3.62000000
2018-02-28 11:34:26,0.00317500,3.08000000
2018-02-28 11:34:28,0.00317500,5.57000000
2018-02-28 11:34:28,0.00317500,0.86000000
2018-02-28 11:34:30,0.00317500,0.76000000
2018-02-28 11:34:32,0.00317500,0.91000000
2018-02-28 11:34:32,0.00317500,0.76000000
2018-02-28 11:34:34,0.00317500,7.03000000
2018-02-28 11:34:35,0.00317500,3.62000000
2018-02-28 11:34:36,0.00317500,325.00000000
2018-02-28 11:34:37,0.00317500,0.76000000
2018-02-28 11:34:38,0.00317500,1.26000000
2018-02-28 11:34:39,0.00317500,3.62000000
2018-02-28 11:34:40,0.00317500,6.06000000
2018-02-28 11:34:40,0.00317500,8.23000000
2018-02-28 11:34:41,0.00317500,0.76000000
2018-02-28 11:34:41,0.00317500,20.12000000
2018-02-28 11:34:42,0.00317400,1.26000000
2018-02-28 11:34:43,0.00317400,2.31000000
2018-02-28 11:34:43,0.00317100,75.97000000
2018-02-28 11:34:43,0.00317400,0.76000000
2018-02-28 11:34:43,0.00317400,2.28000000
2018-02-28 11:34:43,0.00317500,0.02000000
2018-02-28 11:34:46,0.00317500,0.76000000
2018-02-28 11:34:46,0.00317500,2.30000000
2018-02-28 11:34:46,0.00317500,0.99000000
2018-02-28 11:34:47,0.00317500,2.30000000
2018-02-28 11:34:48,0.00317500,3.62000000
2018-02-28 11:34:48,0.00317500,3.08000000
2018-02-28 11:34:48,0.00317500,2.30000000
2018-02-28 11:34:50,0.00317500,3.62000000
2018-02-28 11:34:50,0.00317500,2.40000000
2018-02-28 11:34:51,0.00317500,2.30000000
2018-02-28 11:34:52,0.00317500,3.62000000
2018-02-28 11:34:52,0.00317500,2.40000000
2018-02-28 11:34:53,0.00317500,2.20000000
2018-02-28 11:34:54,0.00317500,1.63000000
2018-02-28 11:34:55,0.00317500,2.40000000
2018-02-28 11:34:55,0.00317500,2.20000000
2018-02-28 11:34:56,0.00317500,0.76000000
2018-02-28 11:34:57,0.00317500,2.30000000
2018-02-28 11:34:57,0.00317500,2.40000000
2018-02-28 11:34:58,0.00317500,3.62000000
2018-02-28 11:35:00,0.00317500,2.30000000
2018-02-28 11:35:01,0.00317500,3.62000000
2018-02-28 11:35:02,0.00317500,2.30000000
2018-02-28 11:35:03,0.00317500,2.30000000
2018-02-28 11:35:03,0.00317500,3.62000000
2018-02-28 11:35:04,0.00317300,1.00000000
2018-02-28 11:35:04,0.00317100,12.00000000
2018-02-28 11:35:04,0.00317500,74.94000000
2018-02-28 11:35:05,0.00317100,30.09000000
2018-02-28 11:35:05,0.00317600,2.40000000
2018-02-28 11:35:07,0.00317600,2.30000000
2018-02-28 11:35:08,0.00317700,2.30000000
2018-02-28 11:35:09,0.00317700,2.30000000
2018-02-28 11:35:10,0.00317700,2.40000000
2018-02-28 11:35:11,0.00317700,2.20000000
2018-02-28 11:35:11,0.00317500,0.76000000
2018-02-28 11:35:11,0.00317100,13.24000000
2018-02-28 11:35:13,0.00317600,0.38000000
2018-02-28 11:35:13,0.00317700,0.26000000
2018-02-28 11:35:13,0.00317800,1.66000000
2018-02-28 11:35:15,0.00317800,1.79000000
2018-02-28 11:35:15,0.00317900,0.71000000
2018-02-28 11:35:15,0.00318100,2.20000000
2018-02-28 11:35:32,0.00318100,1.10000000
2018-02-28 11:35:35,0.00318100,60.44000000
2018-02-28 11:35:49,0.00317300,6.89000000
2018-02-28 11:35:50,0.00317200,1.57000000
2018-02-28 11:35:50,0.00317100,19.88000000
2018-02-28 11:35:50,0.00317000,31.27000000
2018-02-28 11:35:50,0.00316900,20.09000000
2018-02-28 11:35:56,0.00317800,2.22000000
2018-02-28 11:35:59,0.00317800,4.67000000
2018-02-28 11:35:59,0.00318000,5.33000000
2018-02-28 11:36:02,0.00318000,0.69000000
2018-02-28 11:36:05,0.00317300,0.01000000
2018-02-28 11:36:10,0.00318000,5.00000000
2018-02-28 11:36:10,0.00318100,26.43000000
2018-02-28 11:36:16,0.00318100,0.01000000
2018-02-28 11:36:24,0.00317300,0.01000000
2018-02-28 11:36:25,0.00318100,13.90000000
2018-02-28 11:36:30,0.00318100,0.01000000
2018-02-28 11:36:39,0.00317300,0.01000000
2018-02-28 11:36:40,0.00318000,0.48000000
2018-02-28 11:36:40,0.00317300,0.97000000
2018-02-28 11:36:40,0.00317200,43.50000000
2018-02-28 11:36:44,0.00318100,0.01000000
2018-02-28 11:36:51,0.00317400,0.01000000
2018-02-28 11:36:56,0.00318100,0.01000000
2018-02-28 11:37:03,0.00317500,3.00000000
2018-02-28 11:37:04,0.00317500,0.01000000
2018-02-28 11:37:06,0.00317500,11.00000000
2018-02-28 11:37:07,0.00318100,26.62000000
2018-02-28 11:37:08,0.00318100,0.01000000
2018-02-28 11:37:12,0.00317500,10.95000000
2018-02-28 11:37:14,0.00317500,0.01000000
2018-02-28 11:37:19,0.00318100,0.01000000
2018-02-28 11:37:21,0.00318100,15.72000000
2018-02-28 11:37:22,0.00318100,100.00000000
2018-02-28 11:37:24,0.00317600,0.01000000
2018-02-28 11:37:32,0.00318100,0.01000000
2018-02-28 11:37:33,0.00318100,2.74000000
2018-02-28 11:37:37,0.00318100,78.74000000
2018-02-28 11:37:38,0.00317600,0.01000000
2018-02-28 11:37:39,0.00318100,2.10000000
2018-02-28 11:37:44,0.00318100,0.01000000
2018-02-28 11:38:04,0.00317600,0.01000000
2018-02-28 11:38:09,0.00318100,0.01000000
2018-02-28 11:38:14,0.00318100,4.71000000
2018-02-28 11:38:27,0.00317700,0.60000000
2018-02-28 11:38:54,0.00318100,2.36000000
2018-02-28 11:38:55,0.00317800,15.00000000
2018-02-28 11:38:55,0.00318100,1.60000000
2018-02-28 11:38:56,0.00317800,5.80000000
2018-02-28 11:39:02,0.00318100,31.46000000
2018-02-28 11:39:02,0.00318100,3.14000000
2018-02-28 11:39:03,0.00317800,0.44000000
2018-02-28 11:39:04,0.00317800,6.50000000
2018-02-28 11:39:11,0.00318000,0.70000000
2018-02-28 11:39:13,0.00317900,0.03000000
2018-02-28 11:39:16,0.00318000,0.30000000
2018-02-28 11:39:16,0.00318100,1.90000000
2018-02-28 11:39:18,0.00318100,3.85000000
2018-02-28 11:39:26,0.00318100,20.03000000
2018-02-28 11:39:29,0.00318100,2.51000000
2018-02-28 11:39:30,0.00318100,49.89000000
2018-02-28 11:39:39,0.00318100,25.69000000
2018-02-28 11:39:42,0.00318100,43.98000000
2018-02-28 11:39:42,0.00318100,4.44000000
2018-02-28 11:39:43,0.00318100,3.43000000
2018-02-28 11:39:45,0.00318100,18.59000000
2018-02-28 11:39:59,0.00318100,33.17000000
2018-02-28 11:40:11,0.00317900,26.88000000
2018-02-28 11:40:12,0.00317900,2.20000000
2018-02-28 11:40:13,0.00317900,1.25000000
2018-02-28 11:40:14,0.00317900,1.28000000
2018-02-28 11:40:14,0.00317900,8.34000000
2018-02-28 11:40:14,0.00317900,0.02000000
2018-02-28 11:40:14,0.00318100,2.28000000
2018-02-28 11:40:15,0.00318100,1.00000000
2018-02-28 11:40:37,0.00318100,6.70000000
2018-02-28 11:40:37,0.00318100,2.00000000
2018-02-28 11:40:39,0.00318100,0.59000000
2018-02-28 11:40:49,0.00318100,9.53000000
2018-02-28 11:40:49,0.00318100,40.00000000
2018-02-28 11:40:49,0.00318100,10.91000000
2018-02-28 11:40:50,0.00318300,0.46000000
2018-02-28 11:40:53,0.00318200,11.00000000
2018-02-28 11:40:55,0.00318200,2.00000000
2018-02-28 11:40:55,0.00318300,1.38000000
2018-02-28 11:41:01,0.00317900,1.00000000
2018-02-28 11:41:07,0.00318300,0.90000000
2018-02-28 11:41:13,0.00317900,31.45000000
2018-02-28 11:41:13,0.00318300,14.49000000
2018-02-28 11:41:21,0.00318000,5.12000000
2018-02-28 11:41:21,0.00317900,35.46000000
2018-02-28 11:41:23,0.00318300,27.87000000
2018-02-28 11:41:43,0.00318300,46.54000000
2018-02-28 11:41:51,0.00318200,5.00000000
2018-02-28 11:41:54,0.00318200,11.65000000
2018-02-28 11:41:55,0.00318200,16.98000000
2018-02-28 11:41:55,0.00318000,3.05000000
2018-02-28 11:41:58,0.00318000,0.38000000
2018-02-28 11:41:58,0.00317900,1.18000000
2018-02-28 11:42:17,0.00317900,11.65000000
2018-02-28 11:42:32,0.00317900,0.73000000
2018-02-28 11:42:36,0.00317900,2.00000000
2018-02-28 11:42:36,0.00317900,14.25000000
2018-02-28 11:42:41,0.00317900,9.88000000
2018-02-28 11:42:43,0.00318200,0.03000000
2018-02-28 11:42:47,0.00318200,1.66000000
2018-02-28 11:42:49,0.00317900,10.00000000
2018-02-28 11:43:02,0.00317900,0.90000000
2018-02-28 11:43:07,0.00317900,45.03000000
2018-02-28 11:43:10,0.00317900,2.56000000
2018-02-28 11:43:12,0.00317900,38.27000000
2018-02-28 11:43:12,0.00317800,7.80000000
2018-02-28 11:43:14,0.00318000,2.40000000
2018-02-28 11:43:16,0.00318000,0.78000000
2018-02-28 11:43:24,0.00318000,2.00000000
2018-02-28 11:43:24,0.00318000,2.20000000
2018-02-28 11:43:26,0.00318000,3.14000000
2018-02-28 11:43:27,0.00318000,2.40000000
2018-02-28 11:43:27,0.00318000,2.30000000
2018-02-28 11:43:29,0.00318000,2.03000000
2018-02-28 11:43:29,0.00318200,0.02000000
2018-02-28 11:43:29,0.00318300,0.25000000
2018-02-28 11:43:35,0.00317900,66.57000000
2018-02-28 11:43:35,0.00317900,2.20000000
2018-02-28 11:43:37,0.00317900,2.20000000
2018-02-28 11:43:37,0.00317900,0.02000000
2018-02-28 11:43:37,0.00317800,2.79000000
2018-02-28 11:43:40,0.00317900,0.77000000
2018-02-28 11:43:40,0.00317900,2.20000000
2018-02-28 11:43:40,0.00317900,56.04000000
2018-02-28 11:43:42,0.00318400,8.35000000
2018-02-28 11:43:46,0.00318400,1.91000000
2018-02-28 11:43:46,0.00317900,29.85000000
2018-02-28 11:44:00,0.00318300,3.05000000
2018-02-28 11:44:06,0.00318400,1.00000000
2018-02-28 11:44:11,0.00318300,3.05000000
2018-02-28 11:44:16,0.00318400,21.97000000
2018-02-28 11:44:18,0.00318700,0.09000000
2018-02-28 11:44:20,0.00318400,1.19000000
2018-02-28 11:44:24,0.00318500,10.00000000
2018-02-28 11:44:33,0.00318500,2.00000000
2018-02-28 11:44:37,0.00318500,4.59000000
2018-02-28 11:44:50,0.00318700,1.87000000
2018-02-28 11:44:50,0.00318800,10.00000000
2018-02-28 11:44:50,0.00318900,14.35000000
2018-02-28 11:45:02,0.00319000,2.43000000
2018-02-28 11:45:02,0.00319100,4.09000000
2018-02-28 11:45:05,0.00319000,3.67000000
2018-02-28 11:45:06,0.00318300,9.80000000
2018-02-28 11:45:06,0.00318200,13.31000000
2018-02-28 11:45:18,0.00318700,1.01000000
2018-02-28 11:45:24,0.00318400,1.05000000
2018-02-28 11:45:56,0.00318500,2.00000000
2018-02-28 11:45:56,0.00318400,12.30000000
2018-02-28 11:45:57,0.00318400,10.00000000
2018-02-28 11:45:58,0.00318500,5.32000000
2018-02-28 11:45:59,0.00318500,13.75000000
2018-02-28 11:46:06,0.00318400,0.80000000
2018-02-28 11:46:08,0.00318500,2.40000000
2018-02-28 11:46:09,0.00318500,2.30000000
2018-02-28 11:46:13,0.00318500,73.37000000
2018-02-28 11:46:14,0.00318500,2.50000000
2018-02-28 11:46:16,0.00318500,2.40000000
2018-02-28 11:46:19,0.00318500,2.30000000
2018-02-28 11:46:21,0.00318500,2.30000000
2018-02-28 11:46:23,0.00318500,2.50000000
2018-02-28 11:46:26,0.00318500,2.40000000
2018-02-28 11:46:28,0.00318500,2.40000000
2018-02-28 11:46:30,0.00318500,2.40000000
2018-02-28 11:46:33,0.00318500,2.40000000
2018-02-28 11:46:35,0.00318400,2.00000000
2018-02-28 11:46:35,0.00318400,2.40000000
2018-02-28 11:46:37,0.00318400,2.40000000
2018-02-28 11:46:39,0.00318400,2.40000000
2018-02-28 11:46:42,0.00318400,0.80000000
2018-02-28 11:46:42,0.00318500,1.60000000
2018-02-28 11:46:44,0.00318500,2.50000000
2018-02-28 11:46:47,0.00318500,2.30000000
2018-02-28 11:46:49,0.00318500,2.40000000
2018-02-28 11:46:50,0.00318500,1.26000000
2018-02-28 11:46:51,0.00318500,2.50000000
2018-02-28 11:46:54,0.00318500,2.30000000
2018-02-28 11:46:56,0.00318500,1.82000000
2018-02-28 11:46:56,0.00318600,0.58000000
2018-02-28 11:46:59,0.00318600,2.40000000
2018-02-28 11:47:01,0.00318600,2.40000000
2018-02-28 11:47:02,0.00318200,11.36000000
2018-02-28 11:47:02,0.00318100,11.79000000
2018-02-28 11:47:04,0.00318600,2.30000000
2018-02-28 11:47:06,0.00318600,2.30000000
2018-02-28 11:47:08,0.00318100,3.76000000
2018-02-28 11:47:12,0.00318100,12.00000000
2018-02-28 11:47:13,0.00318100,58.38000000
2018-02-28 11:47:16,0.00318600,2.50000000
2018-02-28 11:47:18,0.00318500,2.40000000
2018-02-28 11:47:21,0.00318500,2.40000000
2018-02-28 11:47:23,0.00318500,2.40000000
2018-02-28 11:47:31,0.00318500,5.47000000
2018-02-28 11:47:51,0.00318500,2.52000000
2018-02-28 11:47:51,0.00318500,23.55000000
2018-02-28 11:47:54,0.00318400,2.00000000
2018-02-28 11:47:54,0.00318500,1.37000000
2018-02-28 11:47:56,0.00318400,0.46000000
2018-02-28 11:47:57,0.00318500,1.66000000
2018-02-28 11:47:58,0.00318500,3.78000000
2018-02-28 11:48:17,0.00318500,0.56000000
2018-02-28 11:48:27,0.00318500,29.35000000
2018-02-28 11:48:44,0.00318500,11.86000000
2018-02-28 11:48:59,0.00318200,26.00000000
2018-02-28 11:49:02,0.00318200,2.85000000
2018-02-28 11:49:28,0.00318300,14.55000000
2018-02-28 11:49:33,0.00318300,10.46000000
2018-02-28 11:49:34,0.00318300,14.37000000
2018-02-28 11:49:41,0.00318500,2.00000000
2018-02-28 11:49:44,0.00318300,10.00000000
2018-02-28 11:49:51,0.00318500,5.93000000
2018-02-28 11:49:51,0.00318600,1.95000000
2018-02-28 11:49:55,0.00318400,16.65000000
2018-02-28 11:50:03,0.00318400,4.00000000
2018-02-28 11:50:22,0.00318800,20.65000000
2018-02-28 11:50:23,0.00318800,0.51000000
2018-02-28 11:50:24,0.00318800,0.82000000
2018-02-28 11:50:28,0.00318800,0.02000000
2018-02-28 11:50:28,0.00318500,0.28000000
2018-02-28 11:50:28,0.00318900,2.47000000
2018-02-28 11:50:28,0.00318900,68.11000000
2018-02-28 11:50:38,0.00318900,4.49000000
2018-02-28 11:50:39,0.00318900,1.85000000
2018-02-28 11:50:39,0.00318900,52.35000000
2018-02-28 11:50:42,0.00318500,0.19000000
2018-02-28 11:50:43,0.00318500,0.02000000
2018-02-28 11:50:45,0.00318500,0.09000000
2018-02-28 11:50:46,0.00318500,1.56000000
2018-02-28 11:50:48,0.00318900,0.51000000
2018-02-28 11:50:49,0.00318900,0.38000000
2018-02-28 11:50:51,0.00318900,1.62000000
2018-02-28 11:50:51,0.00318900,2.49000000
2018-02-28 11:50:58,0.00318600,0.25000000
2018-02-28 11:50:58,0.00318600,13.87000000
2018-02-28 11:50:58,0.00318500,6.16000000
2018-02-28 11:51:03,0.00318500,3.20000000
2018-02-28 11:51:04,0.00318800,2.30000000
2018-02-28 11:51:04,0.00318900,1.32000000
2018-02-28 11:51:19,0.00318500,1.04000000
2018-02-28 11:51:20,0.00318900,2.64000000
2018-02-28 11:51:20,0.00319000,0.34000000
2018-02-28 11:51:20,0.00318500,4.00000000
2018-02-28 11:51:23,0.00319000,3.04000000
2018-02-28 11:51:23,0.00319100,1.23000000
2018-02-28 11:51:26,0.00319100,23.14000000
2018-02-28 11:51:27,0.00319100,7.97000000
2018-02-28 11:51:27,0.00319100,0.51000000
2018-02-28 11:51:28,0.00319100,30.96000000
2018-02-28 11:51:29,0.00319100,25.98000000
2018-02-28 11:51:30,0.00319300,9.00000000
2018-02-28 11:51:30,0.00319300,5.78000000
2018-02-28 11:51:31,0.00319100,30.92000000
2018-02-28 11:51:32,0.00319100,7.04000000
2018-02-28 11:51:34,0.00319300,16.47000000
2018-02-28 11:51:43,0.00319200,12.38000000
2018-02-28 11:51:50,0.00319000,2.00000000
2018-02-28 11:52:04,0.00318900,12.11000000
2018-02-28 11:52:07,0.00318900,2.30000000
2018-02-28 11:52:07,0.00318700,50.00000000
2018-02-28 11:52:10,0.00318800,0.38000000
2018-02-28 11:52:10,0.00318900,2.02000000
2018-02-28 11:52:12,0.00318900,2.50000000
2018-02-28 11:52:15,0.00318900,2.40000000
2018-02-28 11:52:15,0.00318900,10.10000000
2018-02-28 11:52:17,0.00318900,2.40000000
2018-02-28 11:52:19,0.00318900,2.30000000
2018-02-28 11:52:21,0.00318900,2.40000000
2018-02-28 11:52:24,0.00318900,2.40000000
2018-02-28 11:52:43,0.00318700,42.64000000
2018-02-28 11:52:44,0.00318800,97.30000000
2018-02-28 11:52:44,0.00318900,1.43000000
2018-02-28 11:52:46,0.00318900,2.53000000
2018-02-28 11:52:49,0.00318800,9.76000000
2018-02-28 11:52:59,0.00318800,0.35000000
2018-02-28 11:53:06,0.00318700,1.63000000
2018-02-28 11:53:08,0.00318700,4.22000000
2018-02-28 11:53:17,0.00318700,14.60000000
2018-02-28 11:53:17,0.00318600,14.40000000
2018-02-28 11:53:17,0.00318300,9.42000000
2018-02-28 11:53:17,0.00318200,0.62000000
2018-02-28 11:53:17,0.00318100,32.55000000
2018-02-28 11:53:19,0.00318700,0.51000000
2018-02-28 11:53:19,0.00318700,2.49000000
2018-02-28 11:53:20,0.00318300,4.00000000
2018-02-28 11:53:22,0.00318200,0.62000000
2018-02-28 11:53:24,0.00318200,4.00000000
2018-02-28 11:53:24,0.00318200,5.25000000
2018-02-28 11:53:25,0.00318200,3.35000000
2018-02-28 11:53:25,0.00318200,0.62000000
2018-02-28 11:53:27,0.00318200,0.51000000
2018-02-28 11:53:28,0.00318200,3.87000000
2018-02-28 11:53:28,0.00318100,8.63000000
2018-02-28 11:53:28,0.00318200,4.00000000
2018-02-28 11:53:29,0.00318200,0.51000000
2018-02-28 11:53:30,0.00318200,0.89000000
2018-02-28 11:53:31,0.00318300,1.90000000
2018-02-28 11:53:31,0.00318300,0.02000000
2018-02-28 11:53:33,0.00318300,0.63000000
2018-02-28 11:53:51,0.00318200,61.83000000
2018-02-28 11:53:51,0.00318100,140.17000000
2018-02-28 11:54:14,0.00318200,3.27000000
2018-02-28 11:54:18,0.00318200,23.34000000
2018-02-28 11:54:32,0.00318200,2.00000000
2018-02-28 11:54:33,0.00318300,0.95000000
2018-02-28 11:54:34,0.00318300,9.44000000
2018-02-28 11:54:34,0.00318200,40.56000000
2018-02-28 11:54:37,0.00318300,1.00000000
2018-02-28 11:54:42,0.00318300,6.85000000
2018-02-28 11:54:50,0.00318400,0.80000000
2018-02-28 11:55:02,0.00318500,1.00000000
2018-02-28 11:55:10,0.00318500,29.36000000
2018-02-28 11:55:36,0.00318500,4.71000000
2018-02-28 11:55:37,0.00318500,15.35000000
2018-02-28 11:55:44,0.00318400,8.93000000
2018-02-28 11:55:49,0.00318400,50.00000000
2018-02-28 11:55:54,0.00318500,66.15000000
2018-02-28 11:56:05,0.00318500,60.46000000
2018-02-28 11:56:09,0.00318500,0.51000000
2018-02-28 11:56:11,0.00318500,4.15000000
2018-02-28 11:56:12,0.00318500,32.16000000
2018-02-28 11:56:17,0.00318500,5.00000000
2018-02-28 11:56:19,0.00318400,8.99000000
2018-02-28 11:56:37,0.00318500,0.89000000
2018-02-28 11:56:49,0.00318500,34.86000000
2018-02-28 11:56:54,0.00318400,0.44000000
2018-02-28 11:56:54,0.00318400,3.57000000
2018-02-28 11:56:55,0.00318500,4.22000000
2018-02-28 11:57:07,0.00318700,0.15000000
2018-02-28 11:57:12,0.00318700,1.33000000
2018-02-28 11:57:15,0.00318500,0.54000000
2018-02-28 11:57:44,0.00318500,4.08000000
2018-02-28 11:57:45,0.00318500,0.53000000
2018-02-28 11:57:49,0.00318700,0.02000000
2018-02-28 11:57:49,0.00318800,34.72000000
2018-02-28 11:58:00,0.00318700,1.47000000
2018-02-28 11:58:09,0.00318800,0.09000000
2018-02-28 11:58:13,0.00318700,3.14000000
2018-02-28 11:58:18,0.00318800,13.91000000
2018-02-28 11:58:27,0.00318800,0.01000000
2018-02-28 11:58:32,0.00318900,2.00000000
2018-02-28 11:58:36,0.00319200,17.35000000
2018-02-28 11:58:36,0.00319300,308.94000000
2018-02-28 11:58:41,0.00318800,0.06000000
2018-02-28 11:58:42,0.00318800,1.00000000
2018-02-28 11:58:52,0.00318900,0.61000000
2018-02-28 11:58:54,0.00318900,0.35000000
2018-02-28 11:59:16,0.00318900,23.90000000
2018-02-28 11:59:19,0.00318900,19.07000000
2018-02-28 11:59:22,0.00318900,1.56000000
2018-02-28 11:59:24,0.00318900,10.00000000
2018-02-28 11:59:26,0.00318800,7.81000000
2018-02-28 11:59:34,0.00318900,1.05000000
