DATE,PRICE,VOLUME
2018-02-22 12:05:32,0.00322300,1.24000000
2018-02-22 12:05:34,0.00322200,1.24000000
2018-02-22 12:05:36,0.00322200,1.24000000
2018-02-22 12:05:44,0.00322300,2.20000000
2018-02-22 12:05:44,0.00322200,7.80000000
2018-02-22 12:05:45,0.00322200,27.55000000
2018-02-22 12:05:48,0.00322200,12.41000000
2018-02-22 12:05:48,0.00322300,0.79000000
2018-02-22 12:05:48,0.00322300,2.99000000
2018-02-22 12:06:07,0.00322200,5.73000000
2018-02-22 12:06:10,0.00322200,5.02000000
2018-02-22 12:06:24,0.00322300,1.50000000
2018-02-22 12:06:26,0.00322400,0.47000000
2018-02-22 12:06:37,0.00322400,7.10000000
2018-02-22 12:06:38,0.00322300,9.30000000
2018-02-22 12:06:38,0.00322300,5.54000000
2018-02-22 12:06:38,0.00322300,4.43000000
2018-02-22 12:06:38,0.00322300,1.73000000
2018-02-22 12:06:38,0.00322300,5.55000000
2018-02-22 12:06:38,0.00322300,9.29000000
2018-02-22 12:06:38,0.00322200,25.69000000
2018-02-22 12:06:46,0.00322200,6.20000000
2018-02-22 12:06:48,0.00322200,2.17000000
2018-02-22 12:06:48,0.00322200,6.38000000
2018-02-22 12:06:48,0.00322200,0.55000000
2018-02-22 12:07:00,0.00322300,6.20000000
2018-02-22 12:07:01,0.00322300,3.94000000
2018-02-22 12:07:04,0.00322600,5.52000000
2018-02-22 12:07:04,0.00322800,27.31000000
2018-02-22 12:07:04,0.00322900,108.65000000
2018-02-22 12:07:04,0.00322900,10.79000000
2018-02-22 12:07:04,0.00322900,10.80000000
2018-02-22 12:07:04,0.00322900,3.50000000
2018-02-22 12:07:04,0.00322900,4.37000000
2018-02-22 12:07:04,0.00322900,28.90000000
2018-02-22 12:07:05,0.00322900,100.16000000
2018-02-22 12:07:07,0.00322400,12.40000000
2018-02-22 12:07:07,0.00322500,14.91000000
2018-02-22 12:07:07,0.00322500,0.89000000
2018-02-22 12:07:19,0.00322500,12.40000000
2018-02-22 12:07:20,0.00322500,14.76000000
2018-02-22 12:07:22,0.00322500,3.86000000
2018-02-22 12:07:27,0.00322500,16.13000000
2018-02-22 12:07:30,0.00322500,1.24000000
2018-02-22 12:07:34,0.00322900,3.50000000
2018-02-22 12:07:46,0.00322600,22.11000000
2018-02-22 12:07:46,0.00322500,61.61000000
2018-02-22 12:07:50,0.00322700,0.09000000
2018-02-22 12:07:53,0.00322500,83.72000000
2018-02-22 12:07:53,0.00322500,40.00000000
2018-02-22 12:07:58,0.00322500,108.12000000
2018-02-22 12:07:58,0.00322500,7.59000000
2018-02-22 12:07:58,0.00322500,0.74000000
2018-02-22 12:07:59,0.00322500,9.28000000
2018-02-22 12:07:59,0.00322500,5.50000000
2018-02-22 12:08:02,0.00322400,3.10000000
2018-02-22 12:08:05,0.00322400,10.57000000
2018-02-22 12:08:05,0.00322400,7.20000000
2018-02-22 12:08:06,0.00322400,1.80000000
2018-02-22 12:08:07,0.00322400,1.80000000
2018-02-22 12:08:07,0.00322400,3.50000000
2018-02-22 12:08:08,0.00322400,99.05000000
2018-02-22 12:08:08,0.00322500,7.93000000
2018-02-22 12:08:08,0.00322700,28.40000000
2018-02-22 12:08:08,0.00322800,109.37000000
2018-02-22 12:08:08,0.00322800,1.80000000
2018-02-22 12:08:09,0.00322800,3.45000000
2018-02-22 12:08:09,0.00322300,2.75000000
2018-02-22 12:08:16,0.00322300,6.20000000
2018-02-22 12:08:21,0.00322500,0.96000000
2018-02-22 12:08:26,0.00322400,4.69000000
2018-02-22 12:08:28,0.00322300,6.20000000
2018-02-22 12:08:29,0.00322300,17.46000000
2018-02-22 12:08:30,0.00322200,150.58000000
2018-02-22 12:08:30,0.00322200,19.46000000
2018-02-22 12:08:31,0.00322200,30.98000000
2018-02-22 12:08:32,0.00322200,7.92000000
2018-02-22 12:08:32,0.00322200,7.92000000
2018-02-22 12:08:32,0.00322200,1.38000000
2018-02-22 12:08:39,0.00322100,17.46000000
2018-02-22 12:08:39,0.00322100,13.98000000
2018-02-22 12:08:39,0.00322000,11.00000000
2018-02-22 12:08:39,0.00322100,6.12000000
2018-02-22 12:08:42,0.00322000,0.58000000
2018-02-22 12:08:42,0.00321700,32.22000000
2018-02-22 12:08:42,0.00321600,0.43000000
2018-02-22 12:08:42,0.00321500,99.66000000
2018-02-22 12:08:43,0.00322000,6.20000000
2018-02-22 12:08:43,0.00322100,1.38000000
2018-02-22 12:08:44,0.00322100,0.76000000
2018-02-22 12:08:49,0.00321700,0.85000000
2018-02-22 12:08:55,0.00322000,1.30000000
2018-02-22 12:08:56,0.00322000,1.20000000
2018-02-22 12:08:56,0.00322100,43.02000000
2018-02-22 12:09:02,0.00322200,3.34000000
2018-02-22 12:09:04,0.00322100,31.04000000
2018-02-22 12:09:07,0.00322100,49.32000000
2018-02-22 12:09:23,0.00321700,8.33000000
2018-02-22 12:09:23,0.00321600,8.20000000
2018-02-22 12:09:23,0.00321500,2.33000000
2018-02-22 12:09:25,0.00321900,3.11000000
2018-02-22 12:09:27,0.00321900,3.11000000
2018-02-22 12:09:28,0.00321900,10.47000000
2018-02-22 12:09:28,0.00321900,16.69000000
2018-02-22 12:09:29,0.00322000,3.11000000
2018-02-22 12:09:52,0.00322100,0.37000000
2018-02-22 12:09:54,0.00322100,4.55000000
2018-02-22 12:09:54,0.00322200,19.84000000
2018-02-22 12:09:54,0.00322200,9.31000000
2018-02-22 12:09:54,0.00322200,7.28000000
2018-02-22 12:09:55,0.00322200,0.84000000
2018-02-22 12:09:55,0.00322200,5.52000000
2018-02-22 12:09:55,0.00322200,9.30000000
2018-02-22 12:09:55,0.00322200,3.49000000
2018-02-22 12:10:06,0.00322200,9.87000000
2018-02-22 12:10:12,0.00321700,0.49000000
2018-02-22 12:10:12,0.00321700,4.35000000
2018-02-22 12:10:13,0.00321700,1.58000000
2018-02-22 12:10:13,0.00322000,2.63000000
2018-02-22 12:10:13,0.00322100,27.20000000
2018-02-22 12:10:15,0.00322100,20.17000000
2018-02-22 12:10:15,0.00321800,27.20000000
2018-02-22 12:10:15,0.00321600,26.97000000
2018-02-22 12:10:15,0.00321500,55.37000000
2018-02-22 12:10:15,0.00321300,51.36000000
2018-02-22 12:10:24,0.00321700,3.55000000
2018-02-22 12:10:27,0.00321900,1.73000000
2018-02-22 12:10:29,0.00321900,9.31000000
2018-02-22 12:10:29,0.00321900,13.08000000
2018-02-22 12:10:29,0.00321900,9.31000000
2018-02-22 12:10:29,0.00321900,7.53000000
2018-02-22 12:10:39,0.00321800,3.29000000
2018-02-22 12:10:39,0.00321800,4.72000000
2018-02-22 12:10:41,0.00322000,0.02000000
2018-02-22 12:10:56,0.00322000,2.50000000
2018-02-22 12:10:58,0.00322000,2.40000000
2018-02-22 12:11:01,0.00322000,2.40000000
2018-02-22 12:11:03,0.00322000,2.40000000
2018-02-22 12:11:06,0.00322000,2.40000000
2018-02-22 12:11:06,0.00322000,88.79000000
2018-02-22 12:11:06,0.00322100,11.21000000
2018-02-22 12:11:08,0.00322200,2.50000000
2018-02-22 12:11:10,0.00322100,5.00000000
2018-02-22 12:11:10,0.00322000,2.40000000
2018-02-22 12:11:13,0.00322000,2.40000000
2018-02-22 12:11:15,0.00322000,2.50000000
2018-02-22 12:11:16,0.00322000,0.88000000
2018-02-22 12:11:16,0.00322100,8.16000000
2018-02-22 12:11:17,0.00322100,2.40000000
2018-02-22 12:11:20,0.00322200,2.40000000
2018-02-22 12:11:22,0.00322100,2.30000000
2018-02-22 12:11:24,0.00322100,2.30000000
2018-02-22 12:11:27,0.00322100,2.40000000
2018-02-22 12:11:56,0.00322000,1.99000000
2018-02-22 12:11:58,0.00322100,146.04000000
2018-02-22 12:12:01,0.00322100,0.90000000
2018-02-22 12:12:02,0.00322100,5.00000000
2018-02-22 12:12:05,0.00322100,2.00000000
2018-02-22 12:12:08,0.00322200,19.68000000
2018-02-22 12:12:08,0.00322100,1.29000000
2018-02-22 12:12:08,0.00322000,2.78000000
2018-02-22 12:12:16,0.00322000,18.31000000
2018-02-22 12:12:16,0.00321900,7.15000000
2018-02-22 12:12:36,0.00322100,6.29000000
2018-02-22 12:12:52,0.00322000,51.88000000
2018-02-22 12:12:58,0.00322000,15.09000000
2018-02-22 12:13:04,0.00322000,9.00000000
2018-02-22 12:13:07,0.00322100,43.30000000
2018-02-22 12:13:07,0.00322200,3.03000000
2018-02-22 12:13:09,0.00322100,29.32000000
2018-02-22 12:13:16,0.00322200,35.24000000
2018-02-22 12:13:21,0.00322400,15.35000000
2018-02-22 12:13:21,0.00322200,39.65000000
2018-02-22 12:13:23,0.00322500,14.32000000
2018-02-22 12:13:28,0.00322200,70.81000000
2018-02-22 12:13:46,0.00322400,2.20000000
2018-02-22 12:13:55,0.00322400,42.27000000
2018-02-22 12:13:55,0.00322400,2.60000000
2018-02-22 12:14:03,0.00322500,39.62000000
2018-02-22 12:14:07,0.00322700,0.76000000
2018-02-22 12:14:11,0.00322300,0.92000000
2018-02-22 12:14:11,0.00322300,23.62000000
2018-02-22 12:14:12,0.00322300,0.92000000
2018-02-22 12:14:12,0.00322300,5.00000000
2018-02-22 12:14:13,0.00322300,11.25000000
2018-02-22 12:14:13,0.00322200,78.75000000
2018-02-22 12:14:14,0.00322700,1.08000000
2018-02-22 12:14:16,0.00322800,26.09000000
2018-02-22 12:14:16,0.00322900,48.69000000
2018-02-22 12:14:16,0.00322400,0.74000000
2018-02-22 12:14:16,0.00322900,17.52000000
2018-02-22 12:14:16,0.00323000,45.04000000
2018-02-22 12:14:17,0.00323100,29.88000000
2018-02-22 12:14:17,0.00323100,6.00000000
2018-02-22 12:14:18,0.00322800,1.06000000
2018-02-22 12:14:25,0.00322800,5.26000000
2018-02-22 12:14:26,0.00323100,2.99000000
2018-02-22 12:14:49,0.00323100,5.48000000
2018-02-22 12:14:49,0.00323100,4.34000000
2018-02-22 12:14:49,0.00322900,4.34000000
2018-02-22 12:14:50,0.00322900,45.90000000
2018-02-22 12:14:53,0.00322800,119.72000000
2018-02-22 12:14:56,0.00322800,0.40000000
2018-02-22 12:14:56,0.00323100,2.60000000
2018-02-22 12:14:56,0.00323000,14.29000000
2018-02-22 12:14:59,0.00323100,19.76000000
2018-02-22 12:14:59,0.00323100,9.27000000
2018-02-22 12:14:59,0.00323100,10.91000000
2018-02-22 12:14:59,0.00323000,9.27000000
2018-02-22 12:15:00,0.00323000,0.34000000
2018-02-22 12:15:07,0.00323100,1.27000000
2018-02-22 12:15:23,0.00322700,1.18000000
2018-02-22 12:15:24,0.00322800,20.00000000
2018-02-22 12:15:25,0.00322700,6.19000000
2018-02-22 12:15:25,0.00322600,0.34000000
2018-02-22 12:15:25,0.00322300,0.79000000
2018-02-22 12:15:25,0.00322200,24.29000000
2018-02-22 12:15:33,0.00322700,0.48000000
2018-02-22 12:15:36,0.00322700,20.00000000
2018-02-22 12:15:38,0.00322700,0.52000000
2018-02-22 12:15:44,0.00322700,2.50000000
2018-02-22 12:15:46,0.00322900,2.30000000
2018-02-22 12:15:48,0.00323000,2.50000000
2018-02-22 12:15:48,0.00323000,2.20000000
2018-02-22 12:15:49,0.00322900,2.30000000
2018-02-22 12:15:49,0.00322500,0.24000000
2018-02-22 12:15:51,0.00322900,2.50000000
2018-02-22 12:15:55,0.00322900,2.30000000
2018-02-22 12:16:00,0.00322900,8.03000000
2018-02-22 12:16:00,0.00322900,61.93000000
2018-02-22 12:16:02,0.00322900,3.15000000
2018-02-22 12:16:03,0.00322900,21.61000000
2018-02-22 12:16:03,0.00323000,45.87000000
2018-02-22 12:16:03,0.00323100,25.55000000
2018-02-22 12:16:05,0.00323100,360.51000000
2018-02-22 12:16:07,0.00322900,15.48000000
2018-02-22 12:16:08,0.00323000,15.26000000
2018-02-22 12:16:11,0.00322900,30.00000000
2018-02-22 12:16:12,0.00322900,39.07000000
2018-02-22 12:16:14,0.00322900,15.48000000
2018-02-22 12:16:21,0.00322900,9.29000000
2018-02-22 12:16:28,0.00322900,6.19000000
2018-02-22 12:16:29,0.00323100,5.88000000
2018-02-22 12:16:34,0.00322900,1.00000000
2018-02-22 12:16:35,0.00322900,5.20000000
2018-02-22 12:16:35,0.00322500,6.61000000
2018-02-22 12:16:35,0.00322400,19.53000000
2018-02-22 12:16:35,0.00322400,1.26000000
2018-02-22 12:16:36,0.00322500,6.61000000
2018-02-22 12:16:39,0.00322500,2.84000000
2018-02-22 12:16:39,0.00322400,2.06000000
2018-02-22 12:16:41,0.00322900,6.20000000
2018-02-22 12:16:41,0.00323000,2.06000000
2018-02-22 12:16:41,0.00323100,11.99000000
2018-02-22 12:16:48,0.00322600,6.19000000
2018-02-22 12:16:48,0.00322500,4.33000000
2018-02-22 12:16:48,0.00322400,40.39000000
2018-02-22 12:16:48,0.00322300,0.75000000
2018-02-22 12:16:48,0.00322200,25.81000000
2018-02-22 12:16:50,0.00322800,5.56000000
2018-02-22 12:17:17,0.00322700,2.40000000
2018-02-22 12:17:20,0.00322700,2.40000000
2018-02-22 12:17:21,0.00322500,0.74000000
2018-02-22 12:17:22,0.00322700,2.30000000
2018-02-22 12:17:31,0.00322500,0.06000000
2018-02-22 12:17:31,0.00322300,4.72000000
2018-02-22 12:17:36,0.00322300,1.12000000
2018-02-22 12:17:52,0.00322300,5.64000000
2018-02-22 12:17:52,0.00322200,1.00000000
2018-02-22 12:17:52,0.00322100,91.21000000
2018-02-22 12:17:52,0.00322000,26.41000000
2018-02-22 12:17:52,0.00321900,48.07000000
2018-02-22 12:17:52,0.00321700,11.03000000
2018-02-22 12:17:52,0.00321600,4.93000000
2018-02-22 12:17:52,0.00321500,9.00000000
2018-02-22 12:17:52,0.00321400,38.21000000
2018-02-22 12:17:52,0.00321300,88.89000000
2018-02-22 12:17:53,0.00322500,14.94000000
2018-02-22 12:17:56,0.00322200,8.85000000
2018-02-22 12:17:57,0.00322200,2.01000000
2018-02-22 12:18:02,0.00322200,3.27000000
2018-02-22 12:18:08,0.00321700,8.71000000
2018-02-22 12:18:09,0.00322200,12.21000000
2018-02-22 12:18:10,0.00322200,1.89000000
2018-02-22 12:18:13,0.00322200,1.89000000
2018-02-22 12:18:18,0.00322200,5.00000000
2018-02-22 12:18:18,0.00322200,2.62000000
2018-02-22 12:18:23,0.00321600,0.89000000
2018-02-22 12:18:23,0.00321700,0.89000000
2018-02-22 12:18:23,0.00321600,0.89000000
2018-02-22 12:18:29,0.00322100,2.38000000
2018-02-22 12:18:30,0.00322000,4.99000000
2018-02-22 12:18:31,0.00321700,0.39000000
2018-02-22 12:18:31,0.00321700,2.43000000
2018-02-22 12:18:32,0.00321700,2.17000000
2018-02-22 12:18:32,0.00321600,2.16000000
2018-02-22 12:18:36,0.00321600,2.27000000
2018-02-22 12:18:36,0.00321500,1.60000000
2018-02-22 12:18:36,0.00321400,20.74000000
2018-02-22 12:18:37,0.00321600,15.00000000
2018-02-22 12:18:39,0.00321900,2.98000000
2018-02-22 12:18:47,0.00321900,0.52000000
2018-02-22 12:18:56,0.00321900,8.26000000
2018-02-22 12:18:57,0.00321800,1.51000000
2018-02-22 12:18:59,0.00321800,1.51000000
2018-02-22 12:19:01,0.00321800,1.07000000
2018-02-22 12:19:03,0.00321800,2.42000000
2018-02-22 12:19:04,0.00321600,50.39000000
2018-02-22 12:19:04,0.00321800,1.07000000
2018-02-22 12:19:10,0.00321800,0.59000000
2018-02-22 12:19:16,0.00321800,0.41000000
2018-02-22 12:19:16,0.00321800,2.30000000
2018-02-22 12:19:18,0.00321800,2.20000000
2018-02-22 12:19:18,0.00321800,1.24000000
2018-02-22 12:19:19,0.00321600,2.00000000
2018-02-22 12:19:19,0.00321600,0.75000000
2018-02-22 12:19:20,0.00321800,2.30000000
2018-02-22 12:19:22,0.00321800,2.30000000
2018-02-22 12:19:22,0.00321600,11.41000000
2018-02-22 12:19:24,0.00321800,3.99000000
2018-02-22 12:19:25,0.00321800,2.30000000
2018-02-22 12:19:26,0.00321800,1.24000000
2018-02-22 12:19:27,0.00321800,2.30000000
2018-02-22 12:19:27,0.00321800,0.05000000
2018-02-22 12:19:27,0.00321900,40.50000000
2018-02-22 12:19:32,0.00321900,0.93000000
2018-02-22 12:19:33,0.00321900,58.66000000
2018-02-22 12:19:33,0.00322000,2.45000000
2018-02-22 12:19:33,0.00322200,82.68000000
2018-02-22 12:19:35,0.00322300,11.03000000
2018-02-22 12:19:35,0.00322800,10.80000000
2018-02-22 12:19:35,0.00323000,7.95000000
2018-02-22 12:19:37,0.00322900,1.39000000
2018-02-22 12:19:37,0.00322300,2.50000000
2018-02-22 12:19:38,0.00322800,1.52000000
2018-02-22 12:19:38,0.00322300,10.00000000
2018-02-22 12:19:43,0.00322300,7.74000000
2018-02-22 12:19:47,0.00322400,5.98000000
2018-02-22 12:20:14,0.00322400,12.26000000
2018-02-22 12:20:14,0.00322300,99.70000000
2018-02-22 12:20:18,0.00322200,5.85000000
2018-02-22 12:20:18,0.00322100,30.68000000
2018-02-22 12:20:30,0.00322400,6.20000000
2018-02-22 12:20:35,0.00322600,0.60000000
2018-02-22 12:20:36,0.00322600,7.42000000
2018-02-22 12:20:36,0.00322700,9.68000000
2018-02-22 12:20:37,0.00322700,49.58000000
2018-02-22 12:20:43,0.00322700,11.35000000
2018-02-22 12:20:44,0.00322700,27.88000000
2018-02-22 12:20:45,0.00322700,4.56000000
2018-02-22 12:20:48,0.00322700,28.27000000
2018-02-22 12:20:50,0.00322500,2.97000000
2018-02-22 12:20:56,0.00322500,3.23000000
2018-02-22 12:20:56,0.00322400,1.34000000
2018-02-22 12:20:59,0.00322400,0.74000000
2018-02-22 12:21:00,0.00322400,2.78000000
2018-02-22 12:21:02,0.00322400,1.58000000
2018-02-22 12:21:11,0.00322400,3.64000000
2018-02-22 12:21:12,0.00322400,2.40000000
2018-02-22 12:21:12,0.00322400,3.10000000
2018-02-22 12:21:19,0.00322400,9.30000000
2018-02-22 12:21:20,0.00322400,4.57000000
2018-02-22 12:21:23,0.00322400,4.65000000
2018-02-22 12:21:23,0.00322400,6.99000000
2018-02-22 12:22:04,0.00322400,14.77000000
2018-02-22 12:22:07,0.00322300,2.50000000
2018-02-22 12:22:07,0.00322200,2.07000000
2018-02-22 12:22:11,0.00322200,18.62000000
2018-02-22 12:22:12,0.00322200,8.00000000
2018-02-22 12:22:13,0.00322200,8.00000000
2018-02-22 12:22:15,0.00322200,8.00000000
2018-02-22 12:22:16,0.00322200,5.64000000
2018-02-22 12:22:16,0.00322000,29.62000000
2018-02-22 12:22:16,0.00322000,2.20000000
2018-02-22 12:22:18,0.00321900,6.21000000
2018-02-22 12:22:19,0.00322000,2.30000000
2018-02-22 12:22:21,0.00322000,2.20000000
2018-02-22 12:22:21,0.00322000,28.04000000
2018-02-22 12:22:23,0.00322400,5.00000000
2018-02-22 12:22:25,0.00322000,6.21000000
2018-02-22 12:22:27,0.00322400,2.86000000
2018-02-22 12:22:31,0.00322000,2.30000000
2018-02-22 12:22:31,0.00322000,9.50000000
2018-02-22 12:22:32,0.00322000,0.65000000
2018-02-22 12:22:32,0.00321900,0.87000000
2018-02-22 12:22:34,0.00322300,3.42000000
2018-02-22 12:22:43,0.00322000,2.30000000
2018-02-22 12:22:44,0.00322000,0.41000000
2018-02-22 12:22:45,0.00322000,2.28000000
2018-02-22 12:22:45,0.00322300,0.02000000
2018-02-22 12:23:01,0.00321900,9.31000000
2018-02-22 12:23:05,0.00321900,11.03000000
2018-02-22 12:23:18,0.00321800,2.50000000
2018-02-22 12:23:21,0.00321600,2.30000000
2018-02-22 12:23:21,0.00321600,31.05000000
2018-02-22 12:23:21,0.00321600,23.39000000
2018-02-22 12:23:21,0.00321600,12.82000000
2018-02-22 12:23:21,0.00321600,61.81000000
2018-02-22 12:23:22,0.00321600,10.46000000
2018-02-22 12:23:23,0.00321600,11.00000000
2018-02-22 12:23:23,0.00321600,1.93000000
2018-02-22 12:23:23,0.00321800,2.30000000
2018-02-22 12:23:25,0.00321800,1.55000000
2018-02-22 12:23:26,0.00321800,2.30000000
2018-02-22 12:23:28,0.00321800,2.30000000
2018-02-22 12:23:31,0.00321800,2.40000000
2018-02-22 12:23:31,0.00321800,5.03000000
2018-02-22 12:23:33,0.00321800,2.50000000
2018-02-22 12:23:35,0.00321800,2.40000000
2018-02-22 12:23:38,0.00321800,2.40000000
2018-02-22 12:23:40,0.00321800,2.40000000
2018-02-22 12:23:41,0.00321600,4.32000000
2018-02-22 12:23:47,0.00321500,43.41000000
2018-02-22 12:23:48,0.00321400,108.88000000
2018-02-22 12:23:48,0.00321300,221.55000000
2018-02-22 12:23:48,0.00321300,4.54000000
2018-02-22 12:23:48,0.00321200,49.95000000
2018-02-22 12:23:48,0.00321200,43.63000000
2018-02-22 12:23:48,0.00321200,35.04000000
2018-02-22 12:23:48,0.00321200,28.18000000
2018-02-22 12:23:48,0.00321200,22.54000000
2018-02-22 12:23:48,0.00321200,9.29000000
2018-02-22 12:23:50,0.00321600,0.91000000
2018-02-22 12:23:51,0.00321000,30.03000000
2018-02-22 12:23:52,0.00321000,6.20000000
2018-02-22 12:23:52,0.00321000,1.00000000
2018-02-22 12:23:52,0.00320900,14.23000000
2018-02-22 12:23:52,0.00320800,4.93000000
2018-02-22 12:23:52,0.00320700,2.32000000
2018-02-22 12:23:53,0.00321000,1.21000000
2018-02-22 12:23:53,0.00321000,0.01000000
2018-02-22 12:23:55,0.00321400,9.33000000
2018-02-22 12:23:57,0.00321100,10.89000000
2018-02-22 12:23:57,0.00321100,59.10000000
2018-02-22 12:23:57,0.00320900,6.23000000
2018-02-22 12:23:57,0.00320700,11.00000000
2018-02-22 12:23:58,0.00321300,4.19000000
2018-02-22 12:23:59,0.00320800,4.19000000
2018-02-22 12:24:00,0.00320800,2.65000000
2018-02-22 12:24:01,0.00321100,6.20000000
2018-02-22 12:24:02,0.00320800,3.58000000
2018-02-22 12:24:02,0.00320700,2.65000000
2018-02-22 12:24:04,0.00320900,5.60000000
2018-02-22 12:24:05,0.00320900,1.97000000
2018-02-22 12:24:12,0.00320700,1.33000000
2018-02-22 12:24:13,0.00320600,8.66000000
2018-02-22 12:24:14,0.00320600,9.34000000
2018-02-22 12:24:15,0.00320600,1.06000000
2018-02-22 12:24:15,0.00320600,3.37000000
2018-02-22 12:24:15,0.00320600,3.37000000
2018-02-22 12:24:15,0.00320600,1.55000000
2018-02-22 12:24:16,0.00320600,9.06000000
2018-02-22 12:24:17,0.00320600,0.78000000
2018-02-22 12:24:18,0.00320600,3.68000000
2018-02-22 12:24:18,0.00320600,0.37000000
2018-02-22 12:24:20,0.00320600,3.59000000
2018-02-22 12:24:20,0.00320600,4.65000000
2018-02-22 12:24:21,0.00320500,4.18000000
2018-02-22 12:24:21,0.00320500,36.82000000
2018-02-22 12:24:21,0.00320600,50.47000000
2018-02-22 12:24:21,0.00320600,36.82000000
2018-02-22 12:24:21,0.00320800,2.30000000
2018-02-22 12:24:24,0.00320800,2.30000000
2018-02-22 12:24:26,0.00320800,1.63000000
2018-02-22 12:24:26,0.00320900,0.77000000
2018-02-22 12:24:28,0.00320900,0.79000000
2018-02-22 12:24:30,0.00320900,15.20000000
2018-02-22 12:24:30,0.00320900,3.81000000
2018-02-22 12:24:36,0.00320600,10.00000000
2018-02-22 12:24:38,0.00321000,2.65000000
2018-02-22 12:24:40,0.00320800,6.23000000
2018-02-22 12:24:40,0.00320600,2.09000000
2018-02-22 12:24:40,0.00320600,2.30000000
2018-02-22 12:24:43,0.00320600,2.40000000
2018-02-22 12:24:44,0.00320600,3.77000000
2018-02-22 12:24:45,0.00320600,2.40000000
2018-02-22 12:24:48,0.00320800,0.50000000
2018-02-22 12:24:56,0.00320500,1.72000000
2018-02-22 12:24:57,0.00320500,4.92000000
2018-02-22 12:25:00,0.00320500,3.40000000
2018-02-22 12:25:02,0.00320800,5.73000000
2018-02-22 12:25:02,0.00320900,6.00000000
2018-02-22 12:25:02,0.00320900,21.63000000
2018-02-22 12:25:05,0.00320900,1.01000000
2018-02-22 12:25:06,0.00320900,21.31000000
2018-02-22 12:25:06,0.00320800,6.20000000
2018-02-22 12:25:06,0.00320700,3.77000000
2018-02-22 12:25:06,0.00320500,66.13000000
2018-02-22 12:25:06,0.00320400,11.00000000
2018-02-22 12:25:06,0.00320300,26.57000000
2018-02-22 12:25:08,0.00320800,0.98000000
2018-02-22 12:25:11,0.00320800,0.37000000
2018-02-22 12:25:13,0.00320500,4.50000000
2018-02-22 12:25:13,0.00320400,15.03000000
2018-02-22 12:25:14,0.00320400,2.22000000
2018-02-22 12:25:20,0.00320400,15.64000000
2018-02-22 12:25:21,0.00320400,37.45000000
2018-02-22 12:25:25,0.00320400,25.21000000
2018-02-22 12:25:26,0.00320400,2.54000000
2018-02-22 12:25:33,0.00320400,101.56000000
2018-02-22 12:25:33,0.00320300,153.03000000
2018-02-22 12:25:33,0.00320200,3.85000000
2018-02-22 12:25:34,0.00320100,225.83000000
2018-02-22 12:25:34,0.00320000,263.83000000
2018-02-22 12:25:34,0.00320000,101.19000000
2018-02-22 12:25:34,0.00320000,94.13000000
2018-02-22 12:25:34,0.00320000,48.64000000
2018-02-22 12:25:34,0.00320000,24.54000000
2018-02-22 12:25:35,0.00320100,2.55000000
2018-02-22 12:25:35,0.00320500,2.40000000
2018-02-22 12:25:37,0.00320000,901.90000000
2018-02-22 12:25:37,0.00319900,1.50000000
2018-02-22 12:25:37,0.00319800,18.75000000
2018-02-22 12:25:37,0.00319800,170.60000000
2018-02-22 12:25:37,0.00320100,13.51000000
2018-02-22 12:25:37,0.00320100,5.80000000
2018-02-22 12:25:37,0.00320100,2.40000000
2018-02-22 12:25:37,0.00320100,9.57000000
2018-02-22 12:25:37,0.00320100,2.95000000
2018-02-22 12:25:37,0.00320100,8.22000000
2018-02-22 12:25:37,0.00320200,2.42000000
2018-02-22 12:25:38,0.00320100,3.84000000
2018-02-22 12:25:38,0.00320200,3.81000000
2018-02-22 12:25:38,0.00320000,20.65000000
2018-02-22 12:25:38,0.00320100,6.50000000
2018-02-22 12:25:38,0.00320100,13.51000000
2018-02-22 12:25:38,0.00320100,4.47000000
2018-02-22 12:25:38,0.00320100,2.67000000
2018-02-22 12:25:38,0.00320200,1.99000000
2018-02-22 12:25:39,0.00320200,2.40000000
2018-02-22 12:25:40,0.00320200,1.25000000
2018-02-22 12:25:40,0.00320200,0.40000000
2018-02-22 12:25:40,0.00320200,6.20000000
2018-02-22 12:25:41,0.00320200,41.61000000
2018-02-22 12:25:41,0.00320200,4.66000000
2018-02-22 12:25:41,0.00320200,41.40000000
2018-02-22 12:25:42,0.00320200,2.40000000
2018-02-22 12:25:43,0.00320200,3.11000000
2018-02-22 12:25:44,0.00320200,2.40000000
2018-02-22 12:25:46,0.00319800,1.40000000
2018-02-22 12:25:47,0.00319800,135.20000000
2018-02-22 12:25:47,0.00319700,195.99000000
2018-02-22 12:25:47,0.00319700,2.40000000
2018-02-22 12:25:48,0.00319700,6.13000000
2018-02-22 12:25:48,0.00319700,3.11000000
2018-02-22 12:25:48,0.00319600,7.40000000
2018-02-22 12:25:49,0.00319600,14.60000000
2018-02-22 12:25:49,0.00319700,5.11000000
2018-02-22 12:25:49,0.00319700,2.30000000
2018-02-22 12:25:49,0.00319700,1.00000000
2018-02-22 12:25:51,0.00319500,1.55000000
2018-02-22 12:25:52,0.00319500,0.40000000
2018-02-22 12:25:52,0.00319300,4.95000000
2018-02-22 12:25:52,0.00319600,2.40000000
2018-02-22 12:25:53,0.00319500,2.20000000
2018-02-22 12:25:54,0.00319500,2.40000000
2018-02-22 12:25:54,0.00319500,0.35000000
2018-02-22 12:25:54,0.00319600,2.65000000
2018-02-22 12:25:55,0.00319600,0.78000000
2018-02-22 12:25:55,0.00319600,2.80000000
2018-02-22 12:25:57,0.00319600,2.40000000
2018-02-22 12:25:57,0.00319600,1.88000000
2018-02-22 12:25:58,0.00319600,29.54000000
2018-02-22 12:25:58,0.00319700,220.60000000
2018-02-22 12:25:59,0.00319700,2.30000000
2018-02-22 12:26:01,0.00319700,223.04000000
2018-02-22 12:26:01,0.00319700,2.40000000
2018-02-22 12:26:04,0.00319600,2.40000000
2018-02-22 12:26:04,0.00319600,1.39000000
2018-02-22 12:26:05,0.00319700,7.82000000
2018-02-22 12:26:05,0.00319600,0.34000000
2018-02-22 12:26:06,0.00319600,2.40000000
2018-02-22 12:26:07,0.00319600,15.00000000
2018-02-22 12:26:07,0.00319600,24.00000000
2018-02-22 12:26:08,0.00319600,0.72000000
2018-02-22 12:26:09,0.00319600,2.50000000
2018-02-22 12:26:10,0.00319300,9.28000000
2018-02-22 12:26:10,0.00319200,1.19000000
2018-02-22 12:26:11,0.00319600,0.67000000
2018-02-22 12:26:11,0.00319600,2.50000000
2018-02-22 12:26:12,0.00319200,112.63000000
2018-02-22 12:26:12,0.00319200,0.99000000
2018-02-22 12:26:12,0.00319200,9.38000000
2018-02-22 12:26:12,0.00319200,1.13000000
2018-02-22 12:26:13,0.00319600,6.69000000
2018-02-22 12:26:13,0.00319200,0.76000000
2018-02-22 12:26:13,0.00319200,1.46000000
2018-02-22 12:26:13,0.00319200,1.31000000
2018-02-22 12:26:13,0.00319200,1.31000000
2018-02-22 12:26:13,0.00319200,3.45000000
2018-02-22 12:26:13,0.00319200,1.57000000
2018-02-22 12:26:14,0.00319600,9.38000000
2018-02-22 12:26:14,0.00319600,2.40000000
2018-02-22 12:26:16,0.00319600,2.30000000
2018-02-22 12:26:16,0.00319600,8.08000000
2018-02-22 12:26:16,0.00319600,0.90000000
2018-02-22 12:26:18,0.00319600,2.40000000
2018-02-22 12:26:21,0.00319600,0.49000000
2018-02-22 12:26:21,0.00319700,2.01000000
2018-02-22 12:26:23,0.00319700,2.40000000
2018-02-22 12:26:25,0.00319700,0.88000000
2018-02-22 12:26:26,0.00319700,2.40000000
2018-02-22 12:26:26,0.00319700,112.60000000
2018-02-22 12:26:26,0.00319700,3.13000000
2018-02-22 12:26:27,0.00319700,30.28000000
2018-02-22 12:26:28,0.00319700,2.50000000
2018-02-22 12:26:30,0.00319700,0.90000000
2018-02-22 12:26:31,0.00319700,2.40000000
2018-02-22 12:26:31,0.00319700,31.27000000
2018-02-22 12:26:31,0.00319700,5.58000000
2018-02-22 12:26:31,0.00319700,28.35000000
2018-02-22 12:26:31,0.00319700,9.36000000
2018-02-22 12:26:31,0.00319700,13.53000000
2018-02-22 12:26:31,0.00319700,9.35000000
2018-02-22 12:26:31,0.00319700,22.01000000
2018-02-22 12:26:31,0.00319700,41.46000000
2018-02-22 12:26:31,0.00319700,9.36000000
2018-02-22 12:26:31,0.00319700,28.35000000
2018-02-22 12:26:31,0.00319700,7.30000000
2018-02-22 12:26:31,0.00319700,4.39000000
2018-02-22 12:26:31,0.00319700,28.35000000
2018-02-22 12:26:31,0.00319700,3.28000000
2018-02-22 12:26:31,0.00319700,26.64000000
2018-02-22 12:26:31,0.00319700,15.47000000
2018-02-22 12:26:32,0.00319800,11.03000000
2018-02-22 12:26:32,0.00320000,20.00000000
2018-02-22 12:26:32,0.00320200,8.35000000
2018-02-22 12:26:33,0.00320200,15.61000000
2018-02-22 12:26:33,0.00320200,1.25000000
2018-02-22 12:26:36,0.00320200,0.69000000
2018-02-22 12:26:36,0.00319700,24.09000000
2018-02-22 12:26:36,0.00319600,0.48000000
2018-02-22 12:26:36,0.00319500,35.43000000
2018-02-22 12:26:37,0.00320100,1.56000000
2018-02-22 12:26:38,0.00320100,4.19000000
2018-02-22 12:26:39,0.00320100,0.50000000
2018-02-22 12:26:39,0.00320200,0.12000000
2018-02-22 12:26:40,0.00320100,87.47000000
2018-02-22 12:26:44,0.00319700,38.15000000
2018-02-22 12:26:44,0.00319700,3.23000000
2018-02-22 12:26:44,0.00320000,2.97000000
2018-02-22 12:26:48,0.00319800,0.45000000
2018-02-22 12:26:48,0.00319900,35.38000000
2018-02-22 12:26:53,0.00320100,5.94000000
2018-02-22 12:26:54,0.00320100,4.06000000
2018-02-22 12:26:55,0.00320100,40.94000000
2018-02-22 12:26:57,0.00320200,3.51000000
2018-02-22 12:26:57,0.00320200,13.72000000
2018-02-22 12:26:57,0.00320100,16.28000000
2018-02-22 12:26:59,0.00320100,17.76000000
2018-02-22 12:26:59,0.00320000,6.47000000
2018-02-22 12:27:03,0.00320500,2.18000000
2018-02-22 12:27:04,0.00320500,3.12000000
2018-02-22 12:27:09,0.00320200,9.36000000
2018-02-22 12:27:09,0.00320200,1.28000000
2018-02-22 12:27:09,0.00320100,1.28000000
2018-02-22 12:27:13,0.00320500,0.02000000
2018-02-22 12:27:17,0.00320100,0.56000000
2018-02-22 12:27:22,0.00320200,9.36000000
2018-02-22 12:27:27,0.00320500,13.92000000
2018-02-22 12:27:28,0.00320400,1.37000000
2018-02-22 12:27:32,0.00320200,19.42000000
2018-02-22 12:27:33,0.00320400,6.24000000
2018-02-22 12:27:36,0.00320200,4.25000000
2018-02-22 12:27:36,0.00320200,18.98000000
2018-02-22 12:27:43,0.00320400,3.03000000
2018-02-22 12:27:43,0.00320700,9.14000000
2018-02-22 12:27:44,0.00320400,2.17000000
2018-02-22 12:27:47,0.00320400,6.77000000
2018-02-22 12:27:48,0.00320300,8.80000000
2018-02-22 12:27:49,0.00320700,0.01000000
2018-02-22 12:27:49,0.00320300,9.35000000
2018-02-22 12:27:51,0.00320800,1.89000000
2018-02-22 12:27:52,0.00320800,0.73000000
2018-02-22 12:27:52,0.00320900,3.93000000
2018-02-22 12:27:54,0.00320900,14.40000000
2018-02-22 12:27:56,0.00320800,1.80000000
2018-02-22 12:27:57,0.00320400,9.36000000
2018-02-22 12:27:57,0.00320400,7.89000000
2018-02-22 12:27:57,0.00320300,1.46000000
2018-02-22 12:27:57,0.00320300,9.35000000
2018-02-22 12:27:57,0.00320300,0.50000000
2018-02-22 12:27:57,0.00320300,4.63000000
2018-02-22 12:27:57,0.00320300,5.14000000
2018-02-22 12:27:59,0.00320800,0.70000000
2018-02-22 12:28:03,0.00320800,0.05000000
2018-02-22 12:28:15,0.00320300,4.07000000
2018-02-22 12:28:19,0.00320300,0.66000000
2018-02-22 12:28:31,0.00320600,3.19000000
2018-02-22 12:28:31,0.00320300,0.75000000
2018-02-22 12:28:31,0.00320200,144.01000000
2018-02-22 12:28:34,0.00320600,11.14000000
2018-02-22 12:28:35,0.00320200,1.16000000
2018-02-22 12:28:35,0.00320200,2.42000000
2018-02-22 12:28:36,0.00320200,22.62000000
2018-02-22 12:28:36,0.00320100,1.13000000
2018-02-22 12:28:36,0.00320100,2.83000000
2018-02-22 12:28:37,0.00320100,7.46000000
2018-02-22 12:28:37,0.00320200,3.21000000
2018-02-22 12:28:38,0.00320600,18.58000000
2018-02-22 12:28:42,0.00320700,15.59000000
2018-02-22 12:28:43,0.00320200,0.38000000
2018-02-22 12:28:44,0.00320800,2.40000000
2018-02-22 12:28:45,0.00320300,6.24000000
2018-02-22 12:28:45,0.00320200,19.96000000
2018-02-22 12:28:47,0.00320700,2.40000000
2018-02-22 12:28:49,0.00320200,19.25000000
2018-02-22 12:28:54,0.00320200,8.98000000
2018-02-22 12:29:07,0.00320600,29.50000000
2018-02-22 12:29:08,0.00320600,14.57000000
2018-02-22 12:29:12,0.00320600,23.00000000
2018-02-22 12:29:15,0.00320600,5.64000000
2018-02-22 12:29:20,0.00320900,2.49000000
2018-02-22 12:29:34,0.00320700,19.42000000
2018-02-22 12:29:38,0.00320600,5.62000000
2018-02-22 12:29:39,0.00320700,0.43000000
2018-02-22 12:29:41,0.00320600,7.82000000
2018-02-22 12:29:46,0.00320700,18.66000000
2018-02-22 12:29:59,0.00320700,7.10000000
2018-02-22 12:29:59,0.00320600,27.68000000
2018-02-22 12:30:11,0.00320700,0.59000000
2018-02-22 12:30:12,0.00320700,8.48000000
2018-02-22 12:30:12,0.00320600,29.43000000
2018-02-22 12:30:12,0.00320500,0.64000000
2018-02-22 12:30:12,0.00320400,6.24000000
2018-02-22 12:30:12,0.00320200,3.21000000
2018-02-22 12:30:16,0.00320400,2.65000000
2018-02-22 12:30:17,0.00320700,0.75000000
2018-02-22 12:30:18,0.00320700,0.79000000
2018-02-22 12:30:18,0.00320200,5.96000000
2018-02-22 12:30:18,0.00320400,2.40000000
2018-02-22 12:30:18,0.00320400,29.19000000
2018-02-22 12:30:19,0.00320400,0.75000000
2018-02-22 12:30:20,0.00320200,28.67000000
2018-02-22 12:30:20,0.00320000,43.22000000
2018-02-22 12:30:21,0.00320000,3.00000000
2018-02-22 12:30:21,0.00320000,6.08000000
2018-02-22 12:30:21,0.00320000,2.40000000
2018-02-22 12:30:21,0.00320000,1.52000000
2018-02-22 12:30:22,0.00320000,1.19000000
2018-02-22 12:30:23,0.00319900,2.30000000
2018-02-22 12:30:23,0.00319900,7.25000000
2018-02-22 12:30:24,0.00319900,8.13000000
2018-02-22 12:30:26,0.00319800,18.16000000
2018-02-22 12:30:27,0.00319900,2.70000000
2018-02-22 12:30:27,0.00319900,2.30000000
2018-02-22 12:30:27,0.00319800,0.37000000
2018-02-22 12:30:29,0.00319900,2.40000000
2018-02-22 12:30:32,0.00319800,2.40000000
2018-02-22 12:30:34,0.00319800,1.00000000
2018-02-22 12:30:34,0.00319900,1.30000000
2018-02-22 12:30:36,0.00319600,26.62000000
2018-02-22 12:30:36,0.00319500,36.34000000
2018-02-22 12:30:36,0.00319200,21.84000000
2018-02-22 12:30:36,0.00320100,2.40000000
2018-02-22 12:30:39,0.00319900,2.40000000
2018-02-22 12:30:40,0.00319800,1.55000000
2018-02-22 12:30:40,0.00319800,4.67000000
2018-02-22 12:30:41,0.00319800,2.30000000
2018-02-22 12:30:42,0.00319800,3.12000000
2018-02-22 12:30:43,0.00319800,29.26000000
2018-02-22 12:30:44,0.00319800,2.40000000
2018-02-22 12:30:45,0.00319500,6.20000000
2018-02-22 12:30:46,0.00319500,63.24000000
2018-02-22 12:30:46,0.00319500,2.40000000
2018-02-22 12:30:47,0.00319500,3.11000000
2018-02-22 12:30:47,0.00319500,1.57000000
2018-02-22 12:30:49,0.00319500,2.40000000
2018-02-22 12:30:51,0.00319500,2.50000000
2018-02-22 12:30:51,0.00319500,0.58000000
2018-02-22 12:30:51,0.00319400,0.95000000
2018-02-22 12:30:52,0.00319400,4.21000000
2018-02-22 12:30:52,0.00319500,2.02000000
2018-02-22 12:30:53,0.00319500,41.36000000
2018-02-22 12:30:53,0.00319500,2.30000000
2018-02-22 12:30:54,0.00319500,38.28000000
2018-02-22 12:30:55,0.00319500,24.87000000
2018-02-22 12:30:55,0.00319400,3.03000000
2018-02-22 12:30:55,0.00319300,5.79000000
2018-02-22 12:30:55,0.00319500,1.91000000
2018-02-22 12:30:55,0.00319400,1.01000000
2018-02-22 12:30:55,0.00319300,3.09000000
2018-02-22 12:30:55,0.00319200,16.42000000
2018-02-22 12:30:55,0.00319500,31.75000000
2018-02-22 12:30:55,0.00319800,25.50000000
2018-02-22 12:30:55,0.00319800,1.49000000
2018-02-22 12:30:56,0.00319900,2.50000000
2018-02-22 12:31:00,0.00320200,3.12000000
2018-02-22 12:31:04,0.00320200,0.61000000
2018-02-22 12:31:08,0.00320000,0.02000000
2018-02-22 12:31:15,0.00320000,1.41000000
2018-02-22 12:31:16,0.00319900,34.05000000
2018-02-22 12:31:16,0.00319800,25.91000000
2018-02-22 12:31:18,0.00320000,0.63000000
2018-02-22 12:31:19,0.00319900,7.03000000
2018-02-22 12:31:19,0.00319800,7.47000000
2018-02-22 12:31:21,0.00319800,1.50000000
2018-02-22 12:31:21,0.00320000,173.56000000
2018-02-22 12:31:27,0.00320000,28.00000000
2018-02-22 12:31:27,0.00319800,1.13000000
2018-02-22 12:31:33,0.00320000,17.98000000
2018-02-22 12:31:39,0.00319900,1.44000000
2018-02-22 12:31:40,0.00319900,0.69000000
2018-02-22 12:31:42,0.00319800,100.00000000
2018-02-22 12:31:43,0.00319800,9.49000000
2018-02-22 12:31:44,0.00319900,1.10000000
2018-02-22 12:31:44,0.00319900,0.43000000
2018-02-22 12:31:44,0.00320000,47.08000000
2018-02-22 12:31:46,0.00320000,3.37000000
2018-02-22 12:31:48,0.00319900,12.34000000
2018-02-22 12:31:49,0.00319900,6.81000000
2018-02-22 12:31:54,0.00319800,20.00000000
2018-02-22 12:31:54,0.00319900,14.90000000
2018-02-22 12:31:55,0.00319900,5.17000000
2018-02-22 12:31:59,0.00319900,35.99000000
2018-02-22 12:31:59,0.00319800,37.85000000
2018-02-22 12:32:00,0.00320000,6.25000000
2018-02-22 12:32:01,0.00320000,1.61000000
2018-02-22 12:32:03,0.00320000,11.00000000
2018-02-22 12:32:04,0.00320000,11.00000000
2018-02-22 12:32:04,0.00320000,11.00000000
2018-02-22 12:32:04,0.00320000,0.80000000
2018-02-22 12:32:06,0.00320000,23.12000000
2018-02-22 12:32:07,0.00320000,0.69000000
2018-02-22 12:32:07,0.00320000,11.00000000
2018-02-22 12:32:07,0.00320000,11.00000000
2018-02-22 12:32:08,0.00320000,11.00000000
2018-02-22 12:32:12,0.00319900,61.26000000
2018-02-22 12:32:12,0.00319900,0.37000000
2018-02-22 12:32:19,0.00320000,19.57000000
2018-02-22 12:32:21,0.00320000,184.74000000
2018-02-22 12:32:21,0.00319900,2.85000000
2018-02-22 12:32:25,0.00319900,402.30000000
2018-02-22 12:32:26,0.00320300,5.65000000
2018-02-22 12:32:26,0.00320400,11.68000000
2018-02-22 12:32:29,0.00319900,1.00000000
2018-02-22 12:32:29,0.00320400,0.78000000
2018-02-22 12:32:30,0.00320400,6.39000000
2018-02-22 12:32:30,0.00320400,0.94000000
2018-02-22 12:32:31,0.00320400,15.30000000
2018-02-22 12:32:34,0.00320000,2.72000000
2018-02-22 12:32:35,0.00320400,0.78000000
2018-02-22 12:32:45,0.00320000,8.75000000
2018-02-22 12:32:51,0.00320300,16.34000000
2018-02-22 12:32:52,0.00320300,5.09000000
2018-02-22 12:32:55,0.00320100,2.09000000
2018-02-22 12:32:55,0.00320100,2.16000000
2018-02-22 12:33:01,0.00320100,1.50000000
2018-02-22 12:33:02,0.00320100,5.35000000
2018-02-22 12:33:15,0.00320200,2.29000000
2018-02-22 12:33:16,0.00320200,18.61000000
2018-02-22 12:33:17,0.00320100,14.40000000
2018-02-22 12:33:21,0.00320100,95.49000000
2018-02-22 12:33:23,0.00320100,2.30000000
2018-02-22 12:33:23,0.00320100,1.05000000
2018-02-22 12:33:26,0.00320100,2.30000000
2018-02-22 12:33:27,0.00320100,2.54000000
2018-02-22 12:33:27,0.00320100,1.81000000
2018-02-22 12:33:27,0.00320200,0.69000000
2018-02-22 12:33:28,0.00320200,2.30000000
2018-02-22 12:33:29,0.00320200,2.30000000
2018-02-22 12:33:32,0.00320200,3.12000000
2018-02-22 12:33:35,0.00320100,5.00000000
2018-02-22 12:33:36,0.00320100,0.39000000
2018-02-22 12:33:38,0.00320100,18.87000000
2018-02-22 12:33:38,0.00320100,13.49000000
2018-02-22 12:33:39,0.00320000,25.94000000
2018-02-22 12:33:39,0.00319900,8.25000000
2018-02-22 12:33:39,0.00319800,115.76000000
2018-02-22 12:33:41,0.00320200,2.40000000
2018-02-22 12:33:42,0.00320000,5.41000000
2018-02-22 12:33:43,0.00320000,2.50000000
2018-02-22 12:33:45,0.00319900,13.99000000
2018-02-22 12:33:46,0.00320000,2.40000000
2018-02-22 12:33:48,0.00320000,2.30000000
2018-02-22 12:33:50,0.00320000,2.50000000
2018-02-22 12:33:53,0.00320000,2.30000000
2018-02-22 12:33:55,0.00319900,0.75000000
2018-02-22 12:33:55,0.00319900,2.40000000
2018-02-22 12:33:55,0.00319900,37.38000000
2018-02-22 12:33:56,0.00320000,9.13000000
2018-02-22 12:33:56,0.00320000,98.97000000
2018-02-22 12:33:57,0.00320200,2.40000000
2018-02-22 12:34:00,0.00320200,2.40000000
2018-02-22 12:34:02,0.00320200,2.30000000
2018-02-22 12:34:05,0.00320200,2.40000000
2018-02-22 12:34:08,0.00320000,3.12000000
2018-02-22 12:34:08,0.00320000,2.40000000
2018-02-22 12:34:10,0.00320000,2.40000000
2018-02-22 12:34:12,0.00320000,15.11000000
2018-02-22 12:34:12,0.00320000,2.50000000
2018-02-22 12:34:15,0.00320000,2.40000000
2018-02-22 12:34:19,0.00320000,0.57000000
2018-02-22 12:34:19,0.00320200,2.40000000
2018-02-22 12:34:20,0.00320000,11.49000000
2018-02-22 12:34:21,0.00320200,15.58000000
2018-02-22 12:34:22,0.00320200,2.40000000
2018-02-22 12:34:22,0.00320200,10.59000000
2018-02-22 12:34:24,0.00320000,22.67000000
2018-02-22 12:34:24,0.00320200,2.50000000
2018-02-22 12:34:26,0.00320200,142.72000000
2018-02-22 12:34:26,0.00320300,27.81000000
2018-02-22 12:34:26,0.00320400,2.40000000
2018-02-22 12:34:29,0.00320400,2.30000000
2018-02-22 12:34:31,0.00320400,2.40000000
2018-02-22 12:34:32,0.00320400,64.34000000
2018-02-22 12:34:33,0.00320200,6.24000000
2018-02-22 12:34:33,0.00320600,20.00000000
2018-02-22 12:34:33,0.00320300,27.81000000
2018-02-22 12:34:34,0.00320100,2.50000000
2018-02-22 12:34:34,0.00320300,0.02000000
2018-02-22 12:34:34,0.00320400,2.38000000
2018-02-22 12:34:34,0.00320400,7.00000000
2018-02-22 12:34:35,0.00320500,6.24000000
2018-02-22 12:34:36,0.00320500,2.30000000
2018-02-22 12:34:37,0.00320500,0.81000000
2018-02-22 12:34:39,0.00320500,32.56000000
2018-02-22 12:34:40,0.00320200,6.24000000
2018-02-22 12:34:40,0.00320100,21.18000000
2018-02-22 12:34:41,0.00320100,6.24000000
2018-02-22 12:34:46,0.00320200,22.69000000
2018-02-22 12:34:48,0.00320200,1.25000000
2018-02-22 12:34:50,0.00320200,9.01000000
2018-02-22 12:34:50,0.00320100,0.65000000
2018-02-22 12:34:50,0.00320500,28.77000000
2018-02-22 12:34:50,0.00320500,97.53000000
2018-02-22 12:34:50,0.00320500,74.61000000
2018-02-22 12:34:50,0.00320600,26.00000000
2018-02-22 12:34:52,0.00320700,2.65000000
2018-02-22 12:34:52,0.00320300,0.34000000
2018-02-22 12:34:53,0.00320300,9.36000000
2018-02-22 12:34:53,0.00320500,9.36000000
2018-02-22 12:34:54,0.00320500,9.36000000
2018-02-22 12:34:54,0.00320500,9.09000000
2018-02-22 12:34:54,0.00320300,9.38000000
2018-02-22 12:34:54,0.00320300,27.77000000
2018-02-22 12:34:54,0.00320300,9.36000000
2018-02-22 12:34:54,0.00320300,9.36000000
2018-02-22 12:34:54,0.00320500,9.10000000
2018-02-22 12:34:54,0.00320300,9.36000000
2018-02-22 12:34:54,0.00320300,9.35000000
2018-02-22 12:34:54,0.00320300,9.36000000
2018-02-22 12:34:54,0.00320300,8.75000000
2018-02-22 12:34:54,0.00320100,8.75000000
2018-02-22 12:34:55,0.00320100,3.10000000
2018-02-22 12:34:55,0.00320300,9.35000000
2018-02-22 12:34:55,0.00320300,9.36000000
2018-02-22 12:34:55,0.00320300,9.36000000
2018-02-22 12:34:55,0.00320300,4.88000000
2018-02-22 12:34:56,0.00320200,1.25000000
2018-02-22 12:34:56,0.00320700,8.74000000
2018-02-22 12:34:56,0.00320200,6.23000000
2018-02-22 12:34:57,0.00320600,12.42000000
2018-02-22 12:34:57,0.00320100,47.90000000
2018-02-22 12:34:57,0.00320200,6.24000000
2018-02-22 12:34:59,0.00320600,9.58000000
2018-02-22 12:35:00,0.00320200,9.36000000
2018-02-22 12:35:00,0.00320500,6.24000000
2018-02-22 12:35:00,0.00320200,9.36000000
2018-02-22 12:35:01,0.00320600,18.72000000
2018-02-22 12:35:02,0.00320300,9.36000000
2018-02-22 12:35:02,0.00320300,9.36000000
2018-02-22 12:35:02,0.00320300,3.28000000
2018-02-22 12:35:02,0.00320200,9.36000000
2018-02-22 12:35:02,0.00320300,9.20000000
2018-02-22 12:35:02,0.00320300,3.28000000
2018-02-22 12:35:02,0.00320300,9.36000000
2018-02-22 12:35:03,0.00320300,1.38000000
2018-02-22 12:35:03,0.00320200,9.36000000
2018-02-22 12:35:03,0.00320200,1.38000000
2018-02-22 12:35:03,0.00320200,1.86000000
2018-02-22 12:35:04,0.00320400,2.62000000
2018-02-22 12:35:06,0.00320500,43.96000000
2018-02-22 12:35:11,0.00320700,2.35000000
2018-02-22 12:35:12,0.00320500,1.01000000
2018-02-22 12:35:12,0.00320700,17.95000000
2018-02-22 12:35:16,0.00320500,1.00000000
2018-02-22 12:35:16,0.00320500,20.72000000
2018-02-22 12:35:16,0.00320500,0.88000000
2018-02-22 12:35:19,0.00320500,1.25000000
2018-02-22 12:35:22,0.00320600,25.97000000
2018-02-22 12:35:22,0.00320800,0.45000000
2018-02-22 12:35:25,0.00320600,1.25000000
2018-02-22 12:35:26,0.00320600,8.18000000
2018-02-22 12:35:26,0.00320600,9.34000000
2018-02-22 12:35:27,0.00320800,0.35000000
2018-02-22 12:35:27,0.00320600,9.35000000
2018-02-22 12:35:30,0.00320800,9.55000000
2018-02-22 12:35:34,0.00320600,1.69000000
2018-02-22 12:35:35,0.00320600,1.58000000
2018-02-22 12:35:36,0.00320600,1.25000000
2018-02-22 12:35:39,0.00320600,3.51000000
2018-02-22 12:35:40,0.00320600,6.89000000
2018-02-22 12:35:40,0.00320500,0.11000000
2018-02-22 12:35:42,0.00320500,1.57000000
2018-02-22 12:35:42,0.00320600,4.44000000
2018-02-22 12:35:42,0.00320900,11.00000000
2018-02-22 12:35:43,0.00320600,1.25000000
2018-02-22 12:35:43,0.00321000,1.99000000
2018-02-22 12:35:43,0.00321200,0.65000000
2018-02-22 12:35:43,0.00321300,42.45000000
2018-02-22 12:35:44,0.00321300,3.50000000
2018-02-22 12:35:44,0.00321300,4.37000000
2018-02-22 12:35:44,0.00321300,3.18000000
2018-02-22 12:35:44,0.00321300,3.18000000
2018-02-22 12:35:44,0.00321300,3.16000000
2018-02-22 12:35:44,0.00321300,9.33000000
2018-02-22 12:35:44,0.00321300,9.33000000
2018-02-22 12:35:44,0.00321300,3.39000000
2018-02-22 12:35:44,0.00321300,0.45000000
2018-02-22 12:35:45,0.00321400,3.11000000
2018-02-22 12:35:45,0.00321300,11.43000000
2018-02-22 12:35:45,0.00321300,124.00000000
2018-02-22 12:35:47,0.00321300,2.33000000
2018-02-22 12:35:48,0.00321300,110.26000000
2018-02-22 12:35:50,0.00320700,1.25000000
2018-02-22 12:35:51,0.00320800,0.32000000
2018-02-22 12:35:54,0.00321200,1.89000000
2018-02-22 12:35:54,0.00321300,2.31000000
2018-02-22 12:35:54,0.00321400,6.66000000
2018-02-22 12:35:55,0.00321200,1.25000000
2018-02-22 12:35:55,0.00321400,5.69000000
2018-02-22 12:36:04,0.00320900,32.93000000
2018-02-22 12:36:05,0.00321000,21.95000000
2018-02-22 12:36:06,0.00320900,33.97000000
2018-02-22 12:36:06,0.00320800,157.93000000
2018-02-22 12:36:06,0.00320700,10.91000000
2018-02-22 12:36:06,0.00320500,9.35000000
2018-02-22 12:36:06,0.00320500,6.11000000
2018-02-22 12:36:06,0.00320500,6.12000000
2018-02-22 12:36:06,0.00320400,6.12000000
2018-02-22 12:36:07,0.00320500,9.61000000
2018-02-22 12:36:14,0.00320900,6.23000000
2018-02-22 12:36:20,0.00321100,1.90000000
2018-02-22 12:36:24,0.00320900,0.78000000
2018-02-22 12:36:25,0.00320900,8.83000000
2018-02-22 12:36:25,0.00321000,4.21000000
2018-02-22 12:36:25,0.00321000,12.78000000
2018-02-22 12:36:29,0.00321000,8.74000000
2018-02-22 12:36:29,0.00321500,0.26000000
2018-02-22 12:36:32,0.00320900,1.47000000
2018-02-22 12:36:32,0.00320900,1.28000000
2018-02-22 12:36:38,0.00321000,16.99000000
2018-02-22 12:36:40,0.00320700,1.75000000
2018-02-22 12:36:42,0.00320900,0.63000000
2018-02-22 12:36:42,0.00321000,2.48000000
2018-02-22 12:36:57,0.00320800,1.00000000
2018-02-22 12:37:03,0.00320800,3.11000000
2018-02-22 12:37:25,0.00320800,0.97000000
2018-02-22 12:37:26,0.00320700,0.62000000
2018-02-22 12:37:27,0.00320700,3.12000000
2018-02-22 12:37:28,0.00320700,3.11000000
2018-02-22 12:37:28,0.00320700,3.12000000
2018-02-22 12:37:32,0.00320600,2.75000000
2018-02-22 12:37:32,0.00320700,2.23000000
2018-02-22 12:37:32,0.00320700,9.35000000
2018-02-22 12:37:33,0.00320700,3.11000000
2018-02-22 12:37:39,0.00320700,33.95000000
2018-02-22 12:37:46,0.00320700,3.11000000
2018-02-22 12:37:47,0.00320700,2.50000000
2018-02-22 12:38:00,0.00320200,9.24000000
2018-02-22 12:38:00,0.00320100,4.49000000
2018-02-22 12:38:00,0.00320000,193.81000000
2018-02-22 12:38:01,0.00320600,5.25000000
2018-02-22 12:38:02,0.00320400,5.26000000
2018-02-22 12:38:09,0.00320400,51.37000000
2018-02-22 12:38:11,0.00320500,2.35000000
2018-02-22 12:38:13,0.00320600,1.55000000
2018-02-22 12:38:14,0.00320600,3.79000000
2018-02-22 12:38:30,0.00320600,14.58000000
2018-02-22 12:38:30,0.00320600,7.97000000
2018-02-22 12:38:30,0.00320600,7.98000000
2018-02-22 12:38:31,0.00320400,7.98000000
2018-02-22 12:38:32,0.00320600,3.05000000
2018-02-22 12:38:32,0.00320600,10.62000000
2018-02-22 12:38:48,0.00320400,7.90000000
2018-02-22 12:38:49,0.00320400,20.00000000
2018-02-22 12:38:49,0.00320400,20.00000000
2018-02-22 12:38:49,0.00320400,20.00000000
2018-02-22 12:38:49,0.00320400,20.00000000
2018-02-22 12:38:49,0.00320400,20.00000000
2018-02-22 12:38:49,0.00320400,19.24000000
2018-02-22 12:38:49,0.00320300,1.39000000
2018-02-22 12:38:55,0.00320000,2.18000000
2018-02-22 12:39:12,0.00320000,52.30000000
2018-02-22 12:39:15,0.00320000,6.61000000
2018-02-22 12:39:20,0.00320000,2.00000000
2018-02-22 12:39:20,0.00320000,83.76000000
2018-02-22 12:39:23,0.00319800,11.03000000
2018-02-22 12:39:24,0.00320200,1.57000000
2018-02-22 12:39:34,0.00319700,4.00000000
2018-02-22 12:39:34,0.00320000,33.75000000
2018-02-22 12:39:38,0.00319500,6.36000000
2018-02-22 12:39:40,0.00319900,2.39000000
2018-02-22 12:39:41,0.00319900,0.78000000
2018-02-22 12:39:52,0.00319900,1.00000000
2018-02-22 12:39:53,0.00319800,30.00000000
2018-02-22 12:39:54,0.00319800,12.43000000
2018-02-22 12:39:54,0.00319900,91.71000000
2018-02-22 12:39:55,0.00319800,10.61000000
2018-02-22 12:39:57,0.00319800,0.62000000
2018-02-22 12:39:58,0.00319800,0.01000000
2018-02-22 12:39:58,0.00319800,0.42000000
2018-02-22 12:39:59,0.00319800,32.34000000
2018-02-22 12:39:59,0.00319900,17.29000000
2018-02-22 12:40:00,0.00319900,34.09000000
2018-02-22 12:40:03,0.00319900,23.94000000
2018-02-22 12:40:17,0.00319600,1.50000000
2018-02-22 12:40:17,0.00319500,12.59000000
2018-02-22 12:40:19,0.00319700,34.27000000
2018-02-22 12:40:23,0.00319300,17.26000000
2018-02-22 12:40:23,0.00319300,2.41000000
2018-02-22 12:40:25,0.00319700,3.12000000
2018-02-22 12:40:32,0.00319600,1.50000000
2018-02-22 12:40:33,0.00319600,1.00000000
2018-02-22 12:40:36,0.00319400,0.21000000
2018-02-22 12:40:38,0.00319400,1.00000000
2018-02-22 12:40:39,0.00319300,5.91000000
2018-02-22 12:40:39,0.00319400,2.88000000
2018-02-22 12:40:40,0.00319600,0.86000000
2018-02-22 12:40:42,0.00319600,3.13000000
2018-02-22 12:40:43,0.00319400,3.50000000
2018-02-22 12:40:45,0.00319600,9.13000000
2018-02-22 12:40:45,0.00319700,1.87000000
2018-02-22 12:40:45,0.00319600,3.13000000
2018-02-22 12:40:51,0.00319400,0.32000000
2018-02-22 12:40:59,0.00319400,1.00000000
2018-02-22 12:40:59,0.00319400,0.55000000
2018-02-22 12:41:01,0.00319400,0.04000000
2018-02-22 12:41:06,0.00319500,0.43000000
2018-02-22 12:41:09,0.00319400,1.01000000
2018-02-22 12:41:13,0.00319500,0.44000000
2018-02-22 12:41:13,0.00319500,0.88000000
2018-02-22 12:41:15,0.00319400,6.32000000
2018-02-22 12:41:19,0.00319400,0.83000000
2018-02-22 12:41:20,0.00319400,91.32000000
2018-02-22 12:41:20,0.00319300,5.25000000
2018-02-22 12:41:21,0.00319300,1.31000000
2018-02-22 12:41:22,0.00319300,38.09000000
2018-02-22 12:41:22,0.00319300,4.02000000
2018-02-22 12:41:22,0.00319300,4.02000000
2018-02-22 12:41:24,0.00319300,3.68000000
2018-02-22 12:41:25,0.00319300,10.00000000
2018-02-22 12:41:27,0.00319200,2.22000000
2018-02-22 12:41:27,0.00319100,51.67000000
2018-02-22 12:41:28,0.00319300,0.31000000
2018-02-22 12:41:28,0.00319500,2.82000000
2018-02-22 12:41:32,0.00319500,3.13000000
2018-02-22 12:41:34,0.00319500,3.12000000
2018-02-22 12:41:36,0.00319500,36.25000000
2018-02-22 12:41:37,0.00319100,24.70000000
2018-02-22 12:41:39,0.00319100,32.69000000
2018-02-22 12:41:45,0.00319200,14.54000000
2018-02-22 12:41:45,0.00319100,5.46000000
2018-02-22 12:41:46,0.00319400,59.48000000
2018-02-22 12:41:54,0.00319400,3.70000000
2018-02-22 12:42:01,0.00319300,2.64000000
2018-02-22 12:42:03,0.00319300,91.70000000
2018-02-22 12:42:04,0.00319300,14.00000000
2018-02-22 12:42:05,0.00319300,14.00000000
2018-02-22 12:42:06,0.00319300,0.60000000
2018-02-22 12:42:08,0.00319300,0.40000000
2018-02-22 12:42:10,0.00319300,0.52000000
2018-02-22 12:42:11,0.00319300,1.37000000
2018-02-22 12:42:11,0.00319300,5.24000000
2018-02-22 12:42:12,0.00319300,1.29000000
2018-02-22 12:42:13,0.00319300,0.46000000
2018-02-22 12:42:22,0.00319400,222.01000000
2018-02-22 12:42:24,0.00319400,27.98000000
2018-02-22 12:42:26,0.00319300,2.23000000
2018-02-22 12:42:28,0.00319300,1.26000000
2018-02-22 12:42:31,0.00319200,6.31000000
2018-02-22 12:42:34,0.00319300,1.60000000
2018-02-22 12:42:35,0.00319300,1.60000000
2018-02-22 12:42:37,0.00319300,15.00000000
2018-02-22 12:42:45,0.00319300,6.24000000
2018-02-22 12:42:45,0.00319300,0.92000000
2018-02-22 12:42:52,0.00319200,183.89000000
2018-02-22 12:42:52,0.00319100,32.33000000
2018-02-22 12:42:52,0.00319000,340.19000000
2018-02-22 12:42:52,0.00318900,20.00000000
2018-02-22 12:42:52,0.00318800,401.08000000
2018-02-22 12:42:52,0.00318800,31.36000000
2018-02-22 12:42:52,0.00318800,9.39000000
2018-02-22 12:42:52,0.00318800,19.71000000
2018-02-22 12:42:52,0.00318800,5.27000000
2018-02-22 12:42:52,0.00318800,5.27000000
2018-02-22 12:42:52,0.00318800,5.27000000
2018-02-22 12:42:52,0.00318800,4.22000000
2018-02-22 12:42:52,0.00318800,5.26000000
2018-02-22 12:42:52,0.00318800,5.28000000
2018-02-22 12:42:52,0.00318700,2.74000000
2018-02-22 12:42:52,0.00318600,30.94000000
2018-02-22 12:42:52,0.00318500,45.39000000
2018-02-22 12:42:52,0.00318400,0.68000000
2018-02-22 12:42:52,0.00318300,13.54000000
2018-02-22 12:42:52,0.00318200,2.00000000
2018-02-22 12:42:52,0.00318100,167.18000000
2018-02-22 12:42:52,0.00318000,86.83000000
2018-02-22 12:42:52,0.00318000,1.67000000
2018-02-22 12:42:52,0.00318000,5.11000000
2018-02-22 12:42:52,0.00318000,1321.13000000
2018-02-22 12:42:52,0.00317900,5.08000000
2018-02-22 12:42:52,0.00317800,126.55000000
2018-02-22 12:42:52,0.00317700,31.47000000
2018-02-22 12:42:52,0.00317600,567.77000000
2018-02-22 12:42:52,0.00317500,76.49000000
2018-02-22 12:42:52,0.00318500,4.26000000
2018-02-22 12:42:52,0.00317500,8.20000000
2018-02-22 12:42:52,0.00317500,57.16000000
2018-02-22 12:42:52,0.00317500,1.43000000
2018-02-22 12:42:52,0.00317500,2.63000000
2018-02-22 12:42:52,0.00317500,124.76000000
2018-02-22 12:42:52,0.00317500,8.53000000
2018-02-22 12:42:52,0.00318500,56.34000000
2018-02-22 12:42:52,0.00318500,1.42000000
2018-02-22 12:42:52,0.00318600,1.67000000
2018-02-22 12:42:52,0.00318800,2.50000000
2018-02-22 12:42:52,0.00318800,5.06000000
2018-02-22 12:42:53,0.00318800,6.13000000
2018-02-22 12:42:53,0.00318800,2.07000000
2018-02-22 12:42:53,0.00318800,245.10000000
2018-02-22 12:42:53,0.00318800,29.00000000
2018-02-22 12:42:53,0.00318600,9.37000000
2018-02-22 12:42:53,0.00318500,23.81000000
2018-02-22 12:42:53,0.00317700,5.00000000
2018-02-22 12:42:53,0.00317600,43.42000000
2018-02-22 12:42:53,0.00317500,228.57000000
2018-02-22 12:42:53,0.00317400,15.52000000
2018-02-22 12:42:53,0.00318700,76.54000000
2018-02-22 12:42:53,0.00318700,1.53000000
2018-02-22 12:42:54,0.00318600,9.37000000
2018-02-22 12:42:54,0.00318600,9.40000000
2018-02-22 12:42:54,0.00318600,20.23000000
2018-02-22 12:42:54,0.00318700,58.21000000
2018-02-22 12:42:54,0.00318700,0.93000000
2018-02-22 12:42:55,0.00318000,2.22000000
2018-02-22 12:42:55,0.00317900,0.83000000
2018-02-22 12:42:55,0.00318600,6.26000000
2018-02-22 12:42:55,0.00318600,0.77000000
2018-02-22 12:42:55,0.00318600,1.45000000
2018-02-22 12:42:55,0.00318700,8.85000000
2018-02-22 12:42:55,0.00318700,47.43000000
2018-02-22 12:42:56,0.00318700,15.68000000
2018-02-22 12:42:56,0.00318700,0.11000000
2018-02-22 12:42:57,0.00318700,5.96000000
2018-02-22 12:42:57,0.00318800,78.44000000
2018-02-22 12:42:58,0.00318800,14.42000000
2018-02-22 12:42:59,0.00318700,1.49000000
2018-02-22 12:42:59,0.00318700,15.68000000
2018-02-22 12:42:59,0.00318700,3.73000000
2018-02-22 12:42:59,0.00318700,1.86000000
2018-02-22 12:42:59,0.00318700,8.71000000
2018-02-22 12:42:59,0.00318800,6.97000000
2018-02-22 12:43:00,0.00318800,2.50000000
2018-02-22 12:43:00,0.00318800,13.52000000
2018-02-22 12:43:00,0.00318800,19.40000000
2018-02-22 12:43:01,0.00318700,0.93000000
2018-02-22 12:43:01,0.00318600,1.85000000
2018-02-22 12:43:02,0.00318600,3.82000000
2018-02-22 12:43:02,0.00318400,1.18000000
2018-02-22 12:43:03,0.00318400,5.00000000
2018-02-22 12:43:03,0.00318800,11.37000000
2018-02-22 12:43:03,0.00318800,15.68000000
2018-02-22 12:43:03,0.00318400,75.23000000
2018-02-22 12:43:04,0.00318700,3.14000000
2018-02-22 12:43:05,0.00318700,0.23000000
2018-02-22 12:43:05,0.00318800,27.25000000
2018-02-22 12:43:06,0.00318700,15.68000000
2018-02-22 12:43:10,0.00318700,15.68000000
2018-02-22 12:43:10,0.00318300,5.12000000
2018-02-22 12:43:10,0.00318700,1.29000000
2018-02-22 12:43:11,0.00318400,3.77000000
2018-02-22 12:43:11,0.00318400,3.77000000
2018-02-22 12:43:11,0.00318400,3.91000000
2018-02-22 12:43:11,0.00318400,1.40000000
2018-02-22 12:43:11,0.00318300,3.77000000
2018-02-22 12:43:11,0.00318400,1.52000000
2018-02-22 12:43:11,0.00318700,1.51000000
2018-02-22 12:43:11,0.00318700,15.69000000
2018-02-22 12:43:12,0.00318600,1.52000000
2018-02-22 12:43:12,0.00318400,0.93000000
2018-02-22 12:43:12,0.00318300,8.77000000
2018-02-22 12:43:13,0.00318300,22.18000000
2018-02-22 12:43:13,0.00318600,20.00000000
2018-02-22 12:43:13,0.00318600,15.68000000
2018-02-22 12:43:16,0.00318600,5.33000000
2018-02-22 12:43:16,0.00318500,4.16000000
2018-02-22 12:43:16,0.00318500,1.78000000
2018-02-22 12:43:16,0.00318600,18.22000000
2018-02-22 12:43:17,0.00318600,156.46000000
2018-02-22 12:43:17,0.00318600,5.94000000
2018-02-22 12:43:17,0.00318600,3.14000000
2018-02-22 12:43:18,0.00318600,5.94000000
2018-02-22 12:43:18,0.00318600,15.69000000
2018-02-22 12:43:18,0.00318600,15.69000000
2018-02-22 12:43:19,0.00318600,78.47000000
2018-02-22 12:43:20,0.00318300,0.26000000
2018-02-22 12:43:20,0.00318300,2.42000000
2018-02-22 12:43:21,0.00318300,28.78000000
2018-02-22 12:43:21,0.00318300,9.41000000
2018-02-22 12:43:21,0.00318200,9.41000000
2018-02-22 12:43:21,0.00318300,1.84000000
2018-02-22 12:43:21,0.00318300,3.37000000
2018-02-22 12:43:21,0.00318300,97.50000000
2018-02-22 12:43:21,0.00318300,3.08000000
2018-02-22 12:43:22,0.00318200,1.50000000
2018-02-22 12:43:22,0.00318300,23.81000000
2018-02-22 12:43:22,0.00318300,9.37000000
2018-02-22 12:43:22,0.00318300,1.85000000
2018-02-22 12:43:22,0.00318300,15.69000000
2018-02-22 12:43:22,0.00318300,9.37000000
2018-02-22 12:43:22,0.00318300,1.00000000
2018-02-22 12:43:22,0.00318200,0.49000000
2018-02-22 12:43:22,0.00318300,4.93000000
2018-02-22 12:43:22,0.00318300,9.37000000
2018-02-22 12:43:23,0.00318500,11.03000000
2018-02-22 12:43:23,0.00318600,4.68000000
2018-02-22 12:43:23,0.00318600,30.00000000
2018-02-22 12:43:27,0.00318600,1.00000000
2018-02-22 12:43:28,0.00318500,2.64000000
2018-02-22 12:43:28,0.00318500,16.10000000
2018-02-22 12:43:28,0.00318500,0.59000000
2018-02-22 12:43:28,0.00318500,3.13000000
2018-02-22 12:43:29,0.00318500,0.92000000
2018-02-22 12:43:30,0.00318500,0.77000000
2018-02-22 12:43:31,0.00318500,8.00000000
2018-02-22 12:43:32,0.00318500,6.66000000
2018-02-22 12:43:33,0.00318300,15.70000000
2018-02-22 12:43:33,0.00318200,8.29000000
2018-02-22 12:43:38,0.00318300,8.73000000
2018-02-22 12:43:38,0.00318500,6.96000000
2018-02-22 12:43:40,0.00318200,10.17000000
2018-02-22 12:43:41,0.00318200,14.42000000
2018-02-22 12:43:41,0.00318500,0.11000000
2018-02-22 12:43:41,0.00318600,23.93000000
2018-02-22 12:43:43,0.00318500,5.31000000
2018-02-22 12:43:43,0.00318500,5.49000000
2018-02-22 12:43:44,0.00318500,0.89000000
2018-02-22 12:43:44,0.00318500,4.00000000
2018-02-22 12:43:45,0.00318400,6.28000000
2018-02-22 12:43:45,0.00318500,3.10000000
2018-02-22 12:43:46,0.00318500,6.93000000
2018-02-22 12:43:47,0.00318600,5.60000000
2018-02-22 12:43:47,0.00318300,8.73000000
2018-02-22 12:43:47,0.00318200,1.42000000
2018-02-22 12:43:48,0.00318600,0.61000000
2018-02-22 12:43:49,0.00318500,0.62000000
2018-02-22 12:43:49,0.00318500,15.07000000
2018-02-22 12:43:51,0.00318600,1.57000000
2018-02-22 12:43:52,0.00318600,1.48000000
2018-02-22 12:43:52,0.00318200,8.27000000
2018-02-22 12:43:54,0.00318200,10.07000000
2018-02-22 12:43:54,0.00318100,6.28000000
2018-02-22 12:43:54,0.00317900,25.86000000
2018-02-22 12:43:54,0.00317800,46.89000000
2018-02-22 12:43:54,0.00317600,42.45000000
2018-02-22 12:43:54,0.00317500,15.74000000
2018-02-22 12:43:54,0.00317300,39.89000000
2018-02-22 12:43:54,0.00317200,8.64000000
2018-02-22 12:43:54,0.00318500,2.44000000
2018-02-22 12:43:54,0.00318600,13.25000000
2018-02-22 12:43:55,0.00318400,2.44000000
2018-02-22 12:43:56,0.00318300,6.28000000
2018-02-22 12:43:56,0.00318400,3.10000000
2018-02-22 12:43:57,0.00318300,0.76000000
2018-02-22 12:43:57,0.00318300,9.38000000
2018-02-22 12:43:58,0.00318200,15.69000000
2018-02-22 12:43:58,0.00318200,9.38000000
2018-02-22 12:43:58,0.00318200,4.00000000
2018-02-22 12:43:59,0.00318200,2.44000000
2018-02-22 12:43:59,0.00318200,9.38000000
2018-02-22 12:43:59,0.00318200,1.21000000
2018-02-22 12:43:59,0.00318200,1.24000000
2018-02-22 12:43:59,0.00318300,1.57000000
2018-02-22 12:43:59,0.00318400,6.57000000
2018-02-22 12:44:00,0.00318400,9.38000000
2018-02-22 12:44:01,0.00318400,9.38000000
2018-02-22 12:44:02,0.00318400,9.38000000
2018-02-22 12:44:02,0.00318400,10.78000000
2018-02-22 12:44:03,0.00318400,9.38000000
2018-02-22 12:44:03,0.00318400,13.86000000
2018-02-22 12:44:04,0.00318400,15.70000000
2018-02-22 12:44:05,0.00318400,9.38000000
2018-02-22 12:44:05,0.00318300,7.17000000
2018-02-22 12:44:05,0.00318400,9.38000000
2018-02-22 12:44:06,0.00318400,9.38000000
2018-02-22 12:44:06,0.00318200,3.79000000
2018-02-22 12:44:06,0.00318200,3.79000000
2018-02-22 12:44:06,0.00318200,3.79000000
2018-02-22 12:44:06,0.00318200,0.98000000
2018-02-22 12:44:06,0.00318100,3.79000000
2018-02-22 12:44:07,0.00318100,6.17000000
2018-02-22 12:44:07,0.00318200,9.38000000
2018-02-22 12:44:07,0.00318100,3.29000000
2018-02-22 12:44:07,0.00318200,13.90000000
2018-02-22 12:44:08,0.00318200,15.70000000
2018-02-22 12:44:08,0.00318200,2.54000000
2018-02-22 12:44:09,0.00318200,19.13000000
2018-02-22 12:44:10,0.00318200,0.90000000
2018-02-22 12:44:10,0.00318100,38.35000000
2018-02-22 12:44:11,0.00318100,1.00000000
2018-02-22 12:44:11,0.00318100,2.50000000
2018-02-22 12:44:11,0.00318100,15.71000000
2018-02-22 12:44:12,0.00318100,0.46000000
2018-02-22 12:44:14,0.00318100,0.38000000
2018-02-22 12:44:14,0.00318100,0.70000000
2018-02-22 12:44:14,0.00318100,1.85000000
2018-02-22 12:44:14,0.00318100,9.45000000
2018-02-22 12:44:14,0.00318200,22.55000000
2018-02-22 12:44:15,0.00318200,2.48000000
2018-02-22 12:44:16,0.00318200,13.23000000
2018-02-22 12:44:16,0.00317900,6.29000000
2018-02-22 12:44:16,0.00317800,2.31000000
2018-02-22 12:44:16,0.00317300,42.45000000
2018-02-22 12:44:16,0.00317200,2.44000000
2018-02-22 12:44:16,0.00317100,63.87000000
2018-02-22 12:44:16,0.00317000,70.00000000
2018-02-22 12:44:16,0.00317000,2.99000000
2018-02-22 12:44:17,0.00318200,0.47000000
2018-02-22 12:44:18,0.00318100,47.89000000
2018-02-22 12:44:18,0.00317200,0.89000000
2018-02-22 12:44:18,0.00317100,36.31000000
2018-02-22 12:44:18,0.00317100,8.97000000
2018-02-22 12:44:18,0.00317100,8.97000000
2018-02-22 12:44:18,0.00317100,2.70000000
2018-02-22 12:44:18,0.00317100,3.24000000
2018-02-22 12:44:19,0.00317100,9.44000000
2018-02-22 12:44:19,0.00317100,9.44000000
2018-02-22 12:44:19,0.00317100,3.15000000
2018-02-22 12:44:19,0.00317100,1.98000000
2018-02-22 12:44:20,0.00318100,5.00000000
2018-02-22 12:44:20,0.00318100,0.62000000
2018-02-22 12:44:21,0.00318000,10.48000000
2018-02-22 12:44:22,0.00317900,1.65000000
2018-02-22 12:44:22,0.00317900,8.74000000
2018-02-22 12:44:23,0.00317900,0.76000000
2018-02-22 12:44:23,0.00317900,4.30000000
2018-02-22 12:44:24,0.00317800,6.74000000
2018-02-22 12:44:24,0.00317800,21.37000000
2018-02-22 12:44:25,0.00317800,0.91000000
2018-02-22 12:44:25,0.00317800,0.92000000
2018-02-22 12:44:25,0.00317800,0.07000000
2018-02-22 12:44:25,0.00317900,0.25000000
2018-02-22 12:44:25,0.00317900,1.52000000
2018-02-22 12:44:26,0.00317900,9.42000000
2018-02-22 12:44:27,0.00317900,4.48000000
2018-02-22 12:44:27,0.00317700,1.41000000
2018-02-22 12:44:28,0.00317900,0.67000000
2018-02-22 12:44:28,0.00317900,5.04000000
2018-02-22 12:44:29,0.00317900,2.64000000
2018-02-22 12:44:31,0.00317900,10.48000000
2018-02-22 12:44:31,0.00317900,0.41000000
2018-02-22 12:44:32,0.00317800,10.18000000
2018-02-22 12:44:33,0.00317900,1.50000000
2018-02-22 12:44:33,0.00317700,0.16000000
2018-02-22 12:44:34,0.00317700,1.51000000
2018-02-22 12:44:34,0.00317700,0.38000000
2018-02-22 12:44:34,0.00317700,6.80000000
2018-02-22 12:44:34,0.00317700,5.00000000
2018-02-22 12:44:35,0.00317700,0.41000000
2018-02-22 12:44:35,0.00317800,1.23000000
2018-02-22 12:44:35,0.00317800,4.87000000
2018-02-22 12:44:35,0.00317900,26.59000000
2018-02-22 12:44:35,0.00317900,5.00000000
2018-02-22 12:44:37,0.00317700,2.20000000
2018-02-22 12:44:37,0.00317700,1.61000000
2018-02-22 12:44:37,0.00317700,1.00000000
2018-02-22 12:44:37,0.00317700,1.80000000
2018-02-22 12:44:38,0.00317700,1.80000000
2018-02-22 12:44:38,0.00317700,1.80000000
2018-02-22 12:44:39,0.00317700,18.89000000
2018-02-22 12:44:39,0.00317700,1.80000000
2018-02-22 12:44:39,0.00317700,30.99000000
2018-02-22 12:44:40,0.00317700,0.74000000
2018-02-22 12:44:41,0.00317700,9.41000000
2018-02-22 12:44:41,0.00317700,1.67000000
2018-02-22 12:44:41,0.00317700,50.42000000
2018-02-22 12:44:42,0.00317300,42.00000000
2018-02-22 12:44:42,0.00317200,6.30000000
2018-02-22 12:44:42,0.00317100,2.34000000
2018-02-22 12:44:42,0.00317000,142.54000000
2018-02-22 12:44:42,0.00317600,1.12000000
2018-02-22 12:44:43,0.00317600,5.18000000
2018-02-22 12:44:43,0.00317700,89.23000000
2018-02-22 12:44:43,0.00317700,0.91000000
2018-02-22 12:44:43,0.00317700,119.60000000
2018-02-22 12:44:43,0.00317100,9.28000000
2018-02-22 12:44:43,0.00317000,127.82000000
2018-02-22 12:44:43,0.00317000,97.47000000
2018-02-22 12:44:45,0.00317200,5.00000000
2018-02-22 12:44:46,0.00317200,1.63000000
2018-02-22 12:44:46,0.00317300,26.33000000
2018-02-22 12:44:46,0.00317200,0.80000000
2018-02-22 12:44:46,0.00317000,3.58000000
2018-02-22 12:44:46,0.00317000,38.87000000
2018-02-22 12:44:46,0.00317000,1.50000000
2018-02-22 12:44:46,0.00317000,32.08000000
2018-02-22 12:44:46,0.00317000,9.44000000
2018-02-22 12:44:46,0.00317000,12.81000000
2018-02-22 12:44:46,0.00317000,31.54000000
2018-02-22 12:44:46,0.00317000,9.00000000
2018-02-22 12:44:46,0.00317000,26.92000000
2018-02-22 12:44:46,0.00317000,24.23000000
2018-02-22 12:44:46,0.00317000,52.71000000
2018-02-22 12:44:46,0.00317000,0.73000000
2018-02-22 12:44:46,0.00317000,9.44000000
2018-02-22 12:44:46,0.00317000,24.23000000
2018-02-22 12:44:46,0.00317000,9.71000000
2018-02-22 12:44:46,0.00317000,2.43000000
2018-02-22 12:44:47,0.00317600,9.41000000
2018-02-22 12:44:47,0.00317600,9.41000000
2018-02-22 12:44:47,0.00317600,9.41000000
2018-02-22 12:44:47,0.00317000,2.00000000
2018-02-22 12:44:48,0.00317600,9.41000000
2018-02-22 12:44:48,0.00317600,9.41000000
2018-02-22 12:44:51,0.00317500,3.58000000
2018-02-22 12:44:51,0.00317700,26.42000000
2018-02-22 12:44:52,0.00317200,1.26000000
2018-02-22 12:44:52,0.00317700,1.92000000
2018-02-22 12:44:52,0.00317600,1.38000000
2018-02-22 12:44:52,0.00317700,1.50000000
2018-02-22 12:44:54,0.00317600,1.29000000
2018-02-22 12:44:54,0.00317600,0.01000000
2018-02-22 12:44:54,0.00317700,2.22000000
2018-02-22 12:44:54,0.00317700,11.00000000
2018-02-22 12:44:55,0.00317700,0.36000000
2018-02-22 12:44:56,0.00317700,15.73000000
2018-02-22 12:44:56,0.00317700,1.47000000
2018-02-22 12:44:57,0.00317300,2.33000000
2018-02-22 12:44:57,0.00317300,1.26000000
2018-02-22 12:44:58,0.00317700,1.52000000
2018-02-22 12:44:58,0.00317700,0.54000000
2018-02-22 12:44:59,0.00317700,2.27000000
2018-02-22 12:44:59,0.00317300,6.58000000
2018-02-22 12:44:59,0.00317200,6.30000000
2018-02-22 12:44:59,0.00317100,38.87000000
2018-02-22 12:44:59,0.00317000,20.99000000
2018-02-22 12:44:59,0.00317700,15.73000000
2018-02-22 12:44:59,0.00317600,5.36000000
2018-02-22 12:45:01,0.00317000,3.58000000
2018-02-22 12:45:01,0.00316900,2.20000000
2018-02-22 12:45:01,0.00316800,1.34000000
2018-02-22 12:45:01,0.00316900,5.36000000
2018-02-22 12:45:01,0.00316800,2.35000000
2018-02-22 12:45:02,0.00316800,1.52000000
2018-02-22 12:45:02,0.00317400,16.28000000
2018-02-22 12:45:02,0.00317400,8.20000000
2018-02-22 12:45:03,0.00317300,1.41000000
2018-02-22 12:45:03,0.00316900,3.57000000
2018-02-22 12:45:03,0.00316800,18.25000000
2018-02-22 12:45:03,0.00316600,2.86000000
2018-02-22 12:45:03,0.00316500,1.65000000
2018-02-22 12:45:04,0.00317000,1.26000000
2018-02-22 12:45:04,0.00317200,6.30000000
2018-02-22 12:45:04,0.00317300,6.91000000
2018-02-22 12:45:04,0.00317300,15.75000000
2018-02-22 12:45:04,0.00316900,11.83000000
2018-02-22 12:45:04,0.00316600,11.53000000
2018-02-22 12:45:04,0.00316500,4.64000000
2018-02-22 12:45:05,0.00317300,14.47000000
2018-02-22 12:45:05,0.00317300,0.36000000
2018-02-22 12:45:05,0.00317200,0.30000000
2018-02-22 12:45:07,0.00316700,4.28000000
2018-02-22 12:45:07,0.00317000,0.76000000
2018-02-22 12:45:08,0.00317000,2.51000000
2018-02-22 12:45:08,0.00317100,0.76000000
2018-02-22 12:45:08,0.00317000,1.00000000
2018-02-22 12:45:08,0.00317000,3.27000000
2018-02-22 12:45:08,0.00317000,3.27000000
2018-02-22 12:45:08,0.00317000,40.09000000
2018-02-22 12:45:08,0.00317100,2.78000000
2018-02-22 12:45:08,0.00317100,1.42000000
2018-02-22 12:45:09,0.00317600,1.57000000
2018-02-22 12:45:09,0.00317100,13.35000000
2018-02-22 12:45:10,0.00317000,32.84000000
2018-02-22 12:45:10,0.00317500,4.28000000
2018-02-22 12:45:10,0.00317600,24.83000000
2018-02-22 12:45:10,0.00317600,0.37000000
2018-02-22 12:45:11,0.00317700,17.00000000
2018-02-22 12:45:11,0.00317500,9.41000000
2018-02-22 12:45:11,0.00317500,9.41000000
2018-02-22 12:45:11,0.00317500,9.41000000
2018-02-22 12:45:11,0.00317500,3.02000000
2018-02-22 12:45:11,0.00317000,2.66000000
2018-02-22 12:45:12,0.00317500,9.41000000
2018-02-22 12:45:12,0.00317500,0.76000000
2018-02-22 12:45:12,0.00317400,16.76000000
2018-02-22 12:45:12,0.00317500,4.84000000
2018-02-22 12:45:12,0.00317500,1.86000000
2018-02-22 12:45:12,0.00317500,2.71000000
2018-02-22 12:45:12,0.00317600,4.78000000
2018-02-22 12:45:12,0.00317700,1.96000000
2018-02-22 12:45:12,0.00317200,1.26000000
2018-02-22 12:45:13,0.00317600,1.52000000
2018-02-22 12:45:13,0.00317600,0.79000000
2018-02-22 12:45:14,0.00317600,0.35000000
2018-02-22 12:45:14,0.00317700,0.32000000
2018-02-22 12:45:14,0.00317700,0.77000000
2018-02-22 12:45:14,0.00317700,3.14000000
2018-02-22 12:45:14,0.00317700,12.02000000
2018-02-22 12:45:14,0.00317700,0.92000000
2018-02-22 12:45:14,0.00317700,0.76000000
2018-02-22 12:45:14,0.00317200,3.20000000
2018-02-22 12:45:15,0.00317700,2.48000000
2018-02-22 12:45:15,0.00317700,1.32000000
2018-02-22 12:45:16,0.00317700,0.76000000
2018-02-22 12:45:16,0.00317700,0.37000000
2018-02-22 12:45:16,0.00317600,1.22000000
2018-02-22 12:45:16,0.00317600,1.10000000
2018-02-22 12:45:17,0.00317600,3.07000000
2018-02-22 12:45:17,0.00317200,1.26000000
2018-02-22 12:45:17,0.00317600,0.72000000
2018-02-22 12:45:17,0.00317600,2.14000000
2018-02-22 12:45:17,0.00317600,0.76000000
2018-02-22 12:45:18,0.00317600,1.72000000
2018-02-22 12:45:18,0.00317600,0.36000000
2018-02-22 12:45:18,0.00317600,12.59000000
2018-02-22 12:45:18,0.00317600,7.87000000
2018-02-22 12:45:18,0.00317600,3.38000000
2018-02-22 12:45:18,0.00317600,0.92000000
2018-02-22 12:45:18,0.00317600,0.38000000
2018-02-22 12:45:18,0.00317600,2.20000000
2018-02-22 12:45:18,0.00317600,1.57000000
2018-02-22 12:45:19,0.00317200,1.55000000
2018-02-22 12:45:19,0.00317700,1.22000000
2018-02-22 12:45:20,0.00317500,5.16000000
2018-02-22 12:45:20,0.00317200,23.74000000
2018-02-22 12:45:20,0.00317500,0.46000000
2018-02-22 12:45:21,0.00317200,0.66000000
2018-02-22 12:45:21,0.00317200,4.40000000
2018-02-22 12:45:22,0.00317000,1.55000000
2018-02-22 12:45:22,0.00316900,2.78000000
2018-02-22 12:45:22,0.00317200,2.06000000
2018-02-22 12:45:22,0.00317200,1.52000000
2018-02-22 12:45:23,0.00317200,5.14000000
2018-02-22 12:45:23,0.00317200,0.76000000
2018-02-22 12:45:23,0.00317200,27.91000000
2018-02-22 12:45:24,0.00317300,1.55000000
2018-02-22 12:45:24,0.00317400,6.30000000
2018-02-22 12:45:24,0.00317500,5.87000000
2018-02-22 12:45:24,0.00317600,0.28000000
2018-02-22 12:45:24,0.00317200,1.88000000
2018-02-22 12:45:24,0.00317200,12.55000000
2018-02-22 12:45:26,0.00317200,16.00000000
2018-02-22 12:45:26,0.00317000,1.26000000
2018-02-22 12:45:27,0.00317200,0.45000000
2018-02-22 12:45:27,0.00317600,2.68000000
2018-02-22 12:45:29,0.00317600,1.26000000
2018-02-22 12:45:29,0.00317100,1.26000000
2018-02-22 12:45:29,0.00317600,0.79000000
2018-02-22 12:45:29,0.00317600,2.68000000
2018-02-22 12:45:31,0.00317600,12.60000000
2018-02-22 12:45:31,0.00317500,1.26000000
2018-02-22 12:45:31,0.00317600,0.22000000
2018-02-22 12:45:31,0.00317600,0.47000000
2018-02-22 12:45:32,0.00317100,2.88000000
2018-02-22 12:45:32,0.00317100,2.16000000
2018-02-22 12:45:32,0.00317100,0.97000000
2018-02-22 12:45:32,0.00317600,2.91000000
2018-02-22 12:45:33,0.00317500,0.91000000
2018-02-22 12:45:33,0.00317500,4.13000000
2018-02-22 12:45:33,0.00317600,0.63000000
2018-02-22 12:45:34,0.00317500,1.26000000
2018-02-22 12:45:35,0.00317600,23.61000000
2018-02-22 12:45:35,0.00317600,0.35000000
2018-02-22 12:45:35,0.00317600,1.26000000
2018-02-22 12:45:35,0.00317600,0.76000000
2018-02-22 12:45:36,0.00317600,1.69000000
2018-02-22 12:45:37,0.00317500,1.26000000
2018-02-22 12:45:37,0.00317600,72.28000000
2018-02-22 12:45:38,0.00317500,2.52000000
2018-02-22 12:45:38,0.00317100,27.48000000
2018-02-22 12:45:38,0.00317600,8.02000000
2018-02-22 12:45:38,0.00317700,21.98000000
2018-02-22 12:45:38,0.00317600,6.75000000
2018-02-22 12:45:38,0.00317200,3.15000000
2018-02-22 12:45:39,0.00317100,11.84000000
2018-02-22 12:45:39,0.00317000,1.34000000
2018-02-22 12:45:39,0.00317200,3.14000000
2018-02-22 12:45:39,0.00317200,2.19000000
2018-02-22 12:45:40,0.00317000,1.85000000
2018-02-22 12:45:40,0.00317200,2.92000000
2018-02-22 12:45:40,0.00317100,0.84000000
2018-02-22 12:45:40,0.00317000,2.53000000
2018-02-22 12:45:40,0.00317200,15.76000000
2018-02-22 12:45:40,0.00317100,6.04000000
2018-02-22 12:45:40,0.00317200,23.96000000
2018-02-22 12:45:40,0.00317000,9.27000000
2018-02-22 12:45:40,0.00316900,48.57000000
2018-02-22 12:45:40,0.00316600,15.19000000
2018-02-22 12:45:40,0.00317100,3.68000000
2018-02-22 12:45:41,0.00317100,6.30000000
2018-02-22 12:45:41,0.00317100,1.10000000
2018-02-22 12:45:41,0.00317100,0.97000000
2018-02-22 12:45:41,0.00317100,3.14000000
2018-02-22 12:45:41,0.00317200,6.26000000
2018-02-22 12:45:41,0.00317200,9.40000000
2018-02-22 12:45:41,0.00317200,9.40000000
2018-02-22 12:45:41,0.00317200,1.38000000
2018-02-22 12:45:41,0.00316600,0.52000000
2018-02-22 12:45:41,0.00317100,9.40000000
2018-02-22 12:45:42,0.00317100,9.40000000
2018-02-22 12:45:42,0.00317100,9.40000000
2018-02-22 12:45:42,0.00316600,3.99000000
2018-02-22 12:45:43,0.00317100,0.91000000
2018-02-22 12:45:43,0.00316700,26.96000000
2018-02-22 12:45:43,0.00316600,19.83000000
2018-02-22 12:45:44,0.00317200,3.15000000
2018-02-22 12:45:45,0.00316700,0.76000000
2018-02-22 12:45:46,0.00316600,15.16000000
2018-02-22 12:45:46,0.00316700,0.50000000
2018-02-22 12:45:46,0.00317000,0.32000000
2018-02-22 12:45:46,0.00317000,9.41000000
2018-02-22 12:45:46,0.00317000,9.41000000
2018-02-22 12:45:46,0.00317000,0.87000000
2018-02-22 12:45:46,0.00317000,9.41000000
2018-02-22 12:45:46,0.00317000,23.00000000
2018-02-22 12:45:46,0.00316700,1.73000000
2018-02-22 12:45:46,0.00316600,9.58000000
2018-02-22 12:45:47,0.00316600,1.26000000
2018-02-22 12:45:47,0.00317000,2.60000000
2018-02-22 12:45:47,0.00317100,6.81000000
2018-02-22 12:45:47,0.00317100,9.41000000
2018-02-22 12:45:47,0.00317000,1.84000000
2018-02-22 12:45:47,0.00317000,2.60000000
2018-02-22 12:45:47,0.00317000,1.87000000
2018-02-22 12:45:47,0.00317100,0.73000000
2018-02-22 12:45:47,0.00317100,2.60000000
2018-02-22 12:45:48,0.00316600,74.24000000
2018-02-22 12:45:48,0.00316500,57.49000000
2018-02-22 12:45:48,0.00316400,221.58000000
2018-02-22 12:45:48,0.00317100,1.83000000
2018-02-22 12:45:49,0.00317100,0.63000000
2018-02-22 12:45:49,0.00316800,1.26000000
2018-02-22 12:45:49,0.00317100,0.76000000
2018-02-22 12:45:50,0.00317100,1.21000000
2018-02-22 12:45:51,0.00316800,10.62000000
2018-02-22 12:45:51,0.00316600,6.31000000
2018-02-22 12:45:51,0.00316500,2.46000000
2018-02-22 12:45:51,0.00316500,4.23000000
2018-02-22 12:45:51,0.00316500,0.77000000
2018-02-22 12:45:51,0.00316500,19.55000000
2018-02-22 12:45:51,0.00316500,30.37000000
2018-02-22 12:45:51,0.00317100,14.51000000
2018-02-22 12:45:51,0.00317100,1.43000000
2018-02-22 12:45:52,0.00317000,0.76000000
2018-02-22 12:45:53,0.00317000,4.50000000
2018-02-22 12:45:53,0.00317100,15.12000000
2018-02-22 12:45:53,0.00317100,15.00000000
2018-02-22 12:45:53,0.00317000,1.48000000
2018-02-22 12:45:54,0.00316500,2.57000000
2018-02-22 12:45:54,0.00317000,11.07000000
2018-02-22 12:45:54,0.00316900,6.31000000
2018-02-22 12:45:54,0.00317000,2.33000000
2018-02-22 12:45:55,0.00317000,5.69000000
2018-02-22 12:45:55,0.00317100,73.62000000
2018-02-22 12:45:55,0.00317100,7.00000000
2018-02-22 12:45:56,0.00317100,34.68000000
2018-02-22 12:45:57,0.00317100,2.65000000
2018-02-22 12:45:57,0.00317000,1.26000000
2018-02-22 12:45:58,0.00317100,51.24000000
2018-02-22 12:45:59,0.00317100,0.76000000
2018-02-22 12:46:00,0.00317000,1.29000000
2018-02-22 12:46:00,0.00317000,1.12000000
2018-02-22 12:46:00,0.00317000,5.74000000
2018-02-22 12:46:00,0.00317000,2.84000000
2018-02-22 12:46:01,0.00316700,57.57000000
2018-02-22 12:46:01,0.00316900,2.78000000
2018-02-22 12:46:01,0.00316700,19.42000000
2018-02-22 12:46:02,0.00316900,22.00000000
2018-02-22 12:46:02,0.00316900,1.51000000
2018-02-22 12:46:02,0.00316900,2.21000000
2018-02-22 12:46:03,0.00316900,4.24000000
2018-02-22 12:46:03,0.00316900,15.78000000
2018-02-22 12:46:04,0.00316900,10.46000000
2018-02-22 12:46:04,0.00316900,7.68000000
2018-02-22 12:46:04,0.00316700,5.28000000
2018-02-22 12:46:05,0.00316700,9.42000000
2018-02-22 12:46:05,0.00316700,9.42000000
2018-02-22 12:46:06,0.00316700,2.92000000
2018-02-22 12:46:06,0.00316700,6.68000000
2018-02-22 12:46:06,0.00316700,3.76000000
2018-02-22 12:46:06,0.00316700,15.62000000
2018-02-22 12:46:07,0.00316700,15.79000000
2018-02-22 12:46:07,0.00316600,0.02000000
2018-02-22 12:46:08,0.00316700,1.93000000
2018-02-22 12:46:09,0.00316700,8.97000000
2018-02-22 12:46:09,0.00316600,2.15000000
2018-02-22 12:46:10,0.00316700,0.94000000
2018-02-22 12:46:10,0.00316700,50.52000000
2018-02-22 12:46:11,0.00316700,2.01000000
2018-02-22 12:46:12,0.00316700,2.51000000
2018-02-22 12:46:12,0.00316700,66.73000000
2018-02-22 12:46:12,0.00316800,37.91000000
2018-02-22 12:46:12,0.00316800,62.32000000
2018-02-22 12:46:12,0.00316700,6.27000000
2018-02-22 12:46:13,0.00316600,0.37000000
2018-02-22 12:46:14,0.00316700,5.97000000
2018-02-22 12:46:14,0.00316700,0.69000000
2018-02-22 12:46:14,0.00316700,3.88000000
2018-02-22 12:46:14,0.00316700,0.63000000
2018-02-22 12:46:16,0.00316700,0.30000000
2018-02-22 12:46:16,0.00316800,4.00000000
2018-02-22 12:46:17,0.00316800,41.03000000
2018-02-22 12:46:18,0.00316700,0.76000000
2018-02-22 12:46:19,0.00316800,59.35000000
2018-02-22 12:46:19,0.00316900,18.29000000
2018-02-22 12:46:19,0.00316900,15.78000000
2018-02-22 12:46:20,0.00316900,50.00000000
2018-02-22 12:46:21,0.00316900,26.09000000
2018-02-22 12:46:22,0.00316900,0.76000000
2018-02-22 12:46:22,0.00316900,0.76000000
2018-02-22 12:46:22,0.00316800,1.26000000
2018-02-22 12:46:23,0.00316900,1.47000000
2018-02-22 12:46:23,0.00316900,0.93000000
2018-02-22 12:46:23,0.00316900,1.05000000
2018-02-22 12:46:24,0.00316900,4.08000000
2018-02-22 12:46:24,0.00316900,69.26000000
2018-02-22 12:46:24,0.00316600,1.26000000
2018-02-22 12:46:24,0.00316800,1.26000000
2018-02-22 12:46:24,0.00316900,2.82000000
2018-02-22 12:46:25,0.00316900,68.69000000
2018-02-22 12:46:26,0.00316900,6.93000000
2018-02-22 12:46:26,0.00316900,7.12000000
2018-02-22 12:46:26,0.00316900,1.14000000
2018-02-22 12:46:27,0.00316700,1.00000000
2018-02-22 12:46:27,0.00316700,1.14000000
2018-02-22 12:46:27,0.00316700,15.79000000
2018-02-22 12:46:27,0.00316700,26.52000000
2018-02-22 12:46:27,0.00316700,5.55000000
2018-02-22 12:46:27,0.00316800,5.45000000
2018-02-22 12:46:28,0.00316800,12.00000000
2018-02-22 12:46:28,0.00316800,27.98000000
2018-02-22 12:46:28,0.00316800,4.52000000
2018-02-22 12:46:30,0.00316800,1.96000000
2018-02-22 12:46:30,0.00316900,0.88000000
2018-02-22 12:46:30,0.00317000,1.62000000
2018-02-22 12:46:31,0.00317000,3.15000000
2018-02-22 12:46:31,0.00317000,17.44000000
2018-02-22 12:46:31,0.00317100,52.56000000
2018-02-22 12:46:31,0.00317100,117.23000000
2018-02-22 12:46:32,0.00316900,5.52000000
2018-02-22 12:46:32,0.00316800,24.48000000
2018-02-22 12:46:33,0.00316900,6.72000000
2018-02-22 12:46:33,0.00316800,10.00000000
2018-02-22 12:46:33,0.00316900,6.81000000
2018-02-22 12:46:33,0.00316900,5.66000000
2018-02-22 12:46:34,0.00316900,1.52000000
2018-02-22 12:46:34,0.00316900,12.47000000
2018-02-22 12:46:35,0.00316800,0.91000000
2018-02-22 12:46:36,0.00316800,0.35000000
2018-02-22 12:46:36,0.00316900,100.00000000
2018-02-22 12:46:36,0.00316800,0.56000000
2018-02-22 12:46:36,0.00316600,1.26000000
2018-02-22 12:46:36,0.00316800,0.70000000
2018-02-22 12:46:36,0.00316900,14.68000000
2018-02-22 12:46:37,0.00316900,70.00000000
2018-02-22 12:46:38,0.00316900,1.51000000
2018-02-22 12:46:38,0.00316900,46.71000000
2018-02-22 12:46:38,0.00316900,5.21000000
2018-02-22 12:46:38,0.00316600,2.93000000
2018-02-22 12:46:40,0.00316900,3.15000000
2018-02-22 12:46:40,0.00316900,1.02000000
2018-02-22 12:46:41,0.00316900,3.15000000
2018-02-22 12:46:41,0.00316900,3.26000000
2018-02-22 12:46:41,0.00316600,1.60000000
2018-02-22 12:46:41,0.00316900,1.46000000
2018-02-22 12:46:41,0.00316900,1.02000000
2018-02-22 12:46:43,0.00316600,1.26000000
2018-02-22 12:46:43,0.00316900,16.92000000
2018-02-22 12:46:43,0.00316900,16.92000000
2018-02-22 12:46:44,0.00316900,0.76000000
2018-02-22 12:46:44,0.00316900,0.92000000
2018-02-22 12:46:45,0.00316700,25.69000000
2018-02-22 12:46:45,0.00316600,24.05000000
2018-02-22 12:46:45,0.00316500,45.89000000
2018-02-22 12:46:45,0.00316400,294.46000000
2018-02-22 12:46:45,0.00316900,6.90000000
2018-02-22 12:46:45,0.00316700,2.10000000
2018-02-22 12:46:46,0.00316700,0.76000000
2018-02-22 12:46:46,0.00316700,0.76000000
2018-02-22 12:46:46,0.00316700,0.76000000
2018-02-22 12:46:46,0.00316700,6.74000000
2018-02-22 12:46:46,0.00316900,4.80000000
2018-02-22 12:46:48,0.00316400,10.21000000
2018-02-22 12:46:48,0.00316900,0.76000000
2018-02-22 12:46:48,0.00316400,9.02000000
2018-02-22 12:46:48,0.00316900,0.76000000
2018-02-22 12:46:48,0.00316900,0.76000000
2018-02-22 12:46:50,0.00316400,1.26000000
2018-02-22 12:46:51,0.00316900,15.23000000
2018-02-22 12:46:51,0.00316900,0.80000000
2018-02-22 12:46:51,0.00316900,15.23000000
2018-02-22 12:46:51,0.00316400,61.88000000
2018-02-22 12:46:51,0.00316400,3.15000000
2018-02-22 12:46:51,0.00316400,2.00000000
2018-02-22 12:46:52,0.00316400,4.77000000
2018-02-22 12:46:52,0.00316400,2.23000000
2018-02-22 12:46:52,0.00316700,0.93000000
2018-02-22 12:46:52,0.00316700,10.86000000
2018-02-22 12:46:52,0.00316900,11.84000000
2018-02-22 12:46:53,0.00316900,7.00000000
2018-02-22 12:46:53,0.00316900,6.71000000
2018-02-22 12:46:53,0.00316900,0.76000000
2018-02-22 12:46:53,0.00316900,6.71000000
2018-02-22 12:46:54,0.00316900,11.06000000
2018-02-22 12:46:54,0.00316900,18.18000000
2018-02-22 12:46:54,0.00317000,0.75000000
2018-02-22 12:46:55,0.00316700,1.26000000
2018-02-22 12:46:56,0.00316900,1.31000000
2018-02-22 12:46:56,0.00316900,1.31000000
2018-02-22 12:46:56,0.00316900,0.76000000
2018-02-22 12:46:56,0.00316700,2.78000000
2018-02-22 12:46:57,0.00316700,1.26000000
2018-02-22 12:46:58,0.00316900,1.00000000
2018-02-22 12:46:58,0.00316700,14.15000000
2018-02-22 12:46:58,0.00316300,54.97000000
2018-02-22 12:46:58,0.00316900,7.85000000
2018-02-22 12:46:58,0.00316900,40.22000000
2018-02-22 12:46:59,0.00316900,1.54000000
2018-02-22 12:46:59,0.00316700,1.26000000
2018-02-22 12:46:59,0.00316900,0.22000000
2018-02-22 12:47:00,0.00316700,1.00000000
2018-02-22 12:47:00,0.00316700,0.76000000
2018-02-22 12:47:00,0.00316700,15.79000000
2018-02-22 12:47:00,0.00316700,7.85000000
2018-02-22 12:47:01,0.00316300,9.48000000
2018-02-22 12:47:01,0.00316700,53.67000000
2018-02-22 12:47:01,0.00316700,1.73000000
2018-02-22 12:47:02,0.00316300,1.67000000
2018-02-22 12:47:02,0.00316700,1.52000000
2018-02-22 12:47:03,0.00316700,21.02000000
2018-02-22 12:47:04,0.00316700,0.76000000
2018-02-22 12:47:04,0.00316300,1.26000000
2018-02-22 12:47:04,0.00316700,26.62000000
2018-02-22 12:47:04,0.00316900,0.38000000
2018-02-22 12:47:05,0.00316700,25.39000000
2018-02-22 12:47:05,0.00316900,17.56000000
2018-02-22 12:47:05,0.00316900,21.04000000
2018-02-22 12:47:06,0.00316300,9.46000000
2018-02-22 12:47:06,0.00316900,6.94000000
2018-02-22 12:47:06,0.00317000,8.85000000
2018-02-22 12:47:08,0.00316900,1.26000000
2018-02-22 12:47:08,0.00316900,1.86000000
2018-02-22 12:47:08,0.00316900,24.86000000
2018-02-22 12:47:08,0.00316700,9.46000000
2018-02-22 12:47:08,0.00316900,0.91000000
2018-02-22 12:47:08,0.00316700,1.99000000
2018-02-22 12:47:08,0.00316900,0.96000000
2018-02-22 12:47:08,0.00317000,1.16000000
2018-02-22 12:47:09,0.00316700,1.26000000
2018-02-22 12:47:09,0.00317000,0.76000000
2018-02-22 12:47:09,0.00317000,2.23000000
2018-02-22 12:47:09,0.00317000,2.23000000
2018-02-22 12:47:10,0.00317000,6.87000000
2018-02-22 12:47:10,0.00317000,4.53000000
2018-02-22 12:47:11,0.00317000,0.76000000
2018-02-22 12:47:11,0.00316700,5.57000000
2018-02-22 12:47:11,0.00316700,1.42000000
2018-02-22 12:47:11,0.00316700,0.76000000
2018-02-22 12:47:12,0.00316700,3.26000000
2018-02-22 12:47:12,0.00316700,3.26000000
2018-02-22 12:47:12,0.00316700,1.82000000
2018-02-22 12:47:12,0.00316700,0.37000000
2018-02-22 12:47:12,0.00316700,2.65000000
2018-02-22 12:47:13,0.00316700,0.76000000
2018-02-22 12:47:13,0.00316700,0.76000000
2018-02-22 12:47:13,0.00316300,1.63000000
2018-02-22 12:47:14,0.00316700,3.16000000
2018-02-22 12:47:15,0.00316700,15.79000000
2018-02-22 12:47:15,0.00316700,9.47000000
2018-02-22 12:47:15,0.00316700,0.39000000
2018-02-22 12:47:15,0.00316700,16.26000000
2018-02-22 12:47:16,0.00316300,1.26000000
2018-02-22 12:47:16,0.00316700,16.26000000
2018-02-22 12:47:17,0.00316700,6.88000000
2018-02-22 12:47:18,0.00316900,0.76000000
2018-02-22 12:47:18,0.00316700,0.33000000
2018-02-22 12:47:18,0.00316300,4.56000000
2018-02-22 12:47:19,0.00316900,0.76000000
2018-02-22 12:47:19,0.00316900,4.91000000
2018-02-22 12:47:19,0.00316400,24.09000000
2018-02-22 12:47:20,0.00316400,0.92000000
2018-02-22 12:47:21,0.00316400,7.02000000
2018-02-22 12:47:21,0.00316300,5.76000000
2018-02-22 12:47:21,0.00316300,0.48000000
2018-02-22 12:47:21,0.00316900,23.89000000
2018-02-22 12:47:21,0.00317000,0.11000000
2018-02-22 12:47:23,0.00316900,1.26000000
2018-02-22 12:47:23,0.00317000,170.70000000
2018-02-22 12:47:23,0.00317100,1.81000000
2018-02-22 12:47:24,0.00317100,3.00000000
2018-02-22 12:47:25,0.00317000,1.26000000
2018-02-22 12:47:25,0.00317000,1.02000000
2018-02-22 12:47:26,0.00317000,1.78000000
2018-02-22 12:47:26,0.00317000,0.32000000
2018-02-22 12:47:26,0.00316900,2.82000000
2018-02-22 12:47:26,0.00316900,0.18000000
2018-02-22 12:47:26,0.00317000,0.58000000
2018-02-22 12:47:27,0.00317000,0.39000000
2018-02-22 12:47:27,0.00317000,0.76000000
2018-02-22 12:47:27,0.00317000,1.17000000
2018-02-22 12:47:28,0.00316900,1.46000000
2018-02-22 12:47:29,0.00316900,0.57000000
2018-02-22 12:47:29,0.00317100,3.15000000
2018-02-22 12:47:29,0.00317100,1.46000000
2018-02-22 12:47:29,0.00317100,1.46000000
2018-02-22 12:47:30,0.00316800,1.26000000
2018-02-22 12:47:31,0.00317100,0.76000000
2018-02-22 12:47:32,0.00316800,1.26000000
2018-02-22 12:47:32,0.00316800,1.65000000
2018-02-22 12:47:32,0.00317100,5.92000000
2018-02-22 12:47:32,0.00317100,5.92000000
2018-02-22 12:47:33,0.00317100,0.65000000
2018-02-22 12:47:34,0.00317100,15.00000000
2018-02-22 12:47:34,0.00317100,3.75000000
2018-02-22 12:47:34,0.00317100,0.77000000
2018-02-22 12:47:34,0.00317000,3.47000000
2018-02-22 12:47:35,0.00316800,1.26000000
2018-02-22 12:47:35,0.00317000,1.90000000
2018-02-22 12:47:35,0.00317000,3.47000000
2018-02-22 12:47:36,0.00317100,34.23000000
2018-02-22 12:47:37,0.00317100,1.26000000
2018-02-22 12:47:37,0.00317100,15.94000000
2018-02-22 12:47:37,0.00317000,0.40000000
2018-02-22 12:47:37,0.00316900,1.49000000
2018-02-22 12:47:37,0.00316800,22.55000000
2018-02-22 12:47:37,0.00316700,9.00000000
2018-02-22 12:47:37,0.00316500,1.03000000
2018-02-22 12:47:37,0.00317200,0.76000000
2018-02-22 12:47:38,0.00317200,0.76000000
2018-02-22 12:47:38,0.00317200,0.47000000
2018-02-22 12:47:39,0.00317200,11.23000000
2018-02-22 12:47:39,0.00317000,1.58000000
2018-02-22 12:47:39,0.00317000,0.46000000
2018-02-22 12:47:40,0.00316600,1.26000000
2018-02-22 12:47:40,0.00317000,5.54000000
2018-02-22 12:47:40,0.00317100,2.89000000
2018-02-22 12:47:40,0.00317000,1.18000000
2018-02-22 12:47:40,0.00317100,25.09000000
2018-02-22 12:47:40,0.00317200,898.89000000
2018-02-22 12:47:40,0.00317200,404.74000000
2018-02-22 12:47:40,0.00317500,2.72000000
2018-02-22 12:47:40,0.00317600,23.02000000
2018-02-22 12:47:40,0.00317700,107.43000000
2018-02-22 12:47:40,0.00317900,11.08000000
2018-02-22 12:47:41,0.00317200,0.97000000
2018-02-22 12:47:41,0.00317200,16.32000000
2018-02-22 12:47:41,0.00318300,9.00000000
2018-02-22 12:47:42,0.00317200,1.33000000
2018-02-22 12:47:42,0.00318400,49.85000000
2018-02-22 12:47:42,0.00317300,2.22000000
2018-02-22 12:47:42,0.00317300,2.22000000
2018-02-22 12:47:42,0.00317300,1.37000000
2018-02-22 12:47:42,0.00317200,0.85000000
2018-02-22 12:47:42,0.00317300,1.37000000
2018-02-22 12:47:43,0.00317300,0.85000000
2018-02-22 12:47:43,0.00317200,0.41000000
2018-02-22 12:47:43,0.00318400,0.80000000
2018-02-22 12:47:43,0.00318400,1.25000000
2018-02-22 12:47:43,0.00317200,0.80000000
2018-02-22 12:47:43,0.00316900,1.25000000
2018-02-22 12:47:43,0.00317300,2.19000000
2018-02-22 12:47:43,0.00317300,0.03000000
2018-02-22 12:47:43,0.00317900,1.02000000
2018-02-22 12:47:43,0.00317000,9.01000000
2018-02-22 12:47:43,0.00317000,9.46000000
2018-02-22 12:47:43,0.00317200,2.22000000
2018-02-22 12:47:43,0.00317800,3.59000000
2018-02-22 12:47:43,0.00317900,2.17000000
2018-02-22 12:47:43,0.00318200,1.71000000
2018-02-22 12:47:44,0.00317200,5.97000000
2018-02-22 12:47:44,0.00317100,0.34000000
2018-02-22 12:47:44,0.00317100,5.96000000
2018-02-22 12:47:44,0.00317000,0.01000000
2018-02-22 12:47:44,0.00317000,9.25000000
2018-02-22 12:47:44,0.00317900,0.43000000
2018-02-22 12:47:44,0.00317900,1.79000000
2018-02-22 12:47:44,0.00318000,1.26000000
2018-02-22 12:47:44,0.00317200,3.60000000
2018-02-22 12:47:44,0.00318300,1.18000000
2018-02-22 12:47:44,0.00317000,9.45000000
2018-02-22 12:47:45,0.00317300,6.09000000
2018-02-22 12:47:45,0.00317300,1.49000000
2018-02-22 12:47:45,0.00317300,1.65000000
2018-02-22 12:47:45,0.00318000,0.38000000
2018-02-22 12:47:45,0.00317300,9.44000000
2018-02-22 12:47:45,0.00318000,0.38000000
2018-02-22 12:47:45,0.00317300,9.44000000
2018-02-22 12:47:45,0.00317900,1.58000000
2018-02-22 12:47:45,0.00317900,0.02000000
2018-02-22 12:47:45,0.00317300,1.58000000
2018-02-22 12:47:45,0.00317900,1.60000000
2018-02-22 12:47:45,0.00317900,1.60000000
2018-02-22 12:47:45,0.00318000,0.50000000
2018-02-22 12:47:45,0.00318300,13.50000000
2018-02-22 12:47:45,0.00317300,9.44000000
2018-02-22 12:47:45,0.00317300,3.32000000
2018-02-22 12:47:46,0.00317200,9.44000000
2018-02-22 12:47:46,0.00318200,0.89000000
2018-02-22 12:47:46,0.00317200,9.44000000
2018-02-22 12:47:46,0.00317200,6.38000000
2018-02-22 12:47:46,0.00317200,9.44000000
2018-02-22 12:47:46,0.00317300,22.71000000
2018-02-22 12:47:46,0.00317900,3.60000000
2018-02-22 12:47:46,0.00317300,9.44000000
2018-02-22 12:47:46,0.00317300,5.26000000
2018-02-22 12:47:47,0.00318200,3.04000000
2018-02-22 12:47:47,0.00317300,1.26000000
2018-02-22 12:47:47,0.00318200,1.94000000
2018-02-22 12:47:47,0.00317400,3.60000000
2018-02-22 12:47:47,0.00318200,3.14000000
2018-02-22 12:47:47,0.00318200,0.75000000
2018-02-22 12:47:47,0.00317400,5.87000000
2018-02-22 12:47:48,0.00317400,0.77000000
2018-02-22 12:47:48,0.00317300,2.04000000
2018-02-22 12:47:48,0.00317400,0.77000000
2018-02-22 12:47:48,0.00317400,0.75000000
2018-02-22 12:47:48,0.00317400,3.59000000
2018-02-22 12:47:48,0.00318200,5.52000000
2018-02-22 12:47:48,0.00317400,9.41000000
2018-02-22 12:47:49,0.00317300,6.63000000
2018-02-22 12:47:49,0.00317200,0.50000000
2018-02-22 12:47:49,0.00317000,2.28000000
2018-02-22 12:47:49,0.00318000,0.77000000
2018-02-22 12:47:49,0.00318000,0.79000000
2018-02-22 12:47:49,0.00317300,1.26000000
2018-02-22 12:47:50,0.00318000,0.79000000
2018-02-22 12:47:50,0.00318000,1.19000000
2018-02-22 12:47:50,0.00318000,4.54000000
2018-02-22 12:47:50,0.00317900,3.60000000
2018-02-22 12:47:50,0.00318000,50.40000000
2018-02-22 12:47:50,0.00318000,4.37000000
2018-02-22 12:47:50,0.00317300,0.83000000
2018-02-22 12:47:51,0.00317300,0.96000000
2018-02-22 12:47:51,0.00317300,2.58000000
2018-02-22 12:47:51,0.00317800,3.64000000
2018-02-22 12:47:51,0.00317900,2.50000000
2018-02-22 12:47:51,0.00318000,4.00000000
2018-02-22 12:47:51,0.00318100,9.29000000
2018-02-22 12:47:51,0.00317100,1.26000000
2018-02-22 12:47:51,0.00318100,47.46000000
2018-02-22 12:47:51,0.00318200,4.50000000
2018-02-22 12:47:52,0.00317300,7.44000000
2018-02-22 12:47:52,0.00317300,2.01000000
2018-02-22 12:47:52,0.00317300,7.45000000
2018-02-22 12:47:52,0.00317400,2.22000000
2018-02-22 12:47:53,0.00318300,0.75000000
2018-02-22 12:47:53,0.00317400,1.60000000
2018-02-22 12:47:53,0.00317400,0.62000000
2018-02-22 12:47:53,0.00317100,0.64000000
2018-02-22 12:47:53,0.00317400,1.42000000
2018-02-22 12:47:53,0.00317100,1.37000000
2018-02-22 12:47:53,0.00317900,1.59000000
2018-02-22 12:47:53,0.00318000,3.15000000
2018-02-22 12:47:53,0.00318000,1.29000000
2018-02-22 12:47:53,0.00317400,6.03000000
2018-02-22 12:47:53,0.00317500,0.98000000
2018-02-22 12:47:53,0.00317500,9.44000000
2018-02-22 12:47:54,0.00317500,1.52000000
2018-02-22 12:47:54,0.00318000,2.22000000
2018-02-22 12:47:54,0.00318200,1.26000000
2018-02-22 12:47:54,0.00318300,1.88000000
2018-02-22 12:47:54,0.00317500,5.15000000
2018-02-22 12:47:54,0.00317500,9.43000000
2018-02-22 12:47:54,0.00317500,1.26000000
2018-02-22 12:47:54,0.00317600,9.44000000
2018-02-22 12:47:54,0.00317600,36.84000000
2018-02-22 12:47:54,0.00317500,9.44000000
2018-02-22 12:47:54,0.00317500,5.23000000
2018-02-22 12:47:55,0.00317500,4.28000000
2018-02-22 12:47:55,0.00318000,2.01000000
2018-02-22 12:47:55,0.00318100,0.59000000
2018-02-22 12:47:55,0.00317400,2.02000000
2018-02-22 12:47:55,0.00317100,2.26000000
2018-02-22 12:47:56,0.00317700,2.22000000
2018-02-22 12:47:56,0.00317900,3.61000000
2018-02-22 12:47:56,0.00318000,4.72000000
2018-02-22 12:47:56,0.00318100,19.50000000
2018-02-22 12:47:57,0.00317200,2.02000000
2018-02-22 12:47:57,0.00317100,2.38000000
2018-02-22 12:47:57,0.00317100,2.02000000
2018-02-22 12:47:57,0.00317000,42.02000000
2018-02-22 12:47:57,0.00317100,1.26000000
2018-02-22 12:47:57,0.00317700,1.23000000
2018-02-22 12:47:58,0.00317100,22.45000000
2018-02-22 12:47:58,0.00317000,11.22000000
2018-02-22 12:47:58,0.00317700,1.82000000
2018-02-22 12:47:58,0.00317600,3.62000000
2018-02-22 12:47:58,0.00317700,1.39000000
2018-02-22 12:47:58,0.00317800,46.28000000
2018-02-22 12:47:59,0.00317800,2.14000000
2018-02-22 12:47:59,0.00317800,3.08000000
2018-02-22 12:47:59,0.00317800,1.08000000
2018-02-22 12:47:59,0.00317200,2.54000000
2018-02-22 12:48:00,0.00317400,1.26000000
2018-02-22 12:48:01,0.00317800,5.04000000
2018-02-22 12:48:02,0.00317300,1.26000000
2018-02-22 12:48:03,0.00317400,4.20000000
2018-02-22 12:48:03,0.00317400,9.44000000
2018-02-22 12:48:04,0.00317500,2.18000000
2018-02-22 12:48:04,0.00317500,1.26000000
2018-02-22 12:48:05,0.00318100,1.26000000
2018-02-22 12:48:05,0.00318200,14.45000000
2018-02-22 12:48:06,0.00318200,10.93000000
2018-02-22 12:48:06,0.00318100,3.24000000
2018-02-22 12:48:07,0.00317700,1.26000000
2018-02-22 12:48:07,0.00317700,1.58000000
2018-02-22 12:48:07,0.00317600,8.82000000
2018-02-22 12:48:08,0.00317900,0.20000000
2018-02-22 12:48:08,0.00317900,16.87000000
2018-02-22 12:48:09,0.00317800,0.89000000
2018-02-22 12:48:09,0.00317600,2.11000000
2018-02-22 12:48:11,0.00317600,3.52000000
2018-02-22 12:48:11,0.00317400,1.27000000
2018-02-22 12:48:11,0.00317400,1.78000000
2018-02-22 12:48:11,0.00317200,3.80000000
2018-02-22 12:48:11,0.00317200,0.42000000
2018-02-22 12:48:11,0.00317400,1.74000000
2018-02-22 12:48:11,0.00317700,1.17000000
2018-02-22 12:48:12,0.00317400,2.50000000
2018-02-22 12:48:13,0.00317600,20.00000000
2018-02-22 12:48:14,0.00317400,28.64000000
2018-02-22 12:48:14,0.00317300,42.00000000
2018-02-22 12:48:15,0.00317400,1.26000000
2018-02-22 12:48:15,0.00317500,0.48000000
2018-02-22 12:48:15,0.00317200,14.00000000
2018-02-22 12:48:17,0.00317200,1.26000000
2018-02-22 12:48:17,0.00317500,0.65000000
2018-02-22 12:48:18,0.00317200,1.26000000
2018-02-22 12:48:19,0.00317500,3.14000000
2018-02-22 12:48:19,0.00317200,12.61000000
2018-02-22 12:48:20,0.00317200,6.64000000
2018-02-22 12:48:20,0.00317100,93.70000000
2018-02-22 12:48:20,0.00317000,4.00000000
2018-02-22 12:48:22,0.00317400,0.95000000
2018-02-22 12:48:22,0.00317000,4.06000000
2018-02-22 12:48:22,0.00317400,15.00000000
2018-02-22 12:48:22,0.00317000,6.15000000
2018-02-22 12:48:22,0.00317000,3.00000000
2018-02-22 12:48:22,0.00317400,0.32000000
2018-02-22 12:48:22,0.00317400,0.62000000
2018-02-22 12:48:24,0.00317400,0.63000000
2018-02-22 12:48:24,0.00317500,5.44000000
2018-02-22 12:48:24,0.00317000,29.99000000
2018-02-22 12:48:24,0.00317000,1.26000000
2018-02-22 12:48:24,0.00317000,1.26000000
2018-02-22 12:48:24,0.00317000,57.74000000
2018-02-22 12:48:25,0.00317500,2.76000000
2018-02-22 12:48:25,0.00317600,3.31000000
2018-02-22 12:48:27,0.00317000,1.26000000
2018-02-22 12:48:29,0.00317000,2.48000000
2018-02-22 12:48:29,0.00317000,14.59000000
2018-02-22 12:48:29,0.00316900,26.73000000
2018-02-22 12:48:29,0.00316600,0.91000000
2018-02-22 12:48:29,0.00316500,9.09000000
2018-02-22 12:48:31,0.00317500,42.45000000
2018-02-22 12:48:32,0.00317500,1.50000000
2018-02-22 12:48:33,0.00317500,7.01000000
2018-02-22 12:48:35,0.00317500,1.26000000
2018-02-22 12:48:35,0.00317600,67.10000000
2018-02-22 12:48:35,0.00317800,1.42000000
2018-02-22 12:48:35,0.00317900,11.10000000
2018-02-22 12:48:35,0.00318000,11.08000000
2018-02-22 12:48:38,0.00317600,1.26000000
2018-02-22 12:48:40,0.00317700,3.00000000
2018-02-22 12:48:40,0.00317900,1.18000000
2018-02-22 12:48:40,0.00317700,39.45000000
2018-02-22 12:48:40,0.00317600,20.55000000
2018-02-22 12:48:41,0.00317600,3.52000000
2018-02-22 12:48:41,0.00317600,20.63000000
2018-02-22 12:48:44,0.00317400,1.35000000
2018-02-22 12:48:44,0.00317200,4.65000000
2018-02-22 12:48:47,0.00317700,1.26000000
2018-02-22 12:48:47,0.00317900,5.12000000
2018-02-22 12:48:47,0.00317900,37.85000000
2018-02-22 12:48:48,0.00318100,3.14000000
2018-02-22 12:48:49,0.00317900,6.34000000
2018-02-22 12:48:49,0.00317900,24.00000000
2018-02-22 12:48:50,0.00317900,39.07000000
2018-02-22 12:48:50,0.00317900,41.69000000
2018-02-22 12:48:52,0.00317900,29.37000000
2018-02-22 12:48:52,0.00317900,1.67000000
2018-02-22 12:48:52,0.00318100,0.98000000
2018-02-22 12:48:52,0.00317900,1.00000000
2018-02-22 12:48:53,0.00317900,9.57000000
2018-02-22 12:48:53,0.00317900,13.00000000
2018-02-22 12:48:54,0.00318100,1.57000000
2018-02-22 12:48:54,0.00318100,0.47000000
2018-02-22 12:48:54,0.00318100,0.92000000
2018-02-22 12:48:55,0.00318100,6.64000000
2018-02-22 12:48:55,0.00317900,9.35000000
2018-02-22 12:48:55,0.00317900,5.51000000
2018-02-22 12:48:56,0.00317900,2.01000000
2018-02-22 12:48:56,0.00317900,14.68000000
2018-02-22 12:48:56,0.00318100,2.09000000
2018-02-22 12:48:57,0.00318100,40.86000000
2018-02-22 12:48:57,0.00317900,6.27000000
2018-02-22 12:48:58,0.00317900,20.00000000
2018-02-22 12:48:58,0.00318100,0.62000000
2018-02-22 12:48:58,0.00317900,2.41000000
2018-02-22 12:48:58,0.00317900,19.37000000
2018-02-22 12:48:58,0.00317900,9.43000000
2018-02-22 12:48:59,0.00317900,1.03000000
2018-02-22 12:48:59,0.00317900,9.43000000
2018-02-22 12:48:59,0.00317900,9.43000000
2018-02-22 12:48:59,0.00317900,1.14000000
2018-02-22 12:49:01,0.00317600,29.25000000
2018-02-22 12:49:01,0.00318000,3.14000000
2018-02-22 12:49:01,0.00318000,3.14000000
2018-02-22 12:49:02,0.00318000,0.91000000
2018-02-22 12:49:02,0.00317600,3.15000000
2018-02-22 12:49:03,0.00317700,3.14000000
2018-02-22 12:49:03,0.00317600,13.97000000
2018-02-22 12:49:04,0.00318000,9.43000000
2018-02-22 12:49:04,0.00318000,3.14000000
2018-02-22 12:49:04,0.00317900,6.29000000
2018-02-22 12:49:10,0.00317900,0.17000000
2018-02-22 12:49:10,0.00317600,1.49000000
2018-02-22 12:49:11,0.00318000,3.14000000
2018-02-22 12:49:11,0.00317600,2.87000000
2018-02-22 12:49:12,0.00318000,0.35000000
2018-02-22 12:49:13,0.00318000,3.14000000
2018-02-22 12:49:14,0.00318000,0.63000000
2018-02-22 12:49:19,0.00317900,3.14000000
2018-02-22 12:49:20,0.00317700,1.26000000
2018-02-22 12:49:22,0.00317700,1.26000000
2018-02-22 12:49:24,0.00317900,1.53000000
2018-02-22 12:49:24,0.00317700,2.23000000
2018-02-22 12:49:25,0.00317700,1.26000000
2018-02-22 12:49:27,0.00317700,1.26000000
2018-02-22 12:49:28,0.00317900,0.45000000
2018-02-22 12:49:29,0.00317700,2.54000000
2018-02-22 12:49:32,0.00317700,2.54000000
2018-02-22 12:49:34,0.00317700,3.71000000
2018-02-22 12:49:34,0.00317600,72.17000000
2018-02-22 12:49:34,0.00317900,3.14000000
2018-02-22 12:49:34,0.00317900,3.14000000
2018-02-22 12:49:35,0.00317600,2.54000000
2018-02-22 12:49:35,0.00317600,10.95000000
2018-02-22 12:49:36,0.00317600,81.22000000
2018-02-22 12:49:36,0.00317800,0.69000000
2018-02-22 12:49:36,0.00317600,8.59000000
2018-02-22 12:49:37,0.00317600,8.59000000
2018-02-22 12:49:37,0.00317600,2.54000000
2018-02-22 12:49:37,0.00317600,8.28000000
2018-02-22 12:49:38,0.00317600,1.26000000
2018-02-22 12:49:38,0.00317600,8.28000000
2018-02-22 12:49:39,0.00317600,8.28000000
2018-02-22 12:49:39,0.00317600,2.54000000
2018-02-22 12:49:41,0.00317600,211.45000000
2018-02-22 12:49:42,0.00317600,1.26000000
2018-02-22 12:49:42,0.00317600,289.62000000
2018-02-22 12:49:42,0.00317500,6.29000000
2018-02-22 12:49:42,0.00317000,2.00000000
2018-02-22 12:49:42,0.00316900,0.32000000
2018-02-22 12:49:42,0.00316800,1.77000000
2018-02-22 12:49:43,0.00317900,3.14000000
2018-02-22 12:49:44,0.00317000,1.64000000
2018-02-22 12:49:44,0.00316900,0.36000000
2018-02-22 12:49:44,0.00317100,1.26000000
2018-02-22 12:49:46,0.00317100,0.96000000
2018-02-22 12:49:48,0.00316900,1.26000000
