DATE,PRICE,VOLUME
2018-02-23 11:00:00,0.00351100,1.50000000
2018-02-23 11:00:01,0.00351300,11.18000000
2018-02-23 11:00:01,0.00351400,19.10000000
2018-02-23 11:00:01,0.00351500,12.42000000
2018-02-23 11:00:01,0.00351500,1.84000000
2018-02-23 11:00:01,0.00351700,8.02000000
2018-02-23 11:00:01,0.00352000,22.39000000
2018-02-23 11:00:01,0.00352200,10.83000000
2018-02-23 11:00:02,0.00351100,1.12000000
2018-02-23 11:00:02,0.00351300,5.00000000
2018-02-23 11:00:02,0.00351300,3.02000000
2018-02-23 11:00:02,0.00351200,6.92000000
2018-02-23 11:00:04,0.00351200,0.25000000
2018-02-23 11:00:06,0.00351200,2.22000000
2018-02-23 11:00:07,0.00351200,14.24000000
2018-02-23 11:00:07,0.00351300,1.99000000
2018-02-23 11:00:08,0.00351400,12.48000000
2018-02-23 11:00:08,0.00351400,1.78000000
2018-02-23 11:00:09,0.00351300,14.23000000
2018-02-23 11:00:09,0.00351300,8.00000000
2018-02-23 11:00:10,0.00351300,1.14000000
2018-02-23 11:00:10,0.00351300,1.14000000
2018-02-23 11:00:10,0.00351300,0.91000000
2018-02-23 11:00:10,0.00351300,14.23000000
2018-02-23 11:00:12,0.00351300,1.14000000
2018-02-23 11:00:12,0.00351300,4.97000000
2018-02-23 11:00:12,0.00351200,9.27000000
2018-02-23 11:00:12,0.00351400,2.48000000
2018-02-23 11:00:14,0.00351400,1.00000000
2018-02-23 11:00:14,0.00351200,26.20000000
2018-02-23 11:00:14,0.00351200,3.79000000
2018-02-23 11:00:14,0.00351200,14.24000000
2018-02-23 11:00:16,0.00351200,1.14000000
2018-02-23 11:00:16,0.00351200,1.14000000
2018-02-23 11:00:17,0.00351400,1.91000000
2018-02-23 11:00:17,0.00351500,2.33000000
2018-02-23 11:00:17,0.00351500,3.06000000
2018-02-23 11:00:19,0.00351500,1.14000000
2018-02-23 11:00:19,0.00351700,0.25000000
2018-02-23 11:00:20,0.00351500,1.56000000
2018-02-23 11:00:20,0.00351200,1.55000000
2018-02-23 11:00:20,0.00351200,1.40000000
2018-02-23 11:00:21,0.00351500,1.56000000
2018-02-23 11:00:21,0.00351500,0.10000000
2018-02-23 11:00:23,0.00351300,2.70000000
2018-02-23 11:00:24,0.00351400,1.00000000
2018-02-23 11:00:25,0.00351500,6.67000000
2018-02-23 11:00:25,0.00351700,0.03000000
2018-02-23 11:00:27,0.00351500,13.80000000
2018-02-23 11:00:27,0.00351700,1.09000000
2018-02-23 11:00:27,0.00351400,5.26000000
2018-02-23 11:00:27,0.00351700,73.56000000
2018-02-23 11:00:27,0.00351800,1.32000000
2018-02-23 11:00:28,0.00351400,2.50000000
2018-02-23 11:00:29,0.00351400,0.13000000
2018-02-23 11:00:29,0.00351300,8.04000000
2018-02-23 11:00:30,0.00351300,1.96000000
2018-02-23 11:00:32,0.00351200,5.00000000
2018-02-23 11:00:33,0.00351200,4.32000000
2018-02-23 11:00:33,0.00351200,14.24000000
2018-02-23 11:00:33,0.00351300,1.96000000
2018-02-23 11:00:35,0.00351300,1.11000000
2018-02-23 11:00:37,0.00351300,10.62000000
2018-02-23 11:00:37,0.00351200,9.89000000
2018-02-23 11:00:39,0.00351200,8.47000000
2018-02-23 11:00:39,0.00351100,61.53000000
2018-02-23 11:00:41,0.00351200,18.05000000
2018-02-23 11:00:41,0.00351300,10.87000000
2018-02-23 11:00:43,0.00351000,0.46000000
2018-02-23 11:00:45,0.00351000,14.12000000
2018-02-23 11:00:45,0.00351000,5.88000000
2018-02-23 11:00:50,0.00351300,6.66000000
2018-02-23 11:00:50,0.00351200,7.58000000
2018-02-23 11:00:51,0.00351200,0.20000000
2018-02-23 11:00:52,0.00351100,10.00000000
2018-02-23 11:00:52,0.00351000,4.26000000
2018-02-23 11:00:52,0.00351000,0.25000000
2018-02-23 11:00:55,0.00351100,14.24000000
2018-02-23 11:00:55,0.00351100,21.63000000
2018-02-23 11:00:56,0.00351200,1.55000000
2018-02-23 11:00:57,0.00351200,46.11000000
2018-02-23 11:00:57,0.00351300,167.43000000
2018-02-23 11:00:57,0.00351300,26.15000000
2018-02-23 11:00:57,0.00351100,7.41000000
2018-02-23 11:00:57,0.00351000,30.40000000
2018-02-23 11:00:57,0.00351300,35.56000000
2018-02-23 11:00:58,0.00351300,368.65000000
2018-02-23 11:00:58,0.00351200,7.41000000
2018-02-23 11:00:58,0.00351300,126.89000000
2018-02-23 11:00:59,0.00351200,12.63000000
2018-02-23 11:00:59,0.00351300,100.35000000
2018-02-23 11:01:02,0.00351300,2.85000000
2018-02-23 11:01:03,0.00351100,3.16000000
2018-02-23 11:01:04,0.00351300,1.00000000
2018-02-23 11:01:04,0.00351300,23.74000000
2018-02-23 11:01:05,0.00351300,252.63000000
2018-02-23 11:01:06,0.00351300,9.94000000
2018-02-23 11:01:06,0.00351200,0.25000000
2018-02-23 11:01:07,0.00351300,168.75000000
2018-02-23 11:01:10,0.00351300,8.76000000
2018-02-23 11:01:11,0.00351300,2.85000000
2018-02-23 11:01:12,0.00351300,4.45000000
2018-02-23 11:01:12,0.00351300,2.85000000
2018-02-23 11:01:13,0.00351300,30.00000000
2018-02-23 11:01:19,0.00351300,2.00000000
2018-02-23 11:01:20,0.00351400,3.00000000
2018-02-23 11:01:21,0.00351400,3.47000000
2018-02-23 11:01:21,0.00351500,23.90000000
2018-02-23 11:01:21,0.00351900,1.03000000
2018-02-23 11:01:21,0.00351400,3.29000000
2018-02-23 11:01:21,0.00351300,3.71000000
2018-02-23 11:01:25,0.00351800,3.29000000
2018-02-23 11:01:25,0.00351900,31.65000000
2018-02-23 11:01:25,0.00352000,112.24000000
2018-02-23 11:01:26,0.00351500,36.42000000
2018-02-23 11:01:27,0.00351600,27.60000000
2018-02-23 11:01:28,0.00351600,2.46000000
2018-02-23 11:01:29,0.00352000,20.08000000
2018-02-23 11:01:29,0.00352000,1.13000000
2018-02-23 11:01:30,0.00352000,1.00000000
2018-02-23 11:01:30,0.00352000,5.16000000
2018-02-23 11:01:30,0.00352000,2.50000000
2018-02-23 11:01:31,0.00352200,0.81000000
2018-02-23 11:01:31,0.00352000,1.13000000
2018-02-23 11:01:31,0.00352000,19.68000000
2018-02-23 11:01:32,0.00352000,14.29000000
2018-02-23 11:01:32,0.00352000,5.81000000
2018-02-23 11:01:33,0.00351700,8.48000000
2018-02-23 11:01:33,0.00351700,14.29000000
2018-02-23 11:01:34,0.00351700,9.74000000
2018-02-23 11:01:34,0.00351700,30.00000000
2018-02-23 11:01:36,0.00351800,27.00000000
2018-02-23 11:01:36,0.00351700,32.94000000
2018-02-23 11:01:36,0.00352000,7.31000000
2018-02-23 11:01:37,0.00352000,7.65000000
2018-02-23 11:01:41,0.00352000,4.69000000
2018-02-23 11:01:42,0.00352200,0.39000000
2018-02-23 11:01:43,0.00352300,112.13000000
2018-02-23 11:01:43,0.00352300,21.66000000
2018-02-23 11:01:43,0.00352000,6.20000000
2018-02-23 11:01:43,0.00352000,0.01000000
2018-02-23 11:01:43,0.00351900,19.84000000
2018-02-23 11:01:43,0.00351900,20.97000000
2018-02-23 11:01:43,0.00352000,55.18000000
2018-02-23 11:01:44,0.00352000,10.59000000
2018-02-23 11:01:44,0.00352000,7.00000000
2018-02-23 11:01:44,0.00352300,6.02000000
2018-02-23 11:01:45,0.00352000,2.50000000
2018-02-23 11:01:45,0.00352000,27.32000000
2018-02-23 11:01:45,0.00352300,0.52000000
2018-02-23 11:01:45,0.00352400,19.51000000
2018-02-23 11:01:46,0.00352400,13.71000000
2018-02-23 11:01:46,0.00352500,14.10000000
2018-02-23 11:01:47,0.00352500,9.25000000
2018-02-23 11:01:48,0.00352500,390.19000000
2018-02-23 11:01:49,0.00352500,7.00000000
2018-02-23 11:01:50,0.00352600,0.25000000
2018-02-23 11:01:50,0.00352600,9.75000000
2018-02-23 11:01:50,0.00352600,1.14000000
2018-02-23 11:01:51,0.00352600,1.00000000
2018-02-23 11:01:51,0.00352600,8.37000000
2018-02-23 11:01:52,0.00352700,8.87000000
2018-02-23 11:01:52,0.00352900,5.73000000
2018-02-23 11:01:52,0.00352600,1.38000000
2018-02-23 11:01:53,0.00352600,5.56000000
2018-02-23 11:01:53,0.00352600,5.00000000
2018-02-23 11:01:55,0.00352700,0.36000000
2018-02-23 11:01:55,0.00352700,0.91000000
2018-02-23 11:01:56,0.00352700,6.58000000
2018-02-23 11:01:56,0.00352700,7.00000000
2018-02-23 11:01:56,0.00352700,1.13000000
2018-02-23 11:01:56,0.00352700,6.80000000
2018-02-23 11:01:56,0.00352700,5.00000000
2018-02-23 11:01:58,0.00352700,1.13000000
2018-02-23 11:01:58,0.00352800,6.98000000
2018-02-23 11:01:59,0.00352700,6.81000000
2018-02-23 11:02:00,0.00352700,8.59000000
2018-02-23 11:02:00,0.00352800,3.68000000
2018-02-23 11:02:00,0.00352900,58.25000000
2018-02-23 11:02:02,0.00352700,8.99000000
2018-02-23 11:02:02,0.00352900,136.02000000
2018-02-23 11:02:03,0.00353000,2.88000000
2018-02-23 11:02:03,0.00352900,3.66000000
2018-02-23 11:02:03,0.00352900,0.07000000
2018-02-23 11:02:04,0.00352900,0.25000000
2018-02-23 11:02:04,0.00352900,15.50000000
2018-02-23 11:02:05,0.00353000,132.87000000
2018-02-23 11:02:05,0.00353200,5.35000000
2018-02-23 11:02:05,0.00353300,4.73000000
2018-02-23 11:02:06,0.00353100,29.00000000
2018-02-23 11:02:07,0.00353000,8.89000000
2018-02-23 11:02:07,0.00353000,21.30000000
2018-02-23 11:02:10,0.00352900,47.98000000
2018-02-23 11:02:10,0.00352900,7.43000000
2018-02-23 11:02:11,0.00352900,4.00000000
2018-02-23 11:02:12,0.00353000,4.29000000
2018-02-23 11:02:12,0.00352900,4.56000000
2018-02-23 11:02:13,0.00353100,6.39000000
2018-02-23 11:02:14,0.00353000,16.89000000
2018-02-23 11:02:15,0.00353100,46.26000000
2018-02-23 11:02:21,0.00353200,270.34000000
2018-02-23 11:02:22,0.00353100,4.69000000
2018-02-23 11:02:27,0.00353000,2.76000000
2018-02-23 11:02:29,0.00353000,1.09000000
2018-02-23 11:02:30,0.00353000,25.68000000
2018-02-23 11:02:33,0.00353000,14.16000000
2018-02-23 11:02:36,0.00353100,42.54000000
2018-02-23 11:02:36,0.00353000,12.71000000
2018-02-23 11:02:37,0.00353000,22.01000000
2018-02-23 11:02:38,0.00353000,29.12000000
2018-02-23 11:02:40,0.00353000,8.51000000
2018-02-23 11:02:40,0.00353000,0.68000000
2018-02-23 11:02:41,0.00353000,43.20000000
2018-02-23 11:02:41,0.00353100,0.25000000
2018-02-23 11:02:43,0.00353100,11.32000000
2018-02-23 11:02:45,0.00353100,9.93000000
2018-02-23 11:02:45,0.00353200,74.44000000
2018-02-23 11:02:46,0.00353200,3.14000000
2018-02-23 11:02:48,0.00353200,1.00000000
2018-02-23 11:02:49,0.00353200,22.65000000
2018-02-23 11:02:50,0.00353200,7.13000000
2018-02-23 11:02:52,0.00353100,11.89000000
2018-02-23 11:02:53,0.00353100,9.14000000
2018-02-23 11:02:55,0.00353100,9.14000000
2018-02-23 11:02:55,0.00353100,0.91000000
2018-02-23 11:02:55,0.00353200,402.46000000
2018-02-23 11:02:59,0.00353200,0.25000000
2018-02-23 11:03:04,0.00353300,6.01000000
2018-02-23 11:03:04,0.00353300,43.43000000
2018-02-23 11:03:05,0.00353400,0.50000000
2018-02-23 11:03:05,0.00353500,1.49000000
2018-02-23 11:03:05,0.00353300,245.18000000
2018-02-23 11:03:05,0.00353200,213.94000000
2018-02-23 11:03:06,0.00353500,0.76000000
2018-02-23 11:03:07,0.00353500,0.25000000
2018-02-23 11:03:07,0.00353500,5.63000000
2018-02-23 11:03:09,0.00353200,28.31000000
2018-02-23 11:03:10,0.00353200,59.00000000
2018-02-23 11:03:13,0.00353500,4.47000000
2018-02-23 11:03:15,0.00353500,53.74000000
2018-02-23 11:03:17,0.00353500,10.32000000
2018-02-23 11:03:18,0.00353500,94.49000000
2018-02-23 11:03:19,0.00353300,15.00000000
2018-02-23 11:03:20,0.00353400,73.92000000
2018-02-23 11:03:21,0.00353400,73.57000000
2018-02-23 11:03:22,0.00353300,14.28000000
2018-02-23 11:03:22,0.00353200,26.19000000
2018-02-23 11:03:22,0.00353400,4.68000000
2018-02-23 11:03:24,0.00353300,42.45000000
2018-02-23 11:03:24,0.00353400,143.96000000
2018-02-23 11:03:25,0.00353400,15.45000000
2018-02-23 11:03:28,0.00353200,33.37000000
2018-02-23 11:03:28,0.00353500,1.00000000
2018-02-23 11:03:29,0.00353300,10.16000000
2018-02-23 11:03:29,0.00353200,0.22000000
2018-02-23 11:03:30,0.00353300,0.71000000
2018-02-23 11:03:30,0.00353500,56.00000000
2018-02-23 11:03:30,0.00353600,2.97000000
2018-02-23 11:03:30,0.00353600,0.02000000
2018-02-23 11:03:31,0.00353200,347.50000000
2018-02-23 11:03:32,0.00353200,1.25000000
2018-02-23 11:03:32,0.00353300,17.47000000
2018-02-23 11:03:32,0.00353100,10.53000000
2018-02-23 11:03:33,0.00353500,5.65000000
2018-02-23 11:03:35,0.00353100,245.04000000
2018-02-23 11:03:36,0.00353300,6.40000000
2018-02-23 11:03:36,0.00353300,7.04000000
2018-02-23 11:03:37,0.00353100,6.53000000
2018-02-23 11:03:37,0.00353200,0.84000000
2018-02-23 11:03:38,0.00353200,0.57000000
2018-02-23 11:03:40,0.00353200,19.81000000
2018-02-23 11:03:40,0.00353100,20.99000000
2018-02-23 11:03:40,0.00353000,62.57000000
2018-02-23 11:03:40,0.00352900,32.32000000
2018-02-23 11:03:41,0.00353200,39.80000000
2018-02-23 11:03:41,0.00353200,28.31000000
2018-02-23 11:03:41,0.00353200,8.00000000
2018-02-23 11:03:41,0.00353200,33.17000000
2018-02-23 11:03:41,0.00353200,20.29000000
2018-02-23 11:03:41,0.00353200,8.00000000
2018-02-23 11:03:41,0.00353200,33.17000000
2018-02-23 11:03:41,0.00353200,2.50000000
2018-02-23 11:03:43,0.00352700,0.32000000
2018-02-23 11:03:43,0.00352700,2.96000000
2018-02-23 11:03:43,0.00352700,14.13000000
2018-02-23 11:03:43,0.00352700,24.28000000
2018-02-23 11:03:43,0.00352700,8.48000000
2018-02-23 11:03:43,0.00352700,1.00000000
2018-02-23 11:03:43,0.00352700,1.00000000
2018-02-23 11:03:43,0.00352700,1.00000000
2018-02-23 11:03:43,0.00352700,24.28000000
2018-02-23 11:03:43,0.00352700,2.87000000
2018-02-23 11:03:43,0.00352600,8.48000000
2018-02-23 11:03:43,0.00353200,24.28000000
2018-02-23 11:03:43,0.00352600,2.30000000
2018-02-23 11:03:43,0.00352600,5.30000000
2018-02-23 11:03:44,0.00352600,1.72000000
2018-02-23 11:03:44,0.00352600,2.87000000
2018-02-23 11:03:45,0.00353100,3.28000000
2018-02-23 11:03:45,0.00353200,1.72000000
2018-02-23 11:03:45,0.00352600,0.86000000
2018-02-23 11:03:45,0.00352600,0.95000000
2018-02-23 11:03:46,0.00352900,1.13000000
2018-02-23 11:03:46,0.00352700,3.28000000
2018-02-23 11:03:46,0.00352600,7.47000000
2018-02-23 11:03:46,0.00353100,5.62000000
2018-02-23 11:03:46,0.00353200,84.98000000
2018-02-23 11:03:46,0.00352600,22.01000000
2018-02-23 11:03:46,0.00352600,2.26000000
2018-02-23 11:03:48,0.00353100,3.28000000
2018-02-23 11:03:49,0.00352900,0.86000000
2018-02-23 11:03:50,0.00353200,51.27000000
2018-02-23 11:03:50,0.00353300,18.96000000
2018-02-23 11:03:50,0.00353600,11.26000000
2018-02-23 11:03:50,0.00353700,2.46000000
2018-02-23 11:03:50,0.00353800,58.78000000
2018-02-23 11:03:53,0.00353500,1.39000000
2018-02-23 11:03:55,0.00353000,3.22000000
2018-02-23 11:03:55,0.00352900,0.27000000
2018-02-23 11:03:55,0.00352800,24.24000000
2018-02-23 11:03:57,0.00353100,14.16000000
2018-02-23 11:03:58,0.00353100,5.70000000
2018-02-23 11:03:58,0.00353000,3.22000000
2018-02-23 11:03:59,0.00353100,14.16000000
2018-02-23 11:03:59,0.00353000,8.49000000
2018-02-23 11:03:59,0.00353000,8.49000000
2018-02-23 11:03:59,0.00353000,8.49000000
2018-02-23 11:03:59,0.00353000,37.68000000
2018-02-23 11:04:00,0.00353000,8.49000000
2018-02-23 11:04:00,0.00352900,4.40000000
2018-02-23 11:04:00,0.00353000,3.18000000
2018-02-23 11:04:00,0.00353000,8.80000000
2018-02-23 11:04:00,0.00353000,8.49000000
2018-02-23 11:04:00,0.00352900,1.26000000
2018-02-23 11:04:00,0.00353000,8.49000000
2018-02-23 11:04:00,0.00353000,37.71000000
2018-02-23 11:04:00,0.00353000,8.48000000
2018-02-23 11:04:00,0.00352800,1.92000000
2018-02-23 11:04:00,0.00353000,5.39000000
2018-02-23 11:04:00,0.00353000,8.49000000
2018-02-23 11:04:00,0.00352800,3.09000000
2018-02-23 11:04:00,0.00353000,8.49000000
2018-02-23 11:04:00,0.00352800,5.39000000
2018-02-23 11:04:00,0.00353000,8.49000000
2018-02-23 11:04:00,0.00353000,8.48000000
2018-02-23 11:04:00,0.00353000,0.44000000
2018-02-23 11:04:01,0.00352900,6.64000000
2018-02-23 11:04:01,0.00353000,1.85000000
2018-02-23 11:04:01,0.00353000,8.48000000
2018-02-23 11:04:01,0.00353000,4.66000000
2018-02-23 11:04:01,0.00353000,1.00000000
2018-02-23 11:04:01,0.00353000,0.99000000
2018-02-23 11:04:01,0.00353000,0.99000000
2018-02-23 11:04:01,0.00352800,8.48000000
2018-02-23 11:04:01,0.00353000,3.95000000
2018-02-23 11:04:01,0.00352800,4.66000000
2018-02-23 11:04:01,0.00353000,3.95000000
2018-02-23 11:04:01,0.00353000,14.16000000
2018-02-23 11:04:01,0.00352800,0.99000000
2018-02-23 11:04:01,0.00353000,4.54000000
2018-02-23 11:04:01,0.00353000,3.20000000
2018-02-23 11:04:02,0.00352900,14.13000000
2018-02-23 11:04:02,0.00353000,25.97000000
2018-02-23 11:04:02,0.00353000,7.24000000
2018-02-23 11:04:02,0.00353000,4.47000000
2018-02-23 11:04:02,0.00352800,4.47000000
2018-02-23 11:04:03,0.00352800,2.01000000
2018-02-23 11:04:03,0.00352900,3.18000000
2018-02-23 11:04:03,0.00352900,1.29000000
2018-02-23 11:04:03,0.00353000,12.87000000
2018-02-23 11:04:03,0.00353000,19.91000000
2018-02-23 11:04:03,0.00353000,101.67000000
2018-02-23 11:04:04,0.00352900,2.00000000
2018-02-23 11:04:04,0.00352900,0.01000000
2018-02-23 11:04:04,0.00353000,19.97000000
2018-02-23 11:04:04,0.00353000,8.49000000
2018-02-23 11:04:04,0.00353000,8.49000000
2018-02-23 11:04:04,0.00353000,1.22000000
2018-02-23 11:04:04,0.00353000,8.48000000
2018-02-23 11:04:04,0.00353000,2.47000000
2018-02-23 11:04:04,0.00352800,6.01000000
2018-02-23 11:04:04,0.00353000,1.44000000
2018-02-23 11:04:05,0.00353000,14.16000000
2018-02-23 11:04:06,0.00353000,18.15000000
2018-02-23 11:04:06,0.00353000,224.40000000
2018-02-23 11:04:06,0.00353000,4.34000000
2018-02-23 11:04:06,0.00353000,4.99000000
2018-02-23 11:04:07,0.00353000,14.16000000
2018-02-23 11:04:08,0.00352900,2.26000000
2018-02-23 11:04:08,0.00352800,1.80000000
2018-02-23 11:04:08,0.00353000,3.62000000
2018-02-23 11:04:08,0.00353000,45.17000000
2018-02-23 11:04:08,0.00353000,14.16000000
2018-02-23 11:04:09,0.00353000,18.97000000
2018-02-23 11:04:10,0.00352800,36.91000000
2018-02-23 11:04:10,0.00353000,14.16000000
2018-02-23 11:04:10,0.00353000,18.22000000
2018-02-23 11:04:10,0.00353000,0.91000000
2018-02-23 11:04:11,0.00353000,8.49000000
2018-02-23 11:04:11,0.00353000,8.49000000
2018-02-23 11:04:11,0.00352800,27.52000000
2018-02-23 11:04:11,0.00352800,108.20000000
2018-02-23 11:04:12,0.00352800,4.01000000
2018-02-23 11:04:12,0.00352800,2.80000000
2018-02-23 11:04:12,0.00352800,2.39000000
2018-02-23 11:04:12,0.00352800,14.17000000
2018-02-23 11:04:12,0.00352800,9.40000000
2018-02-23 11:04:12,0.00352900,4.83000000
2018-02-23 11:04:12,0.00353000,7.16000000
2018-02-23 11:04:13,0.00353000,2.91000000
2018-02-23 11:04:14,0.00353000,14.16000000
2018-02-23 11:04:15,0.00352900,0.34000000
2018-02-23 11:04:15,0.00353000,6.38000000
2018-02-23 11:04:16,0.00353000,26.81000000
2018-02-23 11:04:16,0.00353000,2.39000000
2018-02-23 11:04:17,0.00353000,1.40000000
2018-02-23 11:04:17,0.00352900,1.92000000
2018-02-23 11:04:23,0.00353000,8.49000000
2018-02-23 11:04:23,0.00352900,17.01000000
2018-02-23 11:04:25,0.00352900,3.67000000
2018-02-23 11:04:25,0.00353000,10.78000000
2018-02-23 11:04:27,0.00352900,73.78000000
2018-02-23 11:04:27,0.00352800,29.33000000
2018-02-23 11:04:27,0.00353000,2.53000000
2018-02-23 11:04:29,0.00352800,71.63000000
2018-02-23 11:04:29,0.00352700,12.80000000
2018-02-23 11:04:29,0.00352600,2.80000000
2018-02-23 11:04:30,0.00352500,0.93000000
2018-02-23 11:04:30,0.00352500,89.66000000
2018-02-23 11:04:30,0.00352400,1.41000000
2018-02-23 11:04:30,0.00352800,13.39000000
2018-02-23 11:04:30,0.00352900,2.10000000
2018-02-23 11:04:30,0.00352800,5.66000000
2018-02-23 11:04:30,0.00352900,3.91000000
2018-02-23 11:04:30,0.00353000,3.53000000
2018-02-23 11:04:31,0.00353000,176.47000000
2018-02-23 11:04:31,0.00353000,2.83000000
2018-02-23 11:04:33,0.00352400,0.60000000
2018-02-23 11:04:34,0.00353000,4.07000000
2018-02-23 11:04:34,0.00353000,5.22000000
2018-02-23 11:04:35,0.00352900,0.60000000
2018-02-23 11:04:35,0.00353000,93.49000000
2018-02-23 11:04:36,0.00352500,3.22000000
2018-02-23 11:04:36,0.00352400,5.67000000
2018-02-23 11:04:36,0.00352300,25.38000000
2018-02-23 11:04:36,0.00352200,74.08000000
2018-02-23 11:04:36,0.00352100,0.31000000
2018-02-23 11:04:36,0.00353000,61.15000000
2018-02-23 11:04:36,0.00352800,3.22000000
2018-02-23 11:04:36,0.00352900,2.00000000
2018-02-23 11:04:37,0.00352900,20.16000000
2018-02-23 11:04:38,0.00352900,3.22000000
2018-02-23 11:04:38,0.00353000,2.00000000
2018-02-23 11:04:38,0.00352900,5.67000000
2018-02-23 11:04:38,0.00353000,3.23000000
2018-02-23 11:04:39,0.00353000,5.22000000
2018-02-23 11:04:39,0.00353000,0.45000000
2018-02-23 11:04:39,0.00353200,8.45000000
2018-02-23 11:04:40,0.00353200,11.32000000
2018-02-23 11:04:40,0.00353200,5.67000000
2018-02-23 11:04:40,0.00353200,0.25000000
2018-02-23 11:04:42,0.00352600,7.99000000
2018-02-23 11:04:42,0.00352400,0.75000000
2018-02-23 11:04:43,0.00352700,3.22000000
2018-02-23 11:04:43,0.00352800,3.22000000
2018-02-23 11:04:43,0.00352900,6.20000000
2018-02-23 11:04:43,0.00353100,7.99000000
2018-02-23 11:04:43,0.00353200,16.76000000
2018-02-23 11:04:43,0.00353300,3.38000000
2018-02-23 11:04:45,0.00353000,6.20000000
2018-02-23 11:04:45,0.00353000,238.48000000
2018-02-23 11:04:46,0.00353300,6.06000000
2018-02-23 11:04:47,0.00352700,7.99000000
2018-02-23 11:04:47,0.00352600,33.75000000
2018-02-23 11:04:47,0.00352700,41.70000000
2018-02-23 11:04:47,0.00352500,25.50000000
2018-02-23 11:04:47,0.00352400,70.29000000
2018-02-23 11:04:47,0.00352400,34.00000000
2018-02-23 11:04:48,0.00352800,3.22000000
2018-02-23 11:04:49,0.00352900,31.11000000
2018-02-23 11:04:52,0.00352100,0.72000000
2018-02-23 11:04:55,0.00352400,13.70000000
2018-02-23 11:04:55,0.00352400,15.00000000
2018-02-23 11:04:56,0.00352300,17.41000000
2018-02-23 11:04:56,0.00352400,0.20000000
2018-02-23 11:04:56,0.00352400,2.41000000
2018-02-23 11:04:56,0.00352500,5.67000000
2018-02-23 11:04:56,0.00352600,16.16000000
2018-02-23 11:04:57,0.00352800,2.84000000
2018-02-23 11:04:58,0.00352300,3.22000000
2018-02-23 11:04:58,0.00352200,19.86000000
2018-02-23 11:05:01,0.00352300,1.00000000
2018-02-23 11:05:01,0.00352400,1.84000000
2018-02-23 11:05:04,0.00352100,26.00000000
2018-02-23 11:05:04,0.00352000,824.82000000
2018-02-23 11:05:04,0.00352000,239.18000000
2018-02-23 11:05:04,0.00351700,46.26000000
2018-02-23 11:05:04,0.00352400,112.95000000
2018-02-23 11:05:06,0.00352200,5.87000000
2018-02-23 11:05:06,0.00352300,2.84000000
2018-02-23 11:05:08,0.00351700,2.84000000
2018-02-23 11:05:09,0.00352000,0.81000000
2018-02-23 11:05:09,0.00352000,4.86000000
2018-02-23 11:05:09,0.00352100,39.61000000
2018-02-23 11:05:09,0.00352200,15.45000000
2018-02-23 11:05:09,0.00352400,25.13000000
2018-02-23 11:05:10,0.00351800,3.71000000
2018-02-23 11:05:11,0.00352000,2.82000000
2018-02-23 11:05:12,0.00351800,6.19000000
2018-02-23 11:05:13,0.00351600,39.61000000
2018-02-23 11:05:13,0.00351500,73.31000000
2018-02-23 11:05:13,0.00351400,41.21000000
2018-02-23 11:05:13,0.00351400,1.00000000
2018-02-23 11:05:13,0.00351400,1.00000000
2018-02-23 11:05:13,0.00351400,1.00000000
2018-02-23 11:05:13,0.00351400,1.00000000
2018-02-23 11:05:13,0.00351400,1.00000000
2018-02-23 11:05:13,0.00351400,8.60000000
2018-02-23 11:05:14,0.00351400,1.01000000
2018-02-23 11:05:14,0.00351400,15.01000000
2018-02-23 11:05:14,0.00351400,6.84000000
2018-02-23 11:05:14,0.00351400,1.42000000
2018-02-23 11:05:14,0.00352100,1.33000000
2018-02-23 11:05:14,0.00351300,1.41000000
2018-02-23 11:05:14,0.00351800,2.05000000
2018-02-23 11:05:14,0.00352100,6.44000000
2018-02-23 11:05:14,0.00352100,8.49000000
2018-02-23 11:05:14,0.00352100,8.49000000
2018-02-23 11:05:14,0.00352100,8.49000000
2018-02-23 11:05:14,0.00352100,8.49000000
2018-02-23 11:05:14,0.00352100,5.40000000
2018-02-23 11:05:14,0.00352100,1.13000000
2018-02-23 11:05:14,0.00352100,0.56000000
2018-02-23 11:05:14,0.00352100,0.55000000
2018-02-23 11:05:14,0.00352100,1.00000000
2018-02-23 11:05:14,0.00352100,1.00000000
2018-02-23 11:05:14,0.00352100,29.98000000
2018-02-23 11:05:14,0.00351800,2.83000000
2018-02-23 11:05:15,0.00351800,2.83000000
2018-02-23 11:05:15,0.00351800,2.83000000
2018-02-23 11:05:15,0.00351800,2.83000000
2018-02-23 11:05:15,0.00351800,2.83000000
2018-02-23 11:05:15,0.00351800,2.83000000
2018-02-23 11:05:15,0.00351800,2.83000000
2018-02-23 11:05:15,0.00351800,2.83000000
2018-02-23 11:05:15,0.00351800,2.83000000
2018-02-23 11:05:15,0.00351500,2.33000000
2018-02-23 11:05:15,0.00351400,17.54000000
2018-02-23 11:05:16,0.00351800,8.00000000
2018-02-23 11:05:19,0.00351600,2.33000000
2018-02-23 11:05:19,0.00351700,6.81000000
2018-02-23 11:05:19,0.00351700,1.62000000
2018-02-23 11:05:19,0.00351700,9.14000000
2018-02-23 11:05:20,0.00351700,9.14000000
2018-02-23 11:05:20,0.00351700,1.68000000
2018-02-23 11:05:20,0.00351700,7.01000000
2018-02-23 11:05:20,0.00351700,2.84000000
2018-02-23 11:05:20,0.00351700,16.33000000
2018-02-23 11:05:20,0.00351700,1.68000000
2018-02-23 11:05:21,0.00351700,14.87000000
2018-02-23 11:05:22,0.00351400,2.84000000
2018-02-23 11:05:22,0.00351300,2.44000000
2018-02-23 11:05:22,0.00351200,6.06000000
2018-02-23 11:05:22,0.00351100,28.18000000
2018-02-23 11:05:23,0.00351200,2.33000000
2018-02-23 11:05:23,0.00351100,17.49000000
2018-02-23 11:05:24,0.00351600,42.45000000
2018-02-23 11:05:24,0.00351700,23.18000000
2018-02-23 11:05:24,0.00351800,36.55000000
2018-02-23 11:05:24,0.00351800,2.33000000
2018-02-23 11:05:25,0.00351800,12.83000000
2018-02-23 11:05:26,0.00351300,3.31000000
2018-02-23 11:05:26,0.00351800,0.91000000
2018-02-23 11:05:29,0.00351200,0.60000000
2018-02-23 11:05:29,0.00351200,0.85000000
2018-02-23 11:05:30,0.00351300,1.13000000
2018-02-23 11:05:30,0.00351000,172.09000000
2018-02-23 11:05:30,0.00351000,1.13000000
2018-02-23 11:05:31,0.00351200,1.13000000
2018-02-23 11:05:31,0.00351000,2.33000000
2018-02-23 11:05:31,0.00350900,12.15000000
2018-02-23 11:05:31,0.00350800,215.28000000
2018-02-23 11:05:32,0.00350800,120.72000000
2018-02-23 11:05:32,0.00350800,5.21000000
2018-02-23 11:05:32,0.00350600,43.03000000
2018-02-23 11:05:32,0.00351500,1.65000000
2018-02-23 11:05:33,0.00351400,2.33000000
2018-02-23 11:05:33,0.00351200,1.13000000
2018-02-23 11:05:33,0.00350900,14.19000000
2018-02-23 11:05:33,0.00351500,5.97000000
2018-02-23 11:05:33,0.00351100,0.37000000
2018-02-23 11:05:33,0.00350500,114.50000000
2018-02-23 11:05:33,0.00350400,74.17000000
2018-02-23 11:05:33,0.00350800,20.00000000
2018-02-23 11:05:33,0.00350800,20.00000000
2018-02-23 11:05:33,0.00350800,20.00000000
2018-02-23 11:05:33,0.00350800,20.00000000
2018-02-23 11:05:33,0.00350800,20.00000000
2018-02-23 11:05:33,0.00351200,0.31000000
2018-02-23 11:05:33,0.00350800,19.69000000
2018-02-23 11:05:33,0.00350800,20.00000000
2018-02-23 11:05:33,0.00350800,20.00000000
2018-02-23 11:05:33,0.00351400,3.14000000
2018-02-23 11:05:34,0.00351300,1.66000000
2018-02-23 11:05:34,0.00351400,4.63000000
2018-02-23 11:05:34,0.00351400,9.74000000
2018-02-23 11:05:34,0.00351400,2.97000000
2018-02-23 11:05:34,0.00351500,13.18000000
2018-02-23 11:05:34,0.00351500,16.00000000
2018-02-23 11:05:34,0.00351500,1.41000000
2018-02-23 11:05:34,0.00351300,2.76000000
2018-02-23 11:05:34,0.00350800,7.24000000
2018-02-23 11:05:35,0.00351200,1.13000000
2018-02-23 11:05:35,0.00350900,14.19000000
2018-02-23 11:05:35,0.00350800,199.07000000
2018-02-23 11:05:35,0.00350600,0.23000000
2018-02-23 11:05:35,0.00350600,15.32000000
2018-02-23 11:05:35,0.00350500,119.83000000
2018-02-23 11:05:35,0.00350400,0.37000000
2018-02-23 11:05:35,0.00350300,10.95000000
2018-02-23 11:05:35,0.00351500,1.54000000
2018-02-23 11:05:35,0.00350200,74.07000000
2018-02-23 11:05:35,0.00350200,281.09000000
2018-02-23 11:05:35,0.00350200,445.41000000
2018-02-23 11:05:35,0.00350100,30.56000000
2018-02-23 11:05:35,0.00350000,249.67000000
2018-02-23 11:05:35,0.00350000,26.44000000
2018-02-23 11:05:35,0.00350100,5.71000000
2018-02-23 11:05:35,0.00350000,1.56000000
2018-02-23 11:05:35,0.00349900,19.17000000
2018-02-23 11:05:35,0.00349900,6.43000000
2018-02-23 11:05:35,0.00349800,0.84000000
2018-02-23 11:05:36,0.00350900,14.19000000
2018-02-23 11:05:36,0.00350100,5.81000000
2018-02-23 11:05:36,0.00351500,0.77000000
2018-02-23 11:05:36,0.00351300,0.77000000
2018-02-23 11:05:37,0.00350800,220.00000000
2018-02-23 11:05:37,0.00350300,2.34000000
2018-02-23 11:05:37,0.00350200,52.13000000
2018-02-23 11:05:37,0.00350100,0.25000000
2018-02-23 11:05:37,0.00350100,1.39000000
2018-02-23 11:05:37,0.00350100,28.74000000
2018-02-23 11:05:37,0.00350000,25.60000000
2018-02-23 11:05:38,0.00350000,25.60000000
2018-02-23 11:05:38,0.00350700,8.30000000
2018-02-23 11:05:39,0.00350700,1.56000000
2018-02-23 11:05:39,0.00350300,1.99000000
2018-02-23 11:05:39,0.00350600,20.08000000
2018-02-23 11:05:40,0.00350700,1.65000000
2018-02-23 11:05:40,0.00351000,3.35000000
2018-02-23 11:05:40,0.00350600,331.92000000
2018-02-23 11:05:40,0.00351000,0.02000000
2018-02-23 11:05:40,0.00350400,1.14000000
2018-02-23 11:05:41,0.00350600,0.91000000
2018-02-23 11:05:41,0.00350600,1.43000000
2018-02-23 11:05:41,0.00350900,1.42000000
2018-02-23 11:05:41,0.00350900,1.65000000
2018-02-23 11:05:41,0.00350900,1.65000000
2018-02-23 11:05:41,0.00350900,1.65000000
2018-02-23 11:05:41,0.00350900,1.65000000
2018-02-23 11:05:41,0.00350900,2.15000000
2018-02-23 11:05:42,0.00350500,1.14000000
2018-02-23 11:05:42,0.00350900,2.85000000
2018-02-23 11:05:42,0.00350900,4.01000000
2018-02-23 11:05:43,0.00350500,1.14000000
2018-02-23 11:05:43,0.00350500,1.14000000
2018-02-23 11:05:43,0.00350200,10.45000000
2018-02-23 11:05:44,0.00350900,1.43000000
2018-02-23 11:05:45,0.00350600,1.14000000
2018-02-23 11:05:45,0.00350300,1.02000000
2018-02-23 11:05:45,0.00350200,17.93000000
2018-02-23 11:05:45,0.00350100,5.00000000
2018-02-23 11:05:45,0.00350700,1.14000000
2018-02-23 11:05:45,0.00350600,0.32000000
2018-02-23 11:05:45,0.00350000,181.48000000
2018-02-23 11:05:45,0.00350000,1.46000000
2018-02-23 11:05:45,0.00350800,10.45000000
2018-02-23 11:05:46,0.00349700,12.87000000
2018-02-23 11:05:46,0.00350900,3.45000000
2018-02-23 11:05:47,0.00350400,1.14000000
2018-02-23 11:05:47,0.00349800,20.00000000
2018-02-23 11:05:47,0.00350600,18.70000000
2018-02-23 11:05:47,0.00350600,10.54000000
2018-02-23 11:05:48,0.00350700,1.97000000
2018-02-23 11:05:48,0.00350700,28.74000000
2018-02-23 11:05:48,0.00350300,1.14000000
2018-02-23 11:05:48,0.00350800,1.02000000
2018-02-23 11:05:48,0.00351000,1.60000000
2018-02-23 11:05:49,0.00350200,3.27000000
2018-02-23 11:05:49,0.00350100,5.00000000
2018-02-23 11:05:50,0.00350400,4.22000000
2018-02-23 11:05:50,0.00350300,2.34000000
2018-02-23 11:05:51,0.00350500,21.14000000
2018-02-23 11:05:51,0.00350900,2.55000000
2018-02-23 11:05:52,0.00350500,1.14000000
2018-02-23 11:05:52,0.00350900,14.25000000
2018-02-23 11:05:52,0.00350900,5.00000000
2018-02-23 11:05:53,0.00350200,20.00000000
2018-02-23 11:05:53,0.00350900,1.02000000
2018-02-23 11:05:53,0.00351000,2.25000000
2018-02-23 11:05:53,0.00351000,5.57000000
2018-02-23 11:05:53,0.00350100,19.19000000
2018-02-23 11:05:54,0.00350200,3.28000000
2018-02-23 11:05:54,0.00350900,14.19000000
2018-02-23 11:05:54,0.00351000,22.95000000
2018-02-23 11:05:55,0.00350700,3.06000000
2018-02-23 11:05:56,0.00350200,2.34000000
2018-02-23 11:05:56,0.00350100,0.80000000
2018-02-23 11:05:57,0.00350600,4.68000000
2018-02-23 11:05:57,0.00350600,0.94000000
2018-02-23 11:05:57,0.00350700,0.01000000
2018-02-23 11:05:57,0.00350700,1.15000000
2018-02-23 11:05:58,0.00350900,1.00000000
2018-02-23 11:05:58,0.00350900,34.12000000
2018-02-23 11:05:58,0.00350900,5.61000000
2018-02-23 11:05:58,0.00350300,3.28000000
2018-02-23 11:05:58,0.00350200,43.30000000
2018-02-23 11:06:00,0.00350800,3.28000000
2018-02-23 11:06:00,0.00350900,1.52000000
2018-02-23 11:06:00,0.00350900,5.13000000
2018-02-23 11:06:00,0.00350900,54.80000000
2018-02-23 11:06:00,0.00351000,12.83000000
2018-02-23 11:06:00,0.00351000,0.82000000
2018-02-23 11:06:01,0.00350400,3.28000000
2018-02-23 11:06:01,0.00350300,2.34000000
2018-02-23 11:06:01,0.00351000,4.85000000
2018-02-23 11:06:01,0.00350900,2.34000000
2018-02-23 11:06:01,0.00351000,0.49000000
2018-02-23 11:06:02,0.00350400,14.19000000
2018-02-23 11:06:02,0.00350300,5.70000000
2018-02-23 11:06:03,0.00350400,1.14000000
2018-02-23 11:06:03,0.00350400,2.14000000
2018-02-23 11:06:03,0.00350500,0.70000000
2018-02-23 11:06:04,0.00350500,1.30000000
2018-02-23 11:06:04,0.00350500,0.31000000
2018-02-23 11:06:05,0.00350300,1.14000000
2018-02-23 11:06:08,0.00350300,1.14000000
2018-02-23 11:06:08,0.00350100,19.00000000
2018-02-23 11:06:08,0.00350400,3.56000000
2018-02-23 11:06:08,0.00350500,8.32000000
2018-02-23 11:06:09,0.00350300,13.63000000
2018-02-23 11:06:09,0.00350200,11.14000000
2018-02-23 11:06:09,0.00349900,2.87000000
2018-02-23 11:06:10,0.00350000,13.77000000
2018-02-23 11:06:10,0.00349900,45.92000000
2018-02-23 11:06:11,0.00350100,2.34000000
2018-02-23 11:06:11,0.00350300,5.70000000
2018-02-23 11:06:12,0.00350200,14.19000000
2018-02-23 11:06:13,0.00349900,2.21000000
2018-02-23 11:06:13,0.00350200,3.14000000
2018-02-23 11:06:13,0.00350300,0.66000000
2018-02-23 11:06:14,0.00349800,3.14000000
2018-02-23 11:06:14,0.00349700,5.71000000
2018-02-23 11:06:14,0.00349600,20.66000000
2018-02-23 11:06:14,0.00350300,14.27000000
2018-02-23 11:06:14,0.00350300,12.07000000
2018-02-23 11:06:15,0.00350200,3.14000000
2018-02-23 11:06:15,0.00350300,12.25000000
2018-02-23 11:06:16,0.00350100,5.71000000
2018-02-23 11:06:16,0.00350200,14.27000000
2018-02-23 11:06:17,0.00349700,23.98000000
2018-02-23 11:06:17,0.00350200,14.28000000
2018-02-23 11:06:18,0.00350200,13.90000000
2018-02-23 11:06:19,0.00350300,8.02000000
2018-02-23 11:06:19,0.00350100,5.86000000
2018-02-23 11:06:19,0.00350300,130.43000000
2018-02-23 11:06:20,0.00349700,5.71000000
2018-02-23 11:06:20,0.00350200,2.34000000
2018-02-23 11:06:20,0.00350300,1.20000000
2018-02-23 11:06:23,0.00349800,1.14000000
2018-02-23 11:06:23,0.00350000,5.69000000
2018-02-23 11:06:24,0.00350000,2.08000000
2018-02-23 11:06:25,0.00349800,1.14000000
2018-02-23 11:06:25,0.00350000,0.87000000
2018-02-23 11:06:25,0.00350000,7.04000000
2018-02-23 11:06:25,0.00350200,2.00000000
2018-02-23 11:06:26,0.00350200,32.89000000
2018-02-23 11:06:26,0.00349800,1.14000000
2018-02-23 11:06:26,0.00350200,0.91000000
2018-02-23 11:06:27,0.00349700,3.29000000
2018-02-23 11:06:28,0.00350000,7.91000000
2018-02-23 11:06:28,0.00350100,3.29000000
2018-02-23 11:06:28,0.00350200,42.24000000
2018-02-23 11:06:29,0.00350200,4.34000000
2018-02-23 11:06:30,0.00349700,2.34000000
2018-02-23 11:06:30,0.00350200,5.71000000
2018-02-23 11:06:30,0.00350200,41.70000000
2018-02-23 11:06:31,0.00350100,2.34000000
2018-02-23 11:06:31,0.00350200,77.61000000
2018-02-23 11:06:31,0.00349700,3.15000000
2018-02-23 11:06:31,0.00350200,38.92000000
2018-02-23 11:06:32,0.00349800,6.00000000
2018-02-23 11:06:32,0.00350200,3.15000000
2018-02-23 11:06:32,0.00350300,94.98000000
2018-02-23 11:06:33,0.00350200,0.16000000
2018-02-23 11:06:36,0.00350000,4.34000000
2018-02-23 11:06:37,0.00350000,57.14000000
2018-02-23 11:06:38,0.00350000,9.23000000
2018-02-23 11:06:41,0.00350000,3.78000000
2018-02-23 11:06:42,0.00349700,5.19000000
2018-02-23 11:06:42,0.00350000,31.93000000
2018-02-23 11:06:42,0.00350000,13.55000000
2018-02-23 11:06:43,0.00350100,14.70000000
2018-02-23 11:06:43,0.00350200,113.22000000
2018-02-23 11:06:43,0.00350300,5.09000000
2018-02-23 11:06:43,0.00350500,5.71000000
2018-02-23 11:06:43,0.00349900,10.55000000
2018-02-23 11:06:44,0.00350300,40.53000000
2018-02-23 11:06:44,0.00350700,28.68000000
2018-02-23 11:06:44,0.00350800,1.81000000
2018-02-23 11:06:44,0.00350800,4.34000000
2018-02-23 11:06:46,0.00350100,5.71000000
2018-02-23 11:06:46,0.00350000,23.96000000
2018-02-23 11:06:47,0.00350000,37.60000000
2018-02-23 11:06:49,0.00350600,1.01000000
2018-02-23 11:06:49,0.00350600,2.65000000
2018-02-23 11:06:49,0.00350300,8.59000000
2018-02-23 11:06:49,0.00350600,5.70000000
2018-02-23 11:06:51,0.00350600,160.48000000
2018-02-23 11:06:51,0.00350800,3.14000000
2018-02-23 11:06:52,0.00350400,16.05000000
2018-02-23 11:06:52,0.00350300,27.29000000
2018-02-23 11:06:52,0.00350200,30.55000000
2018-02-23 11:06:53,0.00350500,3.00000000
2018-02-23 11:07:01,0.00350900,179.20000000
2018-02-23 11:07:01,0.00351000,47.08000000
2018-02-23 11:07:01,0.00351200,11.67000000
2018-02-23 11:07:01,0.00351300,0.07000000
2018-02-23 11:07:01,0.00351400,10.00000000
2018-02-23 11:07:01,0.00351500,15.00000000
2018-02-23 11:07:01,0.00351600,4.52000000
2018-02-23 11:07:03,0.00351000,2.33000000
2018-02-23 11:07:03,0.00350900,14.34000000
2018-02-23 11:07:03,0.00350800,3.00000000
2018-02-23 11:07:04,0.00350800,3.26000000
2018-02-23 11:07:04,0.00350800,47.07000000
2018-02-23 11:07:06,0.00351400,74.54000000
2018-02-23 11:07:11,0.00351300,2.33000000
2018-02-23 11:07:11,0.00351400,1.03000000
2018-02-23 11:07:16,0.00351500,112.96000000
2018-02-23 11:07:16,0.00351600,70.50000000
2018-02-23 11:07:17,0.00351600,34.23000000
2018-02-23 11:07:18,0.00351000,2.33000000
2018-02-23 11:07:18,0.00350900,1.32000000
2018-02-23 11:07:28,0.00351100,7.31000000
2018-02-23 11:07:28,0.00351100,2.33000000
2018-02-23 11:07:28,0.00351100,14.34000000
2018-02-23 11:07:33,0.00351200,1.32000000
2018-02-23 11:07:36,0.00351400,0.66000000
2018-02-23 11:07:38,0.00351600,2.43000000
2018-02-23 11:07:38,0.00351800,6.17000000
2018-02-23 11:07:38,0.00352000,2.84000000
2018-02-23 11:07:40,0.00351500,0.69000000
2018-02-23 11:07:43,0.00351500,0.54000000
2018-02-23 11:07:45,0.00351600,23.85000000
2018-02-23 11:07:46,0.00351700,41.22000000
2018-02-23 11:07:46,0.00351500,14.24000000
2018-02-23 11:07:46,0.00352000,0.81000000
2018-02-23 11:07:48,0.00351500,91.96000000
2018-02-23 11:07:53,0.00351700,0.66000000
2018-02-23 11:07:53,0.00351800,0.18000000
2018-02-23 11:08:01,0.00351400,0.25000000
2018-02-23 11:08:02,0.00351800,9.45000000
2018-02-23 11:08:04,0.00351800,1.00000000
2018-02-23 11:08:14,0.00351800,13.68000000
2018-02-23 11:08:16,0.00351800,4.19000000
2018-02-23 11:08:17,0.00351800,3.40000000
2018-02-23 11:08:20,0.00351800,1.00000000
2018-02-23 11:08:27,0.00351900,15.11000000
2018-02-23 11:08:28,0.00352000,42.61000000
2018-02-23 11:08:28,0.00351800,1.12000000
2018-02-23 11:08:28,0.00352000,59.38000000
2018-02-23 11:08:28,0.00351800,14.23000000
2018-02-23 11:08:30,0.00351900,3.13000000
2018-02-23 11:08:30,0.00351800,78.46000000
2018-02-23 11:08:30,0.00351800,14.23000000
2018-02-23 11:08:32,0.00352200,3.13000000
2018-02-23 11:08:32,0.00352300,17.42000000
2018-02-23 11:08:32,0.00352300,1.00000000
2018-02-23 11:08:32,0.00352300,7.71000000
2018-02-23 11:08:32,0.00352300,1.00000000
2018-02-23 11:08:32,0.00352300,8.51000000
2018-02-23 11:08:32,0.00352300,4.13000000
2018-02-23 11:08:32,0.00352300,2.30000000
2018-02-23 11:08:33,0.00352300,1.13000000
2018-02-23 11:08:33,0.00352400,1.02000000
2018-02-23 11:08:33,0.00352400,2.69000000
2018-02-23 11:08:33,0.00352300,8.51000000
2018-02-23 11:08:33,0.00352300,2.43000000
2018-02-23 11:08:33,0.00352300,0.70000000
2018-02-23 11:08:33,0.00352300,2.06000000
2018-02-23 11:08:33,0.00352500,66.70000000
2018-02-23 11:08:33,0.00352300,70.34000000
2018-02-23 11:08:33,0.00352300,44.72000000
2018-02-23 11:08:34,0.00352300,45.71000000
2018-02-23 11:08:34,0.00352300,22.70000000
2018-02-23 11:08:34,0.00351800,8.48000000
2018-02-23 11:08:34,0.00351700,5.75000000
2018-02-23 11:08:35,0.00352300,109.70000000
2018-02-23 11:08:36,0.00351900,2.20000000
2018-02-23 11:08:37,0.00352000,3.19000000
2018-02-23 11:08:37,0.00351900,3.48000000
2018-02-23 11:08:37,0.00351800,7.56000000
2018-02-23 11:08:39,0.00352400,10.75000000
2018-02-23 11:08:39,0.00352000,2.40000000
2018-02-23 11:08:40,0.00352300,10.00000000
2018-02-23 11:08:40,0.00352500,5.68000000
2018-02-23 11:08:40,0.00352600,86.29000000
2018-02-23 11:08:40,0.00352700,1.50000000
2018-02-23 11:08:40,0.00352800,117.61000000
2018-02-23 11:08:40,0.00352900,4.08000000
2018-02-23 11:08:40,0.00353000,43.60000000
2018-02-23 11:08:41,0.00353100,8.58000000
2018-02-23 11:08:41,0.00353200,600.46000000
2018-02-23 11:08:41,0.00353200,507.16000000
2018-02-23 11:08:41,0.00353300,129.56000000
2018-02-23 11:08:42,0.00353400,25.01000000
2018-02-23 11:08:42,0.00353400,4.36000000
2018-02-23 11:08:42,0.00353500,53.98000000
2018-02-23 11:08:42,0.00352300,5.61000000
2018-02-23 11:08:42,0.00353600,2.83000000
2018-02-23 11:08:43,0.00353500,11.54000000
2018-02-23 11:08:43,0.00353600,11.23000000
2018-02-23 11:08:43,0.00353700,197.15000000
2018-02-23 11:08:43,0.00353700,12.19000000
2018-02-23 11:08:43,0.00352400,3.26000000
2018-02-23 11:08:43,0.00352300,1.18000000
2018-02-23 11:08:44,0.00353500,3.27000000
2018-02-23 11:08:44,0.00353600,6.26000000
2018-02-23 11:08:45,0.00353500,3.26000000
2018-02-23 11:08:45,0.00352700,0.02000000
2018-02-23 11:08:45,0.00352700,13.13000000
2018-02-23 11:08:45,0.00352700,1.18000000
2018-02-23 11:08:46,0.00353600,167.52000000
2018-02-23 11:08:46,0.00352700,2.86000000
2018-02-23 11:08:46,0.00352700,2.56000000
2018-02-23 11:08:46,0.00352800,3.27000000
2018-02-23 11:08:46,0.00352700,9.86000000
2018-02-23 11:08:46,0.00352700,14.23000000
2018-02-23 11:08:47,0.00353800,117.32000000
2018-02-23 11:08:47,0.00352900,14.23000000
2018-02-23 11:08:47,0.00352900,1.00000000
2018-02-23 11:08:48,0.00353600,5.11000000
2018-02-23 11:08:48,0.00353700,3.27000000
2018-02-23 11:08:48,0.00352900,14.23000000
2018-02-23 11:08:48,0.00352900,7.07000000
2018-02-23 11:08:48,0.00353100,1.12000000
2018-02-23 11:08:48,0.00353000,5.66000000
2018-02-23 11:08:48,0.00352900,7.45000000
2018-02-23 11:08:49,0.00353500,43.84000000
2018-02-23 11:08:49,0.00353800,15.23000000
2018-02-23 11:08:49,0.00353900,136.86000000
2018-02-23 11:08:49,0.00353000,18.50000000
2018-02-23 11:08:49,0.00352900,31.48000000
2018-02-23 11:08:49,0.00353000,14.23000000
2018-02-23 11:08:49,0.00353000,1.00000000
2018-02-23 11:08:50,0.00353100,5.00000000
2018-02-23 11:08:50,0.00353500,22.66000000
2018-02-23 11:08:50,0.00353700,27.22000000
2018-02-23 11:08:50,0.00353800,186.00000000
2018-02-23 11:08:50,0.00353400,1.53000000
2018-02-23 11:08:50,0.00353600,3.52000000
2018-02-23 11:08:50,0.00353600,1.66000000
2018-02-23 11:08:50,0.00353000,10.16000000
2018-02-23 11:08:50,0.00352900,2.41000000
2018-02-23 11:08:51,0.00353000,3.27000000
2018-02-23 11:08:51,0.00353000,7.03000000
2018-02-23 11:08:51,0.00353800,15.23000000
2018-02-23 11:08:51,0.00353900,4.77000000
2018-02-23 11:08:51,0.00353900,0.89000000
2018-02-23 11:08:52,0.00353600,5.18000000
2018-02-23 11:08:52,0.00353100,14.22000000
2018-02-23 11:08:52,0.00353000,0.01000000
2018-02-23 11:08:52,0.00353000,14.23000000
2018-02-23 11:08:53,0.00353100,8.93000000
2018-02-23 11:08:53,0.00353000,23.44000000
2018-02-23 11:08:53,0.00353000,14.23000000
2018-02-23 11:08:53,0.00353000,9.01000000
2018-02-23 11:08:54,0.00353700,14.22000000
2018-02-23 11:08:54,0.00353900,25.39000000
2018-02-23 11:08:54,0.00353000,2.40000000
2018-02-23 11:08:54,0.00353000,14.23000000
2018-02-23 11:08:55,0.00353500,5.66000000
2018-02-23 11:08:55,0.00353600,3.27000000
2018-02-23 11:08:55,0.00353800,67.95000000
2018-02-23 11:08:55,0.00353900,0.35000000
2018-02-23 11:08:55,0.00353000,14.23000000
2018-02-23 11:08:56,0.00353900,2.74000000
2018-02-23 11:08:56,0.00353100,0.91000000
2018-02-23 11:08:56,0.00353200,2.50000000
2018-02-23 11:08:57,0.00353300,2.20000000
2018-02-23 11:08:58,0.00353900,0.91000000
2018-02-23 11:08:58,0.00354000,147.41000000
2018-02-23 11:08:58,0.00354000,12.66000000
2018-02-23 11:08:58,0.00354000,213.53000000
2018-02-23 11:08:58,0.00354000,303.09000000
2018-02-23 11:08:58,0.00354000,407.74000000
2018-02-23 11:08:58,0.00354000,497.71000000
2018-02-23 11:08:58,0.00354000,511.41000000
2018-02-23 11:08:58,0.00353800,2.50000000
2018-02-23 11:08:58,0.00354000,248.87000000
2018-02-23 11:08:58,0.00353400,0.26000000
2018-02-23 11:08:58,0.00353400,2.30000000
2018-02-23 11:08:58,0.00353900,2.20000000
2018-02-23 11:08:58,0.00354000,14.32000000
2018-02-23 11:08:59,0.00353400,0.32000000
2018-02-23 11:08:59,0.00353500,2.84000000
2018-02-23 11:08:59,0.00353500,0.44000000
2018-02-23 11:08:59,0.00353400,12.16000000
2018-02-23 11:08:59,0.00353100,1.63000000
2018-02-23 11:09:00,0.00353400,1.34000000
2018-02-23 11:09:00,0.00353200,5.66000000
2018-02-23 11:09:00,0.00353100,7.23000000
2018-02-23 11:09:00,0.00353800,3.28000000
2018-02-23 11:09:00,0.00353900,10.72000000
2018-02-23 11:09:00,0.00353300,7.64000000
2018-02-23 11:09:00,0.00353900,23.02000000
2018-02-23 11:09:00,0.00354000,427.36000000
2018-02-23 11:09:01,0.00353900,12.45000000
2018-02-23 11:09:01,0.00353900,0.03000000
2018-02-23 11:09:01,0.00354000,60.40000000
2018-02-23 11:09:01,0.00354000,12.48000000
2018-02-23 11:09:01,0.00354000,28.24000000
2018-02-23 11:09:01,0.00354000,12.48000000
2018-02-23 11:09:01,0.00354000,5.89000000
2018-02-23 11:09:01,0.00354000,60.43000000
2018-02-23 11:09:01,0.00353200,5.89000000
2018-02-23 11:09:02,0.00353300,5.36000000
2018-02-23 11:09:02,0.00353200,8.87000000
2018-02-23 11:09:02,0.00353200,28.24000000
2018-02-23 11:09:02,0.00353200,5.56000000
2018-02-23 11:09:02,0.00354000,2.50000000
2018-02-23 11:09:02,0.00353400,1.12000000
2018-02-23 11:09:02,0.00353200,13.11000000
2018-02-23 11:09:03,0.00353300,8.93000000
2018-02-23 11:09:03,0.00353300,16.43000000
2018-02-23 11:09:03,0.00353200,55.91000000
2018-02-23 11:09:03,0.00353100,8.71000000
2018-02-23 11:09:03,0.00353000,2.17000000
2018-02-23 11:09:03,0.00353300,0.85000000
2018-02-23 11:09:05,0.00353100,14.22000000
2018-02-23 11:09:05,0.00353200,13.38000000
2018-02-23 11:09:05,0.00353600,8.49000000
2018-02-23 11:09:06,0.00353200,3.28000000
2018-02-23 11:09:06,0.00353200,2.32000000
2018-02-23 11:09:07,0.00353300,3.24000000
2018-02-23 11:09:07,0.00353200,14.23000000
2018-02-23 11:09:08,0.00353200,14.23000000
2018-02-23 11:09:08,0.00353200,9.07000000
2018-02-23 11:09:09,0.00353200,13.22000000
2018-02-23 11:09:09,0.00353200,0.90000000
2018-02-23 11:09:10,0.00353200,7.30000000
2018-02-23 11:09:10,0.00353000,14.23000000
2018-02-23 11:09:10,0.00353100,3.24000000
2018-02-23 11:09:10,0.00353200,7.33000000
2018-02-23 11:09:10,0.00353300,1.69000000
2018-02-23 11:09:11,0.00353000,14.23000000
2018-02-23 11:09:11,0.00353200,1.60000000
2018-02-23 11:09:14,0.00353000,0.66000000
2018-02-23 11:09:15,0.00353000,81.37000000
2018-02-23 11:09:15,0.00353100,18.63000000
2018-02-23 11:09:16,0.00353000,25.75000000
2018-02-23 11:09:17,0.00353000,9.76000000
2018-02-23 11:09:17,0.00353100,15.72000000
2018-02-23 11:09:17,0.00352900,1.04000000
2018-02-23 11:09:22,0.00353100,8.80000000
2018-02-23 11:09:23,0.00353100,16.99000000
2018-02-23 11:09:24,0.00353100,1.24000000
2018-02-23 11:09:25,0.00353000,11.34000000
2018-02-23 11:09:26,0.00353000,0.36000000
2018-02-23 11:09:26,0.00353000,1.41000000
2018-02-23 11:09:28,0.00353100,2.83000000
2018-02-23 11:09:28,0.00353100,0.29000000
2018-02-23 11:09:29,0.00353100,5.66000000
2018-02-23 11:09:29,0.00353100,0.62000000
2018-02-23 11:09:29,0.00353200,33.12000000
2018-02-23 11:09:29,0.00353200,2.50000000
2018-02-23 11:09:30,0.00353300,1.05000000
2018-02-23 11:09:30,0.00353200,16.26000000
2018-02-23 11:09:30,0.00353000,5.06000000
2018-02-23 11:09:31,0.00353000,9.12000000
2018-02-23 11:09:32,0.00353300,5.60000000
2018-02-23 11:09:32,0.00353700,3.42000000
2018-02-23 11:09:32,0.00353300,2.30000000
2018-02-23 11:09:34,0.00353300,2.40000000
2018-02-23 11:09:35,0.00353300,3.64000000
2018-02-23 11:09:37,0.00353200,2.40000000
2018-02-23 11:09:38,0.00353700,1.50000000
2018-02-23 11:09:39,0.00353300,2.40000000
2018-02-23 11:09:41,0.00353400,1.13000000
2018-02-23 11:09:41,0.00353600,4.52000000
2018-02-23 11:09:42,0.00353600,2.50000000
2018-02-23 11:09:42,0.00353400,1.13000000
2018-02-23 11:09:42,0.00353600,6.49000000
2018-02-23 11:09:42,0.00353300,2.30000000
2018-02-23 11:09:42,0.00353300,8.21000000
2018-02-23 11:09:42,0.00353300,7.27000000
2018-02-23 11:09:43,0.00353300,0.76000000
2018-02-23 11:09:44,0.00353300,2.50000000
2018-02-23 11:09:44,0.00353300,6.57000000
2018-02-23 11:09:46,0.00353300,2.30000000
2018-02-23 11:09:47,0.00353400,0.93000000
2018-02-23 11:09:48,0.00353600,5.65000000
2018-02-23 11:09:49,0.00353400,14.22000000
2018-02-23 11:09:49,0.00353400,2.30000000
2018-02-23 11:09:49,0.00353400,18.50000000
2018-02-23 11:09:50,0.00353400,1.41000000
2018-02-23 11:09:51,0.00353400,2.40000000
2018-02-23 11:09:52,0.00353400,14.22000000
2018-02-23 11:09:54,0.00353500,2.33000000
2018-02-23 11:09:54,0.00353400,0.07000000
2018-02-23 11:09:55,0.00353600,0.46000000
2018-02-23 11:09:55,0.00353400,19.65000000
2018-02-23 11:09:55,0.00353400,1.80000000
2018-02-23 11:09:57,0.00353400,14.22000000
2018-02-23 11:10:00,0.00353400,10.37000000
2018-02-23 11:10:04,0.00353400,5.54000000
2018-02-23 11:10:09,0.00353400,0.31000000
2018-02-23 11:10:11,0.00353400,0.91000000
2018-02-23 11:10:15,0.00353500,5.00000000
2018-02-23 11:10:16,0.00353400,155.57000000
2018-02-23 11:10:16,0.00353200,0.31000000
2018-02-23 11:10:16,0.00353100,25.38000000
2018-02-23 11:10:16,0.00353000,35.31000000
2018-02-23 11:10:16,0.00352700,0.74000000
2018-02-23 11:10:16,0.00352600,18.83000000
2018-02-23 11:10:16,0.00352600,28.36000000
2018-02-23 11:10:16,0.00352600,1.05000000
2018-02-23 11:10:16,0.00352600,18.05000000
2018-02-23 11:10:18,0.00353400,2.00000000
2018-02-23 11:10:18,0.00352800,2.93000000
2018-02-23 11:10:20,0.00353100,2.93000000
2018-02-23 11:10:20,0.00353200,7.28000000
2018-02-23 11:10:20,0.00353200,0.62000000
2018-02-23 11:10:21,0.00353400,1.32000000
2018-02-23 11:10:21,0.00353600,2.07000000
2018-02-23 11:10:25,0.00352900,0.50000000
2018-02-23 11:10:28,0.00352800,5.11000000
2018-02-23 11:10:30,0.00352800,10.67000000
2018-02-23 11:10:37,0.00353000,1.00000000
2018-02-23 11:10:39,0.00353000,0.57000000
2018-02-23 11:10:40,0.00353000,0.32000000
2018-02-23 11:10:42,0.00353000,12.92000000
2018-02-23 11:10:42,0.00353100,47.50000000
2018-02-23 11:10:42,0.00353200,114.26000000
2018-02-23 11:10:42,0.00353300,8.29000000
2018-02-23 11:10:42,0.00353400,0.49000000
2018-02-23 11:10:42,0.00353500,0.76000000
2018-02-23 11:10:42,0.00353600,7.54000000
2018-02-23 11:10:42,0.00353800,0.31000000
2018-02-23 11:10:42,0.00353900,11.43000000
2018-02-23 11:10:43,0.00353200,8.49000000
2018-02-23 11:10:43,0.00353200,4.40000000
2018-02-23 11:10:43,0.00353300,5.65000000
2018-02-23 11:10:43,0.00353300,0.01000000
2018-02-23 11:10:43,0.00353000,2.82000000
2018-02-23 11:10:44,0.00353400,3.20000000
2018-02-23 11:10:45,0.00353400,0.03000000
2018-02-23 11:10:45,0.00353200,2.17000000
2018-02-23 11:10:46,0.00353700,2.83000000
2018-02-23 11:10:48,0.00353000,1.24000000
2018-02-23 11:10:49,0.00353000,0.97000000
2018-02-23 11:10:50,0.00353400,5.40000000
2018-02-23 11:10:50,0.00353500,2.45000000
2018-02-23 11:10:50,0.00353000,3.08000000
2018-02-23 11:10:51,0.00353400,23.34000000
2018-02-23 11:10:51,0.00353000,0.74000000
2018-02-23 11:10:53,0.00353000,11.40000000
2018-02-23 11:10:54,0.00353400,9.49000000
2018-02-23 11:10:56,0.00353000,0.87000000
2018-02-23 11:10:59,0.00353000,0.61000000
2018-02-23 11:11:00,0.00353300,8.49000000
2018-02-23 11:11:00,0.00353400,13.23000000
2018-02-23 11:11:02,0.00353300,9.81000000
2018-02-23 11:11:02,0.00353400,9.19000000
2018-02-23 11:11:05,0.00353400,4.25000000
2018-02-23 11:11:06,0.00353500,14.14000000
2018-02-23 11:11:10,0.00353400,4.25000000
2018-02-23 11:11:11,0.00353400,2.83000000
2018-02-23 11:11:12,0.00353500,8.48000000
2018-02-23 11:11:12,0.00353400,70.84000000
2018-02-23 11:11:13,0.00353500,0.34000000
2018-02-23 11:11:13,0.00353500,42.34000000
2018-02-23 11:11:14,0.00353400,0.90000000
2018-02-23 11:11:14,0.00353400,3.02000000
2018-02-23 11:11:17,0.00353500,40.32000000
2018-02-23 11:11:18,0.00353500,1.91000000
2018-02-23 11:11:20,0.00353500,0.21000000
2018-02-23 11:11:20,0.00353500,0.02000000
2018-02-23 11:11:21,0.00353400,11.32000000
2018-02-23 11:11:22,0.00353500,15.89000000
2018-02-23 11:11:22,0.00353400,3.04000000
2018-02-23 11:11:29,0.00353500,53.74000000
2018-02-23 11:11:31,0.00353400,1.41000000
2018-02-23 11:11:32,0.00353400,136.25000000
2018-02-23 11:11:33,0.00353500,14.68000000
2018-02-23 11:11:35,0.00353500,16.97000000
2018-02-23 11:11:35,0.00353500,19.76000000
2018-02-23 11:11:39,0.00353800,1.00000000
2018-02-23 11:11:39,0.00353900,63.94000000
2018-02-23 11:11:41,0.00353900,21.55000000
2018-02-23 11:11:42,0.00353500,0.31000000
2018-02-23 11:11:43,0.00353900,3.98000000
2018-02-23 11:11:45,0.00353500,0.02000000
2018-02-23 11:11:45,0.00353500,84.28000000
2018-02-23 11:11:45,0.00353900,1.31000000
2018-02-23 11:11:51,0.00353800,0.88000000
2018-02-23 11:11:54,0.00353600,1.13000000
2018-02-23 11:11:55,0.00353600,32.66000000
2018-02-23 11:11:56,0.00353900,271.34000000
2018-02-23 11:11:57,0.00353800,190.67000000
2018-02-23 11:11:57,0.00353900,28.23000000
2018-02-23 11:11:59,0.00354000,67.61000000
2018-02-23 11:12:00,0.00354000,22.51000000
2018-02-23 11:12:00,0.00354000,256.50000000
2018-02-23 11:12:01,0.00353900,12.07000000
2018-02-23 11:12:01,0.00353900,15.00000000
2018-02-23 11:12:02,0.00354000,18.33000000
2018-02-23 11:12:03,0.00354100,12.02000000
2018-02-23 11:12:03,0.00354000,0.65000000
2018-02-23 11:12:03,0.00354000,6.50000000
2018-02-23 11:12:03,0.00354000,11.28000000
2018-02-23 11:12:03,0.00354000,2.63000000
2018-02-23 11:12:04,0.00354000,1.10000000
2018-02-23 11:12:05,0.00354100,0.50000000
2018-02-23 11:12:05,0.00354100,3.03000000
2018-02-23 11:12:06,0.00354100,26.27000000
2018-02-23 11:12:06,0.00354100,6.41000000
2018-02-23 11:12:06,0.00354000,11.14000000
2018-02-23 11:12:06,0.00354000,7.00000000
2018-02-23 11:12:09,0.00354300,0.34000000
2018-02-23 11:12:10,0.00354100,2.19000000
2018-02-23 11:12:10,0.00354300,0.71000000
2018-02-23 11:12:10,0.00354300,1.67000000
2018-02-23 11:12:11,0.00354100,0.91000000
2018-02-23 11:12:12,0.00354300,1.29000000
2018-02-23 11:12:12,0.00354400,14.54000000
2018-02-23 11:12:12,0.00354400,2.79000000
2018-02-23 11:12:12,0.00354400,0.88000000
2018-02-23 11:12:13,0.00354400,2.79000000
2018-02-23 11:12:13,0.00354400,25.39000000
2018-02-23 11:12:14,0.00354400,0.85000000
2018-02-23 11:12:15,0.00354400,2.00000000
2018-02-23 11:12:15,0.00354400,20.43000000
2018-02-23 11:12:16,0.00354200,6.29000000
2018-02-23 11:12:18,0.00354200,26.80000000
2018-02-23 11:12:19,0.00354400,0.67000000
2018-02-23 11:12:22,0.00354200,11.29000000
2018-02-23 11:12:23,0.00354200,0.39000000
2018-02-23 11:12:24,0.00354200,8.85000000
2018-02-23 11:12:26,0.00354100,1.48000000
2018-02-23 11:12:27,0.00354200,0.62000000
2018-02-23 11:12:29,0.00354100,0.62000000
2018-02-23 11:12:31,0.00354200,0.28000000
2018-02-23 11:12:32,0.00354300,2.82000000
2018-02-23 11:12:33,0.00354200,18.68000000
2018-02-23 11:12:33,0.00354100,22.48000000
2018-02-23 11:12:34,0.00354100,3.00000000
2018-02-23 11:12:36,0.00354100,3.20000000
2018-02-23 11:12:36,0.00354300,3.20000000
2018-02-23 11:12:36,0.00354300,4.82000000
2018-02-23 11:12:36,0.00354300,6.04000000
2018-02-23 11:12:37,0.00354300,1.21000000
2018-02-23 11:12:38,0.00354300,0.56000000
2018-02-23 11:12:39,0.00354300,31.00000000
2018-02-23 11:12:39,0.00354300,0.50000000
2018-02-23 11:12:39,0.00354100,39.91000000
2018-02-23 11:12:41,0.00354300,47.61000000
2018-02-23 11:12:41,0.00354100,0.91000000
2018-02-23 11:12:41,0.00354100,1.10000000
2018-02-23 11:12:42,0.00354100,47.36000000
2018-02-23 11:12:43,0.00354100,19.00000000
2018-02-23 11:12:43,0.00354100,51.17000000
2018-02-23 11:12:43,0.00354000,7.59000000
2018-02-23 11:12:44,0.00354300,90.39000000
2018-02-23 11:12:46,0.00354000,26.48000000
2018-02-23 11:12:47,0.00354200,16.00000000
2018-02-23 11:12:49,0.00354000,19.64000000
2018-02-23 11:12:49,0.00354200,0.11000000
2018-02-23 11:12:50,0.00354200,9.21000000
2018-02-23 11:12:50,0.00354300,30.81000000
2018-02-23 11:12:53,0.00354000,2.00000000
2018-02-23 11:12:53,0.00354300,1.00000000
2018-02-23 11:12:53,0.00354300,30.26000000
2018-02-23 11:12:56,0.00354000,0.91000000
2018-02-23 11:13:00,0.00354200,1.83000000
2018-02-23 11:13:04,0.00354100,6.88000000
2018-02-23 11:13:05,0.00354200,16.82000000
2018-02-23 11:13:07,0.00354100,35.00000000
2018-02-23 11:13:08,0.00354200,16.35000000
2018-02-23 11:13:10,0.00354200,6.88000000
2018-02-23 11:13:11,0.00354200,17.50000000
2018-02-23 11:13:11,0.00354200,0.91000000
2018-02-23 11:13:11,0.00354200,174.35000000
2018-02-23 11:13:11,0.00354100,37.87000000
2018-02-23 11:13:11,0.00354000,402.79000000
2018-02-23 11:13:13,0.00354200,10.85000000
2018-02-23 11:13:17,0.00354000,20.37000000
2018-02-23 11:13:18,0.00354000,20.38000000
2018-02-23 11:13:19,0.00353800,0.31000000
2018-02-23 11:13:19,0.00353600,1.46000000
2018-02-23 11:13:20,0.00353900,0.53000000
2018-02-23 11:13:20,0.00354000,19.81000000
2018-02-23 11:13:21,0.00353600,16.82000000
2018-02-23 11:13:21,0.00353600,1.00000000
2018-02-23 11:13:22,0.00354000,1.20000000
2018-02-23 11:13:22,0.00353600,2.50000000
2018-02-23 11:13:22,0.00354000,1.20000000
2018-02-23 11:13:22,0.00353600,0.40000000
2018-02-23 11:13:24,0.00353600,0.69000000
2018-02-23 11:13:24,0.00353600,0.89000000
2018-02-23 11:13:24,0.00353600,0.72000000
2018-02-23 11:13:24,0.00353600,1.00000000
2018-02-23 11:13:25,0.00353600,0.66000000
2018-02-23 11:13:25,0.00353600,11.04000000
2018-02-23 11:13:26,0.00353600,13.63000000
2018-02-23 11:13:28,0.00353600,15.35000000
2018-02-23 11:13:32,0.00353900,8.47000000
2018-02-23 11:13:32,0.00353900,6.13000000
2018-02-23 11:13:32,0.00353900,8.47000000
2018-02-23 11:13:32,0.00353900,8.46000000
2018-02-23 11:13:32,0.00353900,9.13000000
2018-02-23 11:13:32,0.00353800,1.13000000
2018-02-23 11:13:32,0.00353700,7.35000000
2018-02-23 11:13:35,0.00353800,0.80000000
2018-02-23 11:13:37,0.00353900,11.89000000
2018-02-23 11:13:41,0.00353800,36.74000000
2018-02-23 11:13:41,0.00353800,0.91000000
2018-02-23 11:13:43,0.00353800,23.00000000
2018-02-23 11:13:44,0.00353900,3.00000000
2018-02-23 11:13:45,0.00353700,8.55000000
2018-02-23 11:13:45,0.00353700,0.69000000
2018-02-23 11:13:46,0.00353900,23.87000000
2018-02-23 11:13:46,0.00354000,102.38000000
2018-02-23 11:13:46,0.00354000,3.78000000
2018-02-23 11:13:46,0.00354000,7.64000000
2018-02-23 11:13:47,0.00354000,50.95000000
2018-02-23 11:13:49,0.00354000,5.22000000
2018-02-23 11:13:50,0.00354000,45.74000000
2018-02-23 11:13:50,0.00354100,0.76000000
2018-02-23 11:13:51,0.00353900,5.65000000
2018-02-23 11:13:55,0.00353900,5.20000000
2018-02-23 11:13:57,0.00353900,1.00000000
2018-02-23 11:13:57,0.00353900,7.51000000
2018-02-23 11:13:57,0.00353900,9.00000000
2018-02-23 11:13:57,0.00353700,99.09000000
2018-02-23 11:13:57,0.00353600,201.81000000
2018-02-23 11:13:57,0.00353600,7.51000000
2018-02-23 11:13:57,0.00353600,0.97000000
2018-02-23 11:14:02,0.00353500,1.14000000
2018-02-23 11:14:02,0.00353500,33.06000000
2018-02-23 11:14:02,0.00353600,0.50000000
2018-02-23 11:14:02,0.00353500,23.73000000
2018-02-23 11:14:05,0.00353500,25.51000000
2018-02-23 11:14:07,0.00353500,35.05000000
2018-02-23 11:14:07,0.00353500,20.00000000
2018-02-23 11:14:07,0.00353500,20.00000000
2018-02-23 11:14:07,0.00353500,20.00000000
2018-02-23 11:14:09,0.00353500,16.82000000
2018-02-23 11:14:10,0.00353300,1.38000000
2018-02-23 11:14:10,0.00353500,40.46000000
2018-02-23 11:14:19,0.00353500,4.70000000
2018-02-23 11:14:33,0.00353500,46.61000000
2018-02-23 11:14:33,0.00353500,2.83000000
2018-02-23 11:14:34,0.00353500,2.82000000
2018-02-23 11:14:34,0.00353500,5.68000000
2018-02-23 11:14:35,0.00353500,28.05000000
2018-02-23 11:14:37,0.00353400,14.18000000
2018-02-23 11:14:41,0.00353200,0.86000000
2018-02-23 11:14:42,0.00353400,11.24000000
2018-02-23 11:14:42,0.00353200,3.34000000
2018-02-23 11:14:46,0.00353200,2.83000000
2018-02-23 11:14:47,0.00353200,6.18000000
2018-02-23 11:14:48,0.00353100,0.35000000
2018-02-23 11:14:49,0.00353100,35.75000000
2018-02-23 11:14:52,0.00353100,14.16000000
2018-02-23 11:14:53,0.00353000,0.59000000
2018-02-23 11:14:53,0.00353100,8.26000000
2018-02-23 11:14:54,0.00353000,97.48000000
2018-02-23 11:14:54,0.00353000,2.83000000
2018-02-23 11:14:56,0.00353000,28.29000000
2018-02-23 11:14:57,0.00352900,1.92000000
2018-02-23 11:14:58,0.00352900,1.12000000
2018-02-23 11:14:59,0.00352900,0.86000000
2018-02-23 11:15:06,0.00352900,18.47000000
2018-02-23 11:15:07,0.00352900,0.40000000
2018-02-23 11:15:07,0.00353000,14.81000000
2018-02-23 11:15:08,0.00352900,39.31000000
2018-02-23 11:15:08,0.00352900,14.33000000
2018-02-23 11:15:09,0.00352900,60.25000000
2018-02-23 11:15:09,0.00353000,2.83000000
2018-02-23 11:15:11,0.00352900,9.08000000
2018-02-23 11:15:11,0.00352900,8.52000000
2018-02-23 11:15:11,0.00353000,62.30000000
2018-02-23 11:15:14,0.00353000,2.83000000
2018-02-23 11:15:15,0.00353000,112.10000000
2018-02-23 11:15:15,0.00352800,1.00000000
2018-02-23 11:15:15,0.00352700,2.00000000
2018-02-23 11:15:16,0.00352900,32.66000000
2018-02-23 11:15:17,0.00352900,0.69000000
2018-02-23 11:15:17,0.00353000,13.48000000
2018-02-23 11:15:17,0.00353000,1.00000000
2018-02-23 11:15:19,0.00353000,70.82000000
2018-02-23 11:15:20,0.00353000,13.29000000
2018-02-23 11:15:23,0.00353000,6.86000000
2018-02-23 11:15:25,0.00353000,2.83000000
2018-02-23 11:15:26,0.00353000,0.83000000
2018-02-23 11:15:26,0.00353000,1.08000000
2018-02-23 11:15:29,0.00353000,1.64000000
2018-02-23 11:15:29,0.00353000,2.83000000
2018-02-23 11:15:29,0.00353000,0.47000000
2018-02-23 11:15:29,0.00352900,47.53000000
2018-02-23 11:15:29,0.00352700,4.50000000
2018-02-23 11:15:31,0.00353000,2.83000000
2018-02-23 11:15:33,0.00352600,1.19000000
2018-02-23 11:15:39,0.00353000,119.27000000
2018-02-23 11:15:40,0.00353000,70.82000000
2018-02-23 11:15:41,0.00353000,121.17000000
2018-02-23 11:15:43,0.00353000,3.06000000
2018-02-23 11:15:50,0.00352700,3.12000000
2018-02-23 11:15:54,0.00352700,32.19000000
2018-02-23 11:16:00,0.00352700,2.00000000
2018-02-23 11:16:01,0.00352700,36.01000000
2018-02-23 11:16:01,0.00352700,1.00000000
2018-02-23 11:16:01,0.00352700,1.00000000
2018-02-23 11:16:01,0.00352700,1.00000000
2018-02-23 11:16:01,0.00352600,1.00000000
2018-02-23 11:16:02,0.00352600,20.92000000
2018-02-23 11:16:02,0.00352700,0.01000000
2018-02-23 11:16:06,0.00352700,1.70000000
2018-02-23 11:16:07,0.00352700,38.36000000
2018-02-23 11:16:07,0.00352400,14.63000000
2018-02-23 11:16:08,0.00352800,1.73000000
2018-02-23 11:16:10,0.00352700,0.85000000
2018-02-23 11:16:10,0.00352700,0.98000000
2018-02-23 11:16:10,0.00352800,3.92000000
2018-02-23 11:16:11,0.00352800,1.73000000
2018-02-23 11:16:11,0.00352700,0.65000000
2018-02-23 11:16:11,0.00352700,25.04000000
2018-02-23 11:16:12,0.00352900,25.90000000
2018-02-23 11:16:18,0.00352400,97.49000000
2018-02-23 11:16:19,0.00352500,110.00000000
2018-02-23 11:16:20,0.00352400,3.26000000
2018-02-23 11:16:24,0.00352800,2.83000000
2018-02-23 11:16:28,0.00352800,17.68000000
2018-02-23 11:16:28,0.00352900,19.23000000
2018-02-23 11:16:29,0.00352900,137.80000000
2018-02-23 11:16:29,0.00353000,44.54000000
2018-02-23 11:16:30,0.00352900,186.95000000
2018-02-23 11:16:31,0.00352900,11.33000000
2018-02-23 11:16:32,0.00352900,10.83000000
2018-02-23 11:16:33,0.00352900,3.16000000
2018-02-23 11:16:33,0.00353000,3.42000000
2018-02-23 11:16:34,0.00353000,2.83000000
2018-02-23 11:16:36,0.00353000,68.18000000
2018-02-23 11:16:37,0.00353000,127.47000000
2018-02-23 11:16:38,0.00353000,119.36000000
2018-02-23 11:16:39,0.00353000,101.37000000
2018-02-23 11:16:39,0.00353000,0.96000000
2018-02-23 11:16:40,0.00353000,26.14000000
2018-02-23 11:16:41,0.00353000,26.18000000
2018-02-23 11:16:41,0.00353000,20.15000000
2018-02-23 11:16:41,0.00353000,44.90000000
2018-02-23 11:16:51,0.00353000,4.94000000
2018-02-23 11:16:56,0.00353000,4.47000000
2018-02-23 11:16:59,0.00353000,0.71000000
2018-02-23 11:17:00,0.00353000,5.00000000
2018-02-23 11:17:01,0.00353000,41.09000000
2018-02-23 11:17:05,0.00353000,50.99000000
2018-02-23 11:17:05,0.00353000,3.08000000
2018-02-23 11:17:06,0.00353000,47.76000000
2018-02-23 11:17:06,0.00353300,53.50000000
2018-02-23 11:17:08,0.00353300,119.23000000
2018-02-23 11:17:10,0.00352700,0.31000000
2018-02-23 11:17:11,0.00353300,11.32000000
2018-02-23 11:17:11,0.00353300,0.31000000
2018-02-23 11:17:14,0.00353300,70.75000000
2018-02-23 11:17:15,0.00353300,10.40000000
2018-02-23 11:17:21,0.00353300,0.31000000
2018-02-23 11:17:21,0.00353400,13.84000000
2018-02-23 11:17:23,0.00353400,14.15000000
2018-02-23 11:17:24,0.00353400,1.75000000
2018-02-23 11:17:24,0.00353400,14.15000000
2018-02-23 11:17:27,0.00353400,2.82000000
2018-02-23 11:17:29,0.00353300,0.69000000
2018-02-23 11:17:29,0.00353400,28.29000000
2018-02-23 11:17:32,0.00353400,2.82000000
2018-02-23 11:17:32,0.00353400,0.34000000
2018-02-23 11:17:35,0.00353400,2.54000000
2018-02-23 11:17:35,0.00353400,15.02000000
2018-02-23 11:17:35,0.00353400,6.93000000
2018-02-23 11:17:36,0.00353400,5.96000000
2018-02-23 11:17:37,0.00353100,7.74000000
2018-02-23 11:17:40,0.00353500,174.75000000
2018-02-23 11:17:42,0.00353500,14.14000000
2018-02-23 11:17:43,0.00353100,0.37000000
2018-02-23 11:17:44,0.00353500,1.47000000
2018-02-23 11:17:46,0.00353500,6.16000000
2018-02-23 11:17:48,0.00353400,2.82000000
2018-02-23 11:17:51,0.00353400,0.49000000
2018-02-23 11:17:51,0.00353400,0.71000000
2018-02-23 11:17:51,0.00353400,1.68000000
2018-02-23 11:17:54,0.00353300,0.42000000
2018-02-23 11:17:54,0.00353400,14.14000000
2018-02-23 11:17:57,0.00353400,0.93000000
2018-02-23 11:18:01,0.00353400,106.42000000
2018-02-23 11:18:01,0.00353500,15.95000000
2018-02-23 11:18:02,0.00353500,29.79000000
2018-02-23 11:18:03,0.00353600,343.26000000
2018-02-23 11:18:03,0.00353600,213.04000000
2018-02-23 11:18:05,0.00353600,549.95000000
2018-02-23 11:18:05,0.00353600,7.36000000
2018-02-23 11:18:07,0.00353700,1.13000000
2018-02-23 11:18:07,0.00353800,0.86000000
2018-02-23 11:18:07,0.00353800,1.13000000
2018-02-23 11:18:07,0.00353800,25.00000000
2018-02-23 11:18:07,0.00353700,34.98000000
2018-02-23 11:18:08,0.00354000,14.60000000
2018-02-23 11:18:08,0.00354100,0.63000000
2018-02-23 11:18:08,0.00354200,19.22000000
2018-02-23 11:18:08,0.00354300,39.87000000
2018-02-23 11:18:11,0.00353800,2.27000000
2018-02-23 11:18:11,0.00354300,1.15000000
2018-02-23 11:18:11,0.00354400,21.23000000
2018-02-23 11:18:12,0.00354400,5.64000000
2018-02-23 11:18:13,0.00354300,22.69000000
2018-02-23 11:18:16,0.00354400,7.40000000
2018-02-23 11:18:16,0.00354400,7.21000000
2018-02-23 11:18:16,0.00354400,4.75000000
2018-02-23 11:18:16,0.00354400,2.30000000
2018-02-23 11:18:17,0.00354500,0.01000000
2018-02-23 11:18:17,0.00354400,35.49000000
2018-02-23 11:18:17,0.00354400,3.19000000
2018-02-23 11:18:17,0.00354300,32.31000000
2018-02-23 11:18:18,0.00354500,12.93000000
2018-02-23 11:18:18,0.00354500,73.34000000
2018-02-23 11:18:18,0.00354500,5.11000000
2018-02-23 11:18:18,0.00354500,51.21000000
2018-02-23 11:18:19,0.00354300,2.30000000
2018-02-23 11:18:21,0.00354400,1.12000000
2018-02-23 11:18:21,0.00354500,1.88000000
2018-02-23 11:18:21,0.00354500,28.09000000
2018-02-23 11:18:21,0.00354500,28.18000000
2018-02-23 11:18:21,0.00354500,1.12000000
2018-02-23 11:18:21,0.00354500,1.02000000
2018-02-23 11:18:21,0.00354500,14.13000000
2018-02-23 11:18:22,0.00354500,4.93000000
2018-02-23 11:18:22,0.00354500,3.42000000
2018-02-23 11:18:22,0.00354500,3.13000000
2018-02-23 11:18:22,0.00354500,7.51000000
2018-02-23 11:18:22,0.00354500,7.49000000
2018-02-23 11:18:23,0.00354500,2.30000000
2018-02-23 11:18:23,0.00354500,1.91000000
2018-02-23 11:18:24,0.00354600,11.28000000
2018-02-23 11:18:24,0.00354600,3.74000000
2018-02-23 11:18:27,0.00354600,3.04000000
2018-02-23 11:18:28,0.00354500,1.13000000
2018-02-23 11:18:29,0.00354600,2.66000000
2018-02-23 11:18:31,0.00354700,55.77000000
2018-02-23 11:18:31,0.00354800,88.97000000
2018-02-23 11:18:31,0.00354900,162.07000000
2018-02-23 11:18:31,0.00354600,9.23000000
2018-02-23 11:18:31,0.00354900,2.82000000
2018-02-23 11:18:32,0.00354600,14.75000000
2018-02-23 11:18:32,0.00354600,1.13000000
2018-02-23 11:18:34,0.00354600,6.38000000
2018-02-23 11:18:36,0.00354900,3.22000000
2018-02-23 11:18:37,0.00354600,4.43000000
2018-02-23 11:18:38,0.00354900,11.27000000
2018-02-23 11:18:39,0.00354900,220.67000000
2018-02-23 11:18:39,0.00354600,1.90000000
2018-02-23 11:18:39,0.00354600,1.29000000
2018-02-23 11:18:39,0.00354900,14.46000000
2018-02-23 11:18:40,0.00354600,2.20000000
2018-02-23 11:18:40,0.00354600,1.06000000
2018-02-23 11:18:41,0.00354900,89.33000000
2018-02-23 11:18:41,0.00354600,1.13000000
2018-02-23 11:18:43,0.00354800,0.98000000
2018-02-23 11:18:43,0.00355000,42.93000000
2018-02-23 11:18:44,0.00354800,1.13000000
2018-02-23 11:18:44,0.00355000,107.07000000
2018-02-23 11:18:44,0.00354800,2.30000000
2018-02-23 11:18:45,0.00355000,40.44000000
2018-02-23 11:18:45,0.00355000,20.00000000
2018-02-23 11:18:46,0.00354800,1.13000000
2018-02-23 11:18:46,0.00355000,306.78000000
2018-02-23 11:18:48,0.00354800,1.13000000
2018-02-23 11:18:48,0.00354900,455.71000000
2018-02-23 11:18:50,0.00354900,50.71000000
2018-02-23 11:18:50,0.00354800,4.68000000
2018-02-23 11:18:53,0.00354900,5.52000000
2018-02-23 11:18:53,0.00354800,1.00000000
2018-02-23 11:18:54,0.00354900,13.04000000
2018-02-23 11:18:55,0.00354800,2.20000000
2018-02-23 11:18:55,0.00354800,21.65000000
2018-02-23 11:18:55,0.00354600,60.34000000
2018-02-23 11:18:55,0.00354900,1.38000000
2018-02-23 11:18:56,0.00354900,16.90000000
2018-02-23 11:18:56,0.00354900,6.29000000
2018-02-23 11:18:57,0.00354900,7.60000000
2018-02-23 11:18:57,0.00355000,2.24000000
2018-02-23 11:18:58,0.00354900,5.76000000
2018-02-23 11:18:59,0.00354900,2.20000000
2018-02-23 11:19:00,0.00355000,190.02000000
2018-02-23 11:19:01,0.00355000,7.66000000
2018-02-23 11:19:02,0.00355000,70.42000000
2018-02-23 11:19:03,0.00355000,20.00000000
2018-02-23 11:19:03,0.00355000,2.00000000
2018-02-23 11:19:03,0.00355000,19.58000000
2018-02-23 11:19:04,0.00355000,17.50000000
2018-02-23 11:19:05,0.00355000,82.00000000
2018-02-23 11:19:06,0.00354900,8.81000000
2018-02-23 11:19:06,0.00355000,13.69000000
2018-02-23 11:19:07,0.00355000,20.00000000
2018-02-23 11:19:08,0.00355000,39.06000000
2018-02-23 11:19:08,0.00355000,565.87000000
2018-02-23 11:19:10,0.00355100,9.55000000
2018-02-23 11:19:10,0.00355100,5.05000000
2018-02-23 11:19:10,0.00355100,8.44000000
2018-02-23 11:19:10,0.00355100,4.96000000
2018-02-23 11:19:10,0.00355000,6.99000000
2018-02-23 11:19:11,0.00355100,0.03000000
2018-02-23 11:19:13,0.00355100,8.44000000
2018-02-23 11:19:13,0.00355100,1.13000000
2018-02-23 11:19:13,0.00355100,5.18000000
2018-02-23 11:19:15,0.00355200,1.00000000
2018-02-23 11:19:15,0.00355300,0.02000000
2018-02-23 11:19:16,0.00355300,3.05000000
2018-02-23 11:19:16,0.00355400,11.04000000
2018-02-23 11:19:17,0.00355200,1.12000000
2018-02-23 11:19:18,0.00355300,25.66000000
2018-02-23 11:19:18,0.00355300,1.12000000
2018-02-23 11:19:18,0.00355300,1.52000000
2018-02-23 11:19:19,0.00355300,1.12000000
2018-02-23 11:19:19,0.00355400,1.94000000
2018-02-23 11:19:19,0.00355500,5.42000000
2018-02-23 11:19:20,0.00355300,0.25000000
2018-02-23 11:19:21,0.00355300,0.87000000
2018-02-23 11:19:21,0.00355500,45.99000000
2018-02-23 11:19:21,0.00355500,7.82000000
2018-02-23 11:19:21,0.00355500,111.79000000
2018-02-23 11:19:21,0.00355500,5.34000000
2018-02-23 11:19:22,0.00355500,1.88000000
2018-02-23 11:19:23,0.00355500,43.49000000
2018-02-23 11:19:24,0.00355600,0.62000000
2018-02-23 11:19:24,0.00355500,0.73000000
2018-02-23 11:19:25,0.00355600,248.47000000
2018-02-23 11:19:25,0.00355700,40.53000000
2018-02-23 11:19:25,0.00355800,0.45000000
2018-02-23 11:19:25,0.00355900,55.25000000
2018-02-23 11:19:25,0.00356000,334.78000000
2018-02-23 11:19:25,0.00356000,30.75000000
2018-02-23 11:19:25,0.00356000,8.42000000
2018-02-23 11:19:25,0.00356000,8.42000000
2018-02-23 11:19:25,0.00356000,0.86000000
2018-02-23 11:19:26,0.00356000,10.99000000
2018-02-23 11:19:26,0.00356000,8.42000000
2018-02-23 11:19:26,0.00356000,5.00000000
2018-02-23 11:19:26,0.00356000,0.83000000
2018-02-23 11:19:26,0.00356000,8.42000000
2018-02-23 11:19:26,0.00356000,1.31000000
2018-02-23 11:19:26,0.00356000,0.75000000
2018-02-23 11:19:26,0.00356000,8.42000000
2018-02-23 11:19:26,0.00356000,106.14000000
2018-02-23 11:19:27,0.00355600,0.25000000
2018-02-23 11:19:27,0.00356000,0.98000000
2018-02-23 11:19:29,0.00356000,25.54000000
2018-02-23 11:19:30,0.00356000,13.19000000
2018-02-23 11:19:31,0.00356000,1.32000000
2018-02-23 11:19:31,0.00356000,7.85000000
2018-02-23 11:19:32,0.00356000,40.78000000
2018-02-23 11:19:32,0.00355600,3.25000000
2018-02-23 11:19:32,0.00355400,2.14000000
2018-02-23 11:19:32,0.00355300,8.70000000
2018-02-23 11:19:33,0.00356000,26.46000000
2018-02-23 11:19:33,0.00355300,2.20000000
2018-02-23 11:19:35,0.00355400,0.38000000
2018-02-23 11:19:35,0.00356000,96.89000000
2018-02-23 11:19:37,0.00355400,5.24000000
2018-02-23 11:19:37,0.00355300,15.98000000
2018-02-23 11:19:37,0.00355100,10.54000000
2018-02-23 11:19:39,0.00355100,0.84000000
2018-02-23 11:19:39,0.00355200,28.43000000
2018-02-23 11:19:41,0.00355200,20.35000000
2018-02-23 11:19:41,0.00355400,2.16000000
2018-02-23 11:19:41,0.00355000,10.00000000
2018-02-23 11:19:42,0.00355000,0.71000000
2018-02-23 11:19:42,0.00355000,5.00000000
2018-02-23 11:19:43,0.00355000,2.45000000
2018-02-23 11:19:43,0.00355000,0.78000000
2018-02-23 11:19:43,0.00355000,3.27000000
2018-02-23 11:19:43,0.00355000,8.44000000
2018-02-23 11:19:43,0.00355000,8.44000000
2018-02-23 11:19:44,0.00355000,0.84000000
2018-02-23 11:19:44,0.00355000,2.18000000
2018-02-23 11:19:44,0.00355000,2.62000000
2018-02-23 11:19:44,0.00355000,1.41000000
2018-02-23 11:19:46,0.00355100,40.33000000
2018-02-23 11:19:47,0.00355200,16.76000000
2018-02-23 11:19:47,0.00355400,8.38000000
2018-02-23 11:19:47,0.00355400,2.62000000
2018-02-23 11:19:47,0.00355100,1.00000000
2018-02-23 11:19:48,0.00355100,2.62000000
2018-02-23 11:19:49,0.00355200,5.34000000
2018-02-23 11:19:49,0.00355200,6.49000000
2018-02-23 11:19:50,0.00355400,8.07000000
2018-02-23 11:19:51,0.00355200,1.34000000
2018-02-23 11:19:54,0.00355300,2.91000000
2018-02-23 11:19:54,0.00355300,7.06000000
2018-02-23 11:19:55,0.00355200,0.56000000
2018-02-23 11:19:56,0.00355200,33.64000000
2018-02-23 11:19:56,0.00355200,26.41000000
2018-02-23 11:19:56,0.00355100,25.95000000
2018-02-23 11:19:56,0.00355100,73.35000000
2018-02-23 11:19:56,0.00355000,3.08000000
2018-02-23 11:19:58,0.00355100,6.09000000
2018-02-23 11:19:59,0.00355100,44.10000000
2018-02-23 11:19:59,0.00355000,69.07000000
2018-02-23 11:20:00,0.00354800,0.31000000
2018-02-23 11:20:01,0.00354500,7.81000000
2018-02-23 11:20:01,0.00354400,24.98000000
2018-02-23 11:20:01,0.00354300,15.73000000
2018-02-23 11:20:01,0.00354200,5.63000000
2018-02-23 11:20:01,0.00354100,1.47000000
2018-02-23 11:20:01,0.00354900,0.51000000
2018-02-23 11:20:01,0.00354800,0.02000000
2018-02-23 11:20:02,0.00354800,5.60000000
2018-02-23 11:20:02,0.00354900,0.83000000
2018-02-23 11:20:02,0.00354900,28.63000000
2018-02-23 11:20:02,0.00354100,2.86000000
2018-02-23 11:20:03,0.00354800,3.58000000
2018-02-23 11:20:04,0.00354200,5.64000000
2018-02-23 11:20:05,0.00354200,7.68000000
2018-02-23 11:20:05,0.00354100,23.71000000
2018-02-23 11:20:05,0.00354000,9.87000000
2018-02-23 11:20:05,0.00354000,3.09000000
2018-02-23 11:20:06,0.00353900,13.97000000
2018-02-23 11:20:06,0.00354000,1.83000000
2018-02-23 11:20:06,0.00354000,2.82000000
2018-02-23 11:20:07,0.00354000,0.56000000
2018-02-23 11:20:07,0.00354000,14.30000000
2018-02-23 11:20:07,0.00354000,1.58000000
2018-02-23 11:20:07,0.00353900,20.00000000
2018-02-23 11:20:08,0.00353900,356.52000000
2018-02-23 11:20:08,0.00353800,10.00000000
2018-02-23 11:20:08,0.00354000,2.82000000
2018-02-23 11:20:09,0.00353900,1.89000000
2018-02-23 11:20:10,0.00354000,2.82000000
2018-02-23 11:20:10,0.00354000,15.25000000
2018-02-23 11:20:10,0.00354000,5.53000000
2018-02-23 11:20:10,0.00354000,15.29000000
2018-02-23 11:20:10,0.00354000,8.44000000
2018-02-23 11:20:10,0.00354000,15.28000000
2018-02-23 11:20:10,0.00354000,9.10000000
2018-02-23 11:20:10,0.00354000,15.29000000
2018-02-23 11:20:10,0.00354000,8.00000000
2018-02-23 11:20:10,0.00354000,15.29000000
2018-02-23 11:20:10,0.00354000,15.28000000
2018-02-23 11:20:10,0.00354000,12.74000000
2018-02-23 11:20:10,0.00354000,7.58000000
2018-02-23 11:20:11,0.00354000,3.67000000
2018-02-23 11:20:11,0.00353700,1.13000000
2018-02-23 11:20:11,0.00353700,14.03000000
2018-02-23 11:20:11,0.00353700,0.12000000
2018-02-23 11:20:11,0.00353900,6.47000000
2018-02-23 11:20:12,0.00353900,13.20000000
2018-02-23 11:20:12,0.00354000,0.93000000
2018-02-23 11:20:12,0.00354000,0.90000000
2018-02-23 11:20:12,0.00354000,2.50000000
2018-02-23 11:20:13,0.00354000,36.59000000
2018-02-23 11:20:13,0.00354000,2.82000000
2018-02-23 11:20:14,0.00353400,43.13000000
2018-02-23 11:20:14,0.00353400,8.52000000
2018-02-23 11:20:14,0.00353300,6.88000000
2018-02-23 11:20:14,0.00354000,9.00000000
2018-02-23 11:20:15,0.00354000,2.82000000
2018-02-23 11:20:15,0.00354000,21.07000000
2018-02-23 11:20:15,0.00353900,3.26000000
2018-02-23 11:20:15,0.00354000,26.74000000
2018-02-23 11:20:15,0.00354000,14.12000000
2018-02-23 11:20:16,0.00353900,5.65000000
2018-02-23 11:20:16,0.00353700,5.65000000
2018-02-23 11:20:16,0.00353700,4.14000000
2018-02-23 11:20:16,0.00354000,1.51000000
2018-02-23 11:20:17,0.00353700,9.79000000
2018-02-23 11:20:17,0.00353900,8.60000000
2018-02-23 11:20:17,0.00353900,5.65000000
2018-02-23 11:20:17,0.00353900,2.83000000
2018-02-23 11:20:17,0.00353900,5.65000000
2018-02-23 11:20:17,0.00353900,19.72000000
2018-02-23 11:20:17,0.00354000,4.95000000
2018-02-23 11:20:18,0.00353900,8.47000000
2018-02-23 11:20:18,0.00353900,5.79000000
2018-02-23 11:20:18,0.00354000,69.05000000
2018-02-23 11:20:18,0.00353900,4.63000000
2018-02-23 11:20:19,0.00353900,20.32000000
2018-02-23 11:20:20,0.00353900,0.93000000
2018-02-23 11:20:21,0.00353900,0.71000000
2018-02-23 11:20:21,0.00354000,33.89000000
2018-02-23 11:20:22,0.00354000,97.73000000
2018-02-23 11:20:22,0.00354100,11.55000000
2018-02-23 11:20:22,0.00354000,356.67000000
2018-02-23 11:20:22,0.00354500,12.00000000
2018-02-23 11:20:22,0.00354500,0.89000000
2018-02-23 11:20:23,0.00354500,1.08000000
2018-02-23 11:20:23,0.00354100,39.95000000
2018-02-23 11:20:26,0.00354200,42.45000000
2018-02-23 11:20:26,0.00354100,29.90000000
2018-02-23 11:20:30,0.00354200,5.79000000
2018-02-23 11:20:30,0.00354100,122.99000000
2018-02-23 11:20:31,0.00354500,0.76000000
2018-02-23 11:20:35,0.00354300,1.13000000
2018-02-23 11:20:35,0.00354100,1.58000000
2018-02-23 11:20:35,0.00354600,1.40000000
2018-02-23 11:20:35,0.00354700,13.62000000
2018-02-23 11:20:36,0.00354400,0.34000000
2018-02-23 11:20:41,0.00354400,13.44000000
2018-02-23 11:20:43,0.00354700,10.02000000
2018-02-23 11:20:43,0.00354800,3.48000000
2018-02-23 11:20:44,0.00354700,7.64000000
2018-02-23 11:20:48,0.00354400,12.98000000
2018-02-23 11:20:49,0.00354500,3.09000000
2018-02-23 11:20:49,0.00354700,1.41000000
2018-02-23 11:20:49,0.00354700,18.95000000
2018-02-23 11:20:49,0.00354700,8.44000000
2018-02-23 11:20:50,0.00354700,39.05000000
2018-02-23 11:20:50,0.00354700,3.56000000
2018-02-23 11:20:50,0.00354500,3.29000000
2018-02-23 11:20:50,0.00354500,1.00000000
2018-02-23 11:20:54,0.00354800,0.75000000
2018-02-23 11:20:54,0.00354500,1.26000000
2018-02-23 11:20:57,0.00354700,281.92000000
2018-02-23 11:20:57,0.00354400,104.94000000
2018-02-23 11:20:57,0.00354400,281.92000000
2018-02-23 11:20:57,0.00354300,0.32000000
2018-02-23 11:20:57,0.00354200,8.82000000
2018-02-23 11:20:57,0.00354100,17.51000000
2018-02-23 11:20:57,0.00354100,3.18000000
2018-02-23 11:20:58,0.00354700,4.48000000
2018-02-23 11:20:58,0.00354800,18.14000000
2018-02-23 11:20:59,0.00354500,4.85000000
2018-02-23 11:21:00,0.00354100,36.71000000
2018-02-23 11:21:00,0.00354000,5.72000000
2018-02-23 11:21:00,0.00354700,16.91000000
2018-02-23 11:21:00,0.00354700,30.74000000
2018-02-23 11:21:02,0.00354600,17.15000000
2018-02-23 11:21:02,0.00354700,35.38000000
2018-02-23 11:21:02,0.00354000,555.78000000
2018-02-23 11:21:02,0.00353900,111.35000000
2018-02-23 11:21:02,0.00353700,1.49000000
2018-02-23 11:21:04,0.00354300,1.00000000
2018-02-23 11:21:05,0.00354100,250.00000000
2018-02-23 11:21:07,0.00353900,40.97000000
2018-02-23 11:21:07,0.00353700,2.19000000
2018-02-23 11:21:12,0.00354300,0.90000000
2018-02-23 11:21:12,0.00354100,0.37000000
2018-02-23 11:21:17,0.00354200,14.12000000
2018-02-23 11:21:19,0.00354100,7.79000000
2018-02-23 11:21:19,0.00354200,0.91000000
2018-02-23 11:21:20,0.00353700,28.00000000
2018-02-23 11:21:21,0.00354100,3.74000000
2018-02-23 11:21:21,0.00354200,2.26000000
2018-02-23 11:21:21,0.00354200,5.64000000
2018-02-23 11:21:21,0.00353700,2.34000000
2018-02-23 11:21:21,0.00353600,3.31000000
2018-02-23 11:21:21,0.00353500,347.95000000
2018-02-23 11:21:22,0.00354100,2.82000000
2018-02-23 11:21:23,0.00353600,7.84000000
2018-02-23 11:21:24,0.00353400,413.81000000
2018-02-23 11:21:24,0.00353300,25.60000000
2018-02-23 11:21:24,0.00353200,75.10000000
2018-02-23 11:21:24,0.00353100,15.90000000
2018-02-23 11:21:24,0.00354000,5.00000000
2018-02-23 11:21:24,0.00354000,6.44000000
2018-02-23 11:21:24,0.00354100,0.49000000
2018-02-23 11:21:24,0.00354200,7.19000000
2018-02-23 11:21:26,0.00354200,6.01000000
2018-02-23 11:21:26,0.00354200,6.01000000
2018-02-23 11:21:26,0.00353600,6.01000000
2018-02-23 11:21:26,0.00354100,0.31000000
2018-02-23 11:21:26,0.00354100,3.00000000
2018-02-23 11:21:26,0.00354200,49.35000000
2018-02-23 11:21:27,0.00354200,0.90000000
2018-02-23 11:21:27,0.00354200,21.52000000
2018-02-23 11:21:28,0.00354200,14.12000000
2018-02-23 11:21:29,0.00354100,11.57000000
2018-02-23 11:21:30,0.00354200,14.12000000
2018-02-23 11:21:31,0.00354100,11.57000000
2018-02-23 11:21:31,0.00353700,0.05000000
2018-02-23 11:21:31,0.00354100,6.00000000
2018-02-23 11:21:32,0.00353700,401.46000000
2018-02-23 11:21:32,0.00353600,8.69000000
2018-02-23 11:21:32,0.00353400,8.82000000
2018-02-23 11:21:32,0.00353300,12.12000000
2018-02-23 11:21:32,0.00353200,99.33000000
2018-02-23 11:21:32,0.00354100,14.12000000
2018-02-23 11:21:32,0.00354100,19.64000000
2018-02-23 11:21:33,0.00354000,2.82000000
2018-02-23 11:21:34,0.00354000,14.12000000
2018-02-23 11:21:34,0.00354000,14.12000000
2018-02-23 11:21:34,0.00353500,2.00000000
2018-02-23 11:21:34,0.00354000,4.25000000
2018-02-23 11:21:34,0.00354000,12.79000000
2018-02-23 11:21:34,0.00354100,28.86000000
2018-02-23 11:21:34,0.00354100,23.28000000
2018-02-23 11:21:34,0.00354200,5.75000000
2018-02-23 11:21:34,0.00354300,6.87000000
2018-02-23 11:21:35,0.00354000,14.12000000
2018-02-23 11:21:36,0.00354000,17.88000000
2018-02-23 11:21:37,0.00354200,2.14000000
2018-02-23 11:21:39,0.00354200,180.14000000
2018-02-23 11:21:39,0.00354300,2.82000000
2018-02-23 11:21:39,0.00354300,97.24000000
2018-02-23 11:21:40,0.00354300,0.84000000
2018-02-23 11:21:40,0.00354300,0.84000000
2018-02-23 11:21:41,0.00354100,1.02000000
2018-02-23 11:21:41,0.00354300,5.83000000
2018-02-23 11:21:41,0.00354500,7.26000000
2018-02-23 11:21:42,0.00354300,0.90000000
2018-02-23 11:21:46,0.00354100,1.02000000
2018-02-23 11:21:46,0.00354300,0.12000000
2018-02-23 11:21:46,0.00354500,6.94000000
2018-02-23 11:21:47,0.00354300,1.00000000
2018-02-23 11:21:48,0.00354500,2.82000000
2018-02-23 11:21:51,0.00354300,0.25000000
2018-02-23 11:21:52,0.00354500,68.47000000
2018-02-23 11:21:52,0.00354500,10.33000000
2018-02-23 11:21:54,0.00354500,1.11000000
2018-02-23 11:21:54,0.00354500,2.82000000
2018-02-23 11:21:54,0.00354500,33.18000000
2018-02-23 11:21:55,0.00354500,14.75000000
2018-02-23 11:21:56,0.00354500,0.68000000
2018-02-23 11:21:56,0.00354300,2.40000000
2018-02-23 11:21:57,0.00354500,0.90000000
2018-02-23 11:21:58,0.00354500,7.36000000
2018-02-23 11:21:58,0.00354500,4.91000000
2018-02-23 11:21:59,0.00354500,7.80000000
2018-02-23 11:22:00,0.00354500,2.82000000
2018-02-23 11:22:01,0.00354500,7.80000000
2018-02-23 11:22:01,0.00354500,486.87000000
2018-02-23 11:22:01,0.00354500,1200.68000000
2018-02-23 11:22:01,0.00354800,19.56000000
2018-02-23 11:22:01,0.00354900,10.62000000
2018-02-23 11:22:01,0.00355000,108.58000000
2018-02-23 11:22:01,0.00355200,45.49000000
2018-02-23 11:22:03,0.00355300,3.20000000
2018-02-23 11:22:09,0.00355400,9.58000000
2018-02-23 11:22:10,0.00355400,12.49000000
2018-02-23 11:22:10,0.00355400,4.86000000
2018-02-23 11:22:10,0.00355400,0.03000000
2018-02-23 11:22:10,0.00354800,4.84000000
2018-02-23 11:22:10,0.00354800,4.61000000
2018-02-23 11:22:19,0.00355000,2.00000000
2018-02-23 11:22:20,0.00354700,48.08000000
2018-02-23 11:22:21,0.00354800,4.04000000
2018-02-23 11:22:21,0.00354800,13.06000000
2018-02-23 11:22:25,0.00354700,3.26000000
2018-02-23 11:22:25,0.00354800,106.04000000
2018-02-23 11:22:27,0.00354800,63.00000000
2018-02-23 11:22:27,0.00354400,28.00000000
2018-02-23 11:22:27,0.00354300,42.00000000
2018-02-23 11:22:28,0.00354800,74.03000000
2018-02-23 11:22:30,0.00354700,25.08000000
2018-02-23 11:22:30,0.00354800,56.48000000
2018-02-23 11:22:30,0.00354800,2.26000000
2018-02-23 11:22:33,0.00354900,53.71000000
2018-02-23 11:22:34,0.00355000,8.74000000
2018-02-23 11:22:37,0.00354800,1.78000000
2018-02-23 11:22:37,0.00354900,4.89000000
2018-02-23 11:22:39,0.00354800,6.25000000
2018-02-23 11:22:39,0.00354700,3.15000000
2018-02-23 11:22:40,0.00355000,5.76000000
2018-02-23 11:22:40,0.00355000,302.46000000
2018-02-23 11:22:41,0.00355000,7.51000000
2018-02-23 11:22:42,0.00354800,0.47000000
2018-02-23 11:22:43,0.00354500,2.40000000
2018-02-23 11:22:45,0.00354800,53.52000000
2018-02-23 11:22:46,0.00354800,8.44000000
2018-02-23 11:22:46,0.00354800,24.57000000
2018-02-23 11:22:46,0.00354800,8.44000000
2018-02-23 11:22:47,0.00354500,8.44000000
2018-02-23 11:22:48,0.00354800,1.00000000
2018-02-23 11:22:49,0.00354800,2.81000000
2018-02-23 11:22:51,0.00354800,0.66000000
2018-02-23 11:22:52,0.00354800,20.64000000
2018-02-23 11:22:55,0.00354800,10.44000000
2018-02-23 11:22:56,0.00354800,55.84000000
2018-02-23 11:22:56,0.00354900,127.73000000
2018-02-23 11:22:59,0.00355000,1000.00000000
2018-02-23 11:23:00,0.00355000,0.31000000
2018-02-23 11:23:01,0.00355000,2.81000000
2018-02-23 11:23:05,0.00355000,130.46000000
2018-02-23 11:23:07,0.00355100,5.63000000
2018-02-23 11:23:07,0.00355100,4.00000000
2018-02-23 11:23:12,0.00355100,1.71000000
2018-02-23 11:23:12,0.00355200,45.63000000
2018-02-23 11:23:13,0.00355200,2.81000000
2018-02-23 11:23:13,0.00355100,4.06000000
2018-02-23 11:23:13,0.00355000,264.23000000
2018-02-23 11:23:18,0.00354900,50.99000000
2018-02-23 11:23:18,0.00355000,8.48000000
2018-02-23 11:23:18,0.00354900,0.56000000
2018-02-23 11:23:19,0.00355000,2.81000000
2018-02-23 11:23:19,0.00354900,151.27000000
2018-02-23 11:23:20,0.00354800,0.90000000
2018-02-23 11:23:20,0.00354600,32.99000000
2018-02-23 11:23:20,0.00354500,52.60000000
2018-02-23 11:23:20,0.00354900,6.11000000
2018-02-23 11:23:23,0.00354900,18.26000000
2018-02-23 11:23:23,0.00354900,4.74000000
2018-02-23 11:23:25,0.00354500,4.82000000
2018-02-23 11:23:26,0.00354300,22.73000000
2018-02-23 11:23:27,0.00354300,3.30000000
2018-02-23 11:23:27,0.00354600,3.30000000
2018-02-23 11:23:28,0.00354300,7.38000000
2018-02-23 11:23:29,0.00354300,57.77000000
2018-02-23 11:23:29,0.00354200,5.63000000
2018-02-23 11:23:29,0.00354100,112.12000000
2018-02-23 11:23:32,0.00354700,5.64000000
2018-02-23 11:23:32,0.00354800,0.10000000
2018-02-23 11:23:33,0.00354600,2.96000000
2018-02-23 11:23:33,0.00354600,2.96000000
2018-02-23 11:23:34,0.00354600,27.97000000
2018-02-23 11:23:34,0.00354600,2.81000000
2018-02-23 11:23:34,0.00354300,34.91000000
2018-02-23 11:23:34,0.00354200,1.26000000
2018-02-23 11:23:34,0.00354600,28.01000000
2018-02-23 11:23:35,0.00354600,24.91000000
2018-02-23 11:23:36,0.00354600,27.15000000
2018-02-23 11:23:37,0.00354100,1.41000000
2018-02-23 11:23:37,0.00354600,3.54000000
2018-02-23 11:23:38,0.00354600,2.26000000
2018-02-23 11:23:38,0.00354100,1.13000000
2018-02-23 11:23:38,0.00354600,16.45000000
2018-02-23 11:23:38,0.00354100,2.06000000
2018-02-23 11:23:38,0.00354100,2.56000000
2018-02-23 11:23:39,0.00354500,3.19000000
2018-02-23 11:23:39,0.00354600,24.58000000
2018-02-23 11:23:40,0.00354600,16.61000000
2018-02-23 11:23:41,0.00354600,285.78000000
2018-02-23 11:23:42,0.00354600,0.90000000
2018-02-23 11:23:43,0.00354500,148.07000000
2018-02-23 11:23:44,0.00354100,1.49000000
2018-02-23 11:23:46,0.00354500,8.44000000
2018-02-23 11:23:46,0.00354500,17.49000000
2018-02-23 11:23:48,0.00354500,23.92000000
2018-02-23 11:23:50,0.00354300,1.13000000
2018-02-23 11:23:52,0.00354600,131.78000000
2018-02-23 11:23:52,0.00354600,32.09000000
2018-02-23 11:23:52,0.00354500,29.15000000
2018-02-23 11:23:53,0.00354600,1.12000000
2018-02-23 11:23:53,0.00354600,0.01000000
2018-02-23 11:23:55,0.00354600,1.12000000
2018-02-23 11:23:55,0.00354500,2.50000000
2018-02-23 11:23:56,0.00354600,1.14000000
2018-02-23 11:23:57,0.00354500,1.13000000
2018-02-23 11:24:02,0.00354500,1.13000000
2018-02-23 11:24:03,0.00354600,0.45000000
2018-02-23 11:24:05,0.00354800,4.74000000
2018-02-23 11:24:08,0.00354800,1.69000000
2018-02-23 11:24:09,0.00354800,33.24000000
2018-02-23 11:24:09,0.00354600,128.58000000
2018-02-23 11:24:09,0.00354500,8.98000000
2018-02-23 11:24:10,0.00354500,3.57000000
2018-02-23 11:24:12,0.00354800,0.90000000
2018-02-23 11:24:13,0.00354800,8.44000000
2018-02-23 11:24:13,0.00354800,8.44000000
2018-02-23 11:24:14,0.00354800,8.44000000
2018-02-23 11:24:14,0.00354800,12.08000000
2018-02-23 11:24:14,0.00354800,48.60000000
2018-02-23 11:24:14,0.00354900,5.00000000
2018-02-23 11:24:15,0.00354900,17.45000000
2018-02-23 11:24:15,0.00355000,961.17000000
2018-02-23 11:24:15,0.00355100,31.90000000
2018-02-23 11:24:15,0.00355200,325.55000000
2018-02-23 11:24:24,0.00355000,11.87000000
2018-02-23 11:24:28,0.00354900,3.00000000
2018-02-23 11:24:30,0.00354900,0.32000000
2018-02-23 11:24:33,0.00354900,37.30000000
2018-02-23 11:24:34,0.00354900,3.55000000
2018-02-23 11:24:38,0.00354900,23.62000000
2018-02-23 11:24:41,0.00354900,21.03000000
2018-02-23 11:24:41,0.00354800,10.99000000
2018-02-23 11:24:41,0.00354800,12.00000000
2018-02-23 11:24:42,0.00354800,0.48000000
2018-02-23 11:24:42,0.00354900,0.42000000
2018-02-23 11:24:44,0.00354900,69.50000000
2018-02-23 11:24:46,0.00354800,16.12000000
2018-02-23 11:24:51,0.00355000,0.98000000
2018-02-23 11:24:54,0.00355000,2.18000000
2018-02-23 11:24:55,0.00354900,227.25000000
2018-02-23 11:24:55,0.00354700,6.39000000
2018-02-23 11:24:55,0.00354600,48.89000000
2018-02-23 11:24:55,0.00354500,1301.39000000
2018-02-23 11:24:55,0.00354500,8.44000000
2018-02-23 11:24:55,0.00354500,20.89000000
2018-02-23 11:24:55,0.00354500,8.44000000
2018-02-23 11:24:56,0.00354300,5.62000000
2018-02-23 11:24:56,0.00354200,29.12000000
2018-02-23 11:24:56,0.00354100,140.00000000
2018-02-23 11:24:56,0.00354000,11.34000000
2018-02-23 11:24:56,0.00353900,18.86000000
2018-02-23 11:24:56,0.00353800,0.84000000
2018-02-23 11:24:56,0.00354500,70.52000000
2018-02-23 11:24:57,0.00354300,2.82000000
2018-02-23 11:24:57,0.00353800,3.24000000
2018-02-23 11:24:58,0.00353900,3.15000000
2018-02-23 11:24:58,0.00353800,18.32000000
2018-02-23 11:24:58,0.00354400,8.88000000
2018-02-23 11:24:58,0.00354500,61.64000000
2018-02-23 11:24:59,0.00354300,3.00000000
2018-02-23 11:24:59,0.00354300,3.00000000
2018-02-23 11:25:00,0.00354300,7.97000000
2018-02-23 11:25:00,0.00354100,1.02000000
2018-02-23 11:25:00,0.00353900,1.10000000
2018-02-23 11:25:01,0.00354400,2.31000000
2018-02-23 11:25:01,0.00354500,0.69000000
2018-02-23 11:25:02,0.00354400,2.29000000
2018-02-23 11:25:02,0.00354500,8.88000000
2018-02-23 11:25:04,0.00354000,2.31000000
2018-02-23 11:25:05,0.00354000,17.24000000
2018-02-23 11:25:05,0.00354400,2.31000000
2018-02-23 11:25:05,0.00354500,68.21000000
2018-02-23 11:25:07,0.00354400,16.82000000
2018-02-23 11:25:07,0.00354400,0.42000000
2018-02-23 11:25:07,0.00354500,13.69000000
2018-02-23 11:25:09,0.00354400,28.00000000
2018-02-23 11:25:09,0.00354500,42.53000000
2018-02-23 11:25:10,0.00354000,18.96000000
2018-02-23 11:25:11,0.00354500,14.10000000
2018-02-23 11:25:11,0.00354500,10.00000000
2018-02-23 11:25:12,0.00354400,0.90000000
2018-02-23 11:25:13,0.00354000,54.78000000
2018-02-23 11:25:13,0.00354400,2.37000000
2018-02-23 11:25:13,0.00354500,0.45000000
2018-02-23 11:25:13,0.00354000,15.41000000
2018-02-23 11:25:14,0.00354400,3.27000000
2018-02-23 11:25:14,0.00354000,23.60000000
2018-02-23 11:25:14,0.00353900,10.75000000
2018-02-23 11:25:15,0.00354500,4.00000000
2018-02-23 11:25:15,0.00354400,3.27000000
2018-02-23 11:25:16,0.00354400,278.62000000
2018-02-23 11:25:16,0.00354500,21.50000000
2018-02-23 11:25:16,0.00354500,10.00000000
2018-02-23 11:25:18,0.00354500,8.00000000
2018-02-23 11:25:18,0.00354500,2.82000000
2018-02-23 11:25:19,0.00354000,101.01000000
2018-02-23 11:25:20,0.00354500,14.30000000
2018-02-23 11:25:20,0.00354500,70.52000000
2018-02-23 11:25:21,0.00354400,2.31000000
2018-02-23 11:25:21,0.00354500,567.59000000
2018-02-23 11:25:21,0.00354500,10.00000000
2018-02-23 11:25:22,0.00354500,3.66000000
2018-02-23 11:25:22,0.00354500,53.68000000
2018-02-23 11:25:23,0.00354400,5.77000000
2018-02-23 11:25:23,0.00354500,8.33000000
2018-02-23 11:25:23,0.00354500,13.71000000
2018-02-23 11:25:24,0.00354100,24.69000000
2018-02-23 11:25:25,0.00354500,10.00000000
2018-02-23 11:25:27,0.00354500,0.90000000
2018-02-23 11:25:30,0.00354500,9.80000000
2018-02-23 11:25:32,0.00354500,9.33000000
2018-02-23 11:25:34,0.00354500,5.85000000
2018-02-23 11:25:36,0.00354400,0.99000000
2018-02-23 11:25:36,0.00354400,0.71000000
2018-02-23 11:25:36,0.00354500,1.29000000
2018-02-23 11:25:37,0.00354500,35.20000000
2018-02-23 11:25:39,0.00354500,15.20000000
2018-02-23 11:25:39,0.00354500,8.49000000
2018-02-23 11:25:40,0.00354500,7.52000000
2018-02-23 11:25:41,0.00354500,5.64000000
2018-02-23 11:25:42,0.00354500,35.20000000
2018-02-23 11:25:42,0.00354500,0.90000000
2018-02-23 11:25:44,0.00354500,2.21000000
2018-02-23 11:25:45,0.00354500,69.11000000
2018-02-23 11:25:47,0.00354100,182.25000000
2018-02-23 11:25:47,0.00353900,42.45000000
2018-02-23 11:25:48,0.00354100,1.02000000
2018-02-23 11:25:48,0.00354400,0.90000000
2018-02-23 11:25:49,0.00354200,1.02000000
2018-02-23 11:25:50,0.00354400,3.42000000
2018-02-23 11:25:51,0.00354200,1.02000000
2018-02-23 11:25:51,0.00353900,2.50000000
2018-02-23 11:25:51,0.00354400,1.00000000
2018-02-23 11:25:52,0.00354200,0.41000000
2018-02-23 11:25:52,0.00353900,1.26000000
2018-02-23 11:25:53,0.00354100,0.43000000
2018-02-23 11:25:53,0.00353800,17.96000000
2018-02-23 11:25:53,0.00353700,17.84000000
2018-02-23 11:25:53,0.00354400,0.33000000
2018-02-23 11:25:53,0.00354400,0.35000000
2018-02-23 11:25:53,0.00353700,16.48000000
2018-02-23 11:25:54,0.00353900,1.66000000
2018-02-23 11:25:54,0.00354400,17.96000000
2018-02-23 11:25:54,0.00354500,27.39000000
2018-02-23 11:25:54,0.00354600,18.21000000
2018-02-23 11:25:55,0.00354000,2.31000000
2018-02-23 11:25:55,0.00354600,2.31000000
2018-02-23 11:25:56,0.00354600,14.71000000
2018-02-23 11:25:56,0.00354500,100.00000000
2018-02-23 11:25:57,0.00353900,70.64000000
2018-02-23 11:25:57,0.00354400,0.90000000
2018-02-23 11:25:57,0.00354200,1.02000000
2018-02-23 11:25:57,0.00353900,27.02000000
2018-02-23 11:25:57,0.00353700,4.16000000
2018-02-23 11:25:57,0.00353900,9.78000000
2018-02-23 11:25:57,0.00353700,18.26000000
2018-02-23 11:25:57,0.00353700,20.00000000
2018-02-23 11:25:58,0.00354300,1.66000000
2018-02-23 11:25:58,0.00354400,9.42000000
2018-02-23 11:25:58,0.00353900,9.78000000
2018-02-23 11:25:58,0.00353800,60.45000000
2018-02-23 11:25:58,0.00353700,95.72000000
2018-02-23 11:25:58,0.00353600,1.81000000
2018-02-23 11:25:58,0.00354400,41.66000000
2018-02-23 11:25:58,0.00354100,8.69000000
2018-02-23 11:25:58,0.00353900,2.31000000
2018-02-23 11:25:58,0.00353500,16.88000000
2018-02-23 11:25:58,0.00353500,11.00000000
2018-02-23 11:25:58,0.00354400,1.66000000
2018-02-23 11:25:58,0.00354400,7.15000000
2018-02-23 11:25:58,0.00354300,11.08000000
2018-02-23 11:25:59,0.00354300,34.85000000
2018-02-23 11:25:59,0.00354300,3.25000000
2018-02-23 11:26:00,0.00353900,2.72000000
2018-02-23 11:26:00,0.00353900,2.72000000
2018-02-23 11:26:00,0.00353900,4.56000000
2018-02-23 11:26:00,0.00354000,3.99000000
2018-02-23 11:26:00,0.00354300,2.31000000
2018-02-23 11:26:00,0.00354500,2.83000000
2018-02-23 11:26:01,0.00353700,2.73000000
2018-02-23 11:26:01,0.00353600,18.23000000
2018-02-23 11:26:02,0.00354300,8.19000000
2018-02-23 11:26:02,0.00353800,18.61000000
2018-02-23 11:26:02,0.00354200,6.94000000
2018-02-23 11:26:02,0.00353900,1.13000000
2018-02-23 11:26:02,0.00353600,18.87000000
2018-02-23 11:26:02,0.00353600,20.00000000
2018-02-23 11:26:02,0.00353600,20.00000000
2018-02-23 11:26:02,0.00353600,20.00000000
2018-02-23 11:26:03,0.00353600,20.00000000
2018-02-23 11:26:03,0.00353600,20.00000000
2018-02-23 11:26:03,0.00353600,1.39000000
2018-02-23 11:26:03,0.00353500,18.61000000
2018-02-23 11:26:03,0.00354200,7.05000000
2018-02-23 11:26:03,0.00354300,7.06000000
2018-02-23 11:26:03,0.00353500,0.95000000
2018-02-23 11:26:03,0.00353400,151.57000000
2018-02-23 11:26:03,0.00354100,3.18000000
2018-02-23 11:26:03,0.00354000,3.24000000
2018-02-23 11:26:03,0.00354000,3.24000000
2018-02-23 11:26:03,0.00354000,3.24000000
2018-02-23 11:26:03,0.00353600,1.12000000
2018-02-23 11:26:04,0.00353600,0.01000000
2018-02-23 11:26:04,0.00353300,13.99000000
2018-02-23 11:26:04,0.00354000,2.47000000
2018-02-23 11:26:04,0.00354000,30.26000000
2018-02-23 11:26:04,0.00354100,14.12000000
2018-02-23 11:26:04,0.00354100,8.43000000
2018-02-23 11:26:04,0.00354100,8.43000000
2018-02-23 11:26:05,0.00354100,8.43000000
2018-02-23 11:26:05,0.00354000,36.38000000
2018-02-23 11:26:05,0.00353400,9.72000000
2018-02-23 11:26:05,0.00354100,8.43000000
2018-02-23 11:26:05,0.00354100,8.43000000
2018-02-23 11:26:05,0.00354100,0.84000000
2018-02-23 11:26:06,0.00353500,1.26000000
2018-02-23 11:26:06,0.00353400,5.65000000
2018-02-23 11:26:06,0.00353300,28.00000000
2018-02-23 11:26:06,0.00353800,9.72000000
2018-02-23 11:26:06,0.00353900,4.40000000
2018-02-23 11:26:06,0.00353900,3.02000000
2018-02-23 11:26:06,0.00353900,21.42000000
2018-02-23 11:26:07,0.00353900,8.43000000
2018-02-23 11:26:07,0.00353900,8.43000000
2018-02-23 11:26:07,0.00353900,8.43000000
2018-02-23 11:26:07,0.00353900,8.43000000
2018-02-23 11:26:08,0.00353900,12.48000000
2018-02-23 11:26:09,0.00353900,14.23000000
2018-02-23 11:26:09,0.00353500,13.99000000
2018-02-23 11:26:09,0.00353400,2.32000000
2018-02-23 11:26:10,0.00354100,26.56000000
2018-02-23 11:26:10,0.00354000,13.99000000
2018-02-23 11:26:12,0.00353500,13.99000000
2018-02-23 11:26:13,0.00353900,0.90000000
2018-02-23 11:26:13,0.00353400,42.45000000
2018-02-23 11:26:13,0.00353900,13.09000000
2018-02-23 11:26:13,0.00354000,2.32000000
2018-02-23 11:26:13,0.00354100,14.59000000
2018-02-23 11:26:14,0.00353300,20.00000000
2018-02-23 11:26:14,0.00353300,20.00000000
2018-02-23 11:26:14,0.00353300,20.00000000
2018-02-23 11:26:14,0.00353300,10.76000000
2018-02-23 11:26:14,0.00353200,5.66000000
2018-02-23 11:26:14,0.00353300,3.27000000
2018-02-23 11:26:14,0.00353100,16.73000000
2018-02-23 11:26:15,0.00353100,2.26000000
2018-02-23 11:26:15,0.00353000,192.54000000
2018-02-23 11:26:15,0.00352900,1.42000000
2018-02-23 11:26:15,0.00352800,58.37000000
2018-02-23 11:26:15,0.00352700,41.92000000
2018-02-23 11:26:15,0.00353000,8.49000000
2018-02-23 11:26:15,0.00353000,14.89000000
2018-02-23 11:26:15,0.00353000,8.48000000
2018-02-23 11:26:15,0.00353000,2.32000000
2018-02-23 11:26:15,0.00353000,2.49000000
2018-02-23 11:26:15,0.00353000,1.42000000
2018-02-23 11:26:15,0.00353000,2.40000000
2018-02-23 11:26:15,0.00353000,8.49000000
2018-02-23 11:26:15,0.00353000,11.58000000
2018-02-23 11:26:15,0.00353000,5.77000000
2018-02-23 11:26:15,0.00352900,1.12000000
2018-02-23 11:26:15,0.00353000,5.77000000
2018-02-23 11:26:15,0.00353000,285.46000000
2018-02-23 11:26:15,0.00353000,7.70000000
2018-02-23 11:26:16,0.00352900,1.13000000
2018-02-23 11:26:16,0.00353000,8.13000000
2018-02-23 11:26:16,0.00353000,7.44000000
2018-02-23 11:26:16,0.00353000,14.49000000
2018-02-23 11:26:16,0.00353000,9.50000000
2018-02-23 11:26:16,0.00352900,1.72000000
2018-02-23 11:26:16,0.00352900,0.01000000
2018-02-23 11:26:16,0.00352900,8.40000000
2018-02-23 11:26:16,0.00352900,3.86000000
2018-02-23 11:26:16,0.00353000,35.17000000
2018-02-23 11:26:16,0.00353000,14.10000000
2018-02-23 11:26:16,0.00353000,2.23000000
2018-02-23 11:26:16,0.00353000,7.92000000
2018-02-23 11:26:16,0.00353000,27.90000000
2018-02-23 11:26:17,0.00353700,2.32000000
2018-02-23 11:26:17,0.00353900,3.27000000
2018-02-23 11:26:17,0.00354000,65.16000000
2018-02-23 11:26:17,0.00353500,8.01000000
2018-02-23 11:26:17,0.00353900,5.66000000
2018-02-23 11:26:17,0.00354000,5.60000000
2018-02-23 11:26:17,0.00354100,18.74000000
2018-02-23 11:26:18,0.00353100,13.99000000
2018-02-23 11:26:18,0.00354100,70.76000000
2018-02-23 11:26:20,0.00353400,5.65000000
2018-02-23 11:26:20,0.00353300,2.32000000
2018-02-23 11:26:20,0.00353200,25.01000000
2018-02-23 11:26:20,0.00353200,17.44000000
2018-02-23 11:26:20,0.00353100,47.77000000
2018-02-23 11:26:20,0.00353600,1.13000000
2018-02-23 11:26:20,0.00353800,12.97000000
2018-02-23 11:26:20,0.00353800,12.04000000
2018-02-23 11:26:20,0.00353900,15.00000000
2018-02-23 11:26:20,0.00353900,3.26000000
2018-02-23 11:26:21,0.00353500,14.10000000
2018-02-23 11:26:21,0.00353500,13.88000000
2018-02-23 11:26:21,0.00353700,2.32000000
2018-02-23 11:26:21,0.00353900,10.84000000
2018-02-23 11:26:21,0.00353000,58.63000000
2018-02-23 11:26:21,0.00353700,2.32000000
2018-02-23 11:26:22,0.00353700,3.33000000
