DATE,PRICE,VOLUME
2018-02-24 02:00:01,0.00364400,0.66000000
2018-02-24 02:00:01,0.00364600,41.15000000
2018-02-24 02:00:02,0.00364600,0.39000000
2018-02-24 02:00:02,0.00364400,0.61000000
2018-02-24 02:00:02,0.00364300,0.31000000
2018-02-24 02:00:02,0.00364200,7.08000000
2018-02-24 02:00:03,0.00364200,2.84000000
2018-02-24 02:00:05,0.00364600,178.43000000
2018-02-24 02:00:05,0.00364600,1.84000000
2018-02-24 02:00:05,0.00364600,4.83000000
2018-02-24 02:00:05,0.00364600,8.22000000
2018-02-24 02:00:05,0.00364600,4.59000000
2018-02-24 02:00:05,0.00364600,3.99000000
2018-02-24 02:00:06,0.00364600,8.22000000
2018-02-24 02:00:06,0.00364600,13.76000000
2018-02-24 02:00:06,0.00364600,5.11000000
2018-02-24 02:00:06,0.00364600,1.31000000
2018-02-24 02:00:06,0.00364200,8.00000000
2018-02-24 02:00:06,0.00364200,0.80000000
2018-02-24 02:00:06,0.00364200,80.06000000
2018-02-24 02:00:06,0.00364300,2.85000000
2018-02-24 02:00:06,0.00364200,46.33000000
2018-02-24 02:00:08,0.00364700,19.00000000
2018-02-24 02:00:08,0.00364200,19.22000000
2018-02-24 02:00:08,0.00364200,1.62000000
2018-02-24 02:00:08,0.00364200,1.78000000
2018-02-24 02:00:08,0.00364200,0.66000000
2018-02-24 02:00:09,0.00364200,231.71000000
2018-02-24 02:00:09,0.00364600,2.16000000
2018-02-24 02:00:09,0.00364700,9.37000000
2018-02-24 02:00:09,0.00364800,12.21000000
2018-02-24 02:00:09,0.00364900,4.26000000
2018-02-24 02:00:10,0.00364200,4.07000000
2018-02-24 02:00:10,0.00364900,8.00000000
2018-02-24 02:00:10,0.00364900,2.00000000
2018-02-24 02:00:11,0.00364200,0.72000000
2018-02-24 02:00:11,0.00364600,2.16000000
2018-02-24 02:00:12,0.00364200,2.00000000
2018-02-24 02:00:12,0.00364300,2.85000000
2018-02-24 02:00:12,0.00364200,95.18000000
2018-02-24 02:00:14,0.00364200,0.66000000
2018-02-24 02:00:14,0.00364200,0.35000000
2018-02-24 02:00:14,0.00364200,63.15000000
2018-02-24 02:00:14,0.00364200,0.61000000
2018-02-24 02:00:16,0.00364700,1.65000000
2018-02-24 02:00:16,0.00364800,0.10000000
2018-02-24 02:00:16,0.00364200,0.66000000
2018-02-24 02:00:17,0.00364300,2.52000000
2018-02-24 02:00:17,0.00364300,7.90000000
2018-02-24 02:00:17,0.00364200,47.33000000
2018-02-24 02:00:18,0.00364200,25.00000000
2018-02-24 02:00:19,0.00364200,2.00000000
2018-02-24 02:00:19,0.00364200,2.63000000
2018-02-24 02:00:20,0.00364400,1.34000000
2018-02-24 02:00:20,0.00364200,135.94000000
2018-02-24 02:00:23,0.00364400,0.73000000
2018-02-24 02:00:23,0.00364500,23.80000000
2018-02-24 02:00:23,0.00364600,19.22000000
2018-02-24 02:00:23,0.00364800,52.24000000
2018-02-24 02:00:23,0.00364900,1.11000000
2018-02-24 02:00:23,0.00365000,2.90000000
2018-02-24 02:00:23,0.00364200,22.63000000
2018-02-24 02:00:24,0.00364200,0.66000000
2018-02-24 02:00:24,0.00364200,2.80000000
2018-02-24 02:00:25,0.00364300,0.31000000
2018-02-24 02:00:26,0.00364300,10.97000000
2018-02-24 02:00:27,0.00364300,4.07000000
2018-02-24 02:00:28,0.00364300,3.20000000
2018-02-24 02:00:28,0.00364300,1.00000000
2018-02-24 02:00:29,0.00364700,4.20000000
2018-02-24 02:00:29,0.00364400,20.24000000
2018-02-24 02:00:30,0.00364600,15.25000000
2018-02-24 02:00:30,0.00364600,4.30000000
2018-02-24 02:00:30,0.00364700,16.76000000
2018-02-24 02:00:30,0.00364800,10.41000000
2018-02-24 02:00:30,0.00364900,9.65000000
2018-02-24 02:00:30,0.00364900,0.36000000
2018-02-24 02:00:32,0.00364400,1.08000000
2018-02-24 02:00:32,0.00364400,13.72000000
2018-02-24 02:00:33,0.00364400,11.00000000
2018-02-24 02:00:35,0.00364400,22.51000000
2018-02-24 02:00:35,0.00364400,0.84000000
2018-02-24 02:00:35,0.00364300,3.23000000
2018-02-24 02:00:36,0.00364400,6.15000000
2018-02-24 02:00:37,0.00364400,0.64000000
2018-02-24 02:00:37,0.00364400,1.66000000
2018-02-24 02:00:38,0.00364400,1.85000000
2018-02-24 02:00:38,0.00364400,0.11000000
2018-02-24 02:00:40,0.00364300,0.57000000
2018-02-24 02:00:41,0.00364300,4.07000000
2018-02-24 02:00:42,0.00364300,0.66000000
2018-02-24 02:00:43,0.00364300,0.75000000
2018-02-24 02:00:43,0.00364300,1.00000000
2018-02-24 02:00:44,0.00364300,8.92000000
2018-02-24 02:00:44,0.00364300,0.66000000
2018-02-24 02:00:45,0.00364300,137.24000000
2018-02-24 02:00:46,0.00364300,2.25000000
2018-02-24 02:00:46,0.00364400,3.44000000
2018-02-24 02:00:46,0.00364400,7.00000000
2018-02-24 02:00:46,0.00364400,4.41000000
2018-02-24 02:00:47,0.00364400,1.00000000
2018-02-24 02:00:47,0.00364400,0.58000000
2018-02-24 02:00:47,0.00364400,8.42000000
2018-02-24 02:00:47,0.00364400,4.07000000
2018-02-24 02:00:49,0.00364500,2.85000000
2018-02-24 02:00:49,0.00364800,1.62000000
2018-02-24 02:00:49,0.00364500,2.37000000
2018-02-24 02:00:50,0.00364500,13.76000000
2018-02-24 02:00:50,0.00364500,5.00000000
2018-02-24 02:00:50,0.00364500,5.45000000
2018-02-24 02:00:50,0.00364500,1.00000000
2018-02-24 02:00:51,0.00364500,11.75000000
2018-02-24 02:00:51,0.00364500,0.01000000
2018-02-24 02:00:51,0.00364400,5.47000000
2018-02-24 02:00:52,0.00364400,27.44000000
2018-02-24 02:00:52,0.00364400,5.90000000
2018-02-24 02:00:54,0.00364400,1.00000000
2018-02-24 02:00:54,0.00364500,8.47000000
2018-02-24 02:00:54,0.00364500,0.81000000
2018-02-24 02:00:54,0.00364600,13.23000000
2018-02-24 02:00:54,0.00364500,7.95000000
2018-02-24 02:00:54,0.00364400,21.70000000
2018-02-24 02:00:56,0.00364600,6.33000000
2018-02-24 02:00:56,0.00364400,0.30000000
2018-02-24 02:00:57,0.00364400,4.81000000
2018-02-24 02:00:58,0.00364400,8.23000000
2018-02-24 02:00:59,0.00364600,5.50000000
2018-02-24 02:00:59,0.00364700,4.87000000
2018-02-24 02:00:59,0.00364800,190.63000000
2018-02-24 02:00:59,0.00364400,1.00000000
2018-02-24 02:01:00,0.00364400,4.46000000
2018-02-24 02:01:01,0.00364400,6.61000000
2018-02-24 02:01:02,0.00364700,1.65000000
2018-02-24 02:01:02,0.00364800,39.49000000
2018-02-24 02:01:02,0.00364800,0.36000000
2018-02-24 02:01:02,0.00364600,2.02000000
2018-02-24 02:01:03,0.00364600,0.34000000
2018-02-24 02:01:03,0.00364600,1.62000000
2018-02-24 02:01:03,0.00364400,0.57000000
2018-02-24 02:01:03,0.00364400,1.62000000
2018-02-24 02:01:03,0.00364800,166.79000000
2018-02-24 02:01:03,0.00364900,172.12000000
2018-02-24 02:01:03,0.00365000,1049.66000000
2018-02-24 02:01:04,0.00364800,9.68000000
2018-02-24 02:01:04,0.00364800,4.37000000
2018-02-24 02:01:04,0.00364800,38.41000000
2018-02-24 02:01:04,0.00364800,23.93000000
2018-02-24 02:01:04,0.00364900,1.09000000
2018-02-24 02:01:04,0.00365000,208.91000000
2018-02-24 02:01:04,0.00364800,6.94000000
2018-02-24 02:01:04,0.00365000,239.83000000
2018-02-24 02:01:05,0.00364800,47.38000000
2018-02-24 02:01:05,0.00364800,4.70000000
2018-02-24 02:01:05,0.00365000,11.37000000
2018-02-24 02:01:05,0.00364800,59.10000000
2018-02-24 02:01:06,0.00365000,209.26000000
2018-02-24 02:01:06,0.00364800,1.00000000
2018-02-24 02:01:06,0.00364800,1.61000000
2018-02-24 02:01:07,0.00365000,86.48000000
2018-02-24 02:01:07,0.00365000,13.27000000
2018-02-24 02:01:08,0.00365000,73.72000000
2018-02-24 02:01:08,0.00365000,1.27000000
2018-02-24 02:01:08,0.00365000,14.96000000
2018-02-24 02:01:08,0.00365000,27.51000000
2018-02-24 02:01:08,0.00365000,11.63000000
2018-02-24 02:01:09,0.00365000,14.96000000
2018-02-24 02:01:09,0.00365000,27.51000000
2018-02-24 02:01:09,0.00365000,8.76000000
2018-02-24 02:01:09,0.00365000,17.34000000
2018-02-24 02:01:09,0.00365000,0.37000000
2018-02-24 02:01:09,0.00365000,13.74000000
2018-02-24 02:01:09,0.00365000,27.51000000
2018-02-24 02:01:09,0.00365000,3.71000000
2018-02-24 02:01:09,0.00365000,14.96000000
2018-02-24 02:01:10,0.00365000,14.96000000
2018-02-24 02:01:10,0.00365000,11.63000000
2018-02-24 02:01:11,0.00365000,45.56000000
2018-02-24 02:01:11,0.00365000,14.48000000
2018-02-24 02:01:11,0.00365000,37.58000000
2018-02-24 02:01:11,0.00365000,14.48000000
2018-02-24 02:01:11,0.00365000,0.02000000
2018-02-24 02:01:11,0.00365000,43.83000000
2018-02-24 02:01:12,0.00365000,0.82000000
2018-02-24 02:01:12,0.00365000,3.62000000
2018-02-24 02:01:13,0.00365000,1.27000000
2018-02-24 02:01:13,0.00365100,22.99000000
2018-02-24 02:01:14,0.00365100,0.66000000
2018-02-24 02:01:15,0.00365100,16.00000000
2018-02-24 02:01:15,0.00365100,13.74000000
2018-02-24 02:01:16,0.00365100,4.15000000
2018-02-24 02:01:16,0.00365100,1.52000000
2018-02-24 02:01:16,0.00365100,22.13000000
2018-02-24 02:01:16,0.00365100,13.74000000
2018-02-24 02:01:17,0.00365100,10.56000000
2018-02-24 02:01:17,0.00365100,0.76000000
2018-02-24 02:01:17,0.00365100,65.73000000
2018-02-24 02:01:17,0.00365200,9.20000000
2018-02-24 02:01:17,0.00365100,31.82000000
2018-02-24 02:01:17,0.00365000,55.98000000
2018-02-24 02:01:17,0.00365200,0.90000000
2018-02-24 02:01:17,0.00365200,10.13000000
2018-02-24 02:01:19,0.00365000,22.62000000
2018-02-24 02:01:19,0.00365000,8.20000000
2018-02-24 02:01:19,0.00365000,8.21000000
2018-02-24 02:01:19,0.00365200,0.14000000
2018-02-24 02:01:20,0.00365000,16.33000000
2018-02-24 02:01:20,0.00365000,4.45000000
2018-02-24 02:01:20,0.00365000,1.55000000
2018-02-24 02:01:21,0.00365200,25.45000000
2018-02-24 02:01:21,0.00365200,1.54000000
2018-02-24 02:01:21,0.00365000,2.00000000
2018-02-24 02:01:22,0.00365000,4.15000000
2018-02-24 02:01:22,0.00365000,36.40000000
2018-02-24 02:01:22,0.00365000,2.39000000
2018-02-24 02:01:23,0.00365000,5.47000000
2018-02-24 02:01:23,0.00365100,26.06000000
2018-02-24 02:01:23,0.00365000,7.64000000
2018-02-24 02:01:25,0.00365000,4.97000000
2018-02-24 02:01:25,0.00365100,41.09000000
2018-02-24 02:01:27,0.00365000,8.44000000
2018-02-24 02:01:27,0.00365100,13.68000000
2018-02-24 02:01:28,0.00365000,3.87000000
2018-02-24 02:01:28,0.00365000,31.75000000
2018-02-24 02:01:29,0.00365000,57.53000000
2018-02-24 02:01:29,0.00365100,27.64000000
2018-02-24 02:01:31,0.00365100,10.00000000
2018-02-24 02:01:31,0.00365100,1.90000000
2018-02-24 02:01:31,0.00365000,8.09000000
2018-02-24 02:01:31,0.00365200,12.64000000
2018-02-24 02:01:31,0.00365200,0.63000000
2018-02-24 02:01:31,0.00365300,2.19000000
2018-02-24 02:01:31,0.00365400,38.24000000
2018-02-24 02:01:31,0.00365000,5.91000000
2018-02-24 02:01:31,0.00365400,0.37000000
2018-02-24 02:01:33,0.00365100,8.57000000
2018-02-24 02:01:33,0.00365400,42.93000000
2018-02-24 02:01:33,0.00365500,187.72000000
2018-02-24 02:01:33,0.00365300,1.09000000
2018-02-24 02:01:34,0.00365400,9.02000000
2018-02-24 02:01:34,0.00365400,0.02000000
2018-02-24 02:01:34,0.00365100,2.64000000
2018-02-24 02:01:34,0.00365500,20.14000000
2018-02-24 02:01:34,0.00365100,1.44000000
2018-02-24 02:01:34,0.00365000,1.31000000
2018-02-24 02:01:36,0.00365000,210.00000000
2018-02-24 02:01:36,0.00365100,2.94000000
2018-02-24 02:01:36,0.00365500,0.79000000
2018-02-24 02:01:37,0.00365500,9.17000000
2018-02-24 02:01:37,0.00365500,29.35000000
2018-02-24 02:01:37,0.00365500,57.32000000
2018-02-24 02:01:37,0.00365500,5.07000000
2018-02-24 02:01:37,0.00365500,1.78000000
2018-02-24 02:01:38,0.00365500,26.42000000
2018-02-24 02:01:38,0.00365500,2.01000000
2018-02-24 02:01:38,0.00365500,119.92000000
2018-02-24 02:01:38,0.00365500,1.03000000
2018-02-24 02:01:38,0.00365500,38.62000000
2018-02-24 02:01:38,0.00365500,0.99000000
2018-02-24 02:01:39,0.00365500,1.71000000
2018-02-24 02:01:39,0.00365500,0.66000000
2018-02-24 02:01:40,0.00365500,13.74000000
2018-02-24 02:01:41,0.00365500,21.88000000
2018-02-24 02:01:42,0.00365500,119.91000000
2018-02-24 02:01:42,0.00365500,7.95000000
2018-02-24 02:01:43,0.00365500,0.66000000
2018-02-24 02:01:43,0.00365600,16.71000000
2018-02-24 02:01:45,0.00365500,8.90000000
2018-02-24 02:01:45,0.00365500,13.74000000
2018-02-24 02:01:45,0.00365500,22.57000000
2018-02-24 02:01:46,0.00365500,0.30000000
2018-02-24 02:01:47,0.00365500,3.14000000
2018-02-24 02:01:47,0.00365500,2.37000000
2018-02-24 02:01:47,0.00365500,5.97000000
2018-02-24 02:01:47,0.00365500,8.00000000
2018-02-24 02:01:48,0.00365500,15.53000000
2018-02-24 02:01:48,0.00365500,150.24000000
2018-02-24 02:01:48,0.00365300,23.83000000
2018-02-24 02:01:49,0.00365200,2.85000000
2018-02-24 02:01:49,0.00365100,2.73000000
2018-02-24 02:01:49,0.00365000,3.86000000
2018-02-24 02:01:49,0.00365500,33.84000000
2018-02-24 02:01:49,0.00365600,0.48000000
2018-02-24 02:01:49,0.00365600,23.83000000
2018-02-24 02:01:50,0.00365600,56.80000000
2018-02-24 02:01:50,0.00365600,7.48000000
2018-02-24 02:01:51,0.00365600,1.71000000
2018-02-24 02:01:51,0.00365600,202.94000000
2018-02-24 02:01:52,0.00365600,8.52000000
2018-02-24 02:01:52,0.00365500,11.93000000
2018-02-24 02:01:52,0.00365500,1.61000000
2018-02-24 02:01:52,0.00365600,1.36000000
2018-02-24 02:01:52,0.00365600,4.01000000
2018-02-24 02:01:52,0.00365500,122.04000000
2018-02-24 02:01:53,0.00365500,2.73000000
2018-02-24 02:01:53,0.00365500,102.82000000
2018-02-24 02:01:53,0.00365200,2.85000000
2018-02-24 02:01:53,0.00365100,20.38000000
2018-02-24 02:01:54,0.00365100,5.82000000
2018-02-24 02:01:54,0.00365000,9.97000000
2018-02-24 02:01:55,0.00365100,0.51000000
2018-02-24 02:01:55,0.00365100,6.40000000
2018-02-24 02:01:56,0.00365100,3.09000000
2018-02-24 02:01:56,0.00365000,0.11000000
2018-02-24 02:01:57,0.00365000,3.87000000
2018-02-24 02:01:58,0.00365000,0.81000000
2018-02-24 02:01:58,0.00365000,53.49000000
2018-02-24 02:01:58,0.00365000,1.38000000
2018-02-24 02:01:59,0.00365000,43.83000000
2018-02-24 02:01:59,0.00365000,5.47000000
2018-02-24 02:02:00,0.00365000,1.39000000
2018-02-24 02:02:00,0.00365000,1.00000000
2018-02-24 02:02:01,0.00365400,23.74000000
2018-02-24 02:02:01,0.00365500,17.34000000
2018-02-24 02:02:01,0.00365000,19.42000000
2018-02-24 02:02:01,0.00365500,0.36000000
2018-02-24 02:02:01,0.00365000,0.81000000
2018-02-24 02:02:02,0.00365000,7.86000000
2018-02-24 02:02:02,0.00365000,54.28000000
2018-02-24 02:02:02,0.00365000,11.00000000
2018-02-24 02:02:04,0.00365000,10.00000000
2018-02-24 02:02:04,0.00364900,0.30000000
2018-02-24 02:02:05,0.00364900,2.40000000
2018-02-24 02:02:05,0.00364800,27.41000000
2018-02-24 02:02:05,0.00364800,4.90000000
2018-02-24 02:02:06,0.00364900,10.00000000
2018-02-24 02:02:06,0.00364800,0.61000000
2018-02-24 02:02:07,0.00364900,53.90000000
2018-02-24 02:02:07,0.00364800,2.63000000
2018-02-24 02:02:07,0.00364800,3.88000000
2018-02-24 02:02:07,0.00364800,1.85000000
2018-02-24 02:02:08,0.00364800,9.75000000
2018-02-24 02:02:08,0.00364800,2.28000000
2018-02-24 02:02:08,0.00364800,1.56000000
2018-02-24 02:02:08,0.00364700,11.32000000
2018-02-24 02:02:08,0.00364700,5.41000000
2018-02-24 02:02:09,0.00364700,23.78000000
2018-02-24 02:02:09,0.00364700,41.64000000
2018-02-24 02:02:09,0.00364700,4.69000000
2018-02-24 02:02:09,0.00364700,3.74000000
2018-02-24 02:02:10,0.00364700,1.08000000
2018-02-24 02:02:10,0.00364600,0.93000000
2018-02-24 02:02:10,0.00364600,0.42000000
2018-02-24 02:02:11,0.00364700,3.47000000
2018-02-24 02:02:11,0.00364700,17.96000000
2018-02-24 02:02:11,0.00364700,8.22000000
2018-02-24 02:02:11,0.00364500,6.22000000
2018-02-24 02:02:11,0.00364500,5.48000000
2018-02-24 02:02:11,0.00364700,8.22000000
2018-02-24 02:02:11,0.00364700,8.22000000
2018-02-24 02:02:11,0.00364700,8.21000000
2018-02-24 02:02:11,0.00364700,0.71000000
2018-02-24 02:02:11,0.00364700,8.22000000
2018-02-24 02:02:11,0.00364700,3.31000000
2018-02-24 02:02:11,0.00364500,8.22000000
2018-02-24 02:02:12,0.00364700,2.47000000
2018-02-24 02:02:12,0.00364500,41.27000000
2018-02-24 02:02:13,0.00364500,1.08000000
2018-02-24 02:02:13,0.00364600,0.78000000
2018-02-24 02:02:14,0.00364600,5.11000000
2018-02-24 02:02:14,0.00364600,5.11000000
2018-02-24 02:02:14,0.00364500,5.11000000
2018-02-24 02:02:14,0.00364500,7.01000000
2018-02-24 02:02:15,0.00364500,9.53000000
2018-02-24 02:02:15,0.00364400,25.00000000
2018-02-24 02:02:15,0.00364300,103.18000000
2018-02-24 02:02:16,0.00364500,4.94000000
2018-02-24 02:02:17,0.00364300,2.85000000
2018-02-24 02:02:17,0.00364200,3.13000000
2018-02-24 02:02:18,0.00364200,20.23000000
2018-02-24 02:02:18,0.00364200,8.21000000
2018-02-24 02:02:18,0.00364200,8.22000000
2018-02-24 02:02:18,0.00364200,8.46000000
2018-02-24 02:02:18,0.00364200,41.99000000
2018-02-24 02:02:18,0.00364200,30.80000000
2018-02-24 02:02:18,0.00364200,84.06000000
2018-02-24 02:02:18,0.00364200,2.85000000
2018-02-24 02:02:19,0.00364100,1.27000000
2018-02-24 02:02:19,0.00364200,58.12000000
2018-02-24 02:02:19,0.00364400,11.37000000
2018-02-24 02:02:19,0.00364500,15.03000000
2018-02-24 02:02:19,0.00364600,30.91000000
2018-02-24 02:02:19,0.00364700,28.37000000
2018-02-24 02:02:20,0.00364700,95.10000000
2018-02-24 02:02:20,0.00364700,3.57000000
2018-02-24 02:02:20,0.00364700,57.91000000
2018-02-24 02:02:22,0.00364200,23.77000000
2018-02-24 02:02:23,0.00364100,0.10000000
2018-02-24 02:02:23,0.00364100,21.97000000
2018-02-24 02:02:23,0.00364100,2.33000000
2018-02-24 02:02:24,0.00364200,0.50000000
2018-02-24 02:02:24,0.00364200,8.22000000
2018-02-24 02:02:24,0.00364200,20.69000000
2018-02-24 02:02:24,0.00364100,0.84000000
2018-02-24 02:02:24,0.00364500,8.22000000
2018-02-24 02:02:24,0.00364500,8.22000000
2018-02-24 02:02:25,0.00364500,7.33000000
2018-02-24 02:02:25,0.00364600,17.06000000
2018-02-24 02:02:25,0.00364600,7.33000000
2018-02-24 02:02:25,0.00364100,17.21000000
2018-02-24 02:02:25,0.00364000,37.47000000
2018-02-24 02:02:25,0.00363900,1.09000000
2018-02-24 02:02:25,0.00363800,12.85000000
2018-02-24 02:02:25,0.00363500,7.36000000
2018-02-24 02:02:25,0.00363500,6.60000000
2018-02-24 02:02:28,0.00364600,0.40000000
2018-02-24 02:02:28,0.00364100,0.56000000
2018-02-24 02:02:28,0.00364500,8.22000000
2018-02-24 02:02:29,0.00364100,0.63000000
2018-02-24 02:02:29,0.00364000,1.37000000
2018-02-24 02:02:29,0.00364500,8.22000000
2018-02-24 02:02:29,0.00364500,1.61000000
2018-02-24 02:02:29,0.00364600,8.22000000
2018-02-24 02:02:29,0.00364600,17.21000000
2018-02-24 02:02:29,0.00364000,2.85000000
2018-02-24 02:02:31,0.00363700,126.02000000
2018-02-24 02:02:31,0.00363700,2.96000000
2018-02-24 02:02:31,0.00363600,10.79000000
2018-02-24 02:02:31,0.00364500,8.22000000
2018-02-24 02:02:31,0.00364400,8.22000000
2018-02-24 02:02:31,0.00363700,2.50000000
2018-02-24 02:02:31,0.00363600,22.90000000
2018-02-24 02:02:31,0.00363500,15.33000000
2018-02-24 02:02:31,0.00364400,2.57000000
2018-02-24 02:02:32,0.00364500,8.21000000
2018-02-24 02:02:32,0.00364500,4.83000000
2018-02-24 02:02:32,0.00364500,8.22000000
2018-02-24 02:02:32,0.00364500,55.52000000
2018-02-24 02:02:32,0.00364600,8.22000000
2018-02-24 02:02:32,0.00363500,8.52000000
2018-02-24 02:02:32,0.00363400,9.48000000
2018-02-24 02:02:32,0.00363400,336.99000000
2018-02-24 02:02:32,0.00363400,4.23000000
2018-02-24 02:02:32,0.00363400,0.69000000
2018-02-24 02:02:32,0.00363400,49.00000000
2018-02-24 02:02:32,0.00363400,0.69000000
2018-02-24 02:02:32,0.00363400,0.68000000
2018-02-24 02:02:32,0.00363400,2.00000000
2018-02-24 02:02:32,0.00363400,1.99000000
2018-02-24 02:02:32,0.00363300,0.69000000
2018-02-24 02:02:33,0.00363400,31.24000000
2018-02-24 02:02:33,0.00363300,1.99000000
2018-02-24 02:02:33,0.00364500,2.74000000
2018-02-24 02:02:33,0.00363300,1.37000000
2018-02-24 02:02:33,0.00363300,15.31000000
2018-02-24 02:02:34,0.00363500,2.85000000
2018-02-24 02:02:34,0.00363400,1.89000000
2018-02-24 02:02:35,0.00363400,29.70000000
2018-02-24 02:02:35,0.00363300,27.88000000
2018-02-24 02:02:35,0.00363300,5.30000000
2018-02-24 02:02:36,0.00363400,2.82000000
2018-02-24 02:02:37,0.00363400,0.03000000
2018-02-24 02:02:37,0.00363300,2.78000000
2018-02-24 02:02:37,0.00363300,2.81000000
2018-02-24 02:02:37,0.00363300,2.81000000
2018-02-24 02:02:38,0.00363300,8.25000000
2018-02-24 02:02:38,0.00363400,0.81000000
2018-02-24 02:02:38,0.00363400,0.12000000
2018-02-24 02:02:38,0.00363300,2.69000000
2018-02-24 02:02:39,0.00363300,1.46000000
2018-02-24 02:02:39,0.00363300,0.68000000
2018-02-24 02:02:39,0.00363300,16.64000000
2018-02-24 02:02:40,0.00363800,23.34000000
2018-02-24 02:02:41,0.00363400,3.07000000
2018-02-24 02:02:41,0.00363400,0.81000000
2018-02-24 02:02:42,0.00363400,0.69000000
2018-02-24 02:02:42,0.00363400,1.01000000
2018-02-24 02:02:42,0.00363400,2.82000000
2018-02-24 02:02:43,0.00363400,11.40000000
2018-02-24 02:02:43,0.00363800,3.25000000
2018-02-24 02:02:44,0.00363800,2.82000000
2018-02-24 02:02:44,0.00363800,1.10000000
2018-02-24 02:02:44,0.00363800,2.82000000
2018-02-24 02:02:44,0.00363800,2.80000000
2018-02-24 02:02:44,0.00363800,3.35000000
2018-02-24 02:02:44,0.00363500,5.13000000
2018-02-24 02:02:44,0.00363500,0.81000000
2018-02-24 02:02:45,0.00363500,2.82000000
2018-02-24 02:02:45,0.00363500,2.82000000
2018-02-24 02:02:45,0.00363500,2.81000000
2018-02-24 02:02:45,0.00363500,2.82000000
2018-02-24 02:02:46,0.00363500,2.81000000
2018-02-24 02:02:46,0.00363500,2.81000000
2018-02-24 02:02:46,0.00363500,2.82000000
2018-02-24 02:02:47,0.00363500,2.94000000
2018-02-24 02:02:47,0.00363500,2.82000000
2018-02-24 02:02:47,0.00363500,8.24000000
2018-02-24 02:02:47,0.00363500,2.81000000
2018-02-24 02:02:47,0.00363500,2.81000000
2018-02-24 02:02:47,0.00363500,5.64000000
2018-02-24 02:02:48,0.00363500,2.81000000
2018-02-24 02:02:48,0.00363500,2.80000000
2018-02-24 02:02:48,0.00363500,1.08000000
2018-02-24 02:02:49,0.00363500,1.37000000
2018-02-24 02:02:49,0.00363500,9.78000000
2018-02-24 02:02:49,0.00363700,3.04000000
2018-02-24 02:02:49,0.00363500,2.80000000
2018-02-24 02:02:50,0.00363600,1.01000000
2018-02-24 02:02:50,0.00363700,3.04000000
2018-02-24 02:02:50,0.00363600,15.40000000
2018-02-24 02:02:51,0.00363600,2.80000000
2018-02-24 02:02:51,0.00363600,20.82000000
2018-02-24 02:02:52,0.00363500,0.64000000
2018-02-24 02:02:52,0.00363700,36.37000000
2018-02-24 02:02:52,0.00363800,31.06000000
2018-02-24 02:02:52,0.00363500,22.00000000
2018-02-24 02:02:53,0.00363800,17.61000000
2018-02-24 02:02:56,0.00363500,1.30000000
2018-02-24 02:02:57,0.00363500,26.04000000
2018-02-24 02:02:57,0.00363500,2.00000000
2018-02-24 02:02:57,0.00363500,0.85000000
2018-02-24 02:02:58,0.00363500,5.21000000
2018-02-24 02:02:59,0.00363500,1.67000000
2018-02-24 02:03:00,0.00363800,78.19000000
2018-02-24 02:03:00,0.00363600,0.32000000
2018-02-24 02:03:01,0.00363600,6.68000000
2018-02-24 02:03:01,0.00363500,4.56000000
2018-02-24 02:03:01,0.00363500,0.85000000
2018-02-24 02:03:03,0.00363900,2.85000000
2018-02-24 02:03:03,0.00364000,8.23000000
2018-02-24 02:03:03,0.00364000,2.02000000
2018-02-24 02:03:03,0.00364000,0.30000000
2018-02-24 02:03:03,0.00364000,2.02000000
2018-02-24 02:03:03,0.00363500,2.00000000
2018-02-24 02:03:03,0.00363500,12.87000000
2018-02-24 02:03:04,0.00363500,16.50000000
2018-02-24 02:03:05,0.00363500,1.12000000
2018-02-24 02:03:06,0.00363900,7.14000000
2018-02-24 02:03:07,0.00363900,0.82000000
2018-02-24 02:03:08,0.00363500,2.74000000
2018-02-24 02:03:08,0.00363400,11.05000000
2018-02-24 02:03:08,0.00363900,1.65000000
2018-02-24 02:03:13,0.00363500,0.32000000
2018-02-24 02:03:14,0.00363600,32.74000000
2018-02-24 02:03:14,0.00363500,36.03000000
2018-02-24 02:03:15,0.00363500,57.00000000
2018-02-24 02:03:17,0.00363900,58.24000000
2018-02-24 02:03:18,0.00364100,0.45000000
2018-02-24 02:03:20,0.00363900,13.74000000
2018-02-24 02:03:22,0.00363900,1.01000000
2018-02-24 02:03:25,0.00363900,3.88000000
2018-02-24 02:03:27,0.00364000,54.88000000
2018-02-24 02:03:28,0.00364200,4.09000000
2018-02-24 02:03:28,0.00364000,1.92000000
2018-02-24 02:03:28,0.00364000,0.47000000
2018-02-24 02:03:29,0.00364000,0.88000000
2018-02-24 02:03:32,0.00364200,137.28000000
2018-02-24 02:03:34,0.00364200,352.94000000
2018-02-24 02:03:36,0.00364000,33.44000000
2018-02-24 02:03:37,0.00364000,3.72000000
2018-02-24 02:03:37,0.00363900,22.51000000
2018-02-24 02:03:37,0.00363700,95.00000000
2018-02-24 02:03:37,0.00363500,4.39000000
2018-02-24 02:03:38,0.00363500,125.62000000
2018-02-24 02:03:39,0.00363500,67.49000000
2018-02-24 02:03:39,0.00363400,13.74000000
2018-02-24 02:03:40,0.00363500,3.72000000
2018-02-24 02:03:40,0.00363900,2.85000000
2018-02-24 02:03:43,0.00364100,15.03000000
2018-02-24 02:03:43,0.00364100,39.22000000
2018-02-24 02:03:43,0.00364200,201.90000000
2018-02-24 02:03:43,0.00364200,0.46000000
2018-02-24 02:03:45,0.00364000,8.24000000
2018-02-24 02:03:45,0.00364000,8.60000000
2018-02-24 02:03:45,0.00364200,33.99000000
2018-02-24 02:03:47,0.00364200,1.88000000
2018-02-24 02:03:47,0.00364200,2.74000000
2018-02-24 02:03:47,0.00364200,20.00000000
2018-02-24 02:03:50,0.00364200,7.24000000
2018-02-24 02:03:50,0.00364000,5.18000000
2018-02-24 02:03:50,0.00364100,30.00000000
2018-02-24 02:03:50,0.00364200,244.85000000
2018-02-24 02:03:52,0.00364300,14.64000000
2018-02-24 02:03:52,0.00364600,53.90000000
2018-02-24 02:03:53,0.00364200,0.75000000
2018-02-24 02:03:53,0.00364200,1.45000000
2018-02-24 02:03:53,0.00364200,90.00000000
2018-02-24 02:03:53,0.00364300,8.90000000
2018-02-24 02:03:57,0.00364300,45.54000000
2018-02-24 02:03:57,0.00364200,81.79000000
2018-02-24 02:03:59,0.00364200,6.75000000
2018-02-24 02:04:03,0.00364200,35.28000000
2018-02-24 02:04:04,0.00364600,0.20000000
2018-02-24 02:04:05,0.00364100,85.14000000
2018-02-24 02:04:06,0.00364100,2.61000000
2018-02-24 02:04:11,0.00364100,41.19000000
2018-02-24 02:04:12,0.00364500,0.60000000
2018-02-24 02:04:13,0.00364100,1.22000000
2018-02-24 02:04:14,0.00364200,3.91000000
2018-02-24 02:04:16,0.00364600,15.32000000
2018-02-24 02:04:17,0.00364600,36.91000000
2018-02-24 02:04:17,0.00364700,0.30000000
2018-02-24 02:04:17,0.00364800,15.50000000
2018-02-24 02:04:17,0.00364900,4.87000000
2018-02-24 02:04:17,0.00364700,6.19000000
2018-02-24 02:04:17,0.00364600,1.83000000
2018-02-24 02:04:17,0.00364600,10.38000000
2018-02-24 02:04:17,0.00364600,15.33000000
2018-02-24 02:04:18,0.00364200,0.01000000
2018-02-24 02:04:18,0.00364100,0.42000000
2018-02-24 02:04:18,0.00364000,4.62000000
2018-02-24 02:04:18,0.00364400,15.60000000
2018-02-24 02:04:18,0.00364400,27.54000000
2018-02-24 02:04:18,0.00364400,10.00000000
2018-02-24 02:04:19,0.00364400,27.54000000
2018-02-24 02:04:19,0.00364400,6.84000000
2018-02-24 02:04:20,0.00364800,7.53000000
2018-02-24 02:04:20,0.00364900,19.97000000
2018-02-24 02:04:20,0.00364900,30.00000000
2018-02-24 02:04:22,0.00364900,2.82000000
2018-02-24 02:04:22,0.00365000,92.07000000
2018-02-24 02:04:22,0.00365100,5.11000000
2018-02-24 02:04:22,0.00365100,4.27000000
2018-02-24 02:04:23,0.00365100,4.33000000
2018-02-24 02:04:23,0.00365200,2.49000000
2018-02-24 02:04:23,0.00364400,10.97000000
2018-02-24 02:04:23,0.00365200,30.00000000
2018-02-24 02:04:25,0.00364400,1.74000000
2018-02-24 02:04:25,0.00365000,0.37000000
2018-02-24 02:04:25,0.00365200,1.05000000
2018-02-24 02:04:27,0.00365200,0.42000000
2018-02-24 02:04:28,0.00364400,13.26000000
2018-02-24 02:04:28,0.00364300,4.74000000
2018-02-24 02:04:28,0.00365200,8.60000000
2018-02-24 02:04:29,0.00364300,19.21000000
2018-02-24 02:04:30,0.00365000,2.74000000
2018-02-24 02:04:30,0.00365100,4.75000000
2018-02-24 02:04:30,0.00365200,20.14000000
2018-02-24 02:04:30,0.00364300,3.84000000
2018-02-24 02:04:33,0.00365100,2.73000000
2018-02-24 02:04:35,0.00364400,28.00000000
2018-02-24 02:04:35,0.00364300,109.24000000
2018-02-24 02:04:35,0.00364300,5.28000000
2018-02-24 02:04:36,0.00365100,0.45000000
2018-02-24 02:04:36,0.00365100,0.76000000
2018-02-24 02:04:36,0.00365100,1.87000000
2018-02-24 02:04:36,0.00365100,8.21000000
2018-02-24 02:04:37,0.00365100,19.97000000
2018-02-24 02:04:37,0.00365100,19.97000000
2018-02-24 02:04:37,0.00365100,7.69000000
2018-02-24 02:04:37,0.00365100,4.22000000
2018-02-24 02:04:37,0.00365100,9.81000000
2018-02-24 02:04:37,0.00365100,7.69000000
2018-02-24 02:04:38,0.00365100,1.48000000
2018-02-24 02:04:39,0.00365300,14.34000000
2018-02-24 02:04:40,0.00365100,9.81000000
2018-02-24 02:04:40,0.00365100,0.66000000
2018-02-24 02:04:40,0.00365300,0.44000000
2018-02-24 02:04:43,0.00365100,0.38000000
2018-02-24 02:04:45,0.00364800,1.93000000
2018-02-24 02:04:48,0.00364700,1.03000000
2018-02-24 02:04:48,0.00364800,0.12000000
2018-02-24 02:04:50,0.00364900,0.66000000
2018-02-24 02:04:52,0.00365100,1.21000000
2018-02-24 02:04:52,0.00365100,0.30000000
2018-02-24 02:04:52,0.00365100,5.58000000
2018-02-24 02:04:54,0.00365100,19.72000000
2018-02-24 02:04:54,0.00365000,2.81000000
2018-02-24 02:04:55,0.00365000,0.66000000
2018-02-24 02:04:56,0.00365000,5.83000000
2018-02-24 02:04:56,0.00365000,3.83000000
2018-02-24 02:04:57,0.00365000,3.15000000
2018-02-24 02:04:58,0.00365100,15.96000000
2018-02-24 02:04:58,0.00365400,93.31000000
2018-02-24 02:04:58,0.00365400,4.00000000
2018-02-24 02:04:58,0.00365400,8.21000000
2018-02-24 02:04:58,0.00365400,1.29000000
2018-02-24 02:04:58,0.00365400,55.71000000
2018-02-24 02:04:58,0.00365000,127.42000000
2018-02-24 02:04:59,0.00365000,25.17000000
2018-02-24 02:04:59,0.00365000,11.95000000
2018-02-24 02:05:01,0.00365000,34.56000000
2018-02-24 02:05:05,0.00364700,0.66000000
2018-02-24 02:05:06,0.00364800,0.66000000
2018-02-24 02:05:06,0.00365000,8.06000000
2018-02-24 02:05:08,0.00364700,2.24000000
2018-02-24 02:05:10,0.00364800,1.41000000
2018-02-24 02:05:11,0.00364800,5.48000000
2018-02-24 02:05:12,0.00364800,2.79000000
2018-02-24 02:05:13,0.00364800,2.57000000
2018-02-24 02:05:13,0.00364800,14.66000000
2018-02-24 02:05:13,0.00364900,0.32000000
2018-02-24 02:05:16,0.00364800,0.66000000
2018-02-24 02:05:16,0.00364900,4.34000000
2018-02-24 02:05:16,0.00364700,19.00000000
2018-02-24 02:05:17,0.00364900,2.58000000
2018-02-24 02:05:17,0.00365000,10.29000000
2018-02-24 02:05:17,0.00364800,4.68000000
2018-02-24 02:05:18,0.00364800,42.77000000
2018-02-24 02:05:19,0.00364800,3.75000000
2018-02-24 02:05:21,0.00364900,8.33000000
2018-02-24 02:05:22,0.00364800,1.59000000
2018-02-24 02:05:22,0.00364900,19.67000000
2018-02-24 02:05:22,0.00365000,97.60000000
2018-02-24 02:05:22,0.00365300,2.40000000
2018-02-24 02:05:23,0.00365000,2.73000000
2018-02-24 02:05:24,0.00365000,0.91000000
2018-02-24 02:05:24,0.00365000,0.66000000
2018-02-24 02:05:25,0.00365300,2.50000000
2018-02-24 02:05:26,0.00365300,7.10000000
2018-02-24 02:05:27,0.00365000,1.31000000
2018-02-24 02:05:28,0.00365000,13.84000000
2018-02-24 02:05:29,0.00365100,10.00000000
2018-02-24 02:05:29,0.00365100,10.06000000
2018-02-24 02:05:29,0.00365100,2.73000000
2018-02-24 02:05:29,0.00365000,0.66000000
2018-02-24 02:05:31,0.00365000,2.00000000
2018-02-24 02:05:32,0.00365000,3.00000000
2018-02-24 02:05:32,0.00365000,99.77000000
2018-02-24 02:05:34,0.00365000,0.84000000
2018-02-24 02:05:34,0.00365000,1.26000000
2018-02-24 02:05:35,0.00365000,212.27000000
2018-02-24 02:05:35,0.00364900,8.93000000
2018-02-24 02:05:35,0.00364800,19.26000000
2018-02-24 02:05:35,0.00364600,2.73000000
2018-02-24 02:05:35,0.00365100,7.00000000
2018-02-24 02:05:35,0.00364600,40.68000000
2018-02-24 02:05:35,0.00364600,21.91000000
2018-02-24 02:05:37,0.00364400,0.66000000
2018-02-24 02:05:37,0.00364500,0.76000000
2018-02-24 02:05:38,0.00365000,0.45000000
2018-02-24 02:05:38,0.00364500,1.11000000
2018-02-24 02:05:39,0.00364500,1.74000000
2018-02-24 02:05:39,0.00364400,110.68000000
2018-02-24 02:05:41,0.00364400,2.74000000
2018-02-24 02:05:41,0.00364400,1.92000000
2018-02-24 02:05:42,0.00364500,0.31000000
2018-02-24 02:05:42,0.00364600,2.85000000
2018-02-24 02:05:44,0.00364600,0.66000000
2018-02-24 02:05:44,0.00364600,5.46000000
2018-02-24 02:05:44,0.00365000,13.70000000
2018-02-24 02:05:45,0.00364600,2.50000000
2018-02-24 02:05:50,0.00364900,1.10000000
2018-02-24 02:05:52,0.00364900,0.76000000
2018-02-24 02:05:52,0.00364600,4.63000000
2018-02-24 02:05:53,0.00364600,2.85000000
2018-02-24 02:05:53,0.00364600,3.80000000
2018-02-24 02:05:54,0.00364600,5.12000000
2018-02-24 02:05:55,0.00364600,0.45000000
2018-02-24 02:05:55,0.00364600,2.88000000
2018-02-24 02:05:57,0.00364600,0.75000000
2018-02-24 02:06:00,0.00364300,10.87000000
2018-02-24 02:06:00,0.00364300,2.85000000
2018-02-24 02:06:01,0.00364300,6.56000000
2018-02-24 02:06:06,0.00364300,2.74000000
2018-02-24 02:06:08,0.00364700,2.82000000
2018-02-24 02:06:10,0.00364600,4.13000000
2018-02-24 02:06:15,0.00364400,0.55000000
2018-02-24 02:06:16,0.00364500,2.50000000
2018-02-24 02:06:16,0.00364500,2.00000000
2018-02-24 02:06:16,0.00364600,3.28000000
2018-02-24 02:06:16,0.00364500,0.63000000
2018-02-24 02:06:18,0.00364500,0.65000000
2018-02-24 02:06:19,0.00364600,0.51000000
2018-02-24 02:06:21,0.00364700,0.75000000
2018-02-24 02:06:21,0.00364700,0.31000000
2018-02-24 02:06:22,0.00364700,2.34000000
2018-02-24 02:06:23,0.00364700,1.50000000
2018-02-24 02:06:23,0.00364700,14.39000000
2018-02-24 02:06:25,0.00364800,20.83000000
2018-02-24 02:06:26,0.00364800,9.17000000
2018-02-24 02:06:27,0.00364700,36.59000000
2018-02-24 02:06:29,0.00364700,0.40000000
2018-02-24 02:06:29,0.00364700,3.86000000
2018-02-24 02:06:30,0.00364800,1.89000000
2018-02-24 02:06:31,0.00364700,100.00000000
2018-02-24 02:06:33,0.00364700,1.22000000
2018-02-24 02:06:36,0.00364700,167.25000000
2018-02-24 02:06:41,0.00364700,37.42000000
2018-02-24 02:06:45,0.00364600,33.76000000
2018-02-24 02:06:45,0.00364500,4.79000000
2018-02-24 02:06:45,0.00364400,12.25000000
2018-02-24 02:06:45,0.00364300,54.18000000
2018-02-24 02:06:45,0.00364300,26.19000000
2018-02-24 02:06:46,0.00364300,49.63000000
2018-02-24 02:06:46,0.00364300,20.89000000
2018-02-24 02:06:52,0.00364600,0.82000000
2018-02-24 02:07:00,0.00364300,71.66000000
2018-02-24 02:07:00,0.00364300,6.37000000
2018-02-24 02:07:02,0.00364500,42.45000000
2018-02-24 02:07:02,0.00364600,197.79000000
2018-02-24 02:07:02,0.00364300,13.46000000
2018-02-24 02:07:02,0.00364200,20.85000000
2018-02-24 02:07:06,0.00364100,0.80000000
2018-02-24 02:07:08,0.00364100,0.45000000
2018-02-24 02:07:10,0.00364000,0.72000000
2018-02-24 02:07:12,0.00364000,31.00000000
2018-02-24 02:07:12,0.00363900,0.78000000
2018-02-24 02:07:12,0.00363800,8.39000000
2018-02-24 02:07:12,0.00363700,16.76000000
2018-02-24 02:07:12,0.00363400,38.30000000
2018-02-24 02:07:15,0.00363800,0.51000000
2018-02-24 02:07:15,0.00363800,2.34000000
2018-02-24 02:07:16,0.00364000,0.80000000
2018-02-24 02:07:18,0.00364000,0.46000000
2018-02-24 02:07:19,0.00364000,0.46000000
2018-02-24 02:07:20,0.00363300,0.58000000
2018-02-24 02:07:21,0.00363300,0.46000000
2018-02-24 02:07:21,0.00363300,0.20000000
2018-02-24 02:07:21,0.00364000,6.07000000
2018-02-24 02:07:24,0.00363300,0.68000000
2018-02-24 02:07:25,0.00364000,0.46000000
2018-02-24 02:07:27,0.00363300,2.54000000
2018-02-24 02:07:27,0.00364000,1.00000000
2018-02-24 02:07:29,0.00364000,13.74000000
2018-02-24 02:07:29,0.00363300,0.71000000
2018-02-24 02:07:30,0.00364000,2.74000000
2018-02-24 02:07:31,0.00363300,0.66000000
2018-02-24 02:07:34,0.00363400,27.14000000
2018-02-24 02:07:34,0.00363400,1.78000000
2018-02-24 02:07:35,0.00363900,2.85000000
2018-02-24 02:07:35,0.00364000,10.63000000
2018-02-24 02:07:39,0.00363300,4.00000000
2018-02-24 02:07:41,0.00363300,5.02000000
2018-02-24 02:07:44,0.00363300,10.87000000
2018-02-24 02:07:46,0.00363300,28.46000000
2018-02-24 02:07:47,0.00363300,101.04000000
2018-02-24 02:07:47,0.00363200,108.01000000
2018-02-24 02:07:48,0.00363900,45.19000000
2018-02-24 02:07:48,0.00364000,15.64000000
2018-02-24 02:07:50,0.00364100,42.45000000
2018-02-24 02:07:50,0.00364000,63.00000000
2018-02-24 02:07:52,0.00364100,39.91000000
2018-02-24 02:07:52,0.00364200,0.73000000
2018-02-24 02:07:52,0.00364300,2.73000000
2018-02-24 02:07:52,0.00364400,57.19000000
2018-02-24 02:07:54,0.00364100,12.94000000
2018-02-24 02:08:00,0.00364400,42.45000000
2018-02-24 02:08:00,0.00364500,35.31000000
2018-02-24 02:08:00,0.00364700,109.90000000
2018-02-24 02:08:00,0.00364700,2.00000000
2018-02-24 02:08:00,0.00364700,8.21000000
2018-02-24 02:08:00,0.00364700,8.22000000
2018-02-24 02:08:00,0.00364700,9.08000000
2018-02-24 02:08:00,0.00364700,2.20000000
2018-02-24 02:08:00,0.00364700,2.85000000
2018-02-24 02:08:00,0.00364700,6.89000000
2018-02-24 02:08:01,0.00364800,50.45000000
2018-02-24 02:08:01,0.00364900,24.90000000
2018-02-24 02:08:01,0.00364700,1.00000000
2018-02-24 02:08:02,0.00364700,13.75000000
2018-02-24 02:08:04,0.00364700,20.76000000
2018-02-24 02:08:04,0.00364700,2.85000000
2018-02-24 02:08:04,0.00364700,2.47000000
2018-02-24 02:08:05,0.00364700,0.66000000
2018-02-24 02:08:07,0.00364800,0.60000000
2018-02-24 02:08:07,0.00364900,18.09000000
2018-02-24 02:08:07,0.00364700,0.66000000
2018-02-24 02:08:07,0.00364900,7.22000000
2018-02-24 02:08:08,0.00364100,2.29000000
2018-02-24 02:08:09,0.00364900,330.82000000
2018-02-24 02:08:09,0.00364900,2.00000000
2018-02-24 02:08:09,0.00364900,2.85000000
2018-02-24 02:08:10,0.00364900,107.71000000
2018-02-24 02:08:11,0.00364200,13.75000000
2018-02-24 02:08:13,0.00364200,2.66000000
2018-02-24 02:08:14,0.00364200,20.19000000
2018-02-24 02:08:14,0.00364200,8.59000000
2018-02-24 02:08:14,0.00364200,1.81000000
2018-02-24 02:08:14,0.00364200,9.96000000
2018-02-24 02:08:14,0.00364100,3.79000000
2018-02-24 02:08:16,0.00364800,2.74000000
2018-02-24 02:08:16,0.00364900,1.93000000
2018-02-24 02:08:18,0.00364200,1.93000000
2018-02-24 02:08:18,0.00364100,1.48000000
2018-02-24 02:08:18,0.00364700,1.55000000
2018-02-24 02:08:20,0.00364100,130.00000000
2018-02-24 02:08:21,0.00364100,4.00000000
2018-02-24 02:08:25,0.00364200,0.30000000
2018-02-24 02:08:27,0.00364700,1.43000000
2018-02-24 02:08:30,0.00364200,2.09000000
2018-02-24 02:08:30,0.00364200,2.86000000
2018-02-24 02:08:36,0.00364200,38.31000000
2018-02-24 02:08:39,0.00364200,3.84000000
2018-02-24 02:08:41,0.00364200,0.72000000
2018-02-24 02:08:50,0.00364300,8.35000000
2018-02-24 02:08:52,0.00364300,1.73000000
2018-02-24 02:08:54,0.00364300,0.66000000
2018-02-24 02:08:55,0.00364300,33.06000000
2018-02-24 02:08:55,0.00364200,9.09000000
2018-02-24 02:08:57,0.00364200,0.66000000
2018-02-24 02:08:59,0.00364300,4.36000000
2018-02-24 02:09:00,0.00364300,3.44000000
2018-02-24 02:09:01,0.00364300,1.22000000
2018-02-24 02:09:08,0.00364300,16.44000000
2018-02-24 02:09:08,0.00364200,20.35000000
2018-02-24 02:09:08,0.00364100,44.44000000
2018-02-24 02:09:11,0.00364600,0.50000000
2018-02-24 02:09:13,0.00364600,1.50000000
2018-02-24 02:09:13,0.00364600,4.00000000
2018-02-24 02:09:17,0.00364600,1.67000000
2018-02-24 02:09:20,0.00364600,0.51000000
2018-02-24 02:09:20,0.00364600,0.84000000
2018-02-24 02:09:21,0.00364600,1.11000000
2018-02-24 02:09:23,0.00364500,1.38000000
2018-02-24 02:09:26,0.00364500,0.45000000
2018-02-24 02:09:27,0.00364500,0.93000000
2018-02-24 02:09:27,0.00364300,0.31000000
2018-02-24 02:09:28,0.00364300,0.30000000
2018-02-24 02:09:30,0.00364300,3.56000000
2018-02-24 02:09:34,0.00364300,137.31000000
2018-02-24 02:09:35,0.00364500,14.00000000
2018-02-24 02:09:36,0.00364300,0.04000000
2018-02-24 02:09:40,0.00364500,25.00000000
2018-02-24 02:09:40,0.00364500,5.76000000
2018-02-24 02:09:41,0.00364500,12.98000000
2018-02-24 02:09:43,0.00364500,1.53000000
2018-02-24 02:09:45,0.00364500,0.32000000
2018-02-24 02:09:47,0.00364500,106.44000000
2018-02-24 02:09:50,0.00364500,12.30000000
2018-02-24 02:09:53,0.00364500,25.22000000
2018-02-24 02:09:54,0.00364600,2.00000000
2018-02-24 02:09:58,0.00364500,7.76000000
2018-02-24 02:10:00,0.00364600,2.85000000
2018-02-24 02:10:01,0.00364600,1.70000000
2018-02-24 02:10:01,0.00364600,0.56000000
2018-02-24 02:10:02,0.00364600,1.21000000
2018-02-24 02:10:02,0.00364600,127.20000000
2018-02-24 02:10:02,0.00364700,33.55000000
2018-02-24 02:10:02,0.00364800,18.34000000
2018-02-24 02:10:02,0.00364900,42.85000000
2018-02-24 02:10:02,0.00365000,117.53000000
2018-02-24 02:10:02,0.00365100,4.22000000
2018-02-24 02:10:02,0.00365300,35.03000000
2018-02-24 02:10:02,0.00365400,348.21000000
2018-02-24 02:10:02,0.00365500,419.15000000
2018-02-24 02:10:03,0.00364700,13.74000000
2018-02-24 02:10:07,0.00364700,13.74000000
2018-02-24 02:10:08,0.00364700,3.81000000
2018-02-24 02:10:09,0.00364700,13.74000000
2018-02-24 02:10:09,0.00364700,26.74000000
2018-02-24 02:10:09,0.00364600,79.23000000
2018-02-24 02:10:09,0.00364500,4.50000000
2018-02-24 02:10:10,0.00364500,49.00000000
2018-02-24 02:10:11,0.00364500,0.20000000
2018-02-24 02:10:11,0.00365200,1.65000000
2018-02-24 02:10:13,0.00364500,9.37000000
2018-02-24 02:10:13,0.00364500,74.00000000
2018-02-24 02:10:13,0.00364500,54.09000000
2018-02-24 02:10:14,0.00364800,3.81000000
2018-02-24 02:10:14,0.00364800,4.00000000
2018-02-24 02:10:14,0.00364800,138.10000000
2018-02-24 02:10:14,0.00364500,10.65000000
2018-02-24 02:10:14,0.00364400,2.85000000
2018-02-24 02:10:14,0.00364300,0.24000000
2018-02-24 02:10:16,0.00364300,3.88000000
2018-02-24 02:10:20,0.00364400,0.66000000
2018-02-24 02:10:22,0.00364400,3.90000000
2018-02-24 02:10:25,0.00364400,93.21000000
2018-02-24 02:10:25,0.00364400,3.35000000
2018-02-24 02:10:27,0.00364500,10.43000000
2018-02-24 02:10:28,0.00364500,3.54000000
2018-02-24 02:10:28,0.00364500,5.95000000
2018-02-24 02:10:28,0.00364500,0.30000000
2018-02-24 02:10:29,0.00364500,12.23000000
2018-02-24 02:10:30,0.00364500,0.66000000
2018-02-24 02:10:31,0.00364500,6.68000000
2018-02-24 02:10:32,0.00364500,29.11000000
2018-02-24 02:10:33,0.00364500,21.12000000
2018-02-24 02:10:34,0.00364500,1.12000000
2018-02-24 02:10:35,0.00364500,10.00000000
2018-02-24 02:10:35,0.00364500,10.01000000
2018-02-24 02:10:35,0.00364400,0.78000000
2018-02-24 02:10:36,0.00364400,57.67000000
2018-02-24 02:10:37,0.00364400,12.01000000
2018-02-24 02:10:39,0.00364500,6.11000000
2018-02-24 02:10:40,0.00364500,21.68000000
2018-02-24 02:10:41,0.00364500,62.89000000
2018-02-24 02:10:42,0.00364500,143.10000000
2018-02-24 02:10:42,0.00364400,82.42000000
2018-02-24 02:10:42,0.00364700,2.29000000
2018-02-24 02:10:43,0.00364400,19.41000000
2018-02-24 02:10:43,0.00364700,3.13000000
2018-02-24 02:10:44,0.00364400,13.85000000
2018-02-24 02:10:45,0.00364400,0.66000000
2018-02-24 02:10:46,0.00364400,7.90000000
2018-02-24 02:10:47,0.00364400,5.30000000
2018-02-24 02:10:47,0.00364300,1.29000000
2018-02-24 02:10:50,0.00364300,0.66000000
2018-02-24 02:10:53,0.00364300,1.53000000
2018-02-24 02:10:53,0.00364100,0.35000000
2018-02-24 02:10:54,0.00364300,1.10000000
2018-02-24 02:10:56,0.00364100,13.56000000
2018-02-24 02:10:56,0.00364000,110.95000000
2018-02-24 02:10:56,0.00364100,1.31000000
2018-02-24 02:10:57,0.00364000,112.75000000
2018-02-24 02:10:58,0.00364000,80.58000000
2018-02-24 02:10:59,0.00364000,299.51000000
2018-02-24 02:11:01,0.00363500,0.30000000
2018-02-24 02:11:01,0.00363400,178.13000000
2018-02-24 02:11:02,0.00363900,45.30000000
2018-02-24 02:11:04,0.00363900,0.67000000
2018-02-24 02:11:04,0.00363900,42.51000000
2018-02-24 02:11:04,0.00363900,11.98000000
2018-02-24 02:11:06,0.00363900,13.72000000
2018-02-24 02:11:06,0.00363900,3.99000000
2018-02-24 02:11:07,0.00363900,40.21000000
2018-02-24 02:11:07,0.00363900,10.99000000
2018-02-24 02:11:07,0.00363200,10.03000000
2018-02-24 02:11:12,0.00363400,32.42000000
2018-02-24 02:11:12,0.00363300,44.72000000
2018-02-24 02:11:12,0.00363300,10.99000000
2018-02-24 02:11:14,0.00363300,0.87000000
2018-02-24 02:11:14,0.00363300,27.60000000
2018-02-24 02:11:15,0.00363300,35.89000000
2018-02-24 02:11:20,0.00363700,6.66000000
2018-02-24 02:11:23,0.00363300,1.88000000
2018-02-24 02:11:24,0.00363300,7.00000000
2018-02-24 02:11:31,0.00363600,0.42000000
2018-02-24 02:11:33,0.00363300,0.32000000
2018-02-24 02:11:35,0.00363300,20.41000000
2018-02-24 02:11:42,0.00363400,9.99000000
2018-02-24 02:11:47,0.00363400,27.82000000
2018-02-24 02:11:50,0.00363400,4.14000000
2018-02-24 02:11:50,0.00363600,1.00000000
2018-02-24 02:11:51,0.00363600,7.42000000
2018-02-24 02:11:51,0.00363600,2.81000000
2018-02-24 02:11:51,0.00363700,27.49000000
2018-02-24 02:11:51,0.00363700,16.91000000
2018-02-24 02:11:51,0.00363800,3.58000000
2018-02-24 02:11:51,0.00363800,9.14000000
2018-02-24 02:11:55,0.00363700,10.00000000
2018-02-24 02:11:56,0.00363700,2.85000000
2018-02-24 02:11:58,0.00363400,1.14000000
2018-02-24 02:11:59,0.00363600,0.63000000
2018-02-24 02:11:59,0.00363600,0.56000000
2018-02-24 02:12:00,0.00363600,7.95000000
2018-02-24 02:12:00,0.00363700,0.71000000
2018-02-24 02:12:01,0.00363700,2.85000000
2018-02-24 02:12:04,0.00363500,2.96000000
2018-02-24 02:12:04,0.00363500,33.61000000
2018-02-24 02:12:06,0.00363700,1.00000000
2018-02-24 02:12:12,0.00363700,7.59000000
2018-02-24 02:12:14,0.00363700,0.75000000
2018-02-24 02:12:14,0.00363800,8.03000000
2018-02-24 02:12:14,0.00363600,0.89000000
2018-02-24 02:12:17,0.00363700,1.23000000
2018-02-24 02:12:18,0.00363600,20.55000000
2018-02-24 02:12:19,0.00363600,21.93000000
2018-02-24 02:12:19,0.00363500,108.07000000
2018-02-24 02:12:23,0.00363800,8.42000000
2018-02-24 02:12:23,0.00363500,10.96000000
2018-02-24 02:12:23,0.00363600,1.04000000
2018-02-24 02:12:24,0.00363600,2.95000000
2018-02-24 02:12:24,0.00363600,1.96000000
2018-02-24 02:12:24,0.00363600,1.77000000
2018-02-24 02:12:24,0.00363500,43.72000000
2018-02-24 02:12:28,0.00363800,8.42000000
2018-02-24 02:12:28,0.00363500,18.10000000
2018-02-24 02:12:30,0.00363500,12.25000000
2018-02-24 02:12:31,0.00364000,0.82000000
2018-02-24 02:12:32,0.00364100,2.74000000
2018-02-24 02:12:33,0.00363500,4.66000000
2018-02-24 02:12:34,0.00363500,24.29000000
2018-02-24 02:12:34,0.00363500,12.42000000
2018-02-24 02:12:36,0.00364100,0.41000000
2018-02-24 02:12:36,0.00364400,2.33000000
2018-02-24 02:12:41,0.00364400,0.41000000
2018-02-24 02:12:44,0.00364400,1.15000000
2018-02-24 02:12:45,0.00364400,0.60000000
2018-02-24 02:12:54,0.00363600,13.56000000
2018-02-24 02:12:54,0.00363500,4.14000000
2018-02-24 02:12:56,0.00363900,1.84000000
2018-02-24 02:13:00,0.00363500,15.44000000
2018-02-24 02:13:04,0.00363900,7.07000000
2018-02-24 02:13:08,0.00363900,23.30000000
2018-02-24 02:13:10,0.00363500,8.90000000
2018-02-24 02:13:11,0.00363900,87.40000000
2018-02-24 02:13:20,0.00363900,2.35000000
2018-02-24 02:13:20,0.00363500,4.20000000
2018-02-24 02:13:25,0.00363500,1.00000000
2018-02-24 02:13:26,0.00363500,44.04000000
2018-02-24 02:13:29,0.00363500,43.71000000
2018-02-24 02:13:33,0.00363700,27.51000000
2018-02-24 02:13:33,0.00363700,0.72000000
2018-02-24 02:13:36,0.00363700,1.38000000
2018-02-24 02:13:37,0.00363700,0.02000000
2018-02-24 02:13:38,0.00363700,16.21000000
2018-02-24 02:13:38,0.00363500,26.00000000
2018-02-24 02:13:39,0.00363700,1.37000000
2018-02-24 02:13:40,0.00363700,1.37000000
2018-02-24 02:13:41,0.00363700,6.70000000
2018-02-24 02:13:42,0.00363400,12.90000000
2018-02-24 02:13:46,0.00363400,13.95000000
2018-02-24 02:13:46,0.00363700,4.86000000
2018-02-24 02:13:46,0.00363900,56.11000000
2018-02-24 02:13:46,0.00363700,1.38000000
2018-02-24 02:13:55,0.00363400,208.26000000
2018-02-24 02:13:55,0.00363300,284.94000000
2018-02-24 02:13:55,0.00363300,46.18000000
2018-02-24 02:13:55,0.00363300,52.07000000
2018-02-24 02:13:55,0.00363300,0.65000000
2018-02-24 02:13:55,0.00363300,0.65000000
2018-02-24 02:13:55,0.00363300,3.81000000
2018-02-24 02:13:56,0.00363300,0.65000000
2018-02-24 02:13:56,0.00363300,0.79000000
2018-02-24 02:13:56,0.00363300,5.50000000
2018-02-24 02:13:56,0.00363300,8.41000000
2018-02-24 02:13:57,0.00363300,4.62000000
2018-02-24 02:14:05,0.00363300,2.91000000
2018-02-24 02:14:05,0.00363200,2.82000000
2018-02-24 02:14:06,0.00363200,2.82000000
2018-02-24 02:14:06,0.00363200,2.80000000
2018-02-24 02:14:07,0.00363200,2.82000000
2018-02-24 02:14:08,0.00363200,2.81000000
2018-02-24 02:14:08,0.00363200,2.82000000
2018-02-24 02:14:09,0.00363200,1.83000000
2018-02-24 02:14:09,0.00363100,2.34000000
2018-02-24 02:14:09,0.00363100,2.82000000
2018-02-24 02:14:09,0.00363100,0.10000000
2018-02-24 02:14:10,0.00363100,2.81000000
2018-02-24 02:14:13,0.00363100,30.00000000
2018-02-24 02:14:17,0.00363100,5.57000000
2018-02-24 02:14:18,0.00363100,42.00000000
2018-02-24 02:14:18,0.00363200,0.01000000
2018-02-24 02:14:20,0.00363100,2.82000000
2018-02-24 02:14:20,0.00363100,2.82000000
2018-02-24 02:14:21,0.00363100,2.80000000
2018-02-24 02:14:21,0.00363100,2.82000000
2018-02-24 02:14:21,0.00363100,2.82000000
2018-02-24 02:14:21,0.00363100,2.82000000
2018-02-24 02:14:22,0.00363100,2.82000000
2018-02-24 02:14:22,0.00363200,12.86000000
2018-02-24 02:14:22,0.00363200,2.80000000
2018-02-24 02:14:22,0.00363200,2.82000000
2018-02-24 02:14:22,0.00363200,2.80000000
2018-02-24 02:14:22,0.00363200,2.81000000
2018-02-24 02:14:23,0.00363200,2.82000000
2018-02-24 02:14:24,0.00363200,2.82000000
2018-02-24 02:14:24,0.00363200,2.80000000
2018-02-24 02:14:24,0.00363200,2.80000000
2018-02-24 02:14:25,0.00363300,37.58000000
2018-02-24 02:14:27,0.00363200,22.56000000
2018-02-24 02:14:28,0.00363200,0.49000000
2018-02-24 02:14:31,0.00363300,2.75000000
2018-02-24 02:14:31,0.00363200,3.36000000
2018-02-24 02:14:32,0.00363300,14.15000000
2018-02-24 02:14:33,0.00363600,1.10000000
2018-02-24 02:14:33,0.00363700,2.85000000
2018-02-24 02:14:33,0.00363900,4.07000000
2018-02-24 02:14:34,0.00363900,8.37000000
2018-02-24 02:14:34,0.00364000,0.82000000
2018-02-24 02:14:34,0.00364100,5.60000000
2018-02-24 02:14:34,0.00364300,2.09000000
2018-02-24 02:14:34,0.00363500,9.48000000
2018-02-24 02:14:35,0.00363500,76.37000000
2018-02-24 02:14:35,0.00363400,2.75000000
2018-02-24 02:14:36,0.00363300,2.85000000
2018-02-24 02:14:36,0.00363300,27.74000000
2018-02-24 02:14:38,0.00363300,26.57000000
2018-02-24 02:14:40,0.00363300,52.24000000
2018-02-24 02:14:42,0.00363300,1.88000000
2018-02-24 02:14:42,0.00363300,2.05000000
2018-02-24 02:14:43,0.00363200,0.99000000
2018-02-24 02:14:45,0.00363200,498.35000000
2018-02-24 02:14:45,0.00363200,101.30000000
2018-02-24 02:14:49,0.00363200,0.42000000
2018-02-24 02:14:50,0.00363300,37.30000000
2018-02-24 02:14:51,0.00363700,1.10000000
2018-02-24 02:14:51,0.00363800,78.09000000
2018-02-24 02:14:54,0.00363300,0.79000000
2018-02-24 02:14:56,0.00363800,1.38000000
2018-02-24 02:14:56,0.00363900,18.32000000
2018-02-24 02:14:58,0.00363800,6.52000000
2018-02-24 02:15:00,0.00363800,2.50000000
2018-02-24 02:15:11,0.00363400,0.65000000
2018-02-24 02:15:12,0.00363400,1.87000000
2018-02-24 02:15:13,0.00363400,21.78000000
2018-02-24 02:15:13,0.00363700,1.95000000
2018-02-24 02:15:14,0.00363400,5.97000000
2018-02-24 02:15:15,0.00363400,0.56000000
2018-02-24 02:15:15,0.00363700,4.08000000
2018-02-24 02:15:15,0.00363400,0.02000000
2018-02-24 02:15:15,0.00363300,65.63000000
2018-02-24 02:15:15,0.00363200,0.75000000
2018-02-24 02:15:15,0.00363100,31.16000000
2018-02-24 02:15:17,0.00363100,40.80000000
2018-02-24 02:15:17,0.00363300,9.20000000
2018-02-24 02:15:20,0.00363000,2.81000000
2018-02-24 02:15:20,0.00363000,4.24000000
2018-02-24 02:15:20,0.00363000,5.02000000
2018-02-24 02:15:20,0.00363000,2.80000000
2018-02-24 02:15:22,0.00363000,2.80000000
2018-02-24 02:15:22,0.00363000,2.80000000
2018-02-24 02:15:24,0.00363000,2.81000000
2018-02-24 02:15:24,0.00363300,2.80000000
2018-02-24 02:15:25,0.00363300,0.58000000
2018-02-24 02:15:25,0.00363000,2.44000000
2018-02-24 02:15:39,0.00363000,19.48000000
2018-02-24 02:15:43,0.00363300,1.49000000
2018-02-24 02:15:43,0.00362800,5.24000000
2018-02-24 02:15:43,0.00362600,139.22000000
2018-02-24 02:15:43,0.00362500,220.00000000
2018-02-24 02:15:43,0.00362300,12.73000000
2018-02-24 02:15:43,0.00362500,21.80000000
2018-02-24 02:15:43,0.00362500,21.79000000
2018-02-24 02:15:43,0.00362500,8.25000000
2018-02-24 02:15:43,0.00362500,11.81000000
2018-02-24 02:15:50,0.00362500,2.82000000
2018-02-24 02:15:50,0.00362500,2.82000000
2018-02-24 02:15:50,0.00362500,6.73000000
2018-02-24 02:15:50,0.00362300,24.36000000
2018-02-24 02:15:50,0.00362200,3.18000000
2018-02-24 02:15:50,0.00362100,0.41000000
2018-02-24 02:15:50,0.00362000,18.43000000
2018-02-24 02:15:50,0.00361900,4.35000000
2018-02-24 02:15:50,0.00361800,40.87000000
2018-02-24 02:15:50,0.00361800,47.53000000
2018-02-24 02:15:50,0.00361700,239.87000000
2018-02-24 02:15:50,0.00361700,43.40000000
2018-02-24 02:15:51,0.00361700,2.82000000
2018-02-24 02:15:51,0.00361700,2.82000000
2018-02-24 02:15:51,0.00361800,0.82000000
2018-02-24 02:15:51,0.00361700,2.00000000
2018-02-24 02:15:51,0.00361700,0.48000000
2018-02-24 02:15:51,0.00361600,2.34000000
2018-02-24 02:15:52,0.00361800,2.82000000
2018-02-24 02:15:52,0.00361800,0.22000000
2018-02-24 02:15:52,0.00361600,2.60000000
2018-02-24 02:15:52,0.00362500,8.26000000
2018-02-24 02:15:52,0.00361600,2.82000000
2018-02-24 02:15:52,0.00362500,5.11000000
2018-02-24 02:15:53,0.00362400,3.04000000
2018-02-24 02:15:53,0.00362000,1.10000000
2018-02-24 02:15:53,0.00361700,1.72000000
2018-02-24 02:15:53,0.00361700,2.82000000
2018-02-24 02:15:53,0.00361700,2.83000000
2018-02-24 02:15:53,0.00361700,2.82000000
2018-02-24 02:15:54,0.00361700,2.83000000
2018-02-24 02:15:54,0.00362500,2.75000000
2018-02-24 02:15:54,0.00362600,2.85000000
2018-02-24 02:15:54,0.00361700,2.82000000
2018-02-24 02:15:54,0.00362700,2.73000000
2018-02-24 02:15:54,0.00361600,2.24000000
2018-02-24 02:15:54,0.00361500,0.58000000
2018-02-24 02:15:54,0.00361500,2.81000000
2018-02-24 02:15:54,0.00361600,2.80000000
2018-02-24 02:15:55,0.00362700,3.26000000
2018-02-24 02:15:55,0.00362000,1.20000000
2018-02-24 02:15:55,0.00361600,1.61000000
2018-02-24 02:15:55,0.00361600,2.82000000
2018-02-24 02:15:55,0.00361600,8.91000000
2018-02-24 02:15:55,0.00361600,0.83000000
2018-02-24 02:15:55,0.00361500,0.84000000
2018-02-24 02:15:55,0.00361400,1.15000000
2018-02-24 02:15:55,0.00361700,2.81000000
2018-02-24 02:15:56,0.00362600,0.41000000
2018-02-24 02:15:56,0.00361700,0.45000000
2018-02-24 02:15:56,0.00361600,2.36000000
2018-02-24 02:15:56,0.00361600,5.84000000
2018-02-24 02:15:56,0.00361500,2.22000000
2018-02-24 02:15:56,0.00361500,0.54000000
2018-02-24 02:15:56,0.00361400,2.28000000
2018-02-24 02:15:56,0.00361400,2.83000000
2018-02-24 02:15:56,0.00361400,2.83000000
2018-02-24 02:15:57,0.00361500,2.81000000
2018-02-24 02:15:57,0.00361500,2.81000000
2018-02-24 02:15:57,0.00361700,1.38000000
2018-02-24 02:15:57,0.00361500,1.44000000
2018-02-24 02:15:57,0.00362500,10.00000000
2018-02-24 02:15:57,0.00361500,2.80000000
2018-02-24 02:15:58,0.00361600,2.82000000
2018-02-24 02:15:58,0.00361600,2.81000000
2018-02-24 02:15:58,0.00362400,1.00000000
2018-02-24 02:15:58,0.00361600,2.82000000
2018-02-24 02:15:59,0.00361600,2.37000000
2018-02-24 02:15:59,0.00361500,0.44000000
2018-02-24 02:15:59,0.00361500,2.82000000
2018-02-24 02:15:59,0.00361500,2.81000000
2018-02-24 02:15:59,0.00362200,1.76000000
2018-02-24 02:15:59,0.00362300,2.64000000
2018-02-24 02:15:59,0.00362500,2.98000000
2018-02-24 02:15:59,0.00361600,2.82000000
2018-02-24 02:16:00,0.00361700,2.81000000
2018-02-24 02:16:00,0.00361700,0.17000000
2018-02-24 02:16:00,0.00361600,2.65000000
2018-02-24 02:16:01,0.00361600,0.45000000
2018-02-24 02:16:01,0.00361500,2.36000000
2018-02-24 02:16:01,0.00361600,2.76000000
2018-02-24 02:16:01,0.00361500,0.05000000
2018-02-24 02:16:01,0.00361500,2.83000000
2018-02-24 02:16:01,0.00362400,0.82000000
2018-02-24 02:16:01,0.00362500,0.31000000
2018-02-24 02:16:01,0.00361500,2.82000000
2018-02-24 02:16:02,0.00361500,2.81000000
2018-02-24 02:16:02,0.00361500,2.80000000
2018-02-24 02:16:02,0.00361700,2.82000000
2018-02-24 02:16:02,0.00361700,2.81000000
2018-02-24 02:16:03,0.00362200,0.82000000
2018-02-24 02:16:03,0.00361700,2.81000000
2018-02-24 02:16:03,0.00361700,2.83000000
2018-02-24 02:16:03,0.00361700,2.83000000
2018-02-24 02:16:03,0.00361700,2.81000000
2018-02-24 02:16:04,0.00362200,2.76000000
2018-02-24 02:16:04,0.00361700,2.83000000
2018-02-24 02:16:05,0.00361700,2.82000000
2018-02-24 02:16:05,0.00362200,10.39000000
2018-02-24 02:16:05,0.00362400,1.04000000
2018-02-24 02:16:05,0.00362400,1.00000000
2018-02-24 02:16:05,0.00362400,0.72000000
2018-02-24 02:16:05,0.00362500,17.42000000
2018-02-24 02:16:06,0.00361800,2.81000000
2018-02-24 02:16:06,0.00361800,2.82000000
2018-02-24 02:16:06,0.00362700,2.02000000
2018-02-24 02:16:06,0.00361800,2.83000000
2018-02-24 02:16:06,0.00361800,2.83000000
2018-02-24 02:16:07,0.00362700,4.81000000
2018-02-24 02:16:07,0.00361800,2.80000000
2018-02-24 02:16:07,0.00361800,2.83000000
2018-02-24 02:16:07,0.00361800,2.82000000
2018-02-24 02:16:08,0.00361900,2.82000000
2018-02-24 02:16:08,0.00361900,2.70000000
2018-02-24 02:16:08,0.00361800,0.13000000
2018-02-24 02:16:08,0.00361800,2.81000000
2018-02-24 02:16:08,0.00361800,2.82000000
2018-02-24 02:16:09,0.00362200,2.83000000
2018-02-24 02:16:09,0.00362200,2.83000000
2018-02-24 02:16:09,0.00362200,0.54000000
2018-02-24 02:16:09,0.00361800,2.28000000
2018-02-24 02:16:09,0.00361800,2.81000000
2018-02-24 02:16:09,0.00361900,2.82000000
2018-02-24 02:16:10,0.00361900,2.83000000
2018-02-24 02:16:10,0.00361900,2.83000000
2018-02-24 02:16:10,0.00361900,2.83000000
2018-02-24 02:16:10,0.00361900,2.81000000
2018-02-24 02:16:11,0.00361900,2.82000000
2018-02-24 02:16:11,0.00361900,2.83000000
2018-02-24 02:16:11,0.00361900,2.83000000
2018-02-24 02:16:11,0.00361900,2.81000000
2018-02-24 02:16:11,0.00361900,2.81000000
2018-02-24 02:16:12,0.00362600,2.76000000
2018-02-24 02:16:12,0.00361900,2.82000000
2018-02-24 02:16:12,0.00361900,2.83000000
2018-02-24 02:16:12,0.00361900,2.83000000
2018-02-24 02:16:12,0.00361900,2.81000000
2018-02-24 02:16:13,0.00361900,2.83000000
2018-02-24 02:16:13,0.00361900,1.14000000
2018-02-24 02:16:14,0.00361900,2.81000000
2018-02-24 02:16:14,0.00361900,0.92000000
2018-02-24 02:16:14,0.00361800,1.91000000
2018-02-24 02:16:14,0.00361800,0.85000000
2018-02-24 02:16:14,0.00361600,1.96000000
2018-02-24 02:16:14,0.00361600,2.82000000
2018-02-24 02:16:15,0.00361600,2.81000000
2018-02-24 02:16:15,0.00361600,2.82000000
2018-02-24 02:16:15,0.00361600,2.81000000
2018-02-24 02:16:16,0.00361600,2.83000000
2018-02-24 02:16:16,0.00361600,2.82000000
2018-02-24 02:16:17,0.00361600,2.81000000
2018-02-24 02:16:17,0.00361700,2.81000000
2018-02-24 02:16:18,0.00361700,2.81000000
2018-02-24 02:16:18,0.00361700,2.81000000
2018-02-24 02:16:18,0.00361700,2.82000000
2018-02-24 02:16:19,0.00362400,10.00000000
2018-02-24 02:16:19,0.00361700,2.81000000
2018-02-24 02:16:20,0.00361800,2.82000000
2018-02-24 02:16:20,0.00361800,2.81000000
2018-02-24 02:16:21,0.00362400,2.51000000
2018-02-24 02:16:21,0.00361800,2.82000000
2018-02-24 02:16:21,0.00362400,1.00000000
2018-02-24 02:16:22,0.00361800,1.55000000
2018-02-24 02:16:22,0.00361700,1.26000000
2018-02-24 02:16:23,0.00361800,2.81000000
2018-02-24 02:16:23,0.00361800,0.70000000
2018-02-24 02:16:23,0.00361700,2.11000000
2018-02-24 02:16:24,0.00361800,1.38000000
2018-02-24 02:16:24,0.00361700,1.43000000
2018-02-24 02:16:24,0.00361700,2.81000000
2018-02-24 02:16:24,0.00361700,2.81000000
2018-02-24 02:16:24,0.00361700,2.82000000
2018-02-24 02:16:25,0.00361700,2.81000000
2018-02-24 02:16:26,0.00361700,2.81000000
2018-02-24 02:16:26,0.00361700,2.81000000
2018-02-24 02:16:27,0.00361700,2.81000000
2018-02-24 02:16:28,0.00361700,2.81000000
2018-02-24 02:16:29,0.00361700,2.81000000
2018-02-24 02:16:30,0.00361700,2.81000000
2018-02-24 02:16:32,0.00361700,2.81000000
2018-02-24 02:16:32,0.00362400,10.00000000
2018-02-24 02:16:33,0.00361800,2.81000000
2018-02-24 02:16:34,0.00361800,2.80000000
2018-02-24 02:16:37,0.00362400,4.00000000
2018-02-24 02:16:37,0.00362400,2.75000000
2018-02-24 02:16:38,0.00362400,10.00000000
2018-02-24 02:16:39,0.00362400,2.00000000
2018-02-24 02:16:40,0.00362500,0.76000000
2018-02-24 02:16:40,0.00362600,12.00000000
2018-02-24 02:16:40,0.00361800,4.39000000
2018-02-24 02:16:41,0.00361800,1.60000000
2018-02-24 02:16:42,0.00361900,4.60000000
2018-02-24 02:16:42,0.00361900,7.86000000
2018-02-24 02:16:44,0.00362600,2.75000000
2018-02-24 02:16:45,0.00362500,5.60000000
2018-02-24 02:16:45,0.00362500,20.10000000
2018-02-24 02:16:45,0.00362600,11.25000000
2018-02-24 02:16:45,0.00362700,10.00000000
2018-02-24 02:16:46,0.00362900,7.66000000
2018-02-24 02:16:46,0.00362900,8.25000000
2018-02-24 02:16:46,0.00362900,8.25000000
2018-02-24 02:16:46,0.00362900,8.25000000
2018-02-24 02:16:46,0.00362900,8.25000000
2018-02-24 02:16:46,0.00362900,8.24000000
2018-02-24 02:16:46,0.00362900,8.25000000
2018-02-24 02:16:46,0.00362900,8.25000000
2018-02-24 02:16:46,0.00362900,8.25000000
2018-02-24 02:16:46,0.00362900,8.25000000
2018-02-24 02:16:47,0.00362500,7.31000000
2018-02-24 02:16:48,0.00362900,2.85000000
2018-02-24 02:16:55,0.00362500,0.52000000
2018-02-24 02:16:55,0.00362400,0.80000000
2018-02-24 02:16:56,0.00362400,1.10000000
2018-02-24 02:16:56,0.00362400,2.26000000
2018-02-24 02:16:57,0.00362400,1.50000000
2018-02-24 02:16:57,0.00362400,1.49000000
2018-02-24 02:16:58,0.00362100,1.49000000
2018-02-24 02:16:59,0.00362400,2.75000000
2018-02-24 02:17:03,0.00362400,1.00000000
2018-02-24 02:17:11,0.00362400,0.55000000
2018-02-24 02:17:13,0.00362400,8.26000000
2018-02-24 02:17:13,0.00362400,46.30000000
2018-02-24 02:17:13,0.00362400,16.45000000
2018-02-24 02:17:13,0.00362400,5.15000000
2018-02-24 02:17:13,0.00362900,38.07000000
2018-02-24 02:17:13,0.00362100,12.38000000
2018-02-24 02:17:13,0.00362900,2.75000000
2018-02-24 02:17:15,0.00362400,2.85000000
2018-02-24 02:17:16,0.00362400,2.75000000
2018-02-24 02:17:18,0.00362400,22.92000000
2018-02-24 02:17:18,0.00362400,0.23000000
2018-02-24 02:17:18,0.00362800,2.52000000
2018-02-24 02:17:19,0.00362700,2.75000000
2018-02-24 02:17:26,0.00362400,12.89000000
2018-02-24 02:17:29,0.00362400,1.88000000
2018-02-24 02:17:38,0.00362600,1.04000000
2018-02-24 02:17:38,0.00362500,4.11000000
2018-02-24 02:17:47,0.00362500,0.39000000
2018-02-24 02:17:56,0.00362600,2.85000000
2018-02-24 02:17:56,0.00362800,87.09000000
2018-02-24 02:17:57,0.00362800,8.26000000
2018-02-24 02:17:57,0.00362800,3.91000000
2018-02-24 02:17:57,0.00362800,1.98000000
2018-02-24 02:17:59,0.00362800,3.32000000
2018-02-24 02:17:59,0.00362800,1.22000000
2018-02-24 02:18:00,0.00362800,2.85000000
2018-02-24 02:18:01,0.00362900,0.55000000
2018-02-24 02:18:04,0.00362800,2.26000000
2018-02-24 02:18:07,0.00362800,8.00000000
2018-02-24 02:18:10,0.00362800,2.00000000
2018-02-24 02:18:10,0.00362900,93.97000000
2018-02-24 02:18:11,0.00362900,1.47000000
2018-02-24 02:18:20,0.00362900,2.67000000
2018-02-24 02:18:21,0.00362900,2.04000000
2018-02-24 02:18:21,0.00362900,2.78000000
2018-02-24 02:18:22,0.00362900,3.22000000
2018-02-24 02:18:24,0.00362900,2.82000000
2018-02-24 02:18:25,0.00362900,5.61000000
2018-02-24 02:18:29,0.00363000,1.30000000
2018-02-24 02:18:29,0.00363100,0.55000000
2018-02-24 02:18:30,0.00363000,3.00000000
2018-02-24 02:18:31,0.00363000,2.25000000
2018-02-24 02:18:32,0.00363100,2.75000000
2018-02-24 02:18:36,0.00363000,45.00000000
2018-02-24 02:18:37,0.00363000,11.02000000
2018-02-24 02:18:41,0.00363000,1.50000000
2018-02-24 02:18:41,0.00363000,44.99000000
2018-02-24 02:18:46,0.00363100,2.75000000
2018-02-24 02:18:50,0.00363000,30.07000000
2018-02-24 02:18:57,0.00363000,46.37000000
2018-02-24 02:18:57,0.00363000,18.78000000
2018-02-24 02:18:58,0.00363000,17.61000000
2018-02-24 02:19:00,0.00363000,22.03000000
2018-02-24 02:19:01,0.00363000,3.08000000
2018-02-24 02:19:02,0.00363000,6.92000000
2018-02-24 02:19:03,0.00363100,2.75000000
2018-02-24 02:19:06,0.00363000,44.99000000
2018-02-24 02:19:08,0.00363100,2.00000000
2018-02-24 02:19:11,0.00363000,44.99000000
2018-02-24 02:19:11,0.00363000,0.16000000
2018-02-24 02:19:12,0.00363100,115.21000000
2018-02-24 02:19:13,0.00363100,0.66000000
2018-02-24 02:19:13,0.00363100,3.22000000
2018-02-24 02:19:14,0.00363100,2.00000000
2018-02-24 02:19:16,0.00363100,5.85000000
2018-02-24 02:19:21,0.00363100,12.40000000
2018-02-24 02:19:22,0.00363100,21.78000000
2018-02-24 02:19:23,0.00363100,4.50000000
2018-02-24 02:19:25,0.00363200,2.75000000
2018-02-24 02:19:31,0.00363200,2.75000000
2018-02-24 02:19:31,0.00363200,126.48000000
2018-02-24 02:19:34,0.00363200,143.14000000
2018-02-24 02:19:35,0.00363200,554.14000000
2018-02-24 02:19:35,0.00363100,97.59000000
2018-02-24 02:19:36,0.00363100,8.98000000
2018-02-24 02:19:38,0.00363200,14.22000000
2018-02-24 02:19:39,0.00363200,7.98000000
2018-02-24 02:19:41,0.00363200,177.80000000
2018-02-24 02:19:41,0.00363100,30.85000000
2018-02-24 02:19:41,0.00363000,118.16000000
2018-02-24 02:19:41,0.00363200,1.10000000
2018-02-24 02:19:49,0.00363500,5.39000000
2018-02-24 02:19:49,0.00363800,5.12000000
2018-02-24 02:19:51,0.00363200,4.30000000
2018-02-24 02:19:54,0.00363200,11.86000000
2018-02-24 02:19:55,0.00363200,188.14000000
2018-02-24 02:19:55,0.00363100,4.15000000
2018-02-24 02:19:55,0.00363000,98.81000000
2018-02-24 02:19:58,0.00363000,6.56000000
2018-02-24 02:20:07,0.00363000,1.00000000
2018-02-24 02:20:17,0.00363100,5.50000000
2018-02-24 02:20:26,0.00363500,1.00000000
2018-02-24 02:20:26,0.00363700,4.57000000
2018-02-24 02:20:26,0.00363800,3.85000000
2018-02-24 02:20:26,0.00363900,1.78000000
2018-02-24 02:20:27,0.00363900,0.55000000
2018-02-24 02:20:29,0.00363900,4.63000000
2018-02-24 02:20:29,0.00364000,10.37000000
2018-02-24 02:20:31,0.00363200,1.98000000
2018-02-24 02:20:34,0.00363200,1.78000000
2018-02-24 02:20:37,0.00363300,5.18000000
2018-02-24 02:20:37,0.00363200,17.60000000
2018-02-24 02:20:46,0.00363300,2.43000000
2018-02-24 02:20:50,0.00363300,14.41000000
2018-02-24 02:20:50,0.00363300,8.25000000
2018-02-24 02:20:51,0.00363300,6.51000000
2018-02-24 02:20:51,0.00363200,2.71000000
2018-02-24 02:20:55,0.00363700,3.40000000
2018-02-24 02:20:55,0.00363300,0.66000000
2018-02-24 02:20:57,0.00363300,4.84000000
2018-02-24 02:20:59,0.00363300,0.98000000
2018-02-24 02:21:05,0.00363600,1.37000000
2018-02-24 02:21:06,0.00363600,2.39000000
2018-02-24 02:21:06,0.00363600,2.85000000
2018-02-24 02:21:06,0.00363600,0.49000000
2018-02-24 02:21:09,0.00363300,3.33000000
2018-02-24 02:21:15,0.00363300,9.16000000
2018-02-24 02:21:15,0.00363300,105.30000000
2018-02-24 02:21:16,0.00363300,11.01000000
2018-02-24 02:21:16,0.00363300,29.72000000
2018-02-24 02:21:17,0.00363400,10.58000000
2018-02-24 02:21:18,0.00363400,6.46000000
2018-02-24 02:21:19,0.00363400,15.00000000
2018-02-24 02:21:21,0.00363400,8.99000000
2018-02-24 02:21:25,0.00363400,27.00000000
2018-02-24 02:21:26,0.00363500,8.84000000
2018-02-24 02:21:26,0.00363700,6.76000000
2018-02-24 02:21:26,0.00363800,5.06000000
2018-02-24 02:21:36,0.00363400,1.30000000
2018-02-24 02:21:41,0.00363400,19.99000000
2018-02-24 02:21:54,0.00363400,291.10000000
2018-02-24 02:22:01,0.00363800,4.83000000
2018-02-24 02:22:02,0.00363800,9.89000000
2018-02-24 02:22:02,0.00363800,12.17000000
2018-02-24 02:22:02,0.00363400,1.62000000
2018-02-24 02:22:08,0.00363900,9.12000000
2018-02-24 02:22:09,0.00363900,25.60000000
2018-02-24 02:22:09,0.00363500,0.50000000
2018-02-24 02:22:10,0.00363500,3.45000000
2018-02-24 02:22:10,0.00363400,10.34000000
2018-02-24 02:22:10,0.00363900,1.10000000
2018-02-24 02:22:10,0.00364000,1.84000000
2018-02-24 02:22:18,0.00364000,25.45000000
2018-02-24 02:22:20,0.00363600,5.00000000
2018-02-24 02:22:20,0.00363600,1.00000000
2018-02-24 02:22:21,0.00363500,69.06000000
2018-02-24 02:22:26,0.00364000,9.42000000
2018-02-24 02:22:26,0.00364000,1.66000000
2018-02-24 02:22:26,0.00364000,14.19000000
2018-02-24 02:22:30,0.00363600,23.75000000
2018-02-24 02:22:30,0.00363500,106.25000000
2018-02-24 02:22:34,0.00363500,0.95000000
2018-02-24 02:22:36,0.00363900,20.32000000
2018-02-24 02:22:43,0.00363900,4.53000000
2018-02-24 02:22:43,0.00364000,5.61000000
2018-02-24 02:22:44,0.00363900,17.59000000
2018-02-24 02:22:45,0.00363900,35.59000000
2018-02-24 02:22:48,0.00364000,7.60000000
2018-02-24 02:22:50,0.00364000,1.90000000
2018-02-24 02:22:52,0.00364100,0.63000000
2018-02-24 02:22:55,0.00364000,13.78000000
2018-02-24 02:22:55,0.00364000,68.63000000
2018-02-24 02:22:55,0.00364000,284.62000000
2018-02-24 02:22:56,0.00364000,75.95000000
2018-02-24 02:22:56,0.00364000,62.17000000
2018-02-24 02:22:57,0.00363600,13.78000000
2018-02-24 02:22:58,0.00363600,16.70000000
2018-02-24 02:23:04,0.00364100,6.65000000
2018-02-24 02:23:08,0.00363800,23.74000000
2018-02-24 02:23:14,0.00363800,3.52000000
2018-02-24 02:23:16,0.00363800,41.65000000
2018-02-24 02:23:16,0.00363700,3.24000000
2018-02-24 02:23:17,0.00363900,10.99000000
2018-02-24 02:23:18,0.00363700,4.58000000
2018-02-24 02:23:20,0.00363700,41.65000000
2018-02-24 02:23:21,0.00363800,4.99000000
2018-02-24 02:23:22,0.00363800,2.97000000
2018-02-24 02:23:22,0.00363800,36.67000000
2018-02-24 02:23:22,0.00363900,8.87000000
2018-02-24 02:23:22,0.00363900,0.58000000
2018-02-24 02:23:24,0.00363900,3.30000000
2018-02-24 02:23:24,0.00364000,30.94000000
2018-02-24 02:23:24,0.00364100,8.55000000
2018-02-24 02:23:25,0.00364100,27.72000000
2018-02-24 02:23:27,0.00364100,6.76000000
2018-02-24 02:23:27,0.00364200,1.80000000
2018-02-24 02:23:28,0.00363800,5.51000000
2018-02-24 02:23:28,0.00364300,1.50000000
2018-02-24 02:23:28,0.00364400,1.24000000
2018-02-24 02:23:28,0.00363800,47.27000000
2018-02-24 02:23:31,0.00363800,202.13000000
2018-02-24 02:23:31,0.00363800,182.96000000
2018-02-24 02:23:31,0.00363700,3.75000000
2018-02-24 02:23:31,0.00363600,48.57000000
2018-02-24 02:23:31,0.00363500,35.89000000
2018-02-24 02:23:33,0.00363800,0.02000000
2018-02-24 02:23:33,0.00364100,3.58000000
2018-02-24 02:23:37,0.00364200,0.31000000
2018-02-24 02:23:37,0.00363900,13.47000000
2018-02-24 02:23:39,0.00363900,0.64000000
2018-02-24 02:23:45,0.00363900,147.33000000
2018-02-24 02:23:47,0.00363900,10.00000000
2018-02-24 02:23:52,0.00363900,10.37000000
2018-02-24 02:24:01,0.00364000,0.50000000
2018-02-24 02:24:02,0.00363900,8.24000000
2018-02-24 02:24:02,0.00363900,0.46000000
2018-02-24 02:24:02,0.00364000,3.65000000
2018-02-24 02:24:03,0.00363900,8.24000000
2018-02-24 02:24:03,0.00363900,17.67000000
2018-02-24 02:24:03,0.00363900,13.78000000
2018-02-24 02:24:04,0.00364000,26.13000000
2018-02-24 02:24:05,0.00363900,2.76000000
2018-02-24 02:24:05,0.00364000,18.86000000
2018-02-24 02:24:05,0.00364100,2.97000000
2018-02-24 02:24:05,0.00364300,1.36000000
2018-02-24 02:24:07,0.00363900,1.01000000
2018-02-24 02:24:09,0.00363900,0.65000000
2018-02-24 02:24:09,0.00364000,1.93000000
2018-02-24 02:24:14,0.00364000,60.89000000
2018-02-24 02:24:14,0.00364300,30.93000000
2018-02-24 02:24:15,0.00364300,2.27000000
2018-02-24 02:24:15,0.00363900,2.76000000
2018-02-24 02:24:16,0.00363900,30.00000000
2018-02-24 02:24:17,0.00364400,1.50000000
2018-02-24 02:24:17,0.00364500,28.50000000
2018-02-24 02:24:17,0.00364000,2.76000000
2018-02-24 02:24:23,0.00364000,199.98000000
2018-02-24 02:24:24,0.00363900,27.00000000
2018-02-24 02:24:24,0.00363900,8.24000000
2018-02-24 02:24:25,0.00363900,4.97000000
2018-02-24 02:24:25,0.00363900,4.25000000
2018-02-24 02:24:25,0.00363900,37.46000000
2018-02-24 02:24:25,0.00363900,8.24000000
2018-02-24 02:24:31,0.00363900,5.49000000
2018-02-24 02:24:33,0.00364000,1.70000000
2018-02-24 02:24:37,0.00363900,94.87000000
2018-02-24 02:24:41,0.00364000,113.47000000
2018-02-24 02:24:48,0.00364000,3.66000000
2018-02-24 02:24:57,0.00364200,1.00000000
2018-02-24 02:24:58,0.00364300,10.00000000
2018-02-24 02:24:59,0.00364200,0.30000000
2018-02-24 02:24:59,0.00364300,0.25000000
2018-02-24 02:25:02,0.00364300,13.46000000
2018-02-24 02:25:02,0.00364400,6.34000000
2018-02-24 02:25:02,0.00364400,50.70000000
2018-02-24 02:25:05,0.00364500,93.81000000
2018-02-24 02:25:05,0.00364600,206.19000000
2018-02-24 02:25:07,0.00364600,0.97000000
2018-02-24 02:25:09,0.00364200,4.01000000
2018-02-24 02:25:11,0.00364300,5.23000000
2018-02-24 02:25:11,0.00364300,2.85000000
2018-02-24 02:25:12,0.00364600,0.33000000
2018-02-24 02:25:13,0.00364300,5.32000000
2018-02-24 02:25:17,0.00364500,2.56000000
2018-02-24 02:25:17,0.00364300,22.81000000
2018-02-24 02:25:20,0.00364300,2.85000000
2018-02-24 02:25:20,0.00364300,1.07000000
2018-02-24 02:25:22,0.00364400,2.27000000
2018-02-24 02:25:22,0.00364400,0.58000000
2018-02-24 02:25:22,0.00364500,42.23000000
2018-02-24 02:25:22,0.00364500,1.02000000
2018-02-24 02:25:22,0.00364500,4.45000000
2018-02-24 02:25:22,0.00364500,8.22000000
2018-02-24 02:25:22,0.00364500,1.56000000
2018-02-24 02:25:22,0.00364500,2.38000000
2018-02-24 02:25:24,0.00364500,1.09000000
2018-02-24 02:25:25,0.00364500,91.05000000
2018-02-24 02:25:27,0.00364500,112.08000000
2018-02-24 02:25:28,0.00364500,0.66000000
2018-02-24 02:25:28,0.00364500,44.82000000
2018-02-24 02:25:28,0.00364600,91.36000000
2018-02-24 02:25:29,0.00364600,14.32000000
2018-02-24 02:25:29,0.00364600,1.88000000
2018-02-24 02:25:29,0.00364600,0.96000000
2018-02-24 02:25:29,0.00364600,79.20000000
2018-02-24 02:25:31,0.00364700,2.63000000
2018-02-24 02:25:31,0.00364800,16.75000000
2018-02-24 02:25:31,0.00364900,27.00000000
2018-02-24 02:25:31,0.00365000,79.19000000
2018-02-24 02:25:31,0.00364600,1.40000000
2018-02-24 02:25:31,0.00365000,2.74000000
2018-02-24 02:25:32,0.00364600,0.31000000
2018-02-24 02:25:34,0.00365000,256.48000000
2018-02-24 02:25:34,0.00365000,91.27000000
2018-02-24 02:25:34,0.00365000,30.00000000
2018-02-24 02:25:35,0.00365000,13.84000000
2018-02-24 02:25:35,0.00364700,4.15000000
2018-02-24 02:25:35,0.00364700,19.54000000
2018-02-24 02:25:35,0.00364600,4.45000000
2018-02-24 02:25:35,0.00364600,14.00000000
2018-02-24 02:25:36,0.00365200,0.79000000
2018-02-24 02:25:36,0.00364700,20.82000000
2018-02-24 02:25:36,0.00364700,20.79000000
2018-02-24 02:25:38,0.00365000,57.16000000
2018-02-24 02:25:38,0.00365000,54.44000000
2018-02-24 02:25:39,0.00365200,1.30000000
2018-02-24 02:25:39,0.00365000,20.89000000
2018-02-24 02:25:39,0.00365000,59.01000000
2018-02-24 02:25:39,0.00365000,20.89000000
2018-02-24 02:25:39,0.00364700,1.37000000
2018-02-24 02:25:39,0.00364700,157.02000000
2018-02-24 02:25:39,0.00364600,1.37000000
2018-02-24 02:25:39,0.00364600,2.76000000
2018-02-24 02:25:39,0.00364600,39.99000000
2018-02-24 02:25:39,0.00364600,30.09000000
2018-02-24 02:25:39,0.00364500,354.82000000
2018-02-24 02:25:40,0.00364600,1.36000000
2018-02-24 02:25:40,0.00364600,1.37000000
2018-02-24 02:25:40,0.00364500,30.29000000
2018-02-24 02:25:40,0.00364400,281.36000000
2018-02-24 02:25:40,0.00364300,27.39000000
2018-02-24 02:25:40,0.00364300,1.36000000
2018-02-24 02:25:40,0.00364300,27.39000000
2018-02-24 02:25:40,0.00364300,15.41000000
2018-02-24 02:25:40,0.00364200,20.00000000
2018-02-24 02:25:40,0.00364000,2.87000000
2018-02-24 02:25:40,0.00364500,27.23000000
2018-02-24 02:25:40,0.00364800,37.04000000
2018-02-24 02:25:41,0.00363800,3.23000000
2018-02-24 02:25:41,0.00363700,59.70000000
2018-02-24 02:25:41,0.00363600,89.93000000
2018-02-24 02:25:41,0.00363800,1.92000000
2018-02-24 02:25:41,0.00363600,25.47000000
2018-02-24 02:25:41,0.00363600,153.53000000
2018-02-24 02:25:41,0.00363500,31.55000000
2018-02-24 02:25:42,0.00363300,9.60000000
2018-02-24 02:25:42,0.00363200,59.82000000
2018-02-24 02:25:42,0.00363100,4.26000000
2018-02-24 02:25:42,0.00363000,68.47000000
2018-02-24 02:25:42,0.00362900,4.94000000
2018-02-24 02:25:42,0.00362800,0.41000000
2018-02-24 02:25:42,0.00362700,0.30000000
2018-02-24 02:25:42,0.00362600,4.50000000
2018-02-24 02:25:42,0.00362500,12.00000000
2018-02-24 02:25:42,0.00362400,5.44000000
2018-02-24 02:25:42,0.00362300,7.67000000
2018-02-24 02:25:42,0.00364400,0.94000000
2018-02-24 02:25:44,0.00364200,3.12000000
2018-02-24 02:25:46,0.00363500,3.67000000
2018-02-24 02:25:47,0.00364000,0.82000000
2018-02-24 02:25:47,0.00364200,2.39000000
2018-02-24 02:25:48,0.00363400,1.33000000
2018-02-24 02:25:48,0.00364100,0.45000000
2018-02-24 02:25:48,0.00364100,9.09000000
2018-02-24 02:25:48,0.00364200,37.22000000
2018-02-24 02:25:49,0.00363500,5.51000000
2018-02-24 02:25:49,0.00364200,0.82000000
2018-02-24 02:25:51,0.00363500,10.95000000
2018-02-24 02:25:51,0.00363500,36.17000000
2018-02-24 02:25:51,0.00363400,39.42000000
2018-02-24 02:25:51,0.00363300,54.40000000
2018-02-24 02:25:52,0.00364100,0.78000000
2018-02-24 02:25:53,0.00363900,2.27000000
2018-02-24 02:25:53,0.00363900,2.85000000
2018-02-24 02:25:53,0.00363900,0.56000000
2018-02-24 02:25:53,0.00363900,8.23000000
2018-02-24 02:25:53,0.00363900,8.23000000
2018-02-24 02:25:53,0.00363800,2.26000000
2018-02-24 02:25:53,0.00363900,1.60000000
2018-02-24 02:25:53,0.00364000,0.30000000
2018-02-24 02:25:53,0.00363800,1.59000000
2018-02-24 02:25:53,0.00363800,1.62000000
2018-02-24 02:25:54,0.00363800,7.67000000
2018-02-24 02:25:55,0.00364100,4.08000000
2018-02-24 02:25:56,0.00363800,73.37000000
2018-02-24 02:25:56,0.00363600,2.85000000
2018-02-24 02:25:57,0.00364000,0.77000000
2018-02-24 02:26:01,0.00363700,3.44000000
2018-02-24 02:26:01,0.00363700,1.30000000
2018-02-24 02:26:01,0.00363800,0.70000000
2018-02-24 02:26:02,0.00363900,6.92000000
2018-02-24 02:26:02,0.00363900,8.23000000
2018-02-24 02:26:02,0.00363900,8.56000000
2018-02-24 02:26:02,0.00364000,41.67000000
2018-02-24 02:26:02,0.00364000,0.01000000
2018-02-24 02:26:02,0.00364100,12.31000000
2018-02-24 02:26:03,0.00364300,0.82000000
2018-02-24 02:26:03,0.00364400,1.17000000
2018-02-24 02:26:05,0.00364000,1.99000000
2018-02-24 02:26:05,0.00363800,2.85000000
2018-02-24 02:26:05,0.00363600,5.16000000
2018-02-24 02:26:08,0.00364000,0.68000000
2018-02-24 02:26:08,0.00364200,5.16000000
2018-02-24 02:26:08,0.00364300,8.21000000
2018-02-24 02:26:08,0.00364300,32.20000000
2018-02-24 02:26:08,0.00364300,8.22000000
2018-02-24 02:26:08,0.00364300,8.22000000
2018-02-24 02:26:08,0.00364300,32.22000000
2018-02-24 02:26:08,0.00364300,3.97000000
2018-02-24 02:26:09,0.00364400,0.66000000
2018-02-24 02:26:09,0.00363900,1.09000000
2018-02-24 02:26:09,0.00364400,8.21000000
2018-02-24 02:26:09,0.00364400,3.04000000
2018-02-24 02:26:09,0.00364400,8.22000000
2018-02-24 02:26:09,0.00363700,2.88000000
2018-02-24 02:26:09,0.00364400,0.08000000
2018-02-24 02:26:09,0.00364400,8.21000000
2018-02-24 02:26:19,0.00364400,48.70000000
2018-02-24 02:26:20,0.00364500,29.59000000
2018-02-24 02:26:20,0.00364500,0.69000000
2018-02-24 02:26:22,0.00364500,13.77000000
2018-02-24 02:26:23,0.00364500,11.61000000
2018-02-24 02:26:24,0.00364500,19.78000000
2018-02-24 02:26:25,0.00364600,1.10000000
2018-02-24 02:26:25,0.00364800,4.48000000
2018-02-24 02:26:25,0.00364900,5.55000000
2018-02-24 02:26:25,0.00365000,39.56000000
2018-02-24 02:26:25,0.00364400,4.00000000
2018-02-24 02:26:25,0.00364400,10.97000000
2018-02-24 02:26:25,0.00364900,13.66000000
2018-02-24 02:26:25,0.00365000,3.14000000
2018-02-24 02:26:26,0.00364500,0.41000000
2018-02-24 02:26:28,0.00364800,2.94000000
2018-02-24 02:26:28,0.00364800,0.01000000
2018-02-24 02:26:29,0.00364900,1.00000000
2018-02-24 02:26:35,0.00364400,10.50000000
2018-02-24 02:26:35,0.00364700,17.68000000
2018-02-24 02:26:36,0.00364600,0.44000000
2018-02-24 02:26:36,0.00364700,3.99000000
2018-02-24 02:26:38,0.00364700,1.48000000
2018-02-24 02:26:38,0.00364400,0.30000000
2018-02-24 02:26:44,0.00364400,53.05000000
2018-02-24 02:26:47,0.00364700,2.83000000
2018-02-24 02:26:47,0.00364500,11.65000000
2018-02-24 02:26:47,0.00364400,46.52000000
2018-02-24 02:26:48,0.00364700,83.86000000
2018-02-24 02:26:49,0.00364700,0.02000000
2018-02-24 02:26:49,0.00364900,19.37000000
2018-02-24 02:26:53,0.00364400,2.86000000
2018-02-24 02:26:54,0.00364800,2.85000000
2018-02-24 02:26:55,0.00364400,3.39000000
2018-02-24 02:27:02,0.00364500,4.80000000
2018-02-24 02:27:04,0.00364800,1.18000000
2018-02-24 02:27:05,0.00364800,29.67000000
2018-02-24 02:27:05,0.00364900,77.26000000
2018-02-24 02:27:11,0.00364900,32.04000000
2018-02-24 02:27:11,0.00364900,1.37000000
2018-02-24 02:27:11,0.00364900,1.37000000
2018-02-24 02:27:11,0.00364900,56.77000000
2018-02-24 02:27:11,0.00364900,0.07000000
2018-02-24 02:27:12,0.00364900,2.61000000
2018-02-24 02:27:12,0.00364500,2.62000000
2018-02-24 02:27:12,0.00365000,86.24000000
2018-02-24 02:27:13,0.00364900,213.73000000
2018-02-24 02:27:15,0.00364900,1.34000000
2018-02-24 02:27:15,0.00364900,0.68000000
2018-02-24 02:27:18,0.00364900,6.83000000
2018-02-24 02:27:18,0.00364900,74.06000000
2018-02-24 02:27:18,0.00364500,25.81000000
2018-02-24 02:27:20,0.00364500,15.38000000
2018-02-24 02:27:20,0.00364900,34.67000000
2018-02-24 02:27:21,0.00364900,13.99000000
2018-02-24 02:27:22,0.00364900,25.26000000
2018-02-24 02:27:22,0.00364900,5.76000000
2018-02-24 02:27:23,0.00365000,114.79000000
2018-02-24 02:27:27,0.00364900,4.39000000
2018-02-24 02:27:27,0.00364900,3.29000000
2018-02-24 02:27:28,0.00364900,2.74000000
2018-02-24 02:27:29,0.00365000,0.01000000
2018-02-24 02:27:29,0.00365100,3.59000000
2018-02-24 02:27:29,0.00365200,117.60000000
2018-02-24 02:27:30,0.00364900,2.00000000
2018-02-24 02:27:31,0.00365200,3.64000000
2018-02-24 02:27:31,0.00365200,62.97000000
2018-02-24 02:27:32,0.00364900,6.31000000
2018-02-24 02:27:33,0.00364900,3.02000000
2018-02-24 02:27:35,0.00365000,25.78000000
2018-02-24 02:27:36,0.00365000,1.92000000
2018-02-24 02:27:40,0.00365000,0.22000000
2018-02-24 02:27:40,0.00364900,12.48000000
2018-02-24 02:27:40,0.00364700,87.29000000
2018-02-24 02:27:41,0.00364700,5.74000000
2018-02-24 02:27:43,0.00365100,61.98000000
2018-02-24 02:27:43,0.00365200,41.73000000
2018-02-24 02:27:45,0.00365100,5.41000000
2018-02-24 02:27:46,0.00365100,21.48000000
2018-02-24 02:27:46,0.00365100,42.57000000
2018-02-24 02:27:50,0.00364800,26.48000000
2018-02-24 02:27:50,0.00364700,35.65000000
2018-02-24 02:27:51,0.00364700,4.41000000
2018-02-24 02:27:52,0.00365100,1.30000000
2018-02-24 02:27:58,0.00364900,2.74000000
2018-02-24 02:28:00,0.00364800,11.24000000
2018-02-24 02:28:01,0.00364900,6.74000000
2018-02-24 02:28:01,0.00364900,3.45000000
2018-02-24 02:28:10,0.00364800,1.00000000
2018-02-24 02:28:10,0.00364900,2.50000000
2018-02-24 02:28:11,0.00364900,6.90000000
2018-02-24 02:28:11,0.00364900,1.17000000
2018-02-24 02:28:15,0.00365000,78.16000000
2018-02-24 02:28:15,0.00365000,4.58000000
2018-02-24 02:28:15,0.00365000,2.85000000
2018-02-24 02:28:15,0.00365000,2.85000000
2018-02-24 02:28:15,0.00364900,2.85000000
2018-02-24 02:28:15,0.00364900,0.61000000
2018-02-24 02:28:15,0.00365000,20.76000000
2018-02-24 02:28:19,0.00365000,23.26000000
2018-02-24 02:28:20,0.00365000,2.85000000
2018-02-24 02:28:20,0.00365000,0.66000000
2018-02-24 02:28:20,0.00365000,2.57000000
2018-02-24 02:28:20,0.00364900,10.82000000
2018-02-24 02:28:20,0.00364900,0.78000000
2018-02-24 02:28:20,0.00364900,2.91000000
2018-02-24 02:28:21,0.00364900,8.21000000
2018-02-24 02:28:21,0.00364900,8.21000000
2018-02-24 02:28:21,0.00364900,1.07000000
2018-02-24 02:28:21,0.00365000,24.23000000
2018-02-24 02:28:21,0.00365000,97.78000000
2018-02-24 02:28:22,0.00365000,2.50000000
2018-02-24 02:28:22,0.00365000,39.58000000
2018-02-24 02:28:35,0.00365100,24.53000000
2018-02-24 02:28:36,0.00365100,7.70000000
2018-02-24 02:28:37,0.00365000,16.78000000
2018-02-24 02:28:37,0.00365100,8.77000000
2018-02-24 02:28:39,0.00365100,2.97000000
2018-02-24 02:28:39,0.00365100,9.66000000
2018-02-24 02:28:39,0.00365100,1.34000000
2018-02-24 02:28:40,0.00365100,4.00000000
2018-02-24 02:28:40,0.00365100,6.86000000
2018-02-24 02:28:41,0.00365100,2.91000000
2018-02-24 02:28:42,0.00365100,1.29000000
2018-02-24 02:28:42,0.00365100,50.28000000
2018-02-24 02:28:43,0.00365100,10.13000000
2018-02-24 02:28:46,0.00365200,6.37000000
2018-02-24 02:28:47,0.00365200,10.73000000
2018-02-24 02:28:49,0.00365200,30.00000000
2018-02-24 02:28:49,0.00365200,68.45000000
2018-02-24 02:28:50,0.00365100,4.22000000
2018-02-24 02:28:50,0.00365200,4.53000000
2018-02-24 02:28:53,0.00365200,4.87000000
2018-02-24 02:28:54,0.00365300,83.25000000
2018-02-24 02:28:57,0.00365300,6.57000000
2018-02-24 02:28:59,0.00365300,14.31000000
2018-02-24 02:28:59,0.00365300,2.24000000
2018-02-24 02:29:03,0.00365300,507.18000000
2018-02-24 02:29:03,0.00365400,492.82000000
2018-02-24 02:29:04,0.00365400,383.04000000
2018-02-24 02:29:05,0.00365400,21.58000000
2018-02-24 02:29:05,0.00365400,29.05000000
2018-02-24 02:29:06,0.00365400,85.00000000
2018-02-24 02:29:06,0.00365400,204.21000000
2018-02-24 02:29:06,0.00365400,79.59000000
2018-02-24 02:29:06,0.00365400,23.82000000
2018-02-24 02:29:07,0.00365500,51.01000000
2018-02-24 02:29:07,0.00365500,7.76000000
2018-02-24 02:29:07,0.00365600,41.05000000
2018-02-24 02:29:13,0.00365400,123.60000000
2018-02-24 02:29:13,0.00365300,24.06000000
2018-02-24 02:29:16,0.00365500,44.67000000
2018-02-24 02:29:17,0.00365500,5.93000000
2018-02-24 02:29:17,0.00365600,707.87000000
2018-02-24 02:29:20,0.00365600,1.27000000
2018-02-24 02:29:20,0.00365600,62.92000000
2018-02-24 02:29:22,0.00365600,26.89000000
2018-02-24 02:29:24,0.00365600,3.90000000
2018-02-24 02:29:25,0.00365700,19.11000000
2018-02-24 02:29:26,0.00365700,3.06000000
2018-02-24 02:29:27,0.00365700,20.82000000
2018-02-24 02:29:28,0.00365800,136.69000000
2018-02-24 02:29:31,0.00365800,10.00000000
2018-02-24 02:29:31,0.00365800,0.43000000
2018-02-24 02:29:31,0.00365700,23.73000000
2018-02-24 02:29:32,0.00365800,15.82000000
2018-02-24 02:29:34,0.00365800,5.21000000
2018-02-24 02:29:36,0.00365800,112.16000000
2018-02-24 02:29:36,0.00365800,27.00000000
2018-02-24 02:29:38,0.00365800,2.98000000
2018-02-24 02:29:39,0.00365800,22.56000000
2018-02-24 02:29:39,0.00365700,6.14000000
2018-02-24 02:29:40,0.00365700,27.32000000
2018-02-24 02:29:40,0.00365700,4.07000000
2018-02-24 02:29:40,0.00365700,23.63000000
2018-02-24 02:29:41,0.00365700,2.97000000
2018-02-24 02:29:42,0.00365700,3.93000000
2018-02-24 02:29:43,0.00365700,34.36000000
2018-02-24 02:29:43,0.00365700,50.95000000
2018-02-24 02:29:44,0.00365800,37.98000000
2018-02-24 02:29:45,0.00365700,22.83000000
2018-02-24 02:29:45,0.00365800,70.44000000
2018-02-24 02:29:47,0.00365700,130.90000000
2018-02-24 02:29:48,0.00365700,1.57000000
2018-02-24 02:29:48,0.00365700,8.19000000
2018-02-24 02:29:48,0.00365700,8.19000000
2018-02-24 02:29:48,0.00365700,7.50000000
2018-02-24 02:29:48,0.00365700,6.10000000
2018-02-24 02:29:49,0.00365700,5.42000000
2018-02-24 02:29:49,0.00365700,0.03000000
2018-02-24 02:29:50,0.00365700,8.19000000
2018-02-24 02:29:50,0.00365700,4.23000000
2018-02-24 02:29:51,0.00365700,3.06000000
2018-02-24 02:29:52,0.00365700,27.32000000
2018-02-24 02:29:52,0.00365700,3.10000000
2018-02-24 02:29:53,0.00365700,46.28000000
2018-02-24 02:29:53,0.00365700,3.81000000
2018-02-24 02:29:53,0.00365700,2.73000000
2018-02-24 02:29:53,0.00365800,33.88000000
2018-02-24 02:29:54,0.00365700,3.08000000
2018-02-24 02:29:54,0.00365700,27.23000000
2018-02-24 02:29:54,0.00365700,1.47000000
2018-02-24 02:29:56,0.00365700,3.64000000
2018-02-24 02:29:56,0.00365700,5.94000000
2018-02-24 02:29:56,0.00365800,252.95000000
2018-02-24 02:29:56,0.00365800,1.28000000
2018-02-24 02:29:58,0.00365800,8.50000000
2018-02-24 02:29:59,0.00365800,9.14000000
2018-02-24 02:30:00,0.00365800,5.24000000
2018-02-24 02:30:00,0.00365800,13.41000000
2018-02-24 02:30:01,0.00365800,8.19000000
2018-02-24 02:30:01,0.00365900,0.75000000
2018-02-24 02:30:01,0.00365800,8.17000000
2018-02-24 02:30:02,0.00365700,0.52000000
2018-02-24 02:30:02,0.00365700,1.09000000
2018-02-24 02:30:07,0.00365800,1.79000000
2018-02-24 02:30:12,0.00365800,3.02000000
2018-02-24 02:30:14,0.00365800,4.00000000
2018-02-24 02:30:15,0.00365900,7.00000000
2018-02-24 02:30:15,0.00365900,5.00000000
2018-02-24 02:30:15,0.00365800,62.36000000
2018-02-24 02:30:16,0.00365800,4.41000000
2018-02-24 02:30:16,0.00365900,144.91000000
2018-02-24 02:30:16,0.00365800,10.47000000
2018-02-24 02:30:17,0.00365800,2.46000000
2018-02-24 02:30:17,0.00365800,2.97000000
2018-02-24 02:30:17,0.00365800,16.57000000
2018-02-24 02:30:20,0.00365900,4.78000000
2018-02-24 02:30:21,0.00365900,0.90000000
2018-02-24 02:30:21,0.00365900,0.34000000
2018-02-24 02:30:22,0.00366000,37.80000000
2018-02-24 02:30:24,0.00366000,27.32000000
2018-02-24 02:30:24,0.00365900,3.83000000
2018-02-24 02:30:24,0.00366000,4.92000000
2018-02-24 02:30:24,0.00366000,46.41000000
2018-02-24 02:30:24,0.00366000,12.59000000
2018-02-24 02:30:24,0.00365900,4.65000000
2018-02-24 02:30:24,0.00366000,97.67000000
2018-02-24 02:30:25,0.00366000,2.33000000
2018-02-24 02:30:25,0.00365800,2.33000000
2018-02-24 02:30:25,0.00366000,7.26000000
2018-02-24 02:30:25,0.00366100,13.21000000
2018-02-24 02:30:25,0.00366000,22.40000000
2018-02-24 02:30:26,0.00366000,2.99000000
2018-02-24 02:30:26,0.00366000,2.33000000
2018-02-24 02:30:26,0.00366000,1.21000000
2018-02-24 02:30:26,0.00366000,28.93000000
2018-02-24 02:30:26,0.00365800,3.95000000
2018-02-24 02:30:27,0.00366200,2.63000000
2018-02-24 02:30:27,0.00366300,2.72000000
2018-02-24 02:30:27,0.00366400,0.10000000
2018-02-24 02:30:27,0.00366100,10.67000000
2018-02-24 02:30:27,0.00366100,22.40000000
2018-02-24 02:30:28,0.00366100,5.00000000
2018-02-24 02:30:28,0.00366100,0.61000000
2018-02-24 02:30:28,0.00366100,1.93000000
2018-02-24 02:30:28,0.00366100,41.20000000
2018-02-24 02:30:28,0.00366100,13.60000000
2018-02-24 02:30:28,0.00366100,8.18000000
2018-02-24 02:30:28,0.00366100,8.19000000
2018-02-24 02:30:28,0.00366100,6.34000000
2018-02-24 02:30:28,0.00366100,8.19000000
2018-02-24 02:30:29,0.00366100,6.23000000
2018-02-24 02:30:29,0.00366100,2.99000000
2018-02-24 02:30:29,0.00366100,6.33000000
2018-02-24 02:30:29,0.00366100,0.99000000
2018-02-24 02:30:30,0.00366100,7.70000000
2018-02-24 02:30:30,0.00366300,1.04000000
2018-02-24 02:30:30,0.00366100,22.40000000
2018-02-24 02:30:30,0.00366100,3.83000000
2018-02-24 02:30:31,0.00366100,12.03000000
2018-02-24 02:30:31,0.00366300,0.05000000
2018-02-24 02:30:31,0.00366300,8.19000000
2018-02-24 02:30:31,0.00366300,18.63000000
2018-02-24 02:30:31,0.00366300,4.37000000
2018-02-24 02:30:32,0.00366300,13.15000000
2018-02-24 02:30:32,0.00366300,36.95000000
2018-02-24 02:30:32,0.00366300,3.21000000
2018-02-24 02:30:32,0.00366300,56.57000000
2018-02-24 02:30:32,0.00366100,16.95000000
2018-02-24 02:30:33,0.00366100,0.85000000
2018-02-24 02:30:34,0.00366300,0.30000000
2018-02-24 02:30:35,0.00366300,22.12000000
2018-02-24 02:30:35,0.00366400,40.80000000
2018-02-24 02:30:35,0.00366500,7.68000000
2018-02-24 02:30:35,0.00366600,97.35000000
2018-02-24 02:30:36,0.00366300,23.86000000
2018-02-24 02:30:36,0.00366100,27.99000000
2018-02-24 02:30:36,0.00366100,1.26000000
2018-02-24 02:30:36,0.00366100,3.82000000
2018-02-24 02:30:36,0.00366000,12.38000000
2018-02-24 02:30:36,0.00365900,1.36000000
2018-02-24 02:30:36,0.00365800,19.42000000
2018-02-24 02:30:37,0.00365800,10.00000000
2018-02-24 02:30:37,0.00366300,14.96000000
2018-02-24 02:30:38,0.00366300,5.34000000
2018-02-24 02:30:38,0.00366300,2.11000000
2018-02-24 02:30:38,0.00366300,18.91000000
2018-02-24 02:30:39,0.00366300,0.12000000
2018-02-24 02:30:39,0.00366500,18.33000000
2018-02-24 02:30:41,0.00366500,45.67000000
2018-02-24 02:30:41,0.00366600,30.07000000
2018-02-24 02:30:41,0.00366700,102.64000000
2018-02-24 02:30:41,0.00366700,2.74000000
2018-02-24 02:30:42,0.00366700,7.12000000
2018-02-24 02:30:42,0.00365800,16.65000000
2018-02-24 02:30:42,0.00366800,10.93000000
2018-02-24 02:30:42,0.00365900,2.49000000
2018-02-24 02:30:45,0.00366300,5.78000000
2018-02-24 02:30:50,0.00366300,4.49000000
2018-02-24 02:30:51,0.00366300,10.29000000
2018-02-24 02:30:54,0.00366400,2.10000000
2018-02-24 02:30:54,0.00366500,2.37000000
2018-02-24 02:30:54,0.00366700,7.12000000
2018-02-24 02:30:54,0.00366800,3.41000000
2018-02-24 02:30:57,0.00366100,21.05000000
2018-02-24 02:30:58,0.00366600,0.42000000
2018-02-24 02:30:59,0.00366400,5.38000000
2018-02-24 02:30:59,0.00366300,47.65000000
2018-02-24 02:30:59,0.00366300,9.91000000
2018-02-24 02:31:01,0.00366300,23.82000000
2018-02-24 02:31:01,0.00366300,2.00000000
2018-02-24 02:31:01,0.00366300,42.14000000
2018-02-24 02:31:01,0.00366300,23.85000000
2018-02-24 02:31:01,0.00366300,26.77000000
2018-02-24 02:31:02,0.00365900,11.08000000
2018-02-24 02:31:02,0.00366000,8.19000000
2018-02-24 02:31:02,0.00366000,8.19000000
2018-02-24 02:31:03,0.00366000,0.89000000
2018-02-24 02:31:07,0.00366400,1.97000000
2018-02-24 02:31:08,0.00366100,1.97000000
2018-02-24 02:31:15,0.00366300,14.58000000
2018-02-24 02:31:15,0.00366400,95.06000000
2018-02-24 02:31:16,0.00366100,35.12000000
2018-02-24 02:31:21,0.00366200,11.30000000
2018-02-24 02:31:21,0.00366000,92.44000000
2018-02-24 02:31:22,0.00366300,44.57000000
2018-02-24 02:31:22,0.00366400,11.13000000
2018-02-24 02:31:22,0.00366400,23.47000000
2018-02-24 02:31:22,0.00366400,139.77000000
2018-02-24 02:31:23,0.00366400,19.62000000
2018-02-24 02:31:23,0.00366300,59.46000000
2018-02-24 02:31:23,0.00366300,3.54000000
2018-02-24 02:31:23,0.00366300,8.54000000
2018-02-24 02:31:24,0.00366300,1.28000000
2018-02-24 02:31:24,0.00366100,5.72000000
2018-02-24 02:31:25,0.00366100,71.60000000
2018-02-24 02:31:25,0.00366000,143.58000000
2018-02-24 02:31:26,0.00366000,32.53000000
2018-02-24 02:31:27,0.00365900,27.32000000
2018-02-24 02:31:27,0.00366000,8.09000000
2018-02-24 02:31:28,0.00366000,3.38000000
2018-02-24 02:31:28,0.00365900,115.35000000
2018-02-24 02:31:28,0.00365800,9.51000000
2018-02-24 02:31:30,0.00365700,1.00000000
2018-02-24 02:31:31,0.00365700,0.70000000
2018-02-24 02:31:31,0.00365700,1.65000000
2018-02-24 02:31:32,0.00366200,23.51000000
2018-02-24 02:31:32,0.00366300,50.93000000
2018-02-24 02:31:32,0.00366400,14.76000000
2018-02-24 02:31:32,0.00365700,4.17000000
2018-02-24 02:31:32,0.00365600,63.48000000
2018-02-24 02:31:32,0.00365500,26.43000000
2018-02-24 02:31:32,0.00365400,93.97000000
2018-02-24 02:31:33,0.00366600,0.24000000
2018-02-24 02:31:33,0.00365700,1.90000000
2018-02-24 02:31:34,0.00365800,0.83000000
2018-02-24 02:31:35,0.00365700,1.11000000
2018-02-24 02:31:35,0.00366200,0.83000000
2018-02-24 02:31:35,0.00366300,12.26000000
2018-02-24 02:31:35,0.00366400,2.73000000
2018-02-24 02:31:35,0.00366500,4.18000000
2018-02-24 02:31:36,0.00366000,14.03000000
2018-02-24 02:31:36,0.00366000,11.34000000
2018-02-24 02:31:36,0.00365900,4.18000000
2018-02-24 02:31:36,0.00365800,8.07000000
2018-02-24 02:31:36,0.00365800,15.52000000
2018-02-24 02:31:38,0.00366100,224.79000000
2018-02-24 02:31:38,0.00365900,2.00000000
2018-02-24 02:31:38,0.00365900,0.85000000
2018-02-24 02:31:42,0.00366100,24.58000000
2018-02-24 02:31:44,0.00366100,0.85000000
2018-02-24 02:31:45,0.00366100,23.52000000
2018-02-24 02:31:45,0.00366100,2.25000000
2018-02-24 02:31:47,0.00365900,11.76000000
2018-02-24 02:31:48,0.00365900,11.83000000
2018-02-24 02:31:48,0.00365900,2.67000000
2018-02-24 02:31:48,0.00365800,12.54000000
2018-02-24 02:31:48,0.00366000,7.41000000
2018-02-24 02:31:48,0.00365900,1.09000000
2018-02-24 02:31:48,0.00365800,14.12000000
2018-02-24 02:31:49,0.00366000,2.99000000
2018-02-24 02:31:49,0.00366000,4.95000000
2018-02-24 02:31:50,0.00365800,1.21000000
2018-02-24 02:31:50,0.00365800,23.84000000
2018-02-24 02:31:52,0.00365800,4.52000000
2018-02-24 02:31:53,0.00365800,5.46000000
2018-02-24 02:31:55,0.00365900,8.19000000
2018-02-24 02:31:55,0.00365900,8.19000000
2018-02-24 02:31:55,0.00365800,47.07000000
2018-02-24 02:31:55,0.00365800,12.30000000
2018-02-24 02:31:55,0.00365800,3.04000000
2018-02-24 02:31:56,0.00365800,5.11000000
2018-02-24 02:31:56,0.00365800,51.10000000
2018-02-24 02:31:56,0.00365800,32.30000000
2018-02-24 02:31:57,0.00365800,2.00000000
2018-02-24 02:31:59,0.00365700,5.58000000
2018-02-24 02:32:00,0.00365700,1.14000000
2018-02-24 02:32:01,0.00365600,20.00000000
2018-02-24 02:32:01,0.00365700,38.97000000
2018-02-24 02:32:01,0.00365800,208.06000000
2018-02-24 02:32:02,0.00365600,65.06000000
2018-02-24 02:32:03,0.00365800,13.64000000
2018-02-24 02:32:04,0.00365800,2.10000000
2018-02-24 02:32:04,0.00365800,1.20000000
2018-02-24 02:32:05,0.00365800,2.10000000
2018-02-24 02:32:07,0.00365500,2.73000000
2018-02-24 02:32:07,0.00365400,75.47000000
2018-02-24 02:32:07,0.00365400,1.76000000
2018-02-24 02:32:07,0.00365300,0.32000000
2018-02-24 02:32:07,0.00365200,23.61000000
2018-02-24 02:32:07,0.00365100,16.66000000
2018-02-24 02:32:07,0.00365400,8.19000000
2018-02-24 02:32:07,0.00365400,2.57000000
2018-02-24 02:32:07,0.00365400,7.09000000
2018-02-24 02:32:09,0.00365200,0.66000000
2018-02-24 02:32:09,0.00365400,21.60000000
2018-02-24 02:32:09,0.00365500,26.46000000
2018-02-24 02:32:10,0.00365600,8.20000000
2018-02-24 02:32:11,0.00365600,1.50000000
2018-02-24 02:32:12,0.00365600,0.68000000
2018-02-24 02:32:14,0.00365600,3.76000000
2018-02-24 02:32:14,0.00365600,2.00000000
2018-02-24 02:32:14,0.00365600,0.54000000
2018-02-24 02:32:15,0.00365400,20.26000000
2018-02-24 02:32:17,0.00365400,0.56000000
2018-02-24 02:32:17,0.00365400,2.78000000
2018-02-24 02:32:18,0.00365500,2.96000000
2018-02-24 02:32:19,0.00365500,8.30000000
2018-02-24 02:32:22,0.00365500,10.05000000
2018-02-24 02:32:23,0.00365500,0.54000000
2018-02-24 02:32:24,0.00365500,0.54000000
2018-02-24 02:32:25,0.00365500,0.54000000
2018-02-24 02:32:25,0.00365500,2.23000000
2018-02-24 02:32:25,0.00365500,0.87000000
2018-02-24 02:32:27,0.00365500,14.46000000
2018-02-24 02:32:28,0.00365600,10.94000000
2018-02-24 02:32:30,0.00365600,2.73000000
2018-02-24 02:32:31,0.00365600,10.94000000
2018-02-24 02:32:31,0.00365600,48.34000000
2018-02-24 02:32:31,0.00365800,32.85000000
2018-02-24 02:32:31,0.00366000,39.60000000
2018-02-24 02:32:36,0.00366000,2.85000000
2018-02-24 02:32:37,0.00366000,5.12000000
2018-02-24 02:32:39,0.00365600,1.00000000
2018-02-24 02:32:41,0.00365600,1.22000000
2018-02-24 02:32:47,0.00365700,0.31000000
2018-02-24 02:32:47,0.00365600,5.07000000
2018-02-24 02:32:55,0.00365900,25.71000000
2018-02-24 02:32:56,0.00365800,121.08000000
2018-02-24 02:32:58,0.00365800,8.77000000
2018-02-24 02:32:59,0.00365700,3.90000000
2018-02-24 02:33:02,0.00365800,0.50000000
2018-02-24 02:33:02,0.00365700,25.00000000
2018-02-24 02:33:04,0.00365800,13.84000000
2018-02-24 02:33:05,0.00365700,28.97000000
2018-02-24 02:33:05,0.00365600,44.79000000
2018-02-24 02:33:06,0.00365600,3.84000000
2018-02-24 02:33:11,0.00365600,25.05000000
2018-02-24 02:33:12,0.00365500,2.46000000
2018-02-24 02:33:12,0.00365500,1.04000000
2018-02-24 02:33:13,0.00365500,1.02000000
2018-02-24 02:33:13,0.00365600,10.94000000
2018-02-24 02:33:14,0.00365600,1.62000000
2018-02-24 02:33:14,0.00365700,88.39000000
2018-02-24 02:33:15,0.00365600,10.95000000
2018-02-24 02:33:15,0.00365500,32.10000000
2018-02-24 02:33:16,0.00365700,10.94000000
2018-02-24 02:33:16,0.00365500,5.77000000
2018-02-24 02:33:17,0.00365700,25.18000000
2018-02-24 02:33:18,0.00365700,33.45000000
2018-02-24 02:33:18,0.00365700,10.94000000
2018-02-24 02:33:19,0.00365700,68.35000000
2018-02-24 02:33:19,0.00365500,3.59000000
2018-02-24 02:33:19,0.00365400,0.41000000
2018-02-24 02:33:20,0.00366000,20.10000000
2018-02-24 02:33:23,0.00365800,2.05000000
2018-02-24 02:33:25,0.00365800,0.38000000
2018-02-24 02:33:25,0.00365800,0.42000000
2018-02-24 02:33:27,0.00365900,2.05000000
2018-02-24 02:33:28,0.00365800,0.67000000
2018-02-24 02:33:28,0.00365700,49.11000000
2018-02-24 02:33:29,0.00365700,7.25000000
2018-02-24 02:33:30,0.00365800,20.98000000
2018-02-24 02:33:32,0.00365900,1.09000000
2018-02-24 02:33:37,0.00365900,120.89000000
2018-02-24 02:33:39,0.00365900,6.29000000
2018-02-24 02:33:39,0.00365900,14.50000000
2018-02-24 02:33:43,0.00365900,49.19000000
2018-02-24 02:33:43,0.00365800,1.03000000
2018-02-24 02:33:45,0.00366000,41.80000000
2018-02-24 02:33:45,0.00366100,14.91000000
2018-02-24 02:33:45,0.00366400,115.51000000
2018-02-24 02:33:45,0.00366500,199.01000000
2018-02-24 02:33:45,0.00366600,55.33000000
2018-02-24 02:33:45,0.00366600,51.98000000
2018-02-24 02:33:49,0.00366600,21.98000000
2018-02-24 02:33:53,0.00366500,7.85000000
2018-02-24 02:33:54,0.00366500,0.79000000
2018-02-24 02:33:56,0.00366000,2.01000000
2018-02-24 02:33:57,0.00366300,38.81000000
2018-02-24 02:34:00,0.00366300,0.56000000
2018-02-24 02:34:02,0.00366300,118.97000000
2018-02-24 02:34:03,0.00366000,1.00000000
2018-02-24 02:34:08,0.00366000,75.23000000
2018-02-24 02:34:08,0.00365900,78.46000000
2018-02-24 02:34:12,0.00366300,6.10000000
2018-02-24 02:34:18,0.00366100,1.05000000
2018-02-24 02:34:18,0.00366200,18.96000000
2018-02-24 02:34:22,0.00366300,104.82000000
2018-02-24 02:34:23,0.00366300,86.94000000
2018-02-24 02:34:23,0.00366000,2.37000000
2018-02-24 02:34:23,0.00366000,50.00000000
2018-02-24 02:34:23,0.00366000,1.10000000
2018-02-24 02:34:26,0.00366200,1.00000000
2018-02-24 02:34:27,0.00366500,7.90000000
2018-02-24 02:34:27,0.00366600,3.72000000
2018-02-24 02:34:29,0.00366600,2.72000000
2018-02-24 02:34:29,0.00366200,92.70000000
2018-02-24 02:34:34,0.00366500,2.72000000
2018-02-24 02:34:37,0.00366200,5.46000000
2018-02-24 02:34:37,0.00366400,25.00000000
2018-02-24 02:34:37,0.00366500,3.68000000
2018-02-24 02:34:39,0.00366500,0.73000000
2018-02-24 02:34:39,0.00366200,3.86000000
2018-02-24 02:34:42,0.00366600,19.07000000
2018-02-24 02:34:43,0.00366200,2.00000000
2018-02-24 02:34:43,0.00366200,46.42000000
2018-02-24 02:34:46,0.00366500,5.44000000
2018-02-24 02:34:46,0.00366600,18.56000000
2018-02-24 02:34:47,0.00366500,4.73000000
2018-02-24 02:34:49,0.00366500,6.79000000
2018-02-24 02:34:52,0.00366500,6.00000000
2018-02-24 02:34:53,0.00366500,1.39000000
