DATE,PRICE,VOLUME
2018-02-27 14:00:00,0.00329000,5.89000000
2018-02-27 14:00:01,0.00329000,29.77000000
2018-02-27 14:00:02,0.00329000,14.88000000
2018-02-27 14:00:03,0.00329000,2.34000000
2018-02-27 14:00:07,0.00328800,3.55000000
2018-02-27 14:00:10,0.00328600,1.00000000
2018-02-27 14:00:10,0.00328800,0.99000000
2018-02-27 14:00:12,0.00328800,0.73000000
2018-02-27 14:00:13,0.00328800,0.41000000
2018-02-27 14:00:15,0.00328600,6.64000000
2018-02-27 14:00:15,0.00328600,60.92000000
2018-02-27 14:00:17,0.00328600,1.86000000
2018-02-27 14:00:19,0.00328600,0.73000000
2018-02-27 14:00:21,0.00328600,25.85000000
2018-02-27 14:00:22,0.00328600,12.92000000
2018-02-27 14:00:27,0.00328400,3.98000000
2018-02-27 14:00:28,0.00328600,6.45000000
2018-02-27 14:00:29,0.00328600,6.49000000
2018-02-27 14:00:34,0.00328800,1.17000000
2018-02-27 14:00:38,0.00328700,5.00000000
2018-02-27 14:00:41,0.00328800,0.45000000
2018-02-27 14:00:41,0.00328800,0.92000000
2018-02-27 14:00:43,0.00328700,12.97000000
2018-02-27 14:00:43,0.00328600,7.01000000
2018-02-27 14:00:46,0.00328800,0.67000000
2018-02-27 14:00:46,0.00328600,0.39000000
2018-02-27 14:00:46,0.00328300,25.21000000
2018-02-27 14:00:46,0.00328200,101.51000000
2018-02-27 14:00:46,0.00328200,39.78000000
2018-02-27 14:00:46,0.00328800,1.90000000
2018-02-27 14:00:48,0.00328900,12.59000000
2018-02-27 14:00:49,0.00328400,13.01000000
2018-02-27 14:00:49,0.00328200,21.88000000
2018-02-27 14:00:49,0.00328200,0.47000000
2018-02-27 14:00:49,0.00328200,3.89000000
2018-02-27 14:00:49,0.00328200,24.81000000
2018-02-27 14:00:49,0.00328900,4.22000000
2018-02-27 14:00:50,0.00329000,12.40000000
2018-02-27 14:00:55,0.00328900,5.47000000
2018-02-27 14:00:56,0.00328900,1.46000000
2018-02-27 14:00:56,0.00328200,30.01000000
2018-02-27 14:00:56,0.00328200,0.97000000
2018-02-27 14:00:56,0.00328200,45.19000000
2018-02-27 14:00:56,0.00328200,40.00000000
2018-02-27 14:00:57,0.00328200,3.83000000
2018-02-27 14:00:57,0.00329000,26.60000000
2018-02-27 14:01:04,0.00328600,0.73000000
2018-02-27 14:01:04,0.00328800,10.61000000
2018-02-27 14:01:04,0.00329000,13.01000000
2018-02-27 14:01:04,0.00329300,5.65000000
2018-02-27 14:01:05,0.00329000,4.90000000
2018-02-27 14:01:07,0.00329200,9.90000000
2018-02-27 14:01:08,0.00329000,16.65000000
2018-02-27 14:01:08,0.00329000,8.84000000
2018-02-27 14:01:08,0.00329200,1.16000000
2018-02-27 14:01:11,0.00329200,0.01000000
2018-02-27 14:01:14,0.00329300,35.52000000
2018-02-27 14:01:17,0.00329300,17.76000000
2018-02-27 14:01:20,0.00329300,11.41000000
2018-02-27 14:01:20,0.00329200,0.88000000
2018-02-27 14:01:20,0.00329200,1.12000000
2018-02-27 14:01:22,0.00329300,33.07000000
2018-02-27 14:01:26,0.00329300,0.60000000
2018-02-27 14:01:30,0.00329300,2.93000000
2018-02-27 14:01:36,0.00329300,3.04000000
2018-02-27 14:01:37,0.00329600,1.60000000
2018-02-27 14:01:38,0.00329300,8.69000000
2018-02-27 14:01:44,0.00329300,35.01000000
2018-02-27 14:01:51,0.00329300,10.00000000
2018-02-27 14:01:51,0.00329300,13.73000000
2018-02-27 14:01:53,0.00329300,30.79000000
2018-02-27 14:01:54,0.00329300,34.00000000
2018-02-27 14:01:58,0.00329300,15.84000000
2018-02-27 14:02:00,0.00329300,9.75000000
2018-02-27 14:02:02,0.00329300,24.31000000
2018-02-27 14:02:03,0.00328900,2.35000000
2018-02-27 14:02:04,0.00329300,12.17000000
2018-02-27 14:02:09,0.00328600,3.73000000
2018-02-27 14:02:12,0.00329300,5.28000000
2018-02-27 14:02:12,0.00329300,10.00000000
2018-02-27 14:02:14,0.00329300,4.51000000
2018-02-27 14:02:18,0.00329300,17.18000000
2018-02-27 14:02:19,0.00329300,24.23000000
2018-02-27 14:02:21,0.00329300,53.64000000
2018-02-27 14:02:23,0.00329300,51.40000000
2018-02-27 14:02:27,0.00329300,12.87000000
2018-02-27 14:02:30,0.00329300,23.21000000
2018-02-27 14:02:30,0.00329300,23.23000000
2018-02-27 14:02:31,0.00329400,51.96000000
2018-02-27 14:02:32,0.00329400,16.42000000
2018-02-27 14:02:34,0.00329400,17.78000000
2018-02-27 14:02:35,0.00329400,36.28000000
2018-02-27 14:02:38,0.00329400,10.16000000
2018-02-27 14:02:38,0.00329300,7.52000000
2018-02-27 14:02:38,0.00328800,8.87000000
2018-02-27 14:02:41,0.00329600,0.84000000
2018-02-27 14:02:46,0.00329600,41.58000000
2018-02-27 14:02:46,0.00329600,25.17000000
2018-02-27 14:02:49,0.00329600,20.41000000
2018-02-27 14:02:56,0.00329600,15.21000000
2018-02-27 14:03:04,0.00329400,1.27000000
2018-02-27 14:03:04,0.00329600,5.86000000
2018-02-27 14:03:07,0.00329600,22.36000000
2018-02-27 14:03:09,0.00329300,3.05000000
2018-02-27 14:03:09,0.00329600,22.37000000
2018-02-27 14:03:09,0.00329600,1.88000000
2018-02-27 14:03:10,0.00329600,1.36000000
2018-02-27 14:03:10,0.00329600,0.47000000
2018-02-27 14:03:10,0.00329600,0.35000000
2018-02-27 14:03:11,0.00329600,1.23000000
2018-02-27 14:03:12,0.00329600,3.08000000
2018-02-27 14:03:12,0.00329600,14.10000000
2018-02-27 14:03:16,0.00329600,14.89000000
2018-02-27 14:03:16,0.00329600,1.83000000
2018-02-27 14:03:16,0.00329700,37.81000000
2018-02-27 14:03:17,0.00329600,2.25000000
2018-02-27 14:03:20,0.00329600,2.00000000
2018-02-27 14:03:20,0.00329600,8.19000000
2018-02-27 14:03:21,0.00329700,10.64000000
2018-02-27 14:03:22,0.00329600,1.75000000
2018-02-27 14:03:22,0.00329700,27.19000000
2018-02-27 14:03:25,0.00329700,9.06000000
2018-02-27 14:03:28,0.00329700,63.75000000
2018-02-27 14:03:32,0.00329700,3.20000000
2018-02-27 14:03:34,0.00329600,0.40000000
2018-02-27 14:03:35,0.00329700,4.66000000
2018-02-27 14:03:37,0.00329700,8.88000000
2018-02-27 14:03:38,0.00329700,8.92000000
2018-02-27 14:03:43,0.00329700,13.03000000
2018-02-27 14:03:49,0.00329600,12.49000000
2018-02-27 14:03:52,0.00329600,300.00000000
2018-02-27 14:03:53,0.00329600,31.98000000
2018-02-27 14:03:53,0.00329600,81.19000000
2018-02-27 14:03:59,0.00329400,92.04000000
2018-02-27 14:04:00,0.00329300,2.69000000
2018-02-27 14:04:05,0.00329400,3.78000000
2018-02-27 14:04:07,0.00329400,2.07000000
2018-02-27 14:04:08,0.00329300,6.32000000
2018-02-27 14:04:08,0.00329000,1.20000000
2018-02-27 14:04:18,0.00329300,54.82000000
2018-02-27 14:04:22,0.00329100,0.95000000
2018-02-27 14:04:22,0.00329000,30.21000000
2018-02-27 14:04:25,0.00329100,2.90000000
2018-02-27 14:04:25,0.00329100,2.90000000
2018-02-27 14:04:25,0.00329100,0.72000000
2018-02-27 14:04:26,0.00329100,1.09000000
2018-02-27 14:04:26,0.00329300,13.96000000
2018-02-27 14:04:33,0.00329100,20.00000000
2018-02-27 14:04:33,0.00329000,3.49000000
2018-02-27 14:04:33,0.00329300,10.92000000
2018-02-27 14:04:34,0.00329300,11.61000000
2018-02-27 14:04:35,0.00329100,4.90000000
2018-02-27 14:04:36,0.00329100,1.37000000
2018-02-27 14:04:36,0.00329100,0.02000000
2018-02-27 14:04:36,0.00329300,0.45000000
2018-02-27 14:04:38,0.00329100,12.52000000
2018-02-27 14:04:38,0.00329300,2.79000000
2018-02-27 14:04:38,0.00329300,1.37000000
2018-02-27 14:04:39,0.00329300,13.72000000
2018-02-27 14:04:39,0.00329300,19.55000000
2018-02-27 14:04:40,0.00329400,0.73000000
2018-02-27 14:04:48,0.00329400,37.37000000
2018-02-27 14:04:48,0.00329400,31.14000000
2018-02-27 14:04:48,0.00329400,12.48000000
2018-02-27 14:04:49,0.00329300,3.04000000
2018-02-27 14:04:49,0.00329400,3.74000000
2018-02-27 14:04:55,0.00329300,4.26000000
2018-02-27 14:04:56,0.00329300,1.52000000
2018-02-27 14:04:56,0.00329300,0.40000000
2018-02-27 14:04:58,0.00329400,5.44000000
2018-02-27 14:05:02,0.00329300,1.52000000
2018-02-27 14:05:03,0.00329400,203.22000000
2018-02-27 14:05:08,0.00329400,32.47000000
2018-02-27 14:05:09,0.00329300,1.52000000
2018-02-27 14:05:09,0.00329400,32.47000000
2018-02-27 14:05:09,0.00329600,92.44000000
2018-02-27 14:05:09,0.00329300,30.56000000
2018-02-27 14:05:12,0.00329400,2.96000000
2018-02-27 14:05:17,0.00329500,14.31000000
2018-02-27 14:05:18,0.00329400,1.00000000
2018-02-27 14:05:18,0.00329400,1.52000000
2018-02-27 14:05:19,0.00329400,152.11000000
2018-02-27 14:05:22,0.00329300,19.77000000
2018-02-27 14:05:24,0.00329300,4.50000000
2018-02-27 14:05:25,0.00329300,6.10000000
2018-02-27 14:05:26,0.00329300,3.16000000
2018-02-27 14:05:26,0.00329300,0.89000000
2018-02-27 14:05:27,0.00329300,0.73000000
2018-02-27 14:05:28,0.00329300,24.64000000
2018-02-27 14:05:29,0.00329300,11.51000000
2018-02-27 14:05:29,0.00329300,0.73000000
2018-02-27 14:05:29,0.00329200,3.24000000
2018-02-27 14:05:30,0.00329300,10.78000000
2018-02-27 14:05:30,0.00329400,70.09000000
2018-02-27 14:05:31,0.00329400,0.73000000
2018-02-27 14:05:31,0.00329400,10.00000000
2018-02-27 14:05:31,0.00329400,44.12000000
2018-02-27 14:05:33,0.00329400,39.11000000
2018-02-27 14:05:34,0.00329400,55.63000000
2018-02-27 14:05:34,0.00329400,0.73000000
2018-02-27 14:05:37,0.00329400,2.72000000
2018-02-27 14:05:39,0.00329400,0.76000000
2018-02-27 14:05:39,0.00329300,0.75000000
2018-02-27 14:05:39,0.00329200,87.74000000
2018-02-27 14:05:39,0.00329000,170.53000000
2018-02-27 14:05:39,0.00328900,5.28000000
2018-02-27 14:05:40,0.00329300,3.15000000
2018-02-27 14:05:42,0.00329300,0.73000000
2018-02-27 14:05:44,0.00329300,21.00000000
2018-02-27 14:05:47,0.00329200,10.00000000
2018-02-27 14:05:47,0.00329300,4.60000000
2018-02-27 14:05:47,0.00329300,3.73000000
2018-02-27 14:05:50,0.00329300,8.60000000
2018-02-27 14:05:51,0.00328900,13.02000000
2018-02-27 14:05:52,0.00329300,2.41000000
2018-02-27 14:05:54,0.00328900,149.70000000
2018-02-27 14:05:54,0.00328700,25.31000000
2018-02-27 14:05:54,0.00328600,17.01000000
2018-02-27 14:05:54,0.00328600,0.92000000
2018-02-27 14:05:54,0.00328600,15.22000000
2018-02-27 14:05:54,0.00328600,2.40000000
2018-02-27 14:05:55,0.00328600,14.00000000
2018-02-27 14:05:55,0.00328600,4.50000000
2018-02-27 14:05:55,0.00328600,8.75000000
2018-02-27 14:05:55,0.00328600,2.50000000
2018-02-27 14:05:55,0.00328600,23.08000000
2018-02-27 14:05:56,0.00328600,19.04000000
2018-02-27 14:05:56,0.00328600,2.30000000
2018-02-27 14:05:56,0.00328600,19.97000000
2018-02-27 14:05:56,0.00328600,2.30000000
2018-02-27 14:05:57,0.00328600,10.00000000
2018-02-27 14:05:57,0.00328600,2.50000000
2018-02-27 14:05:57,0.00328600,5.00000000
2018-02-27 14:05:57,0.00328600,14.51000000
2018-02-27 14:05:58,0.00329100,2.35000000
2018-02-27 14:06:00,0.00329300,30.99000000
2018-02-27 14:06:00,0.00329300,0.73000000
2018-02-27 14:06:02,0.00329100,0.05000000
2018-02-27 14:06:02,0.00329100,2.20000000
2018-02-27 14:06:02,0.00329100,0.90000000
2018-02-27 14:06:03,0.00329100,0.73000000
2018-02-27 14:06:03,0.00329100,1.17000000
2018-02-27 14:06:04,0.00329100,1.31000000
2018-02-27 14:06:04,0.00329100,2.40000000
2018-02-27 14:06:05,0.00329100,11.85000000
2018-02-27 14:06:06,0.00329100,1.52000000
2018-02-27 14:06:07,0.00329100,0.59000000
2018-02-27 14:06:08,0.00329200,2.76000000
2018-02-27 14:06:09,0.00329100,0.14000000
2018-02-27 14:06:09,0.00328800,12.36000000
2018-02-27 14:06:09,0.00329200,14.35000000
2018-02-27 14:06:10,0.00329200,4.02000000
2018-02-27 14:06:10,0.00328800,9.48000000
2018-02-27 14:06:11,0.00329200,1.12000000
2018-02-27 14:06:12,0.00329200,0.44000000
2018-02-27 14:06:14,0.00329300,21.84000000
2018-02-27 14:06:14,0.00329400,103.37000000
2018-02-27 14:06:15,0.00329400,78.73000000
2018-02-27 14:06:16,0.00329400,17.64000000
2018-02-27 14:06:17,0.00329400,124.92000000
2018-02-27 14:06:17,0.00329400,21.19000000
2018-02-27 14:06:20,0.00329400,55.75000000
2018-02-27 14:06:20,0.00329400,7.54000000
2018-02-27 14:06:22,0.00329400,21.24000000
2018-02-27 14:06:24,0.00329400,63.33000000
2018-02-27 14:06:25,0.00329400,21.28000000
2018-02-27 14:06:27,0.00329400,13.60000000
2018-02-27 14:06:30,0.00329400,21.34000000
2018-02-27 14:06:30,0.00329300,1.57000000
2018-02-27 14:06:31,0.00329300,0.32000000
2018-02-27 14:06:31,0.00329300,0.39000000
2018-02-27 14:06:32,0.00329400,21.38000000
2018-02-27 14:06:33,0.00329300,17.13000000
2018-02-27 14:06:34,0.00329400,31.66000000
2018-02-27 14:06:35,0.00329400,50.59000000
2018-02-27 14:06:36,0.00329400,13.13000000
2018-02-27 14:06:57,0.00329500,0.48000000
2018-02-27 14:06:58,0.00329400,11.77000000
2018-02-27 14:07:02,0.00329500,86.98000000
2018-02-27 14:07:02,0.00329500,39.99000000
2018-02-27 14:07:03,0.00329400,101.86000000
2018-02-27 14:07:03,0.00329500,22.53000000
2018-02-27 14:07:04,0.00329500,18.67000000
2018-02-27 14:07:06,0.00329400,27.78000000
2018-02-27 14:07:10,0.00329500,42.38000000
2018-02-27 14:07:12,0.00329600,21.14000000
2018-02-27 14:07:16,0.00329400,5.74000000
2018-02-27 14:07:18,0.00329600,0.31000000
2018-02-27 14:07:21,0.00329400,2.29000000
2018-02-27 14:07:32,0.00329500,1.00000000
2018-02-27 14:07:35,0.00329500,0.50000000
2018-02-27 14:07:42,0.00329400,7.20000000
2018-02-27 14:07:42,0.00329400,0.62000000
2018-02-27 14:07:45,0.00329500,17.93000000
2018-02-27 14:07:49,0.00329500,0.73000000
2018-02-27 14:07:51,0.00329500,0.73000000
2018-02-27 14:07:52,0.00329500,8.25000000
2018-02-27 14:07:53,0.00329500,8.27000000
2018-02-27 14:07:57,0.00329600,9.32000000
2018-02-27 14:08:04,0.00329600,52.50000000
2018-02-27 14:08:06,0.00329600,8.73000000
2018-02-27 14:08:06,0.00329600,17.56000000
2018-02-27 14:08:08,0.00329600,54.98000000
2018-02-27 14:08:09,0.00329600,3.03000000
2018-02-27 14:08:09,0.00329600,27.49000000
2018-02-27 14:08:10,0.00329500,4.62000000
2018-02-27 14:08:11,0.00329600,27.76000000
2018-02-27 14:08:12,0.00329600,3.33000000
2018-02-27 14:08:12,0.00329700,12.19000000
2018-02-27 14:08:15,0.00329500,4.26000000
2018-02-27 14:08:18,0.00329600,2.80000000
2018-02-27 14:08:22,0.00329600,32.85000000
2018-02-27 14:08:23,0.00329600,54.42000000
2018-02-27 14:08:24,0.00329600,13.10000000
2018-02-27 14:08:30,0.00329600,33.76000000
2018-02-27 14:08:30,0.00329500,7.33000000
2018-02-27 14:08:32,0.00329600,39.28000000
2018-02-27 14:08:36,0.00329600,0.47000000
2018-02-27 14:08:41,0.00329700,79.54000000
2018-02-27 14:08:44,0.00329700,4.03000000
2018-02-27 14:08:46,0.00329700,1.13000000
2018-02-27 14:08:48,0.00329700,13.24000000
2018-02-27 14:08:48,0.00329600,7.98000000
2018-02-27 14:08:51,0.00329700,28.41000000
2018-02-27 14:08:52,0.00329700,0.73000000
2018-02-27 14:08:53,0.00329700,15.17000000
2018-02-27 14:08:53,0.00329700,58.93000000
2018-02-27 14:08:56,0.00329700,15.17000000
2018-02-27 14:08:58,0.00329700,5.52000000
2018-02-27 14:08:58,0.00329600,6.56000000
2018-02-27 14:08:59,0.00329700,78.05000000
2018-02-27 14:08:59,0.00329700,1.90000000
2018-02-27 14:08:59,0.00329700,0.61000000
2018-02-27 14:09:00,0.00329700,26.80000000
2018-02-27 14:09:01,0.00329700,15.17000000
2018-02-27 14:09:01,0.00329700,37.85000000
2018-02-27 14:09:02,0.00329700,19.88000000
2018-02-27 14:09:04,0.00329700,15.17000000
2018-02-27 14:09:07,0.00329700,14.28000000
2018-02-27 14:09:07,0.00329800,0.88000000
2018-02-27 14:09:08,0.00329800,34.86000000
2018-02-27 14:09:09,0.00329800,0.73000000
2018-02-27 14:09:09,0.00329600,20.09000000
2018-02-27 14:09:10,0.00329800,15.16000000
2018-02-27 14:09:11,0.00329800,0.73000000
2018-02-27 14:09:12,0.00329800,15.16000000
2018-02-27 14:09:13,0.00329800,0.73000000
2018-02-27 14:09:15,0.00329800,2.37000000
2018-02-27 14:09:15,0.00329900,12.79000000
2018-02-27 14:09:16,0.00329900,70.27000000
2018-02-27 14:09:17,0.00329900,35.11000000
2018-02-27 14:09:18,0.00329900,15.16000000
2018-02-27 14:09:18,0.00329900,29.77000000
2018-02-27 14:09:18,0.00329900,5.33000000
2018-02-27 14:09:18,0.00329900,16.94000000
2018-02-27 14:09:18,0.00329900,0.01000000
2018-02-27 14:09:19,0.00329800,1.13000000
2018-02-27 14:09:20,0.00329900,58.21000000
2018-02-27 14:09:22,0.00329900,13.78000000
2018-02-27 14:09:23,0.00329900,10.42000000
2018-02-27 14:09:23,0.00329900,6.00000000
2018-02-27 14:09:24,0.00329900,0.76000000
2018-02-27 14:09:24,0.00329900,24.12000000
2018-02-27 14:09:26,0.00329900,12.06000000
2018-02-27 14:09:26,0.00329900,70.00000000
2018-02-27 14:09:30,0.00329800,25.07000000
2018-02-27 14:09:30,0.00329600,381.79000000
2018-02-27 14:09:31,0.00329600,14.62000000
2018-02-27 14:09:31,0.00329600,5.43000000
2018-02-27 14:09:32,0.00329600,3.03000000
2018-02-27 14:09:32,0.00329600,15.17000000
2018-02-27 14:09:32,0.00329600,21.77000000
2018-02-27 14:09:32,0.00329600,2.93000000
2018-02-27 14:09:32,0.00329500,2.57000000
2018-02-27 14:09:33,0.00329600,10.88000000
2018-02-27 14:09:34,0.00329600,15.17000000
2018-02-27 14:09:36,0.00329600,15.17000000
2018-02-27 14:09:38,0.00329600,15.17000000
2018-02-27 14:09:38,0.00329500,27.96000000
2018-02-27 14:09:38,0.00329500,10.79000000
2018-02-27 14:09:40,0.00329600,15.17000000
2018-02-27 14:09:43,0.00329600,11.50000000
2018-02-27 14:09:44,0.00329500,0.75000000
2018-02-27 14:09:44,0.00329500,13.00000000
2018-02-27 14:09:45,0.00329600,0.34000000
2018-02-27 14:09:47,0.00329600,22.92000000
2018-02-27 14:09:49,0.00329600,3.60000000
2018-02-27 14:09:50,0.00329500,0.53000000
2018-02-27 14:09:50,0.00329400,78.20000000
2018-02-27 14:09:50,0.00329300,5.69000000
2018-02-27 14:09:50,0.00329200,0.29000000
2018-02-27 14:09:50,0.00328900,0.73000000
2018-02-27 14:09:50,0.00328700,19.93000000
2018-02-27 14:09:50,0.00328600,2.45000000
2018-02-27 14:09:50,0.00328500,15.00000000
2018-02-27 14:09:50,0.00328400,12.26000000
2018-02-27 14:09:50,0.00328200,280.83000000
2018-02-27 14:09:51,0.00329500,15.17000000
2018-02-27 14:09:51,0.00329500,1.01000000
2018-02-27 14:09:53,0.00329500,75.87000000
2018-02-27 14:09:53,0.00329500,18.53000000
2018-02-27 14:09:54,0.00329500,0.73000000
2018-02-27 14:09:54,0.00328800,3.03000000
2018-02-27 14:09:54,0.00328800,6.09000000
2018-02-27 14:09:56,0.00329500,0.70000000
2018-02-27 14:09:56,0.00328800,9.99000000
2018-02-27 14:10:00,0.00329400,3.90000000
2018-02-27 14:10:06,0.00328800,12.89000000
2018-02-27 14:10:06,0.00328700,2.35000000
2018-02-27 14:10:06,0.00328600,22.82000000
2018-02-27 14:10:06,0.00328500,12.64000000
2018-02-27 14:10:06,0.00328400,0.83000000
2018-02-27 14:10:06,0.00328300,0.91000000
2018-02-27 14:10:06,0.00328200,19.16000000
2018-02-27 14:10:07,0.00329400,0.91000000
2018-02-27 14:10:07,0.00329500,1.49000000
2018-02-27 14:10:08,0.00329500,2.40000000
2018-02-27 14:10:08,0.00329400,2.40000000
2018-02-27 14:10:09,0.00329400,2.50000000
2018-02-27 14:10:09,0.00329300,2.40000000
2018-02-27 14:10:10,0.00329300,1.81000000
2018-02-27 14:10:10,0.00329200,2.40000000
2018-02-27 14:10:11,0.00329200,1.81000000
2018-02-27 14:10:11,0.00329200,0.01000000
2018-02-27 14:10:11,0.00329300,2.29000000
2018-02-27 14:10:11,0.00329300,0.74000000
2018-02-27 14:10:11,0.00329300,2.30000000
2018-02-27 14:10:12,0.00329300,4.23000000
2018-02-27 14:10:12,0.00329400,2.50000000
2018-02-27 14:10:12,0.00328700,3.56000000
2018-02-27 14:10:12,0.00329400,2.50000000
2018-02-27 14:10:12,0.00329600,0.44000000
2018-02-27 14:10:13,0.00329600,25.02000000
2018-02-27 14:10:13,0.00329400,1.60000000
2018-02-27 14:10:14,0.00329400,18.40000000
2018-02-27 14:10:14,0.00329500,2.72000000
2018-02-27 14:10:20,0.00329500,2.50000000
2018-02-27 14:10:20,0.00329500,2.30000000
2018-02-27 14:10:21,0.00329500,1.32000000
2018-02-27 14:10:21,0.00329500,2.40000000
2018-02-27 14:10:21,0.00329500,2.40000000
2018-02-27 14:10:22,0.00329500,2.30000000
2018-02-27 14:10:22,0.00329500,2.40000000
2018-02-27 14:10:23,0.00329400,2.30000000
2018-02-27 14:10:24,0.00329400,2.50000000
2018-02-27 14:10:24,0.00329400,2.50000000
2018-02-27 14:10:26,0.00329400,2.10000000
2018-02-27 14:10:28,0.00329400,0.68000000
2018-02-27 14:10:36,0.00329400,2.40000000
2018-02-27 14:10:36,0.00329400,2.30000000
2018-02-27 14:10:37,0.00329400,0.89000000
2018-02-27 14:10:37,0.00329500,1.41000000
2018-02-27 14:10:38,0.00329500,2.50000000
2018-02-27 14:10:38,0.00329500,15.17000000
2018-02-27 14:10:38,0.00329500,2.30000000
2018-02-27 14:10:40,0.00329500,15.17000000
2018-02-27 14:10:42,0.00329200,5.11000000
2018-02-27 14:10:44,0.00329200,0.01000000
2018-02-27 14:10:51,0.00329500,4.32000000
2018-02-27 14:10:52,0.00329500,3.56000000
2018-02-27 14:10:53,0.00329400,10.00000000
2018-02-27 14:10:53,0.00329500,5.18000000
2018-02-27 14:10:58,0.00329400,2.30000000
2018-02-27 14:10:58,0.00329400,2.50000000
2018-02-27 14:10:59,0.00329400,2.30000000
2018-02-27 14:11:00,0.00329400,2.40000000
2018-02-27 14:11:00,0.00329400,2.30000000
2018-02-27 14:11:01,0.00329400,2.40000000
2018-02-27 14:11:01,0.00329000,81.34000000
2018-02-27 14:11:01,0.00328800,9.12000000
2018-02-27 14:11:01,0.00328600,30.17000000
2018-02-27 14:11:01,0.00328300,8.00000000
2018-02-27 14:11:01,0.00328100,55.45000000
2018-02-27 14:11:01,0.00328000,56.72000000
2018-02-27 14:11:01,0.00327900,255.65000000
2018-02-27 14:11:01,0.00329400,2.50000000
2018-02-27 14:11:02,0.00329400,2.50000000
2018-02-27 14:11:03,0.00329300,2.30000000
2018-02-27 14:11:03,0.00329200,2.40000000
2018-02-27 14:11:04,0.00329200,2.40000000
2018-02-27 14:11:22,0.00329200,2.40000000
2018-02-27 14:11:22,0.00329200,1.13000000
2018-02-27 14:11:22,0.00329300,1.17000000
2018-02-27 14:11:23,0.00329300,2.40000000
2018-02-27 14:11:23,0.00329300,0.75000000
2018-02-27 14:11:23,0.00329400,1.65000000
2018-02-27 14:11:25,0.00329200,2.50000000
2018-02-27 14:11:25,0.00329200,2.40000000
2018-02-27 14:11:25,0.00329200,15.19000000
2018-02-27 14:11:26,0.00329200,2.30000000
2018-02-27 14:11:26,0.00329200,14.16000000
2018-02-27 14:11:26,0.00329400,0.96000000
2018-02-27 14:11:27,0.00329400,2.30000000
2018-02-27 14:11:31,0.00329200,3.21000000
2018-02-27 14:11:35,0.00329200,2.30000000
2018-02-27 14:11:36,0.00329200,2.16000000
2018-02-27 14:11:36,0.00329400,0.24000000
2018-02-27 14:11:36,0.00329400,2.40000000
2018-02-27 14:11:39,0.00329400,39.29000000
2018-02-27 14:11:44,0.00329400,4.54000000
2018-02-27 14:11:45,0.00329400,0.46000000
2018-02-27 14:11:50,0.00329400,0.39000000
2018-02-27 14:11:59,0.00329000,0.61000000
2018-02-27 14:12:02,0.00329000,6.00000000
2018-02-27 14:12:03,0.00329400,5.00000000
2018-02-27 14:12:05,0.00329300,2.30000000
2018-02-27 14:12:07,0.00329300,1.12000000
2018-02-27 14:12:14,0.00329300,37.44000000
2018-02-27 14:12:15,0.00329300,13.20000000
2018-02-27 14:12:24,0.00329300,90.19000000
2018-02-27 14:12:24,0.00329400,53.24000000
2018-02-27 14:12:24,0.00329400,29.14000000
2018-02-27 14:12:24,0.00329500,151.23000000
2018-02-27 14:12:25,0.00329500,1.52000000
2018-02-27 14:12:30,0.00329100,1.17000000
2018-02-27 14:12:33,0.00329400,3.03000000
2018-02-27 14:12:34,0.00329400,3.03000000
2018-02-27 14:12:37,0.00329400,31.45000000
2018-02-27 14:12:38,0.00329400,0.39000000
2018-02-27 14:12:39,0.00329300,2.88000000
2018-02-27 14:12:44,0.00329300,6.99000000
2018-02-27 14:12:50,0.00329400,41.05000000
2018-02-27 14:12:52,0.00329300,2.99000000
2018-02-27 14:12:55,0.00329300,0.98000000
2018-02-27 14:12:55,0.00329100,11.71000000
2018-02-27 14:12:55,0.00329300,8.02000000
2018-02-27 14:12:57,0.00329400,10.00000000
2018-02-27 14:13:10,0.00329200,1.00000000
2018-02-27 14:13:10,0.00329100,9.00000000
2018-02-27 14:13:15,0.00329400,18.92000000
2018-02-27 14:13:26,0.00329400,15.18000000
2018-02-27 14:13:27,0.00329400,3.03000000
2018-02-27 14:13:29,0.00329400,0.58000000
2018-02-27 14:13:29,0.00329100,46.63000000
2018-02-27 14:13:37,0.00329100,42.25000000
2018-02-27 14:13:39,0.00329400,1.19000000
2018-02-27 14:13:43,0.00329100,6.99000000
2018-02-27 14:13:49,0.00329400,11.02000000
2018-02-27 14:13:49,0.00329500,33.69000000
2018-02-27 14:13:49,0.00329400,0.88000000
2018-02-27 14:13:53,0.00329400,7.99000000
2018-02-27 14:13:55,0.00329500,8.06000000
2018-02-27 14:13:56,0.00329500,52.03000000
2018-02-27 14:13:58,0.00329500,26.00000000
2018-02-27 14:14:00,0.00329500,1.16000000
2018-02-27 14:14:01,0.00329500,2.21000000
2018-02-27 14:14:01,0.00329500,10.00000000
2018-02-27 14:14:03,0.00329400,0.50000000
2018-02-27 14:14:08,0.00329500,2.74000000
2018-02-27 14:14:10,0.00329400,1.65000000
2018-02-27 14:14:12,0.00329400,18.16000000
2018-02-27 14:14:18,0.00329400,2.73000000
2018-02-27 14:14:19,0.00329400,1.52000000
2018-02-27 14:14:22,0.00329400,1.52000000
2018-02-27 14:14:22,0.00329400,17.42000000
2018-02-27 14:14:23,0.00329400,46.59000000
2018-02-27 14:14:24,0.00329400,15.18000000
2018-02-27 14:14:26,0.00329400,15.69000000
2018-02-27 14:14:27,0.00329400,15.72000000
2018-02-27 14:14:28,0.00329400,28.06000000
2018-02-27 14:14:28,0.00329300,0.44000000
2018-02-27 14:14:28,0.00329100,310.00000000
2018-02-27 14:14:31,0.00329500,35.70000000
2018-02-27 14:14:32,0.00329500,16.98000000
2018-02-27 14:14:36,0.00329500,36.11000000
2018-02-27 14:14:38,0.00329500,18.07000000
2018-02-27 14:14:42,0.00329500,18.10000000
2018-02-27 14:14:42,0.00329600,7.27000000
2018-02-27 14:14:42,0.00329700,11.09000000
2018-02-27 14:14:43,0.00329700,73.48000000
2018-02-27 14:14:46,0.00329700,0.60000000
2018-02-27 14:14:46,0.00329700,36.74000000
2018-02-27 14:14:46,0.00329400,0.56000000
2018-02-27 14:14:46,0.00329100,8.70000000
2018-02-27 14:14:49,0.00329100,3.33000000
2018-02-27 14:14:50,0.00329100,3.70000000
2018-02-27 14:14:50,0.00329100,2.40000000
2018-02-27 14:14:51,0.00329700,21.35000000
2018-02-27 14:14:52,0.00329100,117.39000000
2018-02-27 14:14:54,0.00329700,43.85000000
2018-02-27 14:14:56,0.00329700,60.37000000
2018-02-27 14:14:57,0.00329500,54.16000000
2018-02-27 14:15:01,0.00329500,1.06000000
2018-02-27 14:15:01,0.00329800,7.30000000
2018-02-27 14:15:01,0.00329900,1.76000000
2018-02-27 14:15:02,0.00329200,8.00000000
2018-02-27 14:15:04,0.00329500,21.63000000
2018-02-27 14:15:06,0.00329400,4.43000000
2018-02-27 14:15:08,0.00329400,19.16000000
2018-02-27 14:15:08,0.00329400,2.18000000
2018-02-27 14:15:08,0.00329400,7.61000000
2018-02-27 14:15:09,0.00329900,20.00000000
2018-02-27 14:15:18,0.00329800,0.58000000
2018-02-27 14:15:24,0.00329500,13.08000000
2018-02-27 14:15:24,0.00329200,3.69000000
2018-02-27 14:15:28,0.00329200,2.99000000
2018-02-27 14:15:30,0.00329400,5.00000000
2018-02-27 14:15:40,0.00329800,21.22000000
2018-02-27 14:15:46,0.00329500,14.98000000
2018-02-27 14:15:46,0.00329800,60.77000000
2018-02-27 14:15:48,0.00329800,29.06000000
2018-02-27 14:15:50,0.00329800,1.81000000
2018-02-27 14:15:51,0.00329200,2.99000000
2018-02-27 14:15:59,0.00329800,2.56000000
2018-02-27 14:16:08,0.00329700,0.53000000
2018-02-27 14:16:11,0.00329700,9.06000000
2018-02-27 14:16:12,0.00329700,9.06000000
2018-02-27 14:16:13,0.00329700,9.06000000
2018-02-27 14:16:24,0.00329400,5.00000000
2018-02-27 14:16:24,0.00329200,4.13000000
2018-02-27 14:16:25,0.00329600,16.01000000
2018-02-27 14:16:29,0.00329200,0.32000000
2018-02-27 14:16:30,0.00329500,5.00000000
2018-02-27 14:16:30,0.00329500,20.38000000
2018-02-27 14:16:30,0.00329600,4.74000000
2018-02-27 14:16:30,0.00329700,2.99000000
2018-02-27 14:16:31,0.00329700,1.78000000
2018-02-27 14:16:31,0.00329700,0.97000000
2018-02-27 14:16:38,0.00329600,1.28000000
2018-02-27 14:16:39,0.00329600,9.72000000
2018-02-27 14:16:39,0.00329700,62.85000000
2018-02-27 14:16:41,0.00329200,1.00000000
2018-02-27 14:16:50,0.00329400,15.18000000
2018-02-27 14:16:51,0.00329400,3.29000000
2018-02-27 14:16:51,0.00329400,19.98000000
2018-02-27 14:16:52,0.00329400,1.55000000
2018-02-27 14:16:52,0.00329600,13.63000000
2018-02-27 14:16:57,0.00329600,7.12000000
2018-02-27 14:16:58,0.00329400,0.91000000
2018-02-27 14:16:58,0.00329300,17.76000000
2018-02-27 14:17:03,0.00329700,3.33000000
2018-02-27 14:17:15,0.00329600,15.43000000
2018-02-27 14:17:23,0.00329600,0.01000000
2018-02-27 14:17:23,0.00329700,1.77000000
2018-02-27 14:17:36,0.00329700,6.00000000
2018-02-27 14:17:41,0.00329300,109.02000000
2018-02-27 14:17:41,0.00329300,12.14000000
2018-02-27 14:17:42,0.00329300,6.24000000
2018-02-27 14:17:45,0.00329600,10.00000000
2018-02-27 14:17:45,0.00329700,5.17000000
2018-02-27 14:17:50,0.00329700,15.17000000
2018-02-27 14:17:54,0.00329700,15.17000000
2018-02-27 14:17:58,0.00329700,139.81000000
2018-02-27 14:17:58,0.00329800,107.03000000
2018-02-27 14:17:58,0.00329800,15.17000000
2018-02-27 14:17:59,0.00329800,10.18000000
2018-02-27 14:18:01,0.00329800,60.97000000
2018-02-27 14:18:01,0.00329800,15.16000000
2018-02-27 14:18:02,0.00329800,15.00000000
2018-02-27 14:18:09,0.00329700,3.10000000
2018-02-27 14:18:09,0.00329800,94.83000000
2018-02-27 14:18:20,0.00329700,1.21000000
2018-02-27 14:18:20,0.00329700,0.25000000
2018-02-27 14:18:21,0.00329800,6.95000000
2018-02-27 14:18:26,0.00329800,15.78000000
2018-02-27 14:18:26,0.00329900,67.98000000
2018-02-27 14:18:32,0.00329800,37.98000000
2018-02-27 14:18:38,0.00329800,29.83000000
2018-02-27 14:18:38,0.00329800,1.00000000
2018-02-27 14:18:39,0.00329800,30.01000000
2018-02-27 14:18:41,0.00329800,15.16000000
2018-02-27 14:18:45,0.00329800,10.79000000
2018-02-27 14:18:46,0.00329800,5.30000000
2018-02-27 14:18:49,0.00329800,5.00000000
2018-02-27 14:18:54,0.00329800,44.19000000
2018-02-27 14:18:54,0.00329900,148.40000000
2018-02-27 14:18:57,0.00329800,1.44000000
2018-02-27 14:19:03,0.00329900,8.25000000
2018-02-27 14:19:04,0.00329900,46.00000000
2018-02-27 14:19:06,0.00329900,3.68000000
2018-02-27 14:19:10,0.00329900,17.00000000
2018-02-27 14:19:18,0.00329800,9.10000000
2018-02-27 14:19:24,0.00329800,0.60000000
2018-02-27 14:19:28,0.00329800,32.46000000
2018-02-27 14:19:29,0.00329800,55.00000000
2018-02-27 14:19:36,0.00329800,18.52000000
2018-02-27 14:19:36,0.00329800,1.52000000
2018-02-27 14:19:41,0.00329900,1.64000000
2018-02-27 14:19:42,0.00329900,37.72000000
2018-02-27 14:19:42,0.00329800,3.93000000
2018-02-27 14:19:42,0.00329800,4.38000000
2018-02-27 14:19:53,0.00329800,33.11000000
2018-02-27 14:19:54,0.00329700,5.00000000
2018-02-27 14:19:57,0.00329700,9.11000000
2018-02-27 14:19:57,0.00329700,4.45000000
2018-02-27 14:19:57,0.00329700,4.46000000
2018-02-27 14:19:58,0.00329200,9.11000000
2018-02-27 14:20:03,0.00329700,2.93000000
2018-02-27 14:20:17,0.00329700,3.45000000
2018-02-27 14:20:19,0.00329700,7.67000000
2018-02-27 14:20:20,0.00329700,36.36000000
2018-02-27 14:20:23,0.00329700,36.42000000
2018-02-27 14:20:25,0.00329700,15.63000000
2018-02-27 14:20:26,0.00329700,36.50000000
2018-02-27 14:20:27,0.00329700,1.21000000
2018-02-27 14:20:29,0.00329700,36.61000000
2018-02-27 14:20:34,0.00329700,30.90000000
2018-02-27 14:20:35,0.00329700,5.76000000
2018-02-27 14:20:37,0.00329700,21.41000000
2018-02-27 14:20:42,0.00329700,150.98000000
2018-02-27 14:20:43,0.00329800,5.00000000
2018-02-27 14:20:43,0.00329900,10.17000000
2018-02-27 14:20:47,0.00329800,7.18000000
2018-02-27 14:20:47,0.00329900,71.40000000
2018-02-27 14:20:47,0.00330000,3.03000000
2018-02-27 14:20:48,0.00330000,142.83000000
2018-02-27 14:20:50,0.00330000,0.86000000
2018-02-27 14:20:51,0.00329900,15.44000000
2018-02-27 14:20:51,0.00330000,0.03000000
2018-02-27 14:20:52,0.00330000,15.98000000
2018-02-27 14:20:59,0.00330000,13.95000000
2018-02-27 14:20:59,0.00330100,1.70000000
2018-02-27 14:20:59,0.00330300,4.53000000
2018-02-27 14:20:59,0.00330600,23.82000000
2018-02-27 14:20:59,0.00330900,2.12000000
2018-02-27 14:20:59,0.00331000,0.43000000
2018-02-27 14:20:59,0.00331000,0.47000000
2018-02-27 14:20:59,0.00331000,9.07000000
2018-02-27 14:20:59,0.00331000,17.20000000
2018-02-27 14:21:00,0.00331000,0.87000000
2018-02-27 14:21:00,0.00331000,15.18000000
2018-02-27 14:21:00,0.00331000,4.40000000
2018-02-27 14:21:00,0.00331000,14.45000000
2018-02-27 14:21:00,0.00331000,9.07000000
2018-02-27 14:21:00,0.00331000,36.87000000
2018-02-27 14:21:00,0.00331100,2.72000000
2018-02-27 14:21:01,0.00331000,4.05000000
2018-02-27 14:21:01,0.00331000,0.80000000
2018-02-27 14:21:03,0.00330200,2.75000000
2018-02-27 14:21:04,0.00331000,2.74000000
2018-02-27 14:21:04,0.00330300,0.62000000
2018-02-27 14:21:04,0.00331000,4.84000000
2018-02-27 14:21:05,0.00330300,0.62000000
2018-02-27 14:21:05,0.00330900,1.34000000
2018-02-27 14:21:05,0.00330300,3.24000000
2018-02-27 14:21:06,0.00330300,1.39000000
2018-02-27 14:21:07,0.00330900,6.66000000
2018-02-27 14:21:07,0.00331000,0.65000000
2018-02-27 14:21:07,0.00330200,1.01000000
2018-02-27 14:21:07,0.00330100,26.27000000
2018-02-27 14:21:07,0.00330000,321.00000000
2018-02-27 14:21:13,0.00330100,8.07000000
2018-02-27 14:21:13,0.00330000,15.72000000
2018-02-27 14:21:14,0.00330000,18.31000000
2018-02-27 14:21:14,0.00329700,9.75000000
2018-02-27 14:21:14,0.00329600,3.77000000
2018-02-27 14:21:14,0.00330300,1.44000000
2018-02-27 14:21:14,0.00330300,8.07000000
2018-02-27 14:21:14,0.00330300,106.06000000
2018-02-27 14:21:15,0.00330300,70.00000000
2018-02-27 14:21:16,0.00330300,106.90000000
2018-02-27 14:21:17,0.00330600,2.16000000
2018-02-27 14:21:18,0.00330500,0.45000000
2018-02-27 14:21:18,0.00330200,2.18000000
2018-02-27 14:21:18,0.00330200,2.82000000
2018-02-27 14:21:18,0.00329500,1.00000000
2018-02-27 14:21:18,0.00329400,19.91000000
2018-02-27 14:21:18,0.00329300,17.00000000
2018-02-27 14:21:18,0.00329200,12.53000000
2018-02-27 14:21:18,0.00329100,10.24000000
2018-02-27 14:21:18,0.00328700,12.98000000
2018-02-27 14:21:18,0.00328600,3.37000000
2018-02-27 14:21:18,0.00328400,29.00000000
2018-02-27 14:21:18,0.00328300,34.99000000
2018-02-27 14:21:23,0.00330000,13.90000000
2018-02-27 14:21:23,0.00328900,3.36000000
2018-02-27 14:21:23,0.00328600,15.02000000
2018-02-27 14:21:23,0.00328300,1.37000000
2018-02-27 14:21:23,0.00328000,50.41000000
2018-02-27 14:21:23,0.00327900,12.30000000
2018-02-27 14:21:25,0.00329900,5.55000000
2018-02-27 14:21:28,0.00329000,0.88000000
2018-02-27 14:21:28,0.00328500,6.38000000
2018-02-27 14:21:28,0.00328400,30.23000000
2018-02-27 14:21:28,0.00328300,20.11000000
2018-02-27 14:21:28,0.00327900,5.54000000
2018-02-27 14:21:31,0.00328100,0.60000000
2018-02-27 14:21:31,0.00328000,58.57000000
2018-02-27 14:21:31,0.00327900,105.98000000
2018-02-27 14:21:32,0.00329400,3.35000000
2018-02-27 14:21:32,0.00329400,4.40000000
2018-02-27 14:21:32,0.00329500,0.66000000
2018-02-27 14:21:32,0.00329400,1.51000000
2018-02-27 14:21:32,0.00329500,1.52000000
2018-02-27 14:21:33,0.00329400,1.16000000
2018-02-27 14:21:33,0.00329400,0.77000000
2018-02-27 14:21:34,0.00329300,1.16000000
2018-02-27 14:21:35,0.00329300,0.02000000
2018-02-27 14:21:35,0.00329400,0.89000000
2018-02-27 14:21:35,0.00329400,1.18000000
2018-02-27 14:21:35,0.00329400,5.95000000
2018-02-27 14:21:35,0.00329200,28.72000000
2018-02-27 14:21:35,0.00329200,14.53000000
2018-02-27 14:21:36,0.00329600,9.94000000
2018-02-27 14:21:36,0.00328500,2.72000000
2018-02-27 14:21:36,0.00328400,1.62000000
2018-02-27 14:21:37,0.00329300,75.90000000
2018-02-27 14:21:38,0.00329200,1.62000000
2018-02-27 14:21:38,0.00329300,55.55000000
2018-02-27 14:21:39,0.00329300,23.37000000
2018-02-27 14:21:39,0.00329300,6.81000000
2018-02-27 14:21:40,0.00329100,6.54000000
2018-02-27 14:21:42,0.00329100,16.22000000
2018-02-27 14:21:42,0.00329500,1.00000000
2018-02-27 14:21:42,0.00329700,38.66000000
2018-02-27 14:21:54,0.00329700,7.94000000
2018-02-27 14:21:54,0.00329500,32.06000000
2018-02-27 14:21:58,0.00330000,15.50000000
2018-02-27 14:21:58,0.00330200,4.50000000
2018-02-27 14:21:58,0.00330300,24.91000000
2018-02-27 14:21:58,0.00330500,2.98000000
2018-02-27 14:21:58,0.00330800,0.91000000
2018-02-27 14:21:58,0.00331000,9.43000000
2018-02-27 14:21:58,0.00331100,1.78000000
2018-02-27 14:21:58,0.00331400,4.50000000
2018-02-27 14:21:58,0.00331500,2.19000000
2018-02-27 14:21:58,0.00331700,38.30000000
2018-02-27 14:22:01,0.00329900,0.74000000
2018-02-27 14:22:03,0.00329800,1.28000000
2018-02-27 14:22:06,0.00329800,43.21000000
2018-02-27 14:22:09,0.00329900,23.64000000
2018-02-27 14:22:09,0.00329700,9.40000000
2018-02-27 14:22:12,0.00329800,43.21000000
2018-02-27 14:22:12,0.00329900,13.40000000
2018-02-27 14:22:13,0.00329800,2.71000000
2018-02-27 14:22:15,0.00329800,23.80000000
2018-02-27 14:22:23,0.00329900,5.00000000
2018-02-27 14:22:24,0.00329800,15.00000000
2018-02-27 14:22:29,0.00329900,2.08000000
2018-02-27 14:22:29,0.00329900,19.35000000
2018-02-27 14:22:35,0.00330200,11.61000000
2018-02-27 14:22:38,0.00330200,1.97000000
2018-02-27 14:22:45,0.00329900,61.62000000
2018-02-27 14:22:45,0.00329800,116.34000000
2018-02-27 14:22:48,0.00329600,241.03000000
2018-02-27 14:22:50,0.00329800,1.00000000
2018-02-27 14:22:50,0.00330000,1.35000000
2018-02-27 14:22:50,0.00329600,9.47000000
2018-02-27 14:22:51,0.00329600,1.28000000
2018-02-27 14:22:55,0.00329600,9.47000000
2018-02-27 14:22:56,0.00329600,16.21000000
2018-02-27 14:23:03,0.00329600,36.66000000
2018-02-27 14:23:09,0.00329600,3.44000000
2018-02-27 14:23:11,0.00329600,0.56000000
2018-02-27 14:23:14,0.00329000,0.32000000
2018-02-27 14:23:14,0.00329700,6.10000000
2018-02-27 14:23:19,0.00329700,1.71000000
2018-02-27 14:23:19,0.00329800,0.29000000
2018-02-27 14:23:24,0.00329600,10.22000000
2018-02-27 14:23:26,0.00329800,3.03000000
2018-02-27 14:23:32,0.00329700,33.60000000
2018-02-27 14:23:52,0.00329700,2.43000000
2018-02-27 14:24:04,0.00329700,5.14000000
2018-02-27 14:24:08,0.00329600,19.98000000
2018-02-27 14:24:18,0.00329400,3.97000000
2018-02-27 14:24:18,0.00329500,59.55000000
2018-02-27 14:24:18,0.00329500,7.91000000
2018-02-27 14:24:20,0.00329300,5.07000000
2018-02-27 14:24:21,0.00329300,213.40000000
2018-02-27 14:24:23,0.00329500,0.71000000
2018-02-27 14:24:23,0.00329600,0.69000000
2018-02-27 14:24:23,0.00329200,0.44000000
2018-02-27 14:24:32,0.00329000,111.67000000
2018-02-27 14:24:36,0.00329000,0.53000000
2018-02-27 14:24:40,0.00329400,56.06000000
2018-02-27 14:24:44,0.00329100,0.40000000
2018-02-27 14:24:50,0.00329100,4.60000000
2018-02-27 14:24:52,0.00329100,124.93000000
2018-02-27 14:24:59,0.00329000,15.79000000
2018-02-27 14:25:03,0.00329300,106.25000000
2018-02-27 14:25:04,0.00329300,4.42000000
2018-02-27 14:25:06,0.00329300,28.01000000
2018-02-27 14:25:12,0.00329300,16.49000000
2018-02-27 14:25:21,0.00329300,1.13000000
2018-02-27 14:25:29,0.00329300,4.30000000
2018-02-27 14:25:32,0.00328900,7.69000000
2018-02-27 14:25:33,0.00329300,3.03000000
2018-02-27 14:25:37,0.00329300,0.50000000
2018-02-27 14:25:48,0.00329100,23.04000000
2018-02-27 14:25:48,0.00329100,3.79000000
2018-02-27 14:25:48,0.00329100,20.25000000
2018-02-27 14:25:49,0.00329100,23.04000000
2018-02-27 14:25:53,0.00329100,20.25000000
2018-02-27 14:25:59,0.00329100,15.19000000
2018-02-27 14:26:00,0.00329000,3.01000000
2018-02-27 14:26:05,0.00329100,12.15000000
2018-02-27 14:26:07,0.00329100,6.65000000
2018-02-27 14:26:14,0.00329100,28.10000000
2018-02-27 14:26:16,0.00329100,33.84000000
2018-02-27 14:26:16,0.00329000,13.90000000
2018-02-27 14:26:18,0.00329000,0.60000000
2018-02-27 14:26:20,0.00329000,33.49000000
2018-02-27 14:26:25,0.00329000,21.76000000
2018-02-27 14:26:25,0.00328900,288.22000000
2018-02-27 14:26:25,0.00328800,247.72000000
2018-02-27 14:26:25,0.00328700,0.73000000
2018-02-27 14:26:25,0.00328600,5.52000000
2018-02-27 14:26:25,0.00328500,363.97000000
2018-02-27 14:26:26,0.00328500,26.32000000
2018-02-27 14:26:26,0.00328500,15.22000000
2018-02-27 14:26:28,0.00328500,29.40000000
2018-02-27 14:26:29,0.00328500,25.02000000
2018-02-27 14:26:29,0.00328500,1.59000000
2018-02-27 14:26:29,0.00328500,14.46000000
2018-02-27 14:26:30,0.00328500,0.68000000
2018-02-27 14:26:30,0.00328500,12.51000000
2018-02-27 14:26:31,0.00328500,0.76000000
2018-02-27 14:26:32,0.00328500,22.73000000
2018-02-27 14:26:32,0.00328500,5.72000000
2018-02-27 14:26:32,0.00328500,15.22000000
2018-02-27 14:26:33,0.00328500,5.72000000
2018-02-27 14:26:34,0.00328500,10.00000000
2018-02-27 14:26:38,0.00328500,84.95000000
2018-02-27 14:26:38,0.00328500,3.04000000
2018-02-27 14:26:40,0.00328500,40.61000000
2018-02-27 14:26:41,0.00328500,30.00000000
2018-02-27 14:26:41,0.00328500,234.23000000
2018-02-27 14:26:42,0.00328500,36.03000000
2018-02-27 14:26:42,0.00328500,2.75000000
2018-02-27 14:26:43,0.00328500,23.98000000
2018-02-27 14:26:44,0.00328500,10.53000000
2018-02-27 14:26:46,0.00328500,0.81000000
2018-02-27 14:26:48,0.00328400,15.00000000
2018-02-27 14:26:48,0.00328500,9.75000000
2018-02-27 14:26:50,0.00328700,1.05000000
2018-02-27 14:26:52,0.00328900,14.47000000
2018-02-27 14:26:53,0.00329000,25.71000000
2018-02-27 14:26:54,0.00329000,14.83000000
2018-02-27 14:26:56,0.00328500,5.41000000
2018-02-27 14:27:00,0.00328400,59.49000000
2018-02-27 14:27:01,0.00329000,1.00000000
2018-02-27 14:27:05,0.00328400,1.06000000
2018-02-27 14:27:07,0.00329000,4.54000000
2018-02-27 14:27:09,0.00328700,6.88000000
2018-02-27 14:27:09,0.00328400,13.96000000
2018-02-27 14:27:12,0.00329000,7.63000000
2018-02-27 14:27:14,0.00328500,0.75000000
2018-02-27 14:27:14,0.00328400,128.82000000
2018-02-27 14:27:16,0.00328400,0.75000000
2018-02-27 14:27:16,0.00328300,35.23000000
2018-02-27 14:27:16,0.00328200,1.80000000
2018-02-27 14:27:16,0.00328100,3.00000000
2018-02-27 14:27:16,0.00328000,31.60000000
2018-02-27 14:27:16,0.00327900,453.87000000
2018-02-27 14:27:16,0.00327900,86.14000000
2018-02-27 14:27:20,0.00328900,4.20000000
2018-02-27 14:27:24,0.00328400,0.70000000
2018-02-27 14:27:25,0.00328400,7.06000000
2018-02-27 14:27:25,0.00328400,2.00000000
2018-02-27 14:27:25,0.00328400,12.01000000
2018-02-27 14:27:27,0.00328400,0.02000000
2018-02-27 14:27:27,0.00328900,3.01000000
2018-02-27 14:27:32,0.00328300,122.62000000
2018-02-27 14:27:38,0.00328900,3.43000000
2018-02-27 14:27:43,0.00328900,3.70000000
2018-02-27 14:27:44,0.00328900,37.70000000
2018-02-27 14:27:44,0.00329000,62.40000000
2018-02-27 14:27:46,0.00328900,11.01000000
2018-02-27 14:27:47,0.00329000,2.04000000
2018-02-27 14:27:49,0.00329000,0.75000000
2018-02-27 14:27:50,0.00329000,78.06000000
2018-02-27 14:27:52,0.00328900,13.91000000
2018-02-27 14:27:52,0.00328900,5.51000000
2018-02-27 14:27:53,0.00328900,9.08000000
2018-02-27 14:27:53,0.00328900,9.08000000
2018-02-27 14:27:53,0.00328900,2.77000000
2018-02-27 14:27:53,0.00328900,18.16000000
2018-02-27 14:27:53,0.00328900,78.50000000
2018-02-27 14:27:53,0.00328900,1.60000000
2018-02-27 14:27:54,0.00328900,3.94000000
2018-02-27 14:27:54,0.00328800,108.43000000
2018-02-27 14:27:54,0.00328700,60.00000000
2018-02-27 14:27:54,0.00328400,2.00000000
2018-02-27 14:27:54,0.00327800,0.90000000
2018-02-27 14:27:54,0.00327700,1.45000000
2018-02-27 14:27:54,0.00327600,9.91000000
2018-02-27 14:27:54,0.00327500,18.03000000
2018-02-27 14:27:57,0.00328800,4.54000000
2018-02-27 14:27:59,0.00328500,0.77000000
2018-02-27 14:28:00,0.00328800,0.63000000
2018-02-27 14:28:00,0.00328900,4.41000000
2018-02-27 14:28:00,0.00329000,63.06000000
2018-02-27 14:28:02,0.00328200,5.38000000
2018-02-27 14:28:09,0.00328900,2.81000000
2018-02-27 14:28:12,0.00328200,14.58000000
2018-02-27 14:28:12,0.00328900,11.20000000
2018-02-27 14:28:12,0.00328800,6.50000000
2018-02-27 14:28:12,0.00328900,8.70000000
2018-02-27 14:28:14,0.00328900,5.00000000
2018-02-27 14:28:15,0.00328900,0.01000000
2018-02-27 14:28:15,0.00329000,100.59000000
2018-02-27 14:28:16,0.00329000,15.20000000
2018-02-27 14:28:19,0.00328400,4.00000000
2018-02-27 14:28:19,0.00329000,18.55000000
2018-02-27 14:28:19,0.00329000,47.87000000
2018-02-27 14:28:19,0.00329200,11.81000000
2018-02-27 14:28:19,0.00329000,15.13000000
2018-02-27 14:28:20,0.00329000,3.42000000
2018-02-27 14:28:21,0.00328900,11.54000000
2018-02-27 14:28:22,0.00328900,26.59000000
2018-02-27 14:28:23,0.00328900,3.04000000
2018-02-27 14:28:23,0.00328500,1.01000000
2018-02-27 14:28:25,0.00328900,0.77000000
2018-02-27 14:28:25,0.00328900,24.25000000
2018-02-27 14:28:25,0.00328900,1.87000000
2018-02-27 14:28:26,0.00328900,15.20000000
2018-02-27 14:28:26,0.00328900,126.60000000
2018-02-27 14:28:26,0.00328900,28.28000000
2018-02-27 14:28:27,0.00328900,53.33000000
2018-02-27 14:28:28,0.00328500,1.86000000
2018-02-27 14:28:29,0.00328900,12.60000000
2018-02-27 14:28:29,0.00328900,15.20000000
2018-02-27 14:28:31,0.00328900,0.95000000
2018-02-27 14:28:31,0.00328900,3.04000000
2018-02-27 14:28:32,0.00328900,15.20000000
2018-02-27 14:28:33,0.00328900,85.73000000
2018-02-27 14:28:34,0.00328900,3.82000000
2018-02-27 14:28:34,0.00329200,11.38000000
2018-02-27 14:28:34,0.00329200,3.04000000
2018-02-27 14:28:35,0.00328800,9.78000000
2018-02-27 14:28:36,0.00328800,8.04000000
2018-02-27 14:28:37,0.00329200,23.76000000
2018-02-27 14:28:41,0.00328900,1.60000000
2018-02-27 14:28:41,0.00328900,0.40000000
2018-02-27 14:28:42,0.00329200,0.01000000
2018-02-27 14:28:42,0.00329400,10.91000000
2018-02-27 14:28:50,0.00329500,0.50000000
2018-02-27 14:28:50,0.00329500,10.96000000
2018-02-27 14:28:50,0.00329600,5.65000000
2018-02-27 14:28:51,0.00329300,0.35000000
2018-02-27 14:28:51,0.00329200,2.45000000
2018-02-27 14:28:51,0.00328800,1.12000000
2018-02-27 14:28:52,0.00328800,3.12000000
2018-02-27 14:28:52,0.00328800,85.00000000
2018-02-27 14:28:52,0.00328800,0.49000000
2018-02-27 14:28:52,0.00328800,92.91000000
2018-02-27 14:28:52,0.00329500,23.40000000
2018-02-27 14:28:52,0.00329500,50.05000000
2018-02-27 14:29:03,0.00329500,0.41000000
2018-02-27 14:29:06,0.00329500,0.41000000
2018-02-27 14:29:08,0.00329400,8.26000000
2018-02-27 14:29:12,0.00329500,22.19000000
2018-02-27 14:29:13,0.00329500,3.03000000
2018-02-27 14:29:14,0.00329400,3.01000000
2018-02-27 14:29:15,0.00329500,44.75000000
2018-02-27 14:29:17,0.00329500,0.47000000
2018-02-27 14:29:23,0.00329500,1.52000000
2018-02-27 14:29:30,0.00329500,73.53000000
2018-02-27 14:29:31,0.00329500,18.25000000
2018-02-27 14:29:38,0.00329400,7.50000000
2018-02-27 14:29:39,0.00329500,4.88000000
2018-02-27 14:29:45,0.00329400,2.86000000
2018-02-27 14:30:01,0.00329100,8.19000000
2018-02-27 14:30:04,0.00329400,21.63000000
2018-02-27 14:30:08,0.00329400,0.75000000
2018-02-27 14:30:10,0.00329400,1.02000000
2018-02-27 14:30:11,0.00329400,0.61000000
2018-02-27 14:30:13,0.00329400,1.00000000
2018-02-27 14:30:37,0.00329300,0.87000000
2018-02-27 14:30:37,0.00329400,4.13000000
2018-02-27 14:30:39,0.00329000,1.12000000
2018-02-27 14:30:40,0.00329000,9.12000000
2018-02-27 14:30:41,0.00329000,9.12000000
2018-02-27 14:30:42,0.00329000,9.12000000
2018-02-27 14:30:43,0.00329000,9.12000000
2018-02-27 14:30:45,0.00329000,3.50000000
2018-02-27 14:30:45,0.00329000,9.12000000
2018-02-27 14:30:46,0.00328500,9.13000000
2018-02-27 14:30:47,0.00328500,8.71000000
2018-02-27 14:30:48,0.00328500,9.13000000
2018-02-27 14:30:49,0.00328500,22.24000000
2018-02-27 14:30:49,0.00328500,9.13000000
2018-02-27 14:30:51,0.00328500,9.13000000
2018-02-27 14:30:51,0.00329000,32.15000000
2018-02-27 14:30:51,0.00329000,32.17000000
2018-02-27 14:30:52,0.00328500,2.43000000
2018-02-27 14:30:52,0.00329000,0.01000000
2018-02-27 14:30:53,0.00329000,7.69000000
2018-02-27 14:30:55,0.00329000,1.73000000
2018-02-27 14:30:56,0.00329000,0.74000000
2018-02-27 14:30:58,0.00329000,0.56000000
2018-02-27 14:30:59,0.00329000,5.66000000
2018-02-27 14:31:00,0.00329000,1.50000000
2018-02-27 14:31:01,0.00329000,32.39000000
2018-02-27 14:31:02,0.00329000,32.45000000
2018-02-27 14:31:03,0.00329000,10.00000000
2018-02-27 14:31:04,0.00329000,253.12000000
2018-02-27 14:31:04,0.00329000,23.61000000
2018-02-27 14:31:05,0.00329000,32.61000000
2018-02-27 14:31:06,0.00329000,17.23000000
2018-02-27 14:31:08,0.00329000,50.02000000
2018-02-27 14:31:09,0.00328600,12.57000000
2018-02-27 14:31:09,0.00328600,0.40000000
2018-02-27 14:31:11,0.00328600,0.01000000
2018-02-27 14:31:11,0.00329000,4.53000000
2018-02-27 14:31:12,0.00329000,23.91000000
2018-02-27 14:31:14,0.00329000,50.23000000
2018-02-27 14:31:15,0.00329000,50.32000000
2018-02-27 14:31:18,0.00329000,21.51000000
2018-02-27 14:31:18,0.00329000,50.42000000
2018-02-27 14:31:24,0.00329000,10.39000000
2018-02-27 14:31:25,0.00328900,17.82000000
2018-02-27 14:31:25,0.00328900,0.02000000
2018-02-27 14:31:25,0.00329000,50.55000000
2018-02-27 14:31:25,0.00328600,5.34000000
2018-02-27 14:31:25,0.00328900,1.50000000
2018-02-27 14:31:26,0.00328900,30.42000000
2018-02-27 14:31:27,0.00328900,0.47000000
2018-02-27 14:31:27,0.00328900,2.85000000
2018-02-27 14:31:27,0.00328600,9.99000000
2018-02-27 14:31:28,0.00328900,99.26000000
2018-02-27 14:31:28,0.00329000,82.72000000
2018-02-27 14:31:28,0.00329000,49.61000000
2018-02-27 14:31:28,0.00329000,12.83000000
2018-02-27 14:31:29,0.00328900,0.82000000
2018-02-27 14:31:31,0.00328900,29.99000000
2018-02-27 14:31:31,0.00328900,12.85000000
2018-02-27 14:31:32,0.00329000,43.97000000
2018-02-27 14:31:32,0.00328900,5.51000000
2018-02-27 14:31:32,0.00329000,23.40000000
2018-02-27 14:31:33,0.00328900,2.36000000
2018-02-27 14:31:33,0.00328900,1.01000000
2018-02-27 14:31:34,0.00329000,3.38000000
2018-02-27 14:31:38,0.00329000,32.51000000
2018-02-27 14:31:39,0.00328900,0.77000000
2018-02-27 14:31:39,0.00328700,66.05000000
2018-02-27 14:31:42,0.00328900,1.50000000
2018-02-27 14:31:43,0.00328900,3.25000000
2018-02-27 14:31:45,0.00328900,2.61000000
2018-02-27 14:31:47,0.00328900,24.69000000
2018-02-27 14:31:47,0.00328900,10.76000000
2018-02-27 14:31:49,0.00328900,3.25000000
2018-02-27 14:32:03,0.00328800,9.94000000
2018-02-27 14:32:03,0.00328700,7.48000000
2018-02-27 14:32:03,0.00328500,1.28000000
2018-02-27 14:32:03,0.00328400,106.45000000
2018-02-27 14:32:03,0.00328300,19.26000000
2018-02-27 14:32:03,0.00328900,24.89000000
2018-02-27 14:32:11,0.00328900,0.01000000
2018-02-27 14:32:11,0.00328900,1.21000000
2018-02-27 14:32:11,0.00328900,24.37000000
2018-02-27 14:32:12,0.00328300,2.84000000
2018-02-27 14:32:14,0.00328900,24.42000000
2018-02-27 14:32:15,0.00329000,126.60000000
2018-02-27 14:32:17,0.00329000,19.10000000
2018-02-27 14:32:18,0.00329000,76.61000000
2018-02-27 14:32:20,0.00328700,0.50000000
2018-02-27 14:32:21,0.00329000,56.59000000
2018-02-27 14:32:23,0.00328300,26.36000000
2018-02-27 14:32:24,0.00329000,1.22000000
2018-02-27 14:32:26,0.00328900,1.22000000
2018-02-27 14:32:27,0.00328900,17.91000000
2018-02-27 14:32:27,0.00329000,18.86000000
2018-02-27 14:32:27,0.00329100,16.79000000
2018-02-27 14:32:27,0.00329200,39.21000000
2018-02-27 14:32:28,0.00328200,0.43000000
2018-02-27 14:32:28,0.00329100,0.43000000
2018-02-27 14:32:28,0.00329200,1.76000000
2018-02-27 14:32:31,0.00329000,1.59000000
2018-02-27 14:32:35,0.00329000,3.03000000
2018-02-27 14:32:41,0.00328500,8.60000000
2018-02-27 14:32:43,0.00329000,0.33000000
2018-02-27 14:32:47,0.00329000,23.51000000
2018-02-27 14:32:48,0.00329000,66.45000000
2018-02-27 14:32:53,0.00328600,55.15000000
2018-02-27 14:32:54,0.00328500,3.36000000
2018-02-27 14:32:55,0.00329000,56.67000000
2018-02-27 14:32:57,0.00328900,10.00000000
2018-02-27 14:32:57,0.00329000,56.70000000
2018-02-27 14:32:57,0.00329000,23.26000000
2018-02-27 14:32:57,0.00328500,7.93000000
2018-02-27 14:33:01,0.00329000,5.28000000
2018-02-27 14:33:02,0.00329000,23.26000000
2018-02-27 14:33:04,0.00329100,20.01000000
2018-02-27 14:33:05,0.00329000,1.47000000
2018-02-27 14:33:05,0.00329000,1.47000000
2018-02-27 14:33:05,0.00329100,19.98000000
2018-02-27 14:33:06,0.00329000,11.54000000
2018-02-27 14:33:10,0.00329100,1.22000000
2018-02-27 14:33:13,0.00329100,0.99000000
2018-02-27 14:33:15,0.00329100,0.23000000
2018-02-27 14:33:15,0.00329000,0.09000000
2018-02-27 14:33:15,0.00328600,72.80000000
2018-02-27 14:33:27,0.00329000,75.76000000
2018-02-27 14:33:33,0.00328600,45.76000000
2018-02-27 14:33:33,0.00328500,118.19000000
2018-02-27 14:33:33,0.00328400,16.82000000
2018-02-27 14:33:33,0.00328100,186.83000000
2018-02-27 14:33:33,0.00328000,58.27000000
2018-02-27 14:33:39,0.00328900,8.62000000
2018-02-27 14:33:52,0.00328900,0.51000000
2018-02-27 14:33:52,0.00329000,3.50000000
2018-02-27 14:33:52,0.00329000,8.00000000
2018-02-27 14:33:55,0.00329000,1.22000000
2018-02-27 14:33:55,0.00328900,1.22000000
2018-02-27 14:33:57,0.00328900,1.22000000
2018-02-27 14:33:59,0.00328900,1.39000000
2018-02-27 14:34:01,0.00328900,1.22000000
2018-02-27 14:34:01,0.00328900,49.13000000
2018-02-27 14:34:02,0.00328900,2.61000000
2018-02-27 14:34:03,0.00328900,1.00000000
2018-02-27 14:34:04,0.00329000,1.22000000
2018-02-27 14:34:06,0.00329000,5.15000000
2018-02-27 14:34:06,0.00329000,1.22000000
2018-02-27 14:34:08,0.00328900,0.22000000
2018-02-27 14:34:12,0.00328900,0.93000000
2018-02-27 14:34:18,0.00328900,1.72000000
2018-02-27 14:34:20,0.00328400,1.47000000
2018-02-27 14:34:20,0.00328300,9.13000000
2018-02-27 14:34:20,0.00328000,7.87000000
2018-02-27 14:34:20,0.00328900,43.38000000
2018-02-27 14:34:23,0.00328100,1.52000000
2018-02-27 14:34:23,0.00328000,101.72000000
2018-02-27 14:34:23,0.00328000,5.76000000
2018-02-27 14:34:28,0.00328000,1.36000000
2018-02-27 14:34:30,0.00328800,49.14000000
2018-02-27 14:34:33,0.00328800,3.54000000
2018-02-27 14:34:37,0.00328800,30.00000000
2018-02-27 14:34:49,0.00328900,19.21000000
2018-02-27 14:34:56,0.00328700,10.00000000
2018-02-27 14:34:57,0.00328100,5.00000000
2018-02-27 14:34:57,0.00328000,7.31000000
2018-02-27 14:35:01,0.00328600,7.30000000
2018-02-27 14:35:09,0.00328600,0.01000000
2018-02-27 14:35:09,0.00328700,0.48000000
2018-02-27 14:35:14,0.00328700,4.22000000
2018-02-27 14:35:16,0.00328700,2.27000000
2018-02-27 14:35:17,0.00328800,0.31000000
2018-02-27 14:35:21,0.00328800,0.76000000
2018-02-27 14:35:22,0.00328800,0.88000000
2018-02-27 14:35:23,0.00328800,5.99000000
2018-02-27 14:35:25,0.00328800,2.83000000
2018-02-27 14:35:27,0.00328700,1.84000000
2018-02-27 14:35:27,0.00328700,0.71000000
2018-02-27 14:35:27,0.00328800,30.66000000
2018-02-27 14:35:27,0.00328800,0.42000000
2018-02-27 14:35:31,0.00328800,50.00000000
2018-02-27 14:35:31,0.00328800,1.22000000
2018-02-27 14:35:31,0.00328800,3.04000000
2018-02-27 14:35:34,0.00328800,56.79000000
2018-02-27 14:35:34,0.00328900,25.07000000
2018-02-27 14:35:34,0.00329000,24.30000000
2018-02-27 14:35:34,0.00329200,61.82000000
2018-02-27 14:35:34,0.00329300,15.62000000
2018-02-27 14:35:34,0.00329400,94.91000000
2018-02-27 14:35:35,0.00329400,22.24000000
2018-02-27 14:35:36,0.00328800,0.34000000
2018-02-27 14:35:36,0.00328700,36.23000000
2018-02-27 14:35:36,0.00328400,61.07000000
2018-02-27 14:35:36,0.00328400,70.00000000
2018-02-27 14:35:36,0.00328400,7.36000000
2018-02-27 14:35:36,0.00329400,1.35000000
2018-02-27 14:35:36,0.00329500,18.74000000
2018-02-27 14:35:39,0.00329100,1.21000000
2018-02-27 14:35:41,0.00329000,3.00000000
2018-02-27 14:35:41,0.00329100,3.67000000
2018-02-27 14:35:42,0.00328400,33.27000000
2018-02-27 14:35:42,0.00328200,5.23000000
2018-02-27 14:35:43,0.00329100,4.24000000
2018-02-27 14:35:43,0.00329200,16.00000000
2018-02-27 14:35:43,0.00329500,19.81000000
2018-02-27 14:35:45,0.00329400,0.63000000
2018-02-27 14:35:45,0.00329500,9.32000000
2018-02-27 14:35:46,0.00329400,2.00000000
2018-02-27 14:35:46,0.00329500,1.32000000
2018-02-27 14:35:47,0.00329400,0.27000000
2018-02-27 14:35:52,0.00329000,0.43000000
2018-02-27 14:35:53,0.00329000,17.42000000
2018-02-27 14:35:54,0.00329000,6.25000000
2018-02-27 14:35:54,0.00329000,17.38000000
2018-02-27 14:35:56,0.00329100,62.38000000
2018-02-27 14:35:56,0.00329100,0.87000000
2018-02-27 14:35:58,0.00329300,1.13000000
2018-02-27 14:35:58,0.00329400,3.16000000
2018-02-27 14:36:06,0.00329200,0.67000000
2018-02-27 14:36:07,0.00329200,3.33000000
2018-02-27 14:36:09,0.00329300,1.00000000
2018-02-27 14:36:09,0.00329300,269.80000000
2018-02-27 14:36:09,0.00329300,0.26000000
2018-02-27 14:36:15,0.00329200,108.55000000
2018-02-27 14:36:15,0.00329000,5.50000000
2018-02-27 14:36:17,0.00329200,1.28000000
2018-02-27 14:36:23,0.00329200,4.00000000
2018-02-27 14:36:27,0.00329100,74.13000000
2018-02-27 14:36:35,0.00329200,0.87000000
2018-02-27 14:36:36,0.00329300,54.21000000
2018-02-27 14:36:38,0.00329200,0.89000000
2018-02-27 14:36:38,0.00329100,3.35000000
2018-02-27 14:36:39,0.00329200,15.00000000
2018-02-27 14:36:42,0.00329200,0.50000000
2018-02-27 14:36:43,0.00329300,3.30000000
2018-02-27 14:36:50,0.00329000,1.25000000
2018-02-27 14:36:51,0.00329100,40.04000000
2018-02-27 14:36:52,0.00329000,10.00000000
2018-02-27 14:36:56,0.00329100,0.46000000
2018-02-27 14:36:57,0.00329000,20.89000000
2018-02-27 14:37:02,0.00329000,25.00000000
2018-02-27 14:37:05,0.00329000,19.34000000
2018-02-27 14:37:05,0.00329000,28.68000000
2018-02-27 14:37:07,0.00329100,5.00000000
2018-02-27 14:37:08,0.00329000,1.00000000
2018-02-27 14:37:10,0.00329000,1.13000000
2018-02-27 14:37:15,0.00329100,8.97000000
2018-02-27 14:37:16,0.00329100,2.35000000
2018-02-27 14:37:16,0.00329000,562.77000000
2018-02-27 14:37:17,0.00328800,1.80000000
2018-02-27 14:37:19,0.00329000,53.13000000
2018-02-27 14:37:21,0.00329000,278.24000000
2018-02-27 14:37:21,0.00329000,2.36000000
2018-02-27 14:37:22,0.00329000,5.68000000
2018-02-27 14:37:23,0.00329000,20.38000000
2018-02-27 14:37:23,0.00329100,33.22000000
2018-02-27 14:37:24,0.00329100,111.09000000
2018-02-27 14:37:24,0.00329300,498.97000000
2018-02-27 14:37:25,0.00329300,6.08000000
2018-02-27 14:37:26,0.00329000,9.74000000
2018-02-27 14:37:26,0.00329200,77.68000000
2018-02-27 14:37:26,0.00329300,36.78000000
2018-02-27 14:37:26,0.00329400,10.74000000
2018-02-27 14:37:26,0.00329500,295.65000000
2018-02-27 14:37:26,0.00329100,9.38000000
2018-02-27 14:37:27,0.00329100,5.62000000
2018-02-27 14:37:27,0.00329500,120.94000000
2018-02-27 14:37:27,0.00328900,4.25000000
2018-02-27 14:37:27,0.00329600,16.14000000
2018-02-27 14:37:28,0.00329600,15.82000000
2018-02-27 14:37:28,0.00329700,0.32000000
2018-02-27 14:37:31,0.00329700,0.11000000
2018-02-27 14:37:31,0.00329800,14.18000000
2018-02-27 14:37:31,0.00329900,15.10000000
2018-02-27 14:37:31,0.00330000,49.32000000
2018-02-27 14:37:36,0.00329300,19.42000000
2018-02-27 14:37:38,0.00329400,5.00000000
2018-02-27 14:37:38,0.00329400,3.00000000
2018-02-27 14:37:40,0.00330000,14.29000000
2018-02-27 14:37:42,0.00330000,28.75000000
2018-02-27 14:37:44,0.00330000,21.92000000
2018-02-27 14:37:48,0.00329700,2.50000000
2018-02-27 14:37:54,0.00329800,1.94000000
2018-02-27 14:37:55,0.00330000,5.00000000
2018-02-27 14:37:57,0.00330000,2.36000000
2018-02-27 14:37:57,0.00329800,1.96000000
2018-02-27 14:37:58,0.00329800,4.00000000
2018-02-27 14:38:03,0.00330000,14.95000000
2018-02-27 14:38:06,0.00329800,1.25000000
2018-02-27 14:38:07,0.00329800,1.00000000
2018-02-27 14:38:07,0.00329800,2.91000000
2018-02-27 14:38:11,0.00330000,6.16000000
2018-02-27 14:38:14,0.00330000,2.27000000
2018-02-27 14:38:14,0.00330000,1.20000000
2018-02-27 14:38:17,0.00330000,10.75000000
2018-02-27 14:38:19,0.00329900,4.00000000
2018-02-27 14:38:22,0.00329900,4.55000000
2018-02-27 14:38:23,0.00330000,15.00000000
2018-02-27 14:38:23,0.00330000,3.56000000
2018-02-27 14:38:24,0.00330000,0.69000000
2018-02-27 14:38:26,0.00330000,12.10000000
2018-02-27 14:38:26,0.00329900,2.85000000
2018-02-27 14:38:28,0.00329900,50.00000000
2018-02-27 14:38:33,0.00330000,0.90000000
2018-02-27 14:38:34,0.00329900,57.46000000
2018-02-27 14:38:34,0.00329900,6.97000000
2018-02-27 14:38:35,0.00329900,60.62000000
2018-02-27 14:38:37,0.00330000,3.70000000
2018-02-27 14:38:37,0.00329900,23.34000000
2018-02-27 14:38:39,0.00329900,14.95000000
2018-02-27 14:38:39,0.00329900,60.62000000
2018-02-27 14:38:40,0.00329900,38.56000000
2018-02-27 14:38:40,0.00329800,243.28000000
2018-02-27 14:38:40,0.00329700,339.59000000
2018-02-27 14:38:45,0.00329900,14.00000000
2018-02-27 14:38:51,0.00330000,0.30000000
2018-02-27 14:38:51,0.00329800,11.09000000
2018-02-27 14:38:53,0.00330000,0.88000000
2018-02-27 14:38:57,0.00330000,17.75000000
2018-02-27 14:39:04,0.00330200,77.44000000
2018-02-27 14:39:06,0.00330000,5.00000000
2018-02-27 14:39:10,0.00330100,5.05000000
2018-02-27 14:39:14,0.00330200,7.50000000
2018-02-27 14:39:20,0.00330100,1.52000000
2018-02-27 14:39:25,0.00330100,278.54000000
2018-02-27 14:39:25,0.00330000,71.46000000
2018-02-27 14:39:30,0.00330000,0.43000000
2018-02-27 14:39:30,0.00330100,3.02000000
2018-02-27 14:39:30,0.00330100,2.67000000
2018-02-27 14:39:30,0.00330200,1.28000000
2018-02-27 14:39:36,0.00330300,1.80000000
2018-02-27 14:39:38,0.00330300,14.84000000
2018-02-27 14:39:38,0.00330200,15.94000000
2018-02-27 14:39:38,0.00330000,2.48000000
2018-02-27 14:39:38,0.00329800,2.96000000
2018-02-27 14:39:38,0.00329700,68.91000000
2018-02-27 14:39:41,0.00330000,1.47000000
2018-02-27 14:39:45,0.00330000,5.03000000
2018-02-27 14:39:46,0.00330000,10.97000000
2018-02-27 14:39:56,0.00330000,48.06000000
2018-02-27 14:39:57,0.00329900,17.65000000
2018-02-27 14:40:09,0.00330000,3.54000000
2018-02-27 14:40:10,0.00329900,423.01000000
2018-02-27 14:40:10,0.00329800,45.38000000
2018-02-27 14:40:15,0.00330000,60.49000000
2018-02-27 14:40:16,0.00329800,8.16000000
2018-02-27 14:40:16,0.00329800,12.93000000
2018-02-27 14:40:28,0.00329800,230.17000000
2018-02-27 14:40:37,0.00329800,0.60000000
2018-02-27 14:40:37,0.00329900,0.95000000
2018-02-27 14:40:44,0.00329900,26.54000000
2018-02-27 14:40:48,0.00329900,2.89000000
2018-02-27 14:40:48,0.00330000,0.14000000
2018-02-27 14:40:51,0.00330000,55.33000000
2018-02-27 14:40:56,0.00330000,1.02000000
2018-02-27 14:40:58,0.00330000,145.35000000
2018-02-27 14:40:58,0.00330000,12.12000000
2018-02-27 14:41:01,0.00330000,4.00000000
2018-02-27 14:41:08,0.00329900,4.90000000
2018-02-27 14:41:16,0.00330000,298.14000000
2018-02-27 14:41:21,0.00330200,1.78000000
2018-02-27 14:41:29,0.00330100,67.25000000
2018-02-27 14:41:30,0.00330300,1.28000000
2018-02-27 14:41:31,0.00330300,0.47000000
2018-02-27 14:41:33,0.00330400,0.47000000
2018-02-27 14:41:33,0.00330400,0.47000000
2018-02-27 14:41:33,0.00330400,13.55000000
2018-02-27 14:41:33,0.00330400,13.55000000
2018-02-27 14:41:33,0.00330400,29.09000000
2018-02-27 14:41:33,0.00330400,6.33000000
2018-02-27 14:41:34,0.00330500,1.64000000
2018-02-27 14:41:36,0.00330600,5.40000000
2018-02-27 14:41:37,0.00330400,1.42000000
2018-02-27 14:41:38,0.00330600,0.66000000
2018-02-27 14:41:41,0.00330600,1.44000000
2018-02-27 14:41:42,0.00330600,1.58000000
2018-02-27 14:41:42,0.00330600,1.54000000
2018-02-27 14:41:48,0.00330600,0.46000000
2018-02-27 14:41:52,0.00330700,6.04000000
2018-02-27 14:41:52,0.00330600,6.60000000
2018-02-27 14:41:53,0.00330600,24.67000000
2018-02-27 14:41:54,0.00330700,2.85000000
2018-02-27 14:41:54,0.00330700,2.82000000
2018-02-27 14:42:01,0.00330900,1.85000000
2018-02-27 14:42:04,0.00330900,3.12000000
2018-02-27 14:42:05,0.00330900,10.10000000
2018-02-27 14:42:07,0.00330900,1.23000000
2018-02-27 14:42:07,0.00331000,0.43000000
2018-02-27 14:42:07,0.00331000,1.66000000
2018-02-27 14:42:09,0.00331100,12.19000000
2018-02-27 14:42:10,0.00331100,2.33000000
2018-02-27 14:42:10,0.00331100,25.73000000
2018-02-27 14:42:10,0.00331100,23.82000000
2018-02-27 14:42:12,0.00331100,1.85000000
2018-02-27 14:42:13,0.00331100,13.22000000
2018-02-27 14:42:13,0.00331200,50.28000000
2018-02-27 14:42:17,0.00331200,1.23000000
2018-02-27 14:42:17,0.00331200,12.88000000
2018-02-27 14:42:17,0.00331200,50.28000000
2018-02-27 14:42:19,0.00331200,0.47000000
2018-02-27 14:42:19,0.00331200,1.91000000
2018-02-27 14:42:19,0.00331300,1.27000000
2018-02-27 14:42:20,0.00331300,2.29000000
2018-02-27 14:42:20,0.00331300,0.40000000
2018-02-27 14:42:20,0.00331300,112.73000000
2018-02-27 14:42:22,0.00331300,2.36000000
2018-02-27 14:42:22,0.00331300,47.91000000
2018-02-27 14:42:22,0.00331400,95.92000000
2018-02-27 14:42:23,0.00331200,0.59000000
2018-02-27 14:42:23,0.00331200,30.13000000
2018-02-27 14:42:24,0.00331200,15.09000000
2018-02-27 14:42:25,0.00331300,50.27000000
2018-02-27 14:42:25,0.00331400,30.22000000
2018-02-27 14:42:26,0.00331400,4.40000000
2018-02-27 14:42:26,0.00331400,22.99000000
2018-02-27 14:42:26,0.00331400,18.01000000
2018-02-27 14:42:27,0.00331400,15.16000000
2018-02-27 14:42:27,0.00331400,18.46000000
2018-02-27 14:42:27,0.00331300,20.36000000
2018-02-27 14:42:28,0.00331300,20.22000000
2018-02-27 14:42:29,0.00331300,177.17000000
2018-02-27 14:42:31,0.00331300,16.31000000
2018-02-27 14:42:32,0.00331400,3.01000000
2018-02-27 14:42:34,0.00331300,3.20000000
2018-02-27 14:42:38,0.00331300,3.69000000
2018-02-27 14:42:38,0.00331300,0.53000000
2018-02-27 14:42:41,0.00331200,62.94000000
2018-02-27 14:42:42,0.00331100,2.50000000
2018-02-27 14:42:47,0.00331100,0.84000000
2018-02-27 14:42:47,0.00331100,13.24000000
2018-02-27 14:42:47,0.00331100,3.43000000
2018-02-27 14:42:48,0.00331100,15.33000000
2018-02-27 14:42:49,0.00331100,0.02000000
2018-02-27 14:42:50,0.00331100,15.00000000
2018-02-27 14:42:50,0.00331200,0.70000000
2018-02-27 14:42:51,0.00331100,58.17000000
2018-02-27 14:42:52,0.00331200,60.25000000
2018-02-27 14:42:53,0.00331100,14.12000000
2018-02-27 14:42:53,0.00331100,139.30000000
2018-02-27 14:42:54,0.00331200,1.20000000
2018-02-27 14:42:56,0.00331200,1.32000000
2018-02-27 14:42:57,0.00331100,2.41000000
2018-02-27 14:42:58,0.00331000,11.69000000
2018-02-27 14:43:01,0.00331100,0.89000000
2018-02-27 14:43:03,0.00331000,8.35000000
2018-02-27 14:43:05,0.00331000,40.47000000
2018-02-27 14:43:12,0.00331000,1.00000000
2018-02-27 14:43:12,0.00331000,0.86000000
2018-02-27 14:43:13,0.00331100,0.34000000
2018-02-27 14:43:17,0.00331100,2.97000000
2018-02-27 14:43:18,0.00331100,1.23000000
2018-02-27 14:43:18,0.00331200,10.00000000
2018-02-27 14:43:22,0.00331200,18.12000000
2018-02-27 14:43:22,0.00331200,58.45000000
2018-02-27 14:43:23,0.00331400,3.36000000
2018-02-27 14:43:23,0.00331400,25.93000000
2018-02-27 14:43:24,0.00331400,22.98000000
2018-02-27 14:43:25,0.00331400,20.19000000
2018-02-27 14:43:25,0.00331400,22.98000000
2018-02-27 14:43:27,0.00331400,39.99000000
2018-02-27 14:43:27,0.00331400,22.98000000
2018-02-27 14:43:28,0.00331400,1.23000000
2018-02-27 14:43:29,0.00331400,22.98000000
2018-02-27 14:43:30,0.00331400,30.55000000
2018-02-27 14:43:30,0.00331500,6.00000000
2018-02-27 14:43:32,0.00331500,16.31000000
2018-02-27 14:43:32,0.00331500,20.67000000
2018-02-27 14:43:35,0.00331400,2.89000000
2018-02-27 14:43:38,0.00331500,7.26000000
2018-02-27 14:43:40,0.00331700,5.15000000
2018-02-27 14:43:43,0.00331400,5.19000000
2018-02-27 14:43:44,0.00331700,2.03000000
2018-02-27 14:43:44,0.00331700,20.03000000
2018-02-27 14:43:44,0.00331700,18.00000000
2018-02-27 14:43:45,0.00331700,7.01000000
2018-02-27 14:43:46,0.00331400,2.83000000
2018-02-27 14:43:49,0.00331800,6.07000000
2018-02-27 14:43:49,0.00331500,5.26000000
2018-02-27 14:43:50,0.00332000,2.00000000
2018-02-27 14:43:52,0.00331600,2.75000000
2018-02-27 14:43:55,0.00331600,1.24000000
2018-02-27 14:43:57,0.00331700,99.48000000
2018-02-27 14:43:59,0.00331800,10.00000000
2018-02-27 14:43:59,0.00331700,20.09000000
2018-02-27 14:43:59,0.00331700,15.11000000
2018-02-27 14:44:00,0.00331700,6.91000000
2018-02-27 14:44:00,0.00332000,3.01000000
2018-02-27 14:44:01,0.00331700,47.08000000
2018-02-27 14:44:02,0.00331700,48.17000000
2018-02-27 14:44:03,0.00331800,8.72000000
2018-02-27 14:44:03,0.00331800,51.23000000
2018-02-27 14:44:04,0.00331800,15.11000000
2018-02-27 14:44:05,0.00331800,15.11000000
2018-02-27 14:44:06,0.00331800,76.19000000
2018-02-27 14:44:06,0.00332000,1.50000000
2018-02-27 14:44:07,0.00332000,1.20000000
2018-02-27 14:44:07,0.00332000,38.84000000
2018-02-27 14:44:07,0.00332100,10.01000000
2018-02-27 14:44:07,0.00332300,16.15000000
2018-02-27 14:44:07,0.00331800,1.04000000
2018-02-27 14:44:07,0.00331800,15.11000000
2018-02-27 14:44:07,0.00331800,2.50000000
2018-02-27 14:44:08,0.00331800,110.69000000
2018-02-27 14:44:09,0.00331800,6.02000000
2018-02-27 14:44:09,0.00331800,5.67000000
2018-02-27 14:44:09,0.00331900,18.05000000
2018-02-27 14:44:10,0.00331900,10.54000000
2018-02-27 14:44:10,0.00331900,40.00000000
2018-02-27 14:44:10,0.00331900,70.00000000
2018-02-27 14:44:10,0.00331900,15.13000000
2018-02-27 14:44:11,0.00331900,14.00000000
2018-02-27 14:44:11,0.00331900,1.00000000
2018-02-27 14:44:11,0.00331900,15.11000000
2018-02-27 14:44:11,0.00331900,37.72000000
2018-02-27 14:44:12,0.00331900,30.00000000
2018-02-27 14:44:13,0.00331900,8.77000000
2018-02-27 14:44:13,0.00331900,13.86000000
2018-02-27 14:44:13,0.00331800,1.25000000
2018-02-27 14:44:15,0.00332000,15.11000000
2018-02-27 14:44:15,0.00332000,50.17000000
2018-02-27 14:44:15,0.00332000,7.16000000
2018-02-27 14:44:15,0.00332200,2.01000000
2018-02-27 14:44:15,0.00332200,7.33000000
2018-02-27 14:44:16,0.00332000,72.11000000
2018-02-27 14:44:16,0.00332000,36.14000000
2018-02-27 14:44:16,0.00332000,71.41000000
2018-02-27 14:44:17,0.00332000,15.11000000
2018-02-27 14:44:17,0.00332000,4.69000000
2018-02-27 14:44:18,0.00332200,0.27000000
2018-02-27 14:44:18,0.00332000,7.98000000
2018-02-27 14:44:18,0.00331800,29.31000000
2018-02-27 14:44:18,0.00332200,16.27000000
2018-02-27 14:44:19,0.00331800,25.55000000
2018-02-27 14:44:20,0.00332200,5.66000000
2018-02-27 14:44:20,0.00332200,8.72000000
2018-02-27 14:44:20,0.00332200,4.34000000
2018-02-27 14:44:20,0.00332200,0.01000000
2018-02-27 14:44:23,0.00332000,5.97000000
2018-02-27 14:44:23,0.00332000,15.11000000
2018-02-27 14:44:24,0.00332000,6.02000000
2018-02-27 14:44:25,0.00332200,1.47000000
2018-02-27 14:44:26,0.00332100,15.11000000
2018-02-27 14:44:26,0.00332100,4.01000000
2018-02-27 14:44:27,0.00332100,7.43000000
2018-02-27 14:44:27,0.00332200,1.87000000
2018-02-27 14:44:27,0.00332100,0.01000000
2018-02-27 14:44:28,0.00332100,55.53000000
2018-02-27 14:44:28,0.00332100,50.14000000
2018-02-27 14:44:29,0.00332100,15.11000000
2018-02-27 14:44:30,0.00332100,39.70000000
2018-02-27 14:44:30,0.00332100,1.87000000
2018-02-27 14:44:31,0.00332100,27.00000000
2018-02-27 14:44:31,0.00332100,63.24000000
2018-02-27 14:44:31,0.00332000,2.35000000
2018-02-27 14:44:31,0.00332000,45.16000000
2018-02-27 14:44:31,0.00332000,4.75000000
2018-02-27 14:44:31,0.00331800,10.36000000
2018-02-27 14:44:31,0.00331800,19.05000000
2018-02-27 14:44:33,0.00331800,15.11000000
2018-02-27 14:44:34,0.00331900,1.52000000
2018-02-27 14:44:34,0.00332100,19.82000000
2018-02-27 14:44:34,0.00332200,68.36000000
2018-02-27 14:44:34,0.00332300,27.78000000
2018-02-27 14:44:34,0.00332400,11.00000000
2018-02-27 14:44:34,0.00332500,217.40000000
2018-02-27 14:44:34,0.00332500,2.35000000
2018-02-27 14:44:34,0.00332500,2.00000000
2018-02-27 14:44:34,0.00332500,4.31000000
2018-02-27 14:44:34,0.00332500,25.07000000
2018-02-27 14:44:34,0.00332500,2.30000000
2018-02-27 14:44:34,0.00332500,2.30000000
2018-02-27 14:44:34,0.00332500,36.47000000
2018-02-27 14:44:34,0.00332500,8.00000000
2018-02-27 14:44:35,0.00332500,12.25000000
2018-02-27 14:44:35,0.00332300,9.02000000
2018-02-27 14:44:35,0.00332300,3.94000000
2018-02-27 14:44:35,0.00332300,15.10000000
2018-02-27 14:44:35,0.00332300,6.94000000
2018-02-27 14:44:36,0.00331800,8.00000000
2018-02-27 14:44:36,0.00331800,8.42000000
2018-02-27 14:44:36,0.00332300,18.04000000
2018-02-27 14:44:36,0.00332600,7.67000000
2018-02-27 14:44:36,0.00332600,3.00000000
2018-02-27 14:44:37,0.00332600,9.04000000
2018-02-27 14:44:37,0.00332600,1.17000000
2018-02-27 14:44:37,0.00332600,4.32000000
2018-02-27 14:44:37,0.00332600,42.85000000
2018-02-27 14:44:37,0.00332600,184.42000000
2018-02-27 14:44:37,0.00331800,15.39000000
2018-02-27 14:44:37,0.00331700,5.96000000
2018-02-27 14:44:37,0.00331700,15.03000000
2018-02-27 14:44:38,0.00332000,9.03000000
2018-02-27 14:44:38,0.00331900,3.74000000
2018-02-27 14:44:38,0.00331900,4.54000000
2018-02-27 14:44:39,0.00331900,3.11000000
2018-02-27 14:44:40,0.00331900,5.88000000
2018-02-27 14:44:40,0.00332500,30.02000000
2018-02-27 14:44:40,0.00332600,2.87000000
2018-02-27 14:44:42,0.00332200,19.10000000
2018-02-27 14:44:42,0.00332600,1.21000000
2018-02-27 14:44:42,0.00332800,0.89000000
2018-02-27 14:44:42,0.00333000,36.57000000
2018-02-27 14:44:42,0.00333100,92.30000000
2018-02-27 14:44:42,0.00333300,67.19000000
2018-02-27 14:44:42,0.00333400,4.50000000
2018-02-27 14:44:42,0.00333500,350.00000000
2018-02-27 14:44:42,0.00333900,30.34000000
2018-02-27 14:44:42,0.00334100,9.96000000
2018-02-27 14:44:43,0.00332100,5.34000000
2018-02-27 14:44:43,0.00332100,3.69000000
2018-02-27 14:44:43,0.00332000,1.74000000
2018-02-27 14:44:43,0.00332000,42.16000000
2018-02-27 14:44:44,0.00332100,36.57000000
2018-02-27 14:44:45,0.00332100,13.34000000
2018-02-27 14:44:45,0.00332100,1.52000000
2018-02-27 14:44:45,0.00332000,69.19000000
2018-02-27 14:44:46,0.00332700,3.00000000
2018-02-27 14:44:46,0.00332100,4.54000000
2018-02-27 14:44:46,0.00332100,8.22000000
2018-02-27 14:44:47,0.00332700,6.03000000
2018-02-27 14:44:47,0.00332800,1.17000000
2018-02-27 14:44:47,0.00332900,4.50000000
2018-02-27 14:44:47,0.00333400,8.42000000
2018-02-27 14:44:49,0.00333200,6.68000000
2018-02-27 14:44:49,0.00332300,9.02000000
2018-02-27 14:44:49,0.00332200,3.36000000
2018-02-27 14:44:49,0.00332100,129.14000000
2018-02-27 14:44:50,0.00332100,153.69000000
2018-02-27 14:44:51,0.00332700,0.75000000
2018-02-27 14:44:51,0.00332100,0.60000000
2018-02-27 14:44:54,0.00332100,27.13000000
2018-02-27 14:44:55,0.00332100,4.54000000
2018-02-27 14:44:55,0.00332100,7.54000000
2018-02-27 14:44:55,0.00332100,15.07000000
2018-02-27 14:44:55,0.00332000,12.03000000
2018-02-27 14:44:55,0.00332000,27.82000000
2018-02-27 14:44:56,0.00332000,3.36000000
2018-02-27 14:44:57,0.00332000,8.57000000
2018-02-27 14:44:58,0.00332000,27.10000000
2018-02-27 14:44:59,0.00332100,7.34000000
2018-02-27 14:45:00,0.00332000,1.06000000
2018-02-27 14:45:01,0.00332000,27.10000000
2018-02-27 14:45:01,0.00332000,15.87000000
2018-02-27 14:45:05,0.00332000,353.46000000
2018-02-27 14:45:07,0.00331900,15.06000000
2018-02-27 14:45:08,0.00332100,0.20000000
2018-02-27 14:45:13,0.00332000,63.25000000
2018-02-27 14:45:14,0.00332100,4.65000000
2018-02-27 14:45:14,0.00332000,3.35000000
2018-02-27 14:45:15,0.00332000,11.98000000
2018-02-27 14:45:15,0.00332300,25.29000000
2018-02-27 14:45:15,0.00332700,44.91000000
2018-02-27 14:45:15,0.00333000,0.85000000
2018-02-27 14:45:15,0.00333000,57.08000000
2018-02-27 14:45:15,0.00331900,12.21000000
2018-02-27 14:45:15,0.00331700,17.82000000
2018-02-27 14:45:16,0.00331700,1.21000000
2018-02-27 14:45:17,0.00331900,3.35000000
2018-02-27 14:45:17,0.00332000,1.84000000
2018-02-27 14:45:19,0.00332000,1.72000000
2018-02-27 14:45:22,0.00332000,3.22000000
2018-02-27 14:45:24,0.00332000,81.44000000
2018-02-27 14:45:24,0.00332300,13.01000000
2018-02-27 14:45:24,0.00331700,14.41000000
2018-02-27 14:45:27,0.00331700,28.99000000
2018-02-27 14:45:38,0.00331900,1.08000000
2018-02-27 14:45:39,0.00331800,21.09000000
2018-02-27 14:45:41,0.00331800,11.75000000
2018-02-27 14:45:42,0.00331900,40.20000000
2018-02-27 14:45:42,0.00332000,1.27000000
2018-02-27 14:45:53,0.00332000,4.00000000
2018-02-27 14:45:53,0.00332000,2.53000000
2018-02-27 14:45:54,0.00332000,4.19000000
2018-02-27 14:45:54,0.00332000,27.59000000
2018-02-27 14:45:54,0.00332100,15.06000000
2018-02-27 14:45:56,0.00332100,8.76000000
2018-02-27 14:45:56,0.00332300,20.84000000
2018-02-27 14:46:00,0.00332300,3.64000000
2018-02-27 14:46:00,0.00332300,19.58000000
2018-02-27 14:46:00,0.00332400,2.00000000
2018-02-27 14:46:01,0.00332400,45.12000000
2018-02-27 14:46:01,0.00332400,0.47000000
2018-02-27 14:46:01,0.00332400,1.48000000
2018-02-27 14:46:01,0.00332400,15.06000000
2018-02-27 14:46:01,0.00332400,6.21000000
2018-02-27 14:46:02,0.00332400,9.14000000
2018-02-27 14:46:02,0.00332400,6.69000000
2018-02-27 14:46:03,0.00332400,0.47000000
2018-02-27 14:46:04,0.00332400,0.47000000
2018-02-27 14:46:05,0.00332400,1.24000000
2018-02-27 14:46:07,0.00332200,9.03000000
2018-02-27 14:46:10,0.00332200,16.30000000
2018-02-27 14:46:11,0.00332100,0.47000000
2018-02-27 14:46:12,0.00332000,2.21000000
2018-02-27 14:46:16,0.00332000,4.84000000
2018-02-27 14:46:18,0.00332000,28.00000000
2018-02-27 14:46:23,0.00332000,51.20000000
2018-02-27 14:46:23,0.00332000,5.08000000
2018-02-27 14:46:23,0.00332000,2.91000000
2018-02-27 14:46:23,0.00332200,42.77000000
2018-02-27 14:46:24,0.00332000,5.67000000
2018-02-27 14:46:26,0.00332100,15.06000000
2018-02-27 14:46:26,0.00332200,48.50000000
2018-02-27 14:46:27,0.00332200,0.52000000
2018-02-27 14:46:27,0.00332200,17.62000000
2018-02-27 14:46:28,0.00332200,0.47000000
2018-02-27 14:46:29,0.00332200,0.52000000
2018-02-27 14:46:29,0.00332200,18.06000000
2018-02-27 14:46:32,0.00332200,7.99000000
2018-02-27 14:46:35,0.00332300,15.84000000
2018-02-27 14:46:35,0.00332800,85.95000000
2018-02-27 14:46:35,0.00333000,0.85000000
2018-02-27 14:46:35,0.00333100,15.00000000
2018-02-27 14:46:35,0.00333700,28.32000000
2018-02-27 14:46:35,0.00333800,24.75000000
2018-02-27 14:46:35,0.00332200,5.47000000
2018-02-27 14:46:40,0.00332300,1.00000000
2018-02-27 14:46:43,0.00332300,5.22000000
2018-02-27 14:46:49,0.00332900,3.30000000
2018-02-27 14:46:49,0.00333000,20.00000000
2018-02-27 14:46:49,0.00333100,0.12000000
2018-02-27 14:46:50,0.00332500,14.73000000
2018-02-27 14:46:50,0.00332500,2.34000000
2018-02-27 14:46:50,0.00332500,8.29000000
2018-02-27 14:46:50,0.00332400,3.74000000
2018-02-27 14:46:50,0.00332400,3.01000000
2018-02-27 14:46:51,0.00332400,2.20000000
2018-02-27 14:46:54,0.00332400,77.37000000
2018-02-27 14:46:56,0.00332400,45.12000000
2018-02-27 14:47:02,0.00332400,9.02000000
2018-02-27 14:47:03,0.00332900,6.22000000
2018-02-27 14:47:03,0.00333000,80.10000000
2018-02-27 14:47:05,0.00332900,28.57000000
2018-02-27 14:47:07,0.00332800,4.47000000
2018-02-27 14:47:09,0.00332900,4.79000000
2018-02-27 14:47:09,0.00332900,15.06000000
2018-02-27 14:47:09,0.00332900,0.82000000
2018-02-27 14:47:10,0.00332900,0.47000000
2018-02-27 14:47:10,0.00332900,9.99000000
2018-02-27 14:47:10,0.00332900,1.70000000
2018-02-27 14:47:10,0.00332900,8.25000000
2018-02-27 14:47:10,0.00332600,9.01000000
2018-02-27 14:47:10,0.00332500,72.15000000
2018-02-27 14:47:10,0.00332500,58.31000000
2018-02-27 14:47:10,0.00332500,3.01000000
2018-02-27 14:47:11,0.00332500,2.00000000
2018-02-27 14:47:12,0.00332500,48.12000000
2018-02-27 14:47:14,0.00332500,15.06000000
2018-02-27 14:47:16,0.00332600,5.10000000
2018-02-27 14:47:16,0.00332600,2.16000000
2018-02-27 14:47:18,0.00332600,9.01000000
2018-02-27 14:47:22,0.00332600,15.06000000
2018-02-27 14:47:23,0.00332600,16.48000000
2018-02-27 14:47:23,0.00332900,4.58000000
2018-02-27 14:47:24,0.00332600,36.07000000
2018-02-27 14:47:24,0.00332600,15.06000000
2018-02-27 14:47:25,0.00332600,5.93000000
2018-02-27 14:47:26,0.00332700,2.79000000
2018-02-27 14:47:26,0.00332700,5.21000000
2018-02-27 14:47:26,0.00332600,9.85000000
2018-02-27 14:47:27,0.00332600,2.14000000
2018-02-27 14:47:29,0.00332600,0.77000000
2018-02-27 14:47:29,0.00332700,12.90000000
2018-02-27 14:47:30,0.00332600,84.18000000
2018-02-27 14:47:34,0.00332600,0.72000000
2018-02-27 14:47:35,0.00332700,7.88000000
2018-02-27 14:47:37,0.00332700,3.01000000
2018-02-27 14:47:41,0.00332800,0.47000000
2018-02-27 14:47:41,0.00332800,3.01000000
2018-02-27 14:47:42,0.00332800,6.75000000
2018-02-27 14:47:44,0.00332800,0.01000000
2018-02-27 14:47:44,0.00332700,3.16000000
2018-02-27 14:47:45,0.00332900,11.63000000
2018-02-27 14:47:45,0.00332900,38.37000000
2018-02-27 14:47:45,0.00332800,5.61000000
2018-02-27 14:47:46,0.00332700,0.95000000
2018-02-27 14:47:47,0.00332700,3.01000000
2018-02-27 14:47:47,0.00332700,3.34000000
2018-02-27 14:47:47,0.00332700,6.01000000
2018-02-27 14:47:48,0.00332700,1.69000000
2018-02-27 14:47:49,0.00332700,0.61000000
2018-02-27 14:47:49,0.00332600,14.42000000
2018-02-27 14:47:50,0.00332600,6.01000000
2018-02-27 14:47:50,0.00332600,28.17000000
2018-02-27 14:47:50,0.00332800,5.00000000
2018-02-27 14:47:53,0.00332900,2.73000000
2018-02-27 14:47:54,0.00332600,15.03000000
2018-02-27 14:47:55,0.00332600,15.03000000
2018-02-27 14:47:56,0.00332600,18.03000000
2018-02-27 14:47:58,0.00332700,42.17000000
2018-02-27 14:47:58,0.00332900,4.94000000
2018-02-27 14:47:58,0.00332600,30.00000000
2018-02-27 14:48:00,0.00332800,11.98000000
2018-02-27 14:48:00,0.00332600,161.02000000
2018-02-27 14:48:02,0.00332600,78.17000000
2018-02-27 14:48:02,0.00332600,4.01000000
2018-02-27 14:48:04,0.00332600,4.77000000
2018-02-27 14:48:06,0.00332700,30.05000000
2018-02-27 14:48:06,0.00332700,41.81000000
2018-02-27 14:48:06,0.00332700,25.20000000
2018-02-27 14:48:06,0.00332600,339.70000000
2018-02-27 14:48:08,0.00332500,39.09000000
2018-02-27 14:48:08,0.00332500,67.93000000
2018-02-27 14:48:08,0.00332500,40.00000000
2018-02-27 14:48:16,0.00332500,3.02000000
2018-02-27 14:48:17,0.00332500,0.76000000
2018-02-27 14:48:18,0.00332500,16.30000000
2018-02-27 14:48:21,0.00332500,21.05000000
2018-02-27 14:48:23,0.00332500,8.87000000
2018-02-27 14:48:29,0.00332500,4.92000000
2018-02-27 14:48:30,0.00332400,39.10000000
2018-02-27 14:48:30,0.00332400,1.73000000
2018-02-27 14:48:31,0.00332500,4.66000000
2018-02-27 14:48:33,0.00332500,15.02000000
2018-02-27 14:48:33,0.00332500,28.34000000
2018-02-27 14:48:35,0.00332600,3.00000000
2018-02-27 14:48:35,0.00332500,30.00000000
2018-02-27 14:48:36,0.00332500,0.47000000
2018-02-27 14:48:37,0.00332500,4.99000000
2018-02-27 14:48:40,0.00332500,3.31000000
2018-02-27 14:48:41,0.00332500,3.73000000
2018-02-27 14:48:41,0.00332600,54.22000000
2018-02-27 14:48:42,0.00332600,27.06000000
2018-02-27 14:48:44,0.00332400,248.28000000
2018-02-27 14:48:44,0.00332300,1.52000000
2018-02-27 14:48:46,0.00332300,1.97000000
2018-02-27 14:48:46,0.00332300,69.93000000
2018-02-27 14:48:47,0.00332300,0.67000000
2018-02-27 14:48:51,0.00332300,0.76000000
2018-02-27 14:48:54,0.00332400,1.96000000
2018-02-27 14:48:55,0.00332400,0.05000000
2018-02-27 14:48:55,0.00332400,3.50000000
2018-02-27 14:48:56,0.00332300,0.76000000
2018-02-27 14:48:57,0.00332300,21.63000000
2018-02-27 14:48:57,0.00332300,11.95000000
2018-02-27 14:49:04,0.00332600,19.06000000
2018-02-27 14:49:04,0.00332900,16.86000000
2018-02-27 14:49:04,0.00333000,6.08000000
2018-02-27 14:49:05,0.00332400,25.27000000
2018-02-27 14:49:07,0.00332300,0.34000000
2018-02-27 14:49:09,0.00332300,8.23000000
2018-02-27 14:49:15,0.00332300,16.62000000
2018-02-27 14:49:18,0.00332300,87.58000000
2018-02-27 14:49:20,0.00332300,2.68000000
2018-02-27 14:49:20,0.00332300,6.01000000
2018-02-27 14:49:21,0.00332400,15.73000000
2018-02-27 14:49:22,0.00332300,4.47000000
2018-02-27 14:49:33,0.00332400,3.00000000
2018-02-27 14:49:34,0.00332300,10.00000000
2018-02-27 14:49:34,0.00332300,3.00000000
2018-02-27 14:49:36,0.00332400,8.22000000
2018-02-27 14:49:37,0.00332300,3.99000000
2018-02-27 14:49:38,0.00332300,15.05000000
2018-02-27 14:49:40,0.00332300,15.05000000
2018-02-27 14:49:46,0.00332300,65.59000000
2018-02-27 14:49:48,0.00332300,30.61000000
2018-02-27 14:49:50,0.00332000,0.33000000
2018-02-27 14:49:50,0.00332300,44.67000000
2018-02-27 14:49:50,0.00332000,1.52000000
2018-02-27 14:49:53,0.00332000,0.46000000
2018-02-27 14:49:59,0.00332000,0.10000000
2018-02-27 14:50:04,0.00332000,10.78000000
2018-02-27 14:50:05,0.00331800,1.40000000
2018-02-27 14:50:05,0.00331700,0.60000000
2018-02-27 14:50:05,0.00331500,0.75000000
2018-02-27 14:50:05,0.00331300,8.25000000
2018-02-27 14:50:08,0.00331200,0.43000000
2018-02-27 14:50:08,0.00331900,9.03000000
2018-02-27 14:50:22,0.00331800,81.51000000
2018-02-27 14:50:22,0.00331900,0.24000000
2018-02-27 14:50:24,0.00331900,0.06000000
2018-02-27 14:50:24,0.00332000,0.94000000
2018-02-27 14:50:25,0.00331200,0.10000000
2018-02-27 14:50:42,0.00331300,110.67000000
2018-02-27 14:50:42,0.00331200,29.30000000
2018-02-27 14:50:47,0.00331300,1.71000000
2018-02-27 14:50:49,0.00331800,3.01000000
2018-02-27 14:50:52,0.00331800,32.35000000
2018-02-27 14:51:00,0.00331800,0.01000000
2018-02-27 14:51:00,0.00331900,6.18000000
2018-02-27 14:51:10,0.00331900,3.02000000
2018-02-27 14:51:10,0.00331200,0.08000000
2018-02-27 14:51:21,0.00331200,5.56000000
2018-02-27 14:51:32,0.00331600,12.06000000
2018-02-27 14:51:34,0.00331600,13.21000000
2018-02-27 14:51:34,0.00331700,10.03000000
2018-02-27 14:51:34,0.00331800,53.06000000
2018-02-27 14:51:40,0.00331400,2.52000000
2018-02-27 14:51:41,0.00331400,2.47000000
2018-02-27 14:51:59,0.00331400,0.01000000
2018-02-27 14:52:00,0.00331500,0.47000000
2018-02-27 14:52:00,0.00331500,3.35000000
2018-02-27 14:52:01,0.00331400,4.99000000
2018-02-27 14:52:04,0.00331300,2.96000000
2018-02-27 14:52:05,0.00331400,5.37000000
2018-02-27 14:52:07,0.00331400,0.47000000
2018-02-27 14:52:07,0.00331400,12.54000000
2018-02-27 14:52:12,0.00331300,0.68000000
2018-02-27 14:52:16,0.00331400,56.54000000
2018-02-27 14:52:19,0.00331400,53.81000000
2018-02-27 14:52:22,0.00331400,2.91000000
2018-02-27 14:52:32,0.00331600,3.68000000
2018-02-27 14:52:49,0.00331600,5.12000000
2018-02-27 14:52:57,0.00331600,51.48000000
2018-02-27 14:53:02,0.00331600,0.03000000
2018-02-27 14:53:08,0.00331700,11.34000000
2018-02-27 14:53:12,0.00331700,8.66000000
2018-02-27 14:53:32,0.00331900,3.01000000
2018-02-27 14:53:33,0.00331900,7.88000000
2018-02-27 14:53:38,0.00332000,22.19000000
2018-02-27 14:53:53,0.00332300,3.70000000
2018-02-27 14:53:53,0.00332300,20.05000000
2018-02-27 14:53:56,0.00332400,0.46000000
2018-02-27 14:53:57,0.00332400,1.52000000
2018-02-27 14:53:57,0.00332500,3.64000000
2018-02-27 14:54:01,0.00332500,10.00000000
2018-02-27 14:54:10,0.00332500,1.20000000
2018-02-27 14:54:12,0.00332500,2.88000000
2018-02-27 14:54:15,0.00332600,0.77000000
2018-02-27 14:54:15,0.00332600,2.02000000
2018-02-27 14:54:15,0.00332600,3.02000000
2018-02-27 14:54:17,0.00332600,2.94000000
2018-02-27 14:54:17,0.00332600,0.33000000
2018-02-27 14:54:17,0.00332600,3.02000000
2018-02-27 14:54:19,0.00332600,1.20000000
2018-02-27 14:54:20,0.00332600,1.20000000
2018-02-27 14:54:20,0.00332600,1.80000000
2018-02-27 14:54:20,0.00332500,1.22000000
2018-02-27 14:54:23,0.00332700,1.00000000
2018-02-27 14:54:23,0.00332500,1.20000000
2018-02-27 14:54:25,0.00332500,40.00000000
2018-02-27 14:54:25,0.00332500,1.20000000
2018-02-27 14:54:27,0.00332500,11.32000000
2018-02-27 14:54:29,0.00332500,15.55000000
2018-02-27 14:54:34,0.00332600,5.16000000
2018-02-27 14:54:34,0.00332500,0.82000000
2018-02-27 14:54:35,0.00332700,3.00000000
2018-02-27 14:54:55,0.00332500,2.27000000
2018-02-27 14:54:56,0.00332700,0.99000000
2018-02-27 14:54:57,0.00332500,1.20000000
2018-02-27 14:55:00,0.00332500,1.90000000
2018-02-27 14:55:00,0.00332500,0.33000000
2018-02-27 14:55:01,0.00332500,2.64000000
2018-02-27 14:55:02,0.00332500,1.90000000
2018-02-27 14:55:04,0.00332500,1.52000000
2018-02-27 14:55:05,0.00332500,1.27000000
2018-02-27 14:55:13,0.00332700,6.14000000
2018-02-27 14:55:20,0.00332500,22.22000000
2018-02-27 14:55:30,0.00332500,4.00000000
2018-02-27 14:55:36,0.00332500,1.00000000
2018-02-27 14:55:43,0.00332500,2.64000000
2018-02-27 14:55:44,0.00332500,14.69000000
2018-02-27 14:55:54,0.00332500,13.17000000
2018-02-27 14:55:54,0.00332400,0.33000000
2018-02-27 14:55:57,0.00332400,0.26000000
2018-02-27 14:56:02,0.00332400,99.41000000
2018-02-27 14:56:02,0.00331900,0.39000000
2018-02-27 14:56:02,0.00331800,135.83000000
2018-02-27 14:56:02,0.00331700,31.79000000
2018-02-27 14:56:05,0.00332400,4.62000000
2018-02-27 14:56:06,0.00332400,9.61000000
2018-02-27 14:56:35,0.00332400,7.37000000
2018-02-27 14:56:51,0.00332400,4.02000000
2018-02-27 14:56:56,0.00332100,0.01000000
2018-02-27 14:56:57,0.00332100,2.17000000
2018-02-27 14:56:57,0.00332100,4.33000000
2018-02-27 14:56:57,0.00332100,1.00000000
2018-02-27 14:57:02,0.00332100,2.13000000
2018-02-27 14:57:02,0.00332100,1.00000000
2018-02-27 14:57:10,0.00332100,12.06000000
2018-02-27 14:57:14,0.00332400,0.71000000
2018-02-27 14:57:15,0.00332200,30.10000000
2018-02-27 14:57:15,0.00332200,19.51000000
2018-02-27 14:57:19,0.00332200,0.47000000
2018-02-27 14:57:20,0.00332200,0.47000000
2018-02-27 14:57:22,0.00332400,0.73000000
2018-02-27 14:57:23,0.00332400,4.29000000
2018-02-27 14:57:27,0.00332200,13.46000000
2018-02-27 14:57:36,0.00332000,7.00000000
2018-02-27 14:57:36,0.00331900,3.00000000
2018-02-27 14:57:42,0.00332400,2.82000000
2018-02-27 14:57:44,0.00331900,29.49000000
2018-02-27 14:57:46,0.00332400,6.01000000
2018-02-27 14:57:58,0.00332400,27.52000000
2018-02-27 14:58:02,0.00332400,13.53000000
2018-02-27 14:58:05,0.00332400,0.52000000
2018-02-27 14:58:05,0.00332400,0.47000000
2018-02-27 14:58:05,0.00332400,3.43000000
2018-02-27 14:58:19,0.00332300,0.47000000
2018-02-27 14:58:21,0.00332400,6.51000000
2018-02-27 14:58:22,0.00332300,0.52000000
2018-02-27 14:58:22,0.00332400,7.91000000
2018-02-27 14:58:23,0.00332400,0.73000000
2018-02-27 14:58:23,0.00332300,0.27000000
2018-02-27 14:58:23,0.00332300,0.52000000
2018-02-27 14:58:25,0.00332500,22.82000000
2018-02-27 14:58:26,0.00332500,211.40000000
2018-02-27 14:58:26,0.00332500,68.36000000
2018-02-27 14:58:30,0.00332500,0.47000000
2018-02-27 14:58:31,0.00332500,0.47000000
2018-02-27 14:58:34,0.00332700,0.60000000
2018-02-27 14:58:36,0.00332500,0.52000000
2018-02-27 14:58:36,0.00332500,0.47000000
2018-02-27 14:58:37,0.00332500,1.17000000
2018-02-27 14:58:38,0.00332500,0.47000000
2018-02-27 14:58:38,0.00332500,4.91000000
2018-02-27 14:58:38,0.00332500,130.18000000
2018-02-27 14:58:39,0.00332500,21.12000000
2018-02-27 14:58:44,0.00332700,4.74000000
2018-02-27 14:58:49,0.00332500,0.01000000
2018-02-27 14:58:49,0.00332400,0.75000000
2018-02-27 14:58:49,0.00332400,9.49000000
2018-02-27 14:58:50,0.00332700,0.24000000
2018-02-27 14:58:51,0.00332700,23.63000000
2018-02-27 14:58:51,0.00332700,96.32000000
2018-02-27 14:58:52,0.00333000,42.50000000
2018-02-27 14:58:56,0.00332700,0.01000000
2018-02-27 14:58:56,0.00332400,30.10000000
2018-02-27 14:58:56,0.00332300,7.64000000
2018-02-27 14:58:58,0.00332900,7.64000000
2018-02-27 14:58:58,0.00333000,18.52000000
2018-02-27 14:58:58,0.00333300,107.94000000
2018-02-27 14:58:59,0.00333000,2.89000000
2018-02-27 14:59:00,0.00332700,71.72000000
2018-02-27 14:59:02,0.00333000,0.44000000
2018-02-27 14:59:02,0.00333000,0.69000000
2018-02-27 14:59:03,0.00333000,3.00000000
2018-02-27 14:59:03,0.00333000,0.54000000
2018-02-27 14:59:04,0.00333000,0.84000000
2018-02-27 14:59:04,0.00333000,0.90000000
2018-02-27 14:59:09,0.00333000,5.88000000
2018-02-27 14:59:09,0.00333000,1.17000000
2018-02-27 14:59:10,0.00332800,9.01000000
2018-02-27 14:59:11,0.00332700,0.57000000
2018-02-27 14:59:12,0.00332700,2.79000000
2018-02-27 14:59:16,0.00332900,2.70000000
2018-02-27 14:59:24,0.00332900,6.31000000
2018-02-27 14:59:25,0.00332900,0.47000000
2018-02-27 14:59:29,0.00332900,0.59000000
2018-02-27 14:59:32,0.00332900,40.19000000
2018-02-27 14:59:34,0.00332900,25.00000000
2018-02-27 14:59:39,0.00332900,24.81000000
2018-02-27 14:59:42,0.00332900,21.66000000
2018-02-27 14:59:44,0.00332900,55.73000000
2018-02-27 14:59:52,0.00332900,5.54000000
2018-02-27 14:59:52,0.00332900,2.00000000
2018-02-27 14:59:53,0.00333000,131.31000000
2018-02-27 14:59:55,0.00333100,25.31000000
