DATE,PRICE,VOLUME
2018-02-26 14:00:00,0.00346500,22.36000000
2018-02-26 14:00:01,0.00346500,4.00000000
2018-02-26 14:00:01,0.00346500,128.88000000
2018-02-26 14:00:08,0.00346500,83.01000000
2018-02-26 14:00:08,0.00346500,1.44000000
2018-02-26 14:00:09,0.00346500,111.77000000
2018-02-26 14:00:09,0.00346500,43.67000000
2018-02-26 14:00:13,0.00346400,3.77000000
2018-02-26 14:00:14,0.00346400,0.79000000
2018-02-26 14:00:15,0.00346400,2.37000000
2018-02-26 14:00:20,0.00346400,11.55000000
2018-02-26 14:00:22,0.00346400,11.55000000
2018-02-26 14:00:22,0.00346300,3.22000000
2018-02-26 14:00:24,0.00346400,11.55000000
2018-02-26 14:00:24,0.00346300,10.00000000
2018-02-26 14:00:25,0.00346400,3.00000000
2018-02-26 14:00:26,0.00346400,11.55000000
2018-02-26 14:00:27,0.00346300,46.78000000
2018-02-26 14:00:32,0.00346300,0.50000000
2018-02-26 14:00:33,0.00346300,5.00000000
2018-02-26 14:00:34,0.00346300,1.50000000
2018-02-26 14:00:35,0.00346300,1.16000000
2018-02-26 14:00:37,0.00346200,15.87000000
2018-02-26 14:00:48,0.00346300,15.94000000
2018-02-26 14:00:49,0.00346300,5.13000000
2018-02-26 14:00:54,0.00346200,10.86000000
2018-02-26 14:00:55,0.00346200,1.50000000
2018-02-26 14:00:57,0.00346100,47.35000000
2018-02-26 14:00:57,0.00346200,36.47000000
2018-02-26 14:00:58,0.00346200,0.30000000
2018-02-26 14:01:02,0.00346200,2.49000000
2018-02-26 14:01:02,0.00346200,47.86000000
2018-02-26 14:01:04,0.00346200,50.35000000
2018-02-26 14:01:09,0.00346100,69.00000000
2018-02-26 14:01:17,0.00346200,0.93000000
2018-02-26 14:01:17,0.00346200,0.36000000
2018-02-26 14:01:18,0.00346200,3.00000000
2018-02-26 14:01:19,0.00346200,18.54000000
2018-02-26 14:01:20,0.00346200,31.48000000
2018-02-26 14:01:21,0.00346200,20.84000000
2018-02-26 14:01:27,0.00346200,11.06000000
2018-02-26 14:01:29,0.00346200,15.12000000
2018-02-26 14:01:30,0.00346200,1.92000000
2018-02-26 14:01:31,0.00346200,15.00000000
2018-02-26 14:01:32,0.00346300,86.17000000
2018-02-26 14:01:33,0.00346200,55.85000000
2018-02-26 14:01:33,0.00346300,177.94000000
2018-02-26 14:01:33,0.00346400,34.73000000
2018-02-26 14:01:33,0.00346500,49.16000000
2018-02-26 14:01:33,0.00346500,33.11000000
2018-02-26 14:01:34,0.00346200,15.00000000
2018-02-26 14:01:34,0.00346100,2.37000000
2018-02-26 14:01:34,0.00346000,12.73000000
2018-02-26 14:01:37,0.00346500,42.38000000
2018-02-26 14:01:39,0.00346500,37.43000000
2018-02-26 14:01:42,0.00346200,2.20000000
2018-02-26 14:01:43,0.00346200,23.13000000
2018-02-26 14:01:43,0.00346400,15.65000000
2018-02-26 14:01:44,0.00346400,2.01000000
2018-02-26 14:01:47,0.00346500,1.15000000
2018-02-26 14:01:48,0.00346400,1.13000000
2018-02-26 14:01:49,0.00346500,1.15000000
2018-02-26 14:01:51,0.00346500,1.86000000
2018-02-26 14:01:52,0.00346500,2.00000000
2018-02-26 14:01:52,0.00346500,86.21000000
2018-02-26 14:01:53,0.00346500,0.20000000
2018-02-26 14:01:53,0.00346500,3.23000000
2018-02-26 14:01:53,0.00346500,70.44000000
2018-02-26 14:01:54,0.00346500,86.21000000
2018-02-26 14:01:54,0.00346500,2.59000000
2018-02-26 14:01:54,0.00346500,2.96000000
2018-02-26 14:01:56,0.00346500,1.15000000
2018-02-26 14:01:57,0.00346500,0.35000000
2018-02-26 14:01:57,0.00346500,2.20000000
2018-02-26 14:01:58,0.00346500,1.40000000
2018-02-26 14:01:59,0.00346500,2.30000000
2018-02-26 14:02:00,0.00346500,8.65000000
2018-02-26 14:02:02,0.00346500,2.20000000
2018-02-26 14:02:03,0.00346500,146.11000000
2018-02-26 14:02:04,0.00346500,85.11000000
2018-02-26 14:02:04,0.00346500,2.30000000
2018-02-26 14:02:04,0.00346500,56.51000000
2018-02-26 14:02:07,0.00346500,2.20000000
2018-02-26 14:02:08,0.00346500,120.69000000
2018-02-26 14:02:09,0.00346500,37.61000000
2018-02-26 14:02:09,0.00346500,4.04000000
2018-02-26 14:02:11,0.00346500,124.45000000
2018-02-26 14:02:11,0.00346600,2.30000000
2018-02-26 14:02:12,0.00346500,8.17000000
2018-02-26 14:02:12,0.00346600,4.04000000
2018-02-26 14:02:14,0.00346600,2.20000000
2018-02-26 14:02:14,0.00346600,4.88000000
2018-02-26 14:02:14,0.00346600,1.47000000
2018-02-26 14:02:16,0.00346600,1.47000000
2018-02-26 14:02:16,0.00346600,2.20000000
2018-02-26 14:02:17,0.00346500,0.47000000
2018-02-26 14:02:17,0.00346500,0.47000000
2018-02-26 14:02:17,0.00346600,2.44000000
2018-02-26 14:02:17,0.00346600,8.46000000
2018-02-26 14:02:18,0.00346500,2.04000000
2018-02-26 14:02:18,0.00346500,11.13000000
2018-02-26 14:02:19,0.00346500,8.66000000
2018-02-26 14:02:19,0.00346600,2.40000000
2018-02-26 14:02:21,0.00346600,0.78000000
2018-02-26 14:02:21,0.00346700,2.30000000
2018-02-26 14:02:22,0.00346700,2.30000000
2018-02-26 14:02:24,0.00346700,2.20000000
2018-02-26 14:02:24,0.00346600,0.21000000
2018-02-26 14:02:25,0.00346500,4.41000000
2018-02-26 14:02:27,0.00346500,0.47000000
2018-02-26 14:02:27,0.00346600,2.40000000
2018-02-26 14:02:27,0.00346600,2.39000000
2018-02-26 14:02:28,0.00346900,2.40000000
2018-02-26 14:02:29,0.00346900,0.72000000
2018-02-26 14:02:29,0.00346900,2.88000000
2018-02-26 14:02:30,0.00346600,36.14000000
2018-02-26 14:02:30,0.00346500,326.96000000
2018-02-26 14:02:31,0.00347000,2.30000000
2018-02-26 14:02:31,0.00346400,2.50000000
2018-02-26 14:02:32,0.00346900,2.10000000
2018-02-26 14:02:33,0.00346500,2.71000000
2018-02-26 14:02:34,0.00346500,2.40000000
2018-02-26 14:02:35,0.00346500,2.30000000
2018-02-26 14:02:35,0.00346500,3.86000000
2018-02-26 14:02:36,0.00346300,5.70000000
2018-02-26 14:02:38,0.00346400,0.66000000
2018-02-26 14:02:39,0.00346400,4.69000000
2018-02-26 14:02:39,0.00346500,1.73000000
2018-02-26 14:02:39,0.00346500,0.64000000
2018-02-26 14:02:39,0.00346500,2.30000000
2018-02-26 14:02:42,0.00346500,2.20000000
2018-02-26 14:02:43,0.00346500,7.08000000
2018-02-26 14:02:47,0.00346400,0.98000000
2018-02-26 14:02:49,0.00346500,1.50000000
2018-02-26 14:02:51,0.00346400,1.13000000
2018-02-26 14:02:54,0.00346400,2.33000000
2018-02-26 14:03:03,0.00346400,0.43000000
2018-02-26 14:03:04,0.00346400,1.50000000
2018-02-26 14:03:10,0.00346400,1.15000000
2018-02-26 14:03:11,0.00346300,0.62000000
2018-02-26 14:03:12,0.00346300,50.13000000
2018-02-26 14:03:12,0.00346400,1.15000000
2018-02-26 14:03:13,0.00346400,1.50000000
2018-02-26 14:03:14,0.00346400,2.10000000
2018-02-26 14:03:14,0.00346400,12.67000000
2018-02-26 14:03:14,0.00346400,50.13000000
2018-02-26 14:03:16,0.00346400,28.64000000
2018-02-26 14:03:17,0.00346500,1.88000000
2018-02-26 14:03:17,0.00346400,50.10000000
2018-02-26 14:03:22,0.00346300,1.00000000
2018-02-26 14:03:22,0.00346200,20.99000000
2018-02-26 14:03:24,0.00346400,1.50000000
2018-02-26 14:03:25,0.00346200,5.23000000
2018-02-26 14:03:32,0.00346200,10.65000000
2018-02-26 14:03:33,0.00346200,26.75000000
2018-02-26 14:03:35,0.00346400,1.50000000
2018-02-26 14:03:38,0.00346300,4.54000000
2018-02-26 14:03:41,0.00346300,37.83000000
2018-02-26 14:03:45,0.00346300,99.81000000
2018-02-26 14:03:45,0.00346400,5.02000000
2018-02-26 14:03:46,0.00346400,95.17000000
2018-02-26 14:03:50,0.00346300,9.41000000
2018-02-26 14:03:55,0.00346300,0.92000000
2018-02-26 14:03:56,0.00346300,1.90000000
2018-02-26 14:03:56,0.00346300,28.80000000
2018-02-26 14:03:56,0.00346300,0.93000000
2018-02-26 14:03:57,0.00346300,0.94000000
2018-02-26 14:03:57,0.00346300,18.87000000
2018-02-26 14:03:58,0.00346300,0.94000000
2018-02-26 14:03:58,0.00346300,17.46000000
2018-02-26 14:03:59,0.00346300,0.47000000
2018-02-26 14:03:59,0.00346300,3.68000000
2018-02-26 14:04:00,0.00346300,100.00000000
2018-02-26 14:04:01,0.00346400,1.50000000
2018-02-26 14:04:01,0.00346300,6.08000000
2018-02-26 14:04:01,0.00346400,10.56000000
2018-02-26 14:04:03,0.00346300,147.01000000
2018-02-26 14:04:05,0.00346300,2.18000000
2018-02-26 14:04:07,0.00346200,16.04000000
2018-02-26 14:04:07,0.00346000,8.66000000
2018-02-26 14:04:07,0.00346100,1.98000000
2018-02-26 14:04:11,0.00346100,2.30000000
2018-02-26 14:04:11,0.00346000,7.18000000
2018-02-26 14:04:12,0.00346000,31.34000000
2018-02-26 14:04:12,0.00345900,158.22000000
2018-02-26 14:04:14,0.00345900,4.19000000
2018-02-26 14:04:15,0.00345900,0.68000000
2018-02-26 14:04:18,0.00345900,2.30000000
2018-02-26 14:04:20,0.00345900,2.30000000
2018-02-26 14:04:20,0.00345900,2.98000000
2018-02-26 14:04:20,0.00345900,2.98000000
2018-02-26 14:04:20,0.00345900,0.77000000
2018-02-26 14:04:20,0.00346200,1.39000000
2018-02-26 14:04:21,0.00345700,10.00000000
2018-02-26 14:04:21,0.00345600,100.00000000
2018-02-26 14:04:21,0.00346200,10.90000000
2018-02-26 14:04:25,0.00346000,1.35000000
2018-02-26 14:04:30,0.00346100,97.94000000
2018-02-26 14:04:32,0.00346100,17.66000000
2018-02-26 14:04:44,0.00346000,84.83000000
2018-02-26 14:04:49,0.00345600,15.24000000
2018-02-26 14:04:49,0.00345500,18.83000000
2018-02-26 14:04:49,0.00345400,65.93000000
2018-02-26 14:04:51,0.00345900,1.00000000
2018-02-26 14:04:58,0.00345800,1.50000000
2018-02-26 14:05:00,0.00345800,19.39000000
2018-02-26 14:05:05,0.00345800,2.95000000
2018-02-26 14:05:05,0.00345800,2.31000000
2018-02-26 14:05:05,0.00345800,1.21000000
2018-02-26 14:05:09,0.00345700,17.71000000
2018-02-26 14:05:09,0.00345700,1.50000000
2018-02-26 14:05:09,0.00345500,1.00000000
2018-02-26 14:05:10,0.00345700,0.28000000
2018-02-26 14:05:10,0.00345800,6.99000000
2018-02-26 14:05:13,0.00345500,102.42000000
2018-02-26 14:05:15,0.00345500,93.20000000
2018-02-26 14:05:15,0.00345400,51.06000000
2018-02-26 14:05:18,0.00345800,14.46000000
2018-02-26 14:05:20,0.00345800,1.50000000
2018-02-26 14:05:20,0.00345800,14.46000000
2018-02-26 14:05:20,0.00345400,0.81000000
2018-02-26 14:05:27,0.00345800,1.74000000
2018-02-26 14:05:28,0.00345500,24.41000000
2018-02-26 14:05:30,0.00345800,1.07000000
2018-02-26 14:05:35,0.00345600,4.62000000
2018-02-26 14:05:40,0.00345700,0.75000000
2018-02-26 14:05:40,0.00345700,2.75000000
2018-02-26 14:05:40,0.00345700,15.04000000
2018-02-26 14:05:44,0.00345600,12.89000000
2018-02-26 14:05:44,0.00345500,0.64000000
2018-02-26 14:05:44,0.00345400,57.62000000
2018-02-26 14:05:46,0.00345700,0.87000000
2018-02-26 14:05:47,0.00345700,1.07000000
2018-02-26 14:05:49,0.00345500,12.89000000
2018-02-26 14:05:49,0.00345400,46.08000000
2018-02-26 14:05:49,0.00345200,77.81000000
2018-02-26 14:05:49,0.00345100,1140.10000000
2018-02-26 14:05:49,0.00345000,1803.01000000
2018-02-26 14:05:49,0.00345000,0.01000000
2018-02-26 14:05:49,0.00345000,0.56000000
2018-02-26 14:05:49,0.00344900,0.85000000
2018-02-26 14:05:49,0.00344900,78.00000000
2018-02-26 14:05:49,0.00344900,12.54000000
2018-02-26 14:05:49,0.00344900,9.20000000
2018-02-26 14:05:49,0.00344800,15.50000000
2018-02-26 14:05:49,0.00344700,20.30000000
2018-02-26 14:05:49,0.00344700,27.60000000
2018-02-26 14:05:49,0.00344700,200.00000000
2018-02-26 14:05:49,0.00344700,48.65000000
2018-02-26 14:05:49,0.00344700,28.32000000
2018-02-26 14:05:49,0.00344700,14.00000000
2018-02-26 14:05:49,0.00344700,2.89000000
2018-02-26 14:05:49,0.00344700,41.34000000
2018-02-26 14:05:49,0.00344800,14.00000000
2018-02-26 14:05:49,0.00345000,30.22000000
2018-02-26 14:05:49,0.00345700,25.09000000
2018-02-26 14:05:49,0.00345700,6.72000000
2018-02-26 14:05:49,0.00345700,16.20000000
2018-02-26 14:05:50,0.00345600,3.47000000
2018-02-26 14:05:51,0.00345600,1.50000000
2018-02-26 14:05:55,0.00345600,7.06000000
2018-02-26 14:05:57,0.00345600,2.64000000
2018-02-26 14:05:58,0.00345600,45.83000000
2018-02-26 14:05:59,0.00345000,69.18000000
2018-02-26 14:05:59,0.00345000,79.23000000
2018-02-26 14:06:00,0.00345000,2.40000000
2018-02-26 14:06:01,0.00345000,57.18000000
2018-02-26 14:06:01,0.00345000,8.80000000
2018-02-26 14:06:01,0.00345000,102.87000000
2018-02-26 14:06:02,0.00345000,2.40000000
2018-02-26 14:06:02,0.00345000,1.50000000
2018-02-26 14:06:02,0.00345000,9.69000000
2018-02-26 14:06:03,0.00345000,2.68000000
2018-02-26 14:06:04,0.00345000,9.69000000
2018-02-26 14:06:05,0.00345000,2.42000000
2018-02-26 14:06:05,0.00345000,12.40000000
2018-02-26 14:06:06,0.00345000,1.40000000
2018-02-26 14:06:09,0.00345000,2.40000000
2018-02-26 14:06:10,0.00344900,54.13000000
2018-02-26 14:06:10,0.00344900,5.00000000
2018-02-26 14:06:10,0.00345000,5.50000000
2018-02-26 14:06:11,0.00345000,43.25000000
2018-02-26 14:06:12,0.00345000,3.30000000
2018-02-26 14:06:13,0.00345000,1.74000000
2018-02-26 14:06:13,0.00345000,5.80000000
2018-02-26 14:06:13,0.00345000,1.50000000
2018-02-26 14:06:14,0.00345000,43.25000000
2018-02-26 14:06:14,0.00345000,1.00000000
2018-02-26 14:06:14,0.00344900,1.45000000
2018-02-26 14:06:14,0.00344800,8.06000000
2018-02-26 14:06:14,0.00344500,9.04000000
2018-02-26 14:06:14,0.00344500,22.64000000
2018-02-26 14:06:14,0.00344500,52.33000000
2018-02-26 14:06:15,0.00344400,19.73000000
2018-02-26 14:06:15,0.00344300,4.30000000
2018-02-26 14:06:15,0.00344500,0.01000000
2018-02-26 14:06:15,0.00344600,2.29000000
2018-02-26 14:06:16,0.00344600,1.45000000
2018-02-26 14:06:16,0.00345000,11.55000000
2018-02-26 14:06:17,0.00345000,1.45000000
2018-02-26 14:06:18,0.00344600,2.30000000
2018-02-26 14:06:18,0.00344400,1.56000000
2018-02-26 14:06:20,0.00344600,3.12000000
2018-02-26 14:06:20,0.00344600,2.30000000
2018-02-26 14:06:20,0.00344600,2.40000000
2018-02-26 14:06:21,0.00344600,8.49000000
2018-02-26 14:06:22,0.00344600,2.40000000
2018-02-26 14:06:23,0.00344600,2.30000000
2018-02-26 14:06:23,0.00344400,47.49000000
2018-02-26 14:06:23,0.00344300,9.45000000
2018-02-26 14:06:23,0.00344300,13.94000000
2018-02-26 14:06:23,0.00344200,27.62000000
2018-02-26 14:06:24,0.00344600,14.50000000
2018-02-26 14:06:24,0.00344600,6.00000000
2018-02-26 14:06:24,0.00344600,10.56000000
2018-02-26 14:06:25,0.00344600,0.06000000
2018-02-26 14:06:25,0.00344900,2.24000000
2018-02-26 14:06:25,0.00344900,1.31000000
2018-02-26 14:06:26,0.00344900,5.71000000
2018-02-26 14:06:26,0.00344600,1.00000000
2018-02-26 14:06:26,0.00344600,5.71000000
2018-02-26 14:06:26,0.00344600,4.26000000
2018-02-26 14:06:27,0.00344600,1.21000000
2018-02-26 14:06:27,0.00344600,2.20000000
2018-02-26 14:06:29,0.00344600,3.90000000
2018-02-26 14:06:29,0.00344600,1.00000000
2018-02-26 14:06:29,0.00344600,2.90000000
2018-02-26 14:06:29,0.00344600,2.50000000
2018-02-26 14:06:30,0.00344600,15.81000000
2018-02-26 14:06:30,0.00344900,28.64000000
2018-02-26 14:06:30,0.00344500,43.25000000
2018-02-26 14:06:30,0.00344500,124.93000000
2018-02-26 14:06:30,0.00344500,2.40000000
2018-02-26 14:06:31,0.00344500,8.02000000
2018-02-26 14:06:31,0.00344500,132.27000000
2018-02-26 14:06:31,0.00344500,2.90000000
2018-02-26 14:06:32,0.00344500,2.20000000
2018-02-26 14:06:32,0.00344500,7.88000000
2018-02-26 14:06:33,0.00344500,1.15000000
2018-02-26 14:06:33,0.00344500,9.50000000
2018-02-26 14:06:34,0.00344500,4.75000000
2018-02-26 14:06:34,0.00344500,2.20000000
2018-02-26 14:06:34,0.00344500,14.51000000
2018-02-26 14:06:34,0.00344500,1.13000000
2018-02-26 14:06:35,0.00344500,2.69000000
2018-02-26 14:06:35,0.00344600,14.36000000
2018-02-26 14:06:35,0.00344600,6.00000000
2018-02-26 14:06:35,0.00344600,1.45000000
2018-02-26 14:06:36,0.00344600,2.30000000
2018-02-26 14:06:37,0.00344600,2.30000000
2018-02-26 14:06:37,0.00344500,9.99000000
2018-02-26 14:06:37,0.00344500,3.54000000
2018-02-26 14:06:38,0.00344500,2.36000000
2018-02-26 14:06:38,0.00344600,0.42000000
2018-02-26 14:06:39,0.00344600,8.00000000
2018-02-26 14:06:40,0.00344600,1.33000000
2018-02-26 14:06:41,0.00344500,4.83000000
2018-02-26 14:06:41,0.00344500,6.41000000
2018-02-26 14:06:41,0.00344500,2.30000000
2018-02-26 14:06:43,0.00344500,93.74000000
2018-02-26 14:06:43,0.00344500,8.00000000
2018-02-26 14:06:43,0.00344500,2.40000000
2018-02-26 14:06:45,0.00344500,2.90000000
2018-02-26 14:06:45,0.00344500,5.10000000
2018-02-26 14:06:46,0.00344500,2.20000000
2018-02-26 14:06:46,0.00344500,0.80000000
2018-02-26 14:06:46,0.00344600,79.91000000
2018-02-26 14:06:47,0.00344600,0.03000000
2018-02-26 14:06:47,0.00344900,2.87000000
2018-02-26 14:06:49,0.00344900,0.71000000
2018-02-26 14:06:49,0.00344900,1.10000000
2018-02-26 14:06:49,0.00344400,3.88000000
2018-02-26 14:06:49,0.00344400,1.36000000
2018-02-26 14:06:50,0.00344400,1.38000000
2018-02-26 14:06:50,0.00344400,1.12000000
2018-02-26 14:06:50,0.00344400,0.33000000
2018-02-26 14:06:50,0.00344500,0.95000000
2018-02-26 14:06:50,0.00344500,34.56000000
2018-02-26 14:06:51,0.00344500,2.78000000
2018-02-26 14:06:51,0.00344500,2.30000000
2018-02-26 14:06:51,0.00344500,1.38000000
2018-02-26 14:06:51,0.00344500,17.41000000
2018-02-26 14:06:51,0.00344500,3.04000000
2018-02-26 14:06:51,0.00344500,7.67000000
2018-02-26 14:06:51,0.00344800,7.68000000
2018-02-26 14:06:53,0.00344800,9.67000000
2018-02-26 14:06:53,0.00344900,7.94000000
2018-02-26 14:06:53,0.00344900,103.89000000
2018-02-26 14:06:54,0.00344900,1.66000000
2018-02-26 14:06:55,0.00344900,2.88000000
2018-02-26 14:06:57,0.00344900,2.76000000
2018-02-26 14:06:57,0.00344900,1.38000000
2018-02-26 14:06:57,0.00344900,6.00000000
2018-02-26 14:06:57,0.00344900,43.49000000
2018-02-26 14:06:57,0.00344900,1.38000000
2018-02-26 14:06:57,0.00344900,0.71000000
2018-02-26 14:06:57,0.00344900,1.06000000
2018-02-26 14:06:58,0.00344900,11.16000000
2018-02-26 14:06:58,0.00344500,3.04000000
2018-02-26 14:06:58,0.00344400,16.88000000
2018-02-26 14:06:58,0.00344900,5.28000000
2018-02-26 14:06:58,0.00344900,1.24000000
2018-02-26 14:06:58,0.00344900,0.32000000
2018-02-26 14:06:58,0.00344900,1.38000000
2018-02-26 14:06:59,0.00344900,30.35000000
2018-02-26 14:06:59,0.00344900,2.76000000
2018-02-26 14:07:00,0.00344900,2.70000000
2018-02-26 14:07:01,0.00344900,1.32000000
2018-02-26 14:07:02,0.00344900,1.74000000
2018-02-26 14:07:02,0.00344900,1.69000000
2018-02-26 14:07:04,0.00344900,27.91000000
2018-02-26 14:07:05,0.00344500,17.37000000
2018-02-26 14:07:05,0.00344400,2.83000000
2018-02-26 14:07:05,0.00344200,27.15000000
2018-02-26 14:07:05,0.00344000,64.57000000
2018-02-26 14:07:05,0.00343900,43.88000000
2018-02-26 14:07:05,0.00343800,1.05000000
2018-02-26 14:07:05,0.00343700,15.34000000
2018-02-26 14:07:05,0.00343600,3.88000000
2018-02-26 14:07:05,0.00343500,138.62000000
2018-02-26 14:07:06,0.00343900,3.89000000
2018-02-26 14:07:06,0.00343900,0.11000000
2018-02-26 14:07:06,0.00344000,3.86000000
2018-02-26 14:07:06,0.00344000,15.18000000
2018-02-26 14:07:06,0.00344000,4.43000000
2018-02-26 14:07:06,0.00344000,25.59000000
2018-02-26 14:07:07,0.00344000,0.47000000
2018-02-26 14:07:07,0.00344000,0.69000000
2018-02-26 14:07:07,0.00344700,3.31000000
2018-02-26 14:07:07,0.00344700,0.66000000
2018-02-26 14:07:08,0.00344400,0.46000000
2018-02-26 14:07:08,0.00344400,5.80000000
2018-02-26 14:07:08,0.00344400,2.89000000
2018-02-26 14:07:08,0.00344400,3.14000000
2018-02-26 14:07:08,0.00344700,2.30000000
2018-02-26 14:07:08,0.00344700,1.73000000
2018-02-26 14:07:09,0.00344700,0.68000000
2018-02-26 14:07:10,0.00344700,0.01000000
2018-02-26 14:07:10,0.00344800,3.47000000
2018-02-26 14:07:10,0.00344800,2.36000000
2018-02-26 14:07:11,0.00344900,2.30000000
2018-02-26 14:07:12,0.00344700,0.94000000
2018-02-26 14:07:12,0.00344700,107.85000000
2018-02-26 14:07:12,0.00344700,0.94000000
2018-02-26 14:07:12,0.00344500,0.94000000
2018-02-26 14:07:12,0.00344400,3.05000000
2018-02-26 14:07:13,0.00344900,29.03000000
2018-02-26 14:07:13,0.00344900,71.00000000
2018-02-26 14:07:13,0.00344800,0.64000000
2018-02-26 14:07:13,0.00344800,1.15000000
2018-02-26 14:07:14,0.00344800,4.20000000
2018-02-26 14:07:14,0.00344800,0.01000000
2018-02-26 14:07:14,0.00344900,10.95000000
2018-02-26 14:07:14,0.00345000,9.03000000
2018-02-26 14:07:15,0.00345000,72.46000000
2018-02-26 14:07:16,0.00345000,1.14000000
2018-02-26 14:07:17,0.00344900,11.49000000
2018-02-26 14:07:17,0.00344800,2.74000000
2018-02-26 14:07:17,0.00344700,0.92000000
2018-02-26 14:07:17,0.00344700,35.60000000
2018-02-26 14:07:17,0.00344700,0.47000000
2018-02-26 14:07:17,0.00344700,11.70000000
2018-02-26 14:07:18,0.00344800,14.63000000
2018-02-26 14:07:18,0.00345000,1.50000000
2018-02-26 14:07:19,0.00345000,52.16000000
2018-02-26 14:07:20,0.00345000,0.38000000
2018-02-26 14:07:20,0.00345000,13.84000000
2018-02-26 14:07:20,0.00345000,1.36000000
2018-02-26 14:07:20,0.00345000,43.18000000
2018-02-26 14:07:21,0.00345000,52.17000000
2018-02-26 14:07:21,0.00344500,8.53000000
2018-02-26 14:07:21,0.00344500,8.85000000
2018-02-26 14:07:21,0.00344400,97.71000000
2018-02-26 14:07:21,0.00344400,17.06000000
2018-02-26 14:07:21,0.00344400,2.88000000
2018-02-26 14:07:21,0.00344400,2.89000000
2018-02-26 14:07:21,0.00344400,2.88000000
2018-02-26 14:07:21,0.00344400,2.30000000
2018-02-26 14:07:21,0.00344400,2.89000000
2018-02-26 14:07:22,0.00344300,2.89000000
2018-02-26 14:07:22,0.00344400,0.83000000
2018-02-26 14:07:22,0.00344400,0.76000000
2018-02-26 14:07:22,0.00344700,1.34000000
2018-02-26 14:07:23,0.00344700,15.60000000
2018-02-26 14:07:24,0.00344700,2.30000000
2018-02-26 14:07:24,0.00344700,1.34000000
2018-02-26 14:07:25,0.00344700,5.99000000
2018-02-26 14:07:26,0.00344700,2.72000000
2018-02-26 14:07:26,0.00344700,2.30000000
2018-02-26 14:07:27,0.00344700,0.97000000
2018-02-26 14:07:27,0.00344900,13.56000000
2018-02-26 14:07:28,0.00344900,5.79000000
2018-02-26 14:07:28,0.00344900,2.90000000
2018-02-26 14:07:29,0.00344900,1.50000000
2018-02-26 14:07:30,0.00344900,3.26000000
2018-02-26 14:07:33,0.00344900,2.81000000
2018-02-26 14:07:34,0.00344900,9.16000000
2018-02-26 14:07:34,0.00344900,6.38000000
2018-02-26 14:07:34,0.00345000,2.31000000
2018-02-26 14:07:36,0.00344700,1.32000000
2018-02-26 14:07:36,0.00344400,2.56000000
2018-02-26 14:07:37,0.00345000,78.80000000
2018-02-26 14:07:40,0.00345000,125.98000000
2018-02-26 14:07:40,0.00345000,1.50000000
2018-02-26 14:07:41,0.00344500,0.97000000
2018-02-26 14:07:44,0.00344900,35.32000000
2018-02-26 14:07:44,0.00345000,5.92000000
2018-02-26 14:07:46,0.00344900,37.69000000
2018-02-26 14:07:46,0.00344900,1.16000000
2018-02-26 14:07:46,0.00344900,37.71000000
2018-02-26 14:07:46,0.00345000,5.73000000
2018-02-26 14:07:48,0.00345000,23.27000000
2018-02-26 14:07:49,0.00344900,7.44000000
2018-02-26 14:07:49,0.00345000,1.33000000
2018-02-26 14:07:51,0.00344900,1.50000000
2018-02-26 14:07:52,0.00344900,5.79000000
2018-02-26 14:07:55,0.00344900,2.29000000
2018-02-26 14:07:58,0.00344800,15.94000000
2018-02-26 14:07:58,0.00344900,1.45000000
2018-02-26 14:08:02,0.00344900,1.50000000
2018-02-26 14:08:02,0.00344900,2.20000000
2018-02-26 14:08:04,0.00344900,0.38000000
2018-02-26 14:08:04,0.00344900,2.89000000
2018-02-26 14:08:05,0.00344900,2.88000000
2018-02-26 14:08:07,0.00344900,0.81000000
2018-02-26 14:08:09,0.00344700,0.39000000
2018-02-26 14:08:09,0.00344600,29.43000000
2018-02-26 14:08:09,0.00344500,0.70000000
2018-02-26 14:08:11,0.00344500,14.51000000
2018-02-26 14:08:11,0.00344500,4.66000000
2018-02-26 14:08:11,0.00344500,252.27000000
2018-02-26 14:08:12,0.00344500,0.81000000
2018-02-26 14:08:13,0.00344500,1.13000000
2018-02-26 14:08:13,0.00344500,14.51000000
2018-02-26 14:08:14,0.00344500,1.45000000
2018-02-26 14:08:15,0.00344500,0.70000000
2018-02-26 14:08:15,0.00344500,5.00000000
2018-02-26 14:08:15,0.00344500,2.20000000
2018-02-26 14:08:16,0.00344500,16.43000000
2018-02-26 14:08:16,0.00344500,2.90000000
2018-02-26 14:08:16,0.00344500,0.57000000
2018-02-26 14:08:16,0.00344500,5.00000000
2018-02-26 14:08:16,0.00344500,14.51000000
2018-02-26 14:08:16,0.00344500,0.56000000
2018-02-26 14:08:16,0.00344400,0.99000000
2018-02-26 14:08:17,0.00344500,9.48000000
2018-02-26 14:08:18,0.00344500,2.30000000
2018-02-26 14:08:19,0.00344500,14.51000000
2018-02-26 14:08:20,0.00344500,2.20000000
2018-02-26 14:08:20,0.00344500,2.50000000
2018-02-26 14:08:22,0.00344500,2.90000000
2018-02-26 14:08:22,0.00344500,5.00000000
2018-02-26 14:08:22,0.00344500,2.40000000
2018-02-26 14:08:23,0.00344500,29.32000000
2018-02-26 14:08:23,0.00344500,2.30000000
2018-02-26 14:08:24,0.00344500,2.90000000
2018-02-26 14:08:25,0.00344500,2.20000000
2018-02-26 14:08:25,0.00344500,11.14000000
2018-02-26 14:08:25,0.00344500,2.40000000
2018-02-26 14:08:26,0.00344500,5.00000000
2018-02-26 14:08:27,0.00344500,737.11000000
2018-02-26 14:08:27,0.00344400,5.01000000
2018-02-26 14:08:27,0.00344500,2.20000000
2018-02-26 14:08:27,0.00344500,2.30000000
2018-02-26 14:08:28,0.00344500,25.30000000
2018-02-26 14:08:28,0.00344500,1.74000000
2018-02-26 14:08:28,0.00344500,14.51000000
2018-02-26 14:08:29,0.00344500,21.00000000
2018-02-26 14:08:29,0.00344500,2.30000000
2018-02-26 14:08:29,0.00344500,1.73000000
2018-02-26 14:08:29,0.00344500,18.29000000
2018-02-26 14:08:30,0.00344500,2.40000000
2018-02-26 14:08:30,0.00344500,5.00000000
2018-02-26 14:08:30,0.00344500,0.72000000
2018-02-26 14:08:30,0.00344500,23.47000000
2018-02-26 14:08:32,0.00344500,2.40000000
2018-02-26 14:08:32,0.00344500,2.30000000
2018-02-26 14:08:32,0.00344500,2.00000000
2018-02-26 14:08:32,0.00344500,15.55000000
2018-02-26 14:08:33,0.00344500,6.31000000
2018-02-26 14:08:33,0.00344400,70.00000000
2018-02-26 14:08:34,0.00344500,2.30000000
2018-02-26 14:08:35,0.00344500,7.41000000
2018-02-26 14:08:35,0.00344500,1.90000000
2018-02-26 14:08:35,0.00344500,5.78000000
2018-02-26 14:08:36,0.00344400,28.43000000
2018-02-26 14:08:36,0.00344400,12.60000000
2018-02-26 14:08:37,0.00344400,2.30000000
2018-02-26 14:08:37,0.00344400,14.52000000
2018-02-26 14:08:37,0.00344400,2.55000000
2018-02-26 14:08:37,0.00344500,3.45000000
2018-02-26 14:08:38,0.00344500,50.00000000
2018-02-26 14:08:38,0.00344500,28.94000000
2018-02-26 14:08:38,0.00344500,104.00000000
2018-02-26 14:08:38,0.00344500,5.00000000
2018-02-26 14:08:39,0.00344500,41.00000000
2018-02-26 14:08:39,0.00344500,14.51000000
2018-02-26 14:08:39,0.00344500,21.05000000
2018-02-26 14:08:39,0.00344500,3.00000000
2018-02-26 14:08:39,0.00344500,14.51000000
2018-02-26 14:08:39,0.00344500,2.30000000
2018-02-26 14:08:40,0.00344500,20.00000000
2018-02-26 14:08:40,0.00344500,6.00000000
2018-02-26 14:08:41,0.00344500,30.00000000
2018-02-26 14:08:41,0.00344500,28.94000000
2018-02-26 14:08:41,0.00344500,3.00000000
2018-02-26 14:08:42,0.00344500,2.40000000
2018-02-26 14:08:42,0.00344500,28.94000000
2018-02-26 14:08:42,0.00344500,8.01000000
2018-02-26 14:08:43,0.00344500,6.00000000
2018-02-26 14:08:43,0.00344500,3.18000000
2018-02-26 14:08:43,0.00344500,20.00000000
2018-02-26 14:08:43,0.00344500,30.00000000
2018-02-26 14:08:43,0.00344500,100.00000000
2018-02-26 14:08:43,0.00344500,26.00000000
2018-02-26 14:08:43,0.00344500,28.94000000
2018-02-26 14:08:43,0.00344500,3.00000000
2018-02-26 14:08:43,0.00344500,30.00000000
2018-02-26 14:08:43,0.00344500,50.00000000
2018-02-26 14:08:44,0.00344500,2.90000000
2018-02-26 14:08:44,0.00344500,2.30000000
2018-02-26 14:08:44,0.00344500,7.00000000
2018-02-26 14:08:44,0.00344500,28.94000000
2018-02-26 14:08:45,0.00344500,30.00000000
2018-02-26 14:08:45,0.00344500,30.00000000
2018-02-26 14:08:45,0.00344500,2.52000000
2018-02-26 14:08:45,0.00344500,30.00000000
2018-02-26 14:08:45,0.00344500,100.00000000
2018-02-26 14:08:45,0.00344500,30.00000000
2018-02-26 14:08:45,0.00344500,3.00000000
2018-02-26 14:08:46,0.00344500,8.09000000
2018-02-26 14:08:46,0.00344500,20.00000000
2018-02-26 14:08:46,0.00344500,70.59000000
2018-02-26 14:08:46,0.00344500,28.94000000
2018-02-26 14:08:46,0.00344500,18.00000000
2018-02-26 14:08:47,0.00344500,3.82000000
2018-02-26 14:08:47,0.00344500,2.90000000
2018-02-26 14:08:47,0.00344500,2.40000000
2018-02-26 14:08:47,0.00344500,30.00000000
2018-02-26 14:08:47,0.00344500,103.45000000
2018-02-26 14:08:48,0.00344500,3.00000000
2018-02-26 14:08:48,0.00344400,0.78000000
2018-02-26 14:08:49,0.00344500,8.60000000
2018-02-26 14:08:49,0.00344500,2.40000000
2018-02-26 14:08:50,0.00344500,0.70000000
2018-02-26 14:08:50,0.00344500,8.75000000
2018-02-26 14:08:52,0.00344500,2.30000000
2018-02-26 14:08:52,0.00344500,0.47000000
2018-02-26 14:08:53,0.00344500,72.57000000
2018-02-26 14:08:54,0.00344500,2.40000000
2018-02-26 14:08:55,0.00344500,0.22000000
2018-02-26 14:08:55,0.00344500,2.90000000
2018-02-26 14:08:55,0.00344500,5.10000000
2018-02-26 14:08:56,0.00344500,14.51000000
2018-02-26 14:08:56,0.00344500,2.30000000
2018-02-26 14:08:58,0.00344400,20.33000000
2018-02-26 14:08:59,0.00344500,14.51000000
2018-02-26 14:08:59,0.00344500,2.40000000
2018-02-26 14:08:59,0.00344500,1.73000000
2018-02-26 14:09:01,0.00344500,2.30000000
2018-02-26 14:09:02,0.00344500,14.51000000
2018-02-26 14:09:03,0.00344500,2.89000000
2018-02-26 14:09:04,0.00344500,2.30000000
2018-02-26 14:09:04,0.00344500,11.95000000
2018-02-26 14:09:06,0.00344500,2.40000000
2018-02-26 14:09:06,0.00344500,1.31000000
2018-02-26 14:09:06,0.00344500,18.79000000
2018-02-26 14:09:07,0.00344400,3.00000000
2018-02-26 14:09:07,0.00344500,1.45000000
2018-02-26 14:09:07,0.00344500,71.81000000
2018-02-26 14:09:08,0.00344500,2.40000000
2018-02-26 14:09:10,0.00344500,105.24000000
2018-02-26 14:09:10,0.00344400,7.71000000
2018-02-26 14:09:10,0.00344500,2.50000000
2018-02-26 14:09:11,0.00344400,14.49000000
2018-02-26 14:09:12,0.00344500,16.14000000
2018-02-26 14:09:12,0.00344400,10.00000000
2018-02-26 14:09:12,0.00344500,14.51000000
2018-02-26 14:09:12,0.00344500,0.50000000
2018-02-26 14:09:13,0.00344500,2.40000000
2018-02-26 14:09:14,0.00344400,2.68000000
2018-02-26 14:09:14,0.00344500,16.14000000
2018-02-26 14:09:15,0.00344500,2.40000000
2018-02-26 14:09:17,0.00344500,3.18000000
2018-02-26 14:09:17,0.00344500,14.51000000
2018-02-26 14:09:17,0.00344500,2.30000000
2018-02-26 14:09:18,0.00344500,7.60000000
2018-02-26 14:09:20,0.00344500,2.30000000
2018-02-26 14:09:20,0.00344500,14.51000000
2018-02-26 14:09:21,0.00344500,1.87000000
2018-02-26 14:09:22,0.00344500,2.50000000
2018-02-26 14:09:22,0.00344500,1.00000000
2018-02-26 14:09:23,0.00344500,1.11000000
2018-02-26 14:09:24,0.00344500,1.64000000
2018-02-26 14:09:24,0.00344500,2.40000000
2018-02-26 14:09:25,0.00344400,14.57000000
2018-02-26 14:09:26,0.00344500,1.76000000
2018-02-26 14:09:26,0.00344500,2.83000000
2018-02-26 14:09:26,0.00344500,2.83000000
2018-02-26 14:09:26,0.00344500,2.83000000
2018-02-26 14:09:26,0.00344500,2.83000000
2018-02-26 14:09:26,0.00344500,2.83000000
2018-02-26 14:09:26,0.00344500,2.83000000
2018-02-26 14:09:26,0.00344500,2.83000000
2018-02-26 14:09:27,0.00344500,2.83000000
2018-02-26 14:09:27,0.00344500,2.50000000
2018-02-26 14:09:27,0.00344500,2.90000000
2018-02-26 14:09:28,0.00344400,329.05000000
2018-02-26 14:09:28,0.00344300,36.77000000
2018-02-26 14:09:28,0.00344000,31.93000000
2018-02-26 14:09:29,0.00344500,2.90000000
2018-02-26 14:09:29,0.00344500,2.40000000
2018-02-26 14:09:30,0.00344000,27.26000000
2018-02-26 14:09:32,0.00344500,18.33000000
2018-02-26 14:09:32,0.00344500,2.40000000
2018-02-26 14:09:34,0.00344500,2.90000000
2018-02-26 14:09:34,0.00344500,2.40000000
2018-02-26 14:09:34,0.00344500,7.20000000
2018-02-26 14:09:34,0.00344500,5.15000000
2018-02-26 14:09:34,0.00344500,8.00000000
2018-02-26 14:09:36,0.00344500,7.97000000
2018-02-26 14:09:37,0.00344500,1.45000000
2018-02-26 14:09:37,0.00344500,2.50000000
2018-02-26 14:09:37,0.00344400,8.00000000
2018-02-26 14:09:38,0.00344400,9.40000000
2018-02-26 14:09:39,0.00344500,3.39000000
2018-02-26 14:09:39,0.00344500,2.30000000
2018-02-26 14:09:39,0.00344500,5.61000000
2018-02-26 14:09:39,0.00344500,0.70000000
2018-02-26 14:09:40,0.00344500,68.20000000
2018-02-26 14:09:40,0.00344500,2.06000000
2018-02-26 14:09:41,0.00344500,2.40000000
2018-02-26 14:09:42,0.00344500,0.56000000
2018-02-26 14:09:42,0.00344500,5.00000000
2018-02-26 14:09:43,0.00344500,5.01000000
2018-02-26 14:09:44,0.00344500,17.41000000
2018-02-26 14:09:44,0.00344500,2.30000000
2018-02-26 14:09:46,0.00344500,2.30000000
2018-02-26 14:09:46,0.00344200,9.99000000
2018-02-26 14:09:46,0.00344500,90.70000000
2018-02-26 14:09:47,0.00344500,25.18000000
2018-02-26 14:09:48,0.00344500,2.50000000
2018-02-26 14:09:50,0.00344500,4.11000000
2018-02-26 14:09:51,0.00344500,2.40000000
2018-02-26 14:09:54,0.00344400,11.75000000
2018-02-26 14:09:57,0.00344400,2.40000000
2018-02-26 14:09:57,0.00344400,3.23000000
2018-02-26 14:09:59,0.00344300,2.30000000
2018-02-26 14:09:59,0.00344300,9.76000000
2018-02-26 14:10:00,0.00344300,29.99000000
2018-02-26 14:10:00,0.00344300,4.95000000
2018-02-26 14:10:00,0.00344200,0.98000000
2018-02-26 14:10:01,0.00344300,7.89000000
2018-02-26 14:10:01,0.00344300,7.12000000
2018-02-26 14:10:01,0.00344300,1.39000000
2018-02-26 14:10:01,0.00344300,2.40000000
2018-02-26 14:10:02,0.00344300,14.81000000
2018-02-26 14:10:02,0.00344400,0.38000000
2018-02-26 14:10:04,0.00344400,2.30000000
2018-02-26 14:10:04,0.00344400,1.86000000
2018-02-26 14:10:06,0.00344400,1.20000000
2018-02-26 14:10:06,0.00344400,2.30000000
2018-02-26 14:10:06,0.00344400,3.00000000
2018-02-26 14:10:08,0.00344400,0.56000000
2018-02-26 14:10:08,0.00344400,2.40000000
2018-02-26 14:10:09,0.00344400,72.77000000
2018-02-26 14:10:11,0.00344400,2.30000000
2018-02-26 14:10:11,0.00344300,4.62000000
2018-02-26 14:10:11,0.00344200,11.54000000
2018-02-26 14:10:12,0.00344300,6.78000000
2018-02-26 14:10:12,0.00344300,12.58000000
2018-02-26 14:10:12,0.00344300,0.01000000
2018-02-26 14:10:12,0.00344400,2.39000000
2018-02-26 14:10:14,0.00344300,9.82000000
2018-02-26 14:10:14,0.00344400,0.58000000
2018-02-26 14:10:16,0.00344400,1.28000000
2018-02-26 14:10:19,0.00344400,40.79000000
2018-02-26 14:10:21,0.00344400,5.77000000
2018-02-26 14:10:23,0.00344300,2.32000000
2018-02-26 14:10:23,0.00344200,10.69000000
2018-02-26 14:10:23,0.00344400,6.75000000
2018-02-26 14:10:24,0.00344400,1.35000000
2018-02-26 14:10:25,0.00344400,0.69000000
2018-02-26 14:10:25,0.00344400,2.00000000
2018-02-26 14:10:26,0.00344400,1.89000000
2018-02-26 14:10:26,0.00344400,2.50000000
2018-02-26 14:10:27,0.00344400,0.32000000
2018-02-26 14:10:27,0.00344300,4.90000000
2018-02-26 14:10:27,0.00344200,20.01000000
2018-02-26 14:10:27,0.00344400,2.90000000
2018-02-26 14:10:28,0.00344400,47.77000000
2018-02-26 14:10:28,0.00344400,0.70000000
2018-02-26 14:10:29,0.00344400,8.64000000
2018-02-26 14:10:29,0.00344200,0.73000000
2018-02-26 14:10:30,0.00344400,1.74000000
2018-02-26 14:10:30,0.00344400,14.52000000
2018-02-26 14:10:30,0.00344400,1.31000000
2018-02-26 14:10:30,0.00344400,0.65000000
2018-02-26 14:10:31,0.00344400,2.40000000
2018-02-26 14:10:31,0.00344400,0.70000000
2018-02-26 14:10:32,0.00344400,2.90000000
2018-02-26 14:10:34,0.00344200,39.00000000
2018-02-26 14:10:34,0.00344400,14.52000000
2018-02-26 14:10:35,0.00344400,2.40000000
2018-02-26 14:10:37,0.00344400,2.30000000
2018-02-26 14:10:38,0.00344400,3.41000000
2018-02-26 14:10:38,0.00344400,14.52000000
2018-02-26 14:10:41,0.00344400,2.90000000
2018-02-26 14:10:46,0.00344400,14.52000000
2018-02-26 14:10:47,0.00344400,2.40000000
2018-02-26 14:10:48,0.00344400,0.98000000
2018-02-26 14:10:48,0.00344400,14.52000000
2018-02-26 14:10:49,0.00344400,2.50000000
2018-02-26 14:10:51,0.00344300,6.89000000
2018-02-26 14:10:51,0.00344300,5.55000000
2018-02-26 14:10:51,0.00344200,61.68000000
2018-02-26 14:10:54,0.00344400,2.90000000
2018-02-26 14:10:56,0.00344400,12.39000000
2018-02-26 14:10:56,0.00344400,2.61000000
2018-02-26 14:10:56,0.00344400,2.40000000
2018-02-26 14:10:58,0.00344400,14.52000000
2018-02-26 14:10:59,0.00344400,2.50000000
2018-02-26 14:11:00,0.00344400,20.98000000
2018-02-26 14:11:01,0.00344400,8.38000000
2018-02-26 14:11:01,0.00344400,0.55000000
2018-02-26 14:11:01,0.00344400,0.55000000
2018-02-26 14:11:03,0.00344400,3.44000000
2018-02-26 14:11:04,0.00344400,14.52000000
2018-02-26 14:11:04,0.00344300,3.83000000
2018-02-26 14:11:05,0.00344300,20.00000000
2018-02-26 14:11:06,0.00344300,3.41000000
2018-02-26 14:11:07,0.00344300,14.52000000
2018-02-26 14:11:08,0.00344300,10.00000000
2018-02-26 14:11:09,0.00344300,14.52000000
2018-02-26 14:11:12,0.00344300,14.52000000
2018-02-26 14:11:12,0.00344200,4.83000000
2018-02-26 14:11:12,0.00344200,4.27000000
2018-02-26 14:11:12,0.00344100,70.00000000
2018-02-26 14:11:12,0.00344000,115.81000000
2018-02-26 14:11:13,0.00344000,14.30000000
2018-02-26 14:11:13,0.00344000,126.73000000
2018-02-26 14:11:14,0.00344000,8.61000000
2018-02-26 14:11:15,0.00344000,2.82000000
2018-02-26 14:11:15,0.00344000,0.47000000
2018-02-26 14:11:16,0.00344000,17.42000000
2018-02-26 14:11:16,0.00344000,2.20000000
2018-02-26 14:11:16,0.00343900,23.57000000
2018-02-26 14:11:17,0.00343900,3.55000000
2018-02-26 14:11:17,0.00344000,10.98000000
2018-02-26 14:11:17,0.00344000,38.21000000
2018-02-26 14:11:18,0.00343900,1.45000000
2018-02-26 14:11:18,0.00343900,3.14000000
2018-02-26 14:11:19,0.00343900,2.66000000
2018-02-26 14:11:19,0.00344000,1.74000000
2018-02-26 14:11:20,0.00344000,14.53000000
2018-02-26 14:11:20,0.00344000,2.90000000
2018-02-26 14:11:22,0.00343900,8.31000000
2018-02-26 14:11:23,0.00343900,14.53000000
2018-02-26 14:11:23,0.00343900,18.96000000
2018-02-26 14:11:23,0.00343900,22.06000000
2018-02-26 14:11:23,0.00343900,8.28000000
2018-02-26 14:11:23,0.00343900,8.28000000
2018-02-26 14:11:24,0.00343900,1.17000000
2018-02-26 14:11:24,0.00343900,3.00000000
2018-02-26 14:11:24,0.00343900,8.00000000
2018-02-26 14:11:24,0.00343900,8.28000000
2018-02-26 14:11:24,0.00343900,8.28000000
2018-02-26 14:11:24,0.00343900,14.54000000
2018-02-26 14:11:25,0.00343900,8.28000000
2018-02-26 14:11:25,0.00343900,0.66000000
2018-02-26 14:11:25,0.00343900,38.72000000
2018-02-26 14:11:26,0.00343900,14.54000000
2018-02-26 14:11:26,0.00343900,0.57000000
2018-02-26 14:11:27,0.00343900,2.90000000
2018-02-26 14:11:27,0.00343900,0.40000000
2018-02-26 14:11:27,0.00343900,15.80000000
2018-02-26 14:11:27,0.00343800,11.69000000
2018-02-26 14:11:28,0.00343900,8.28000000
2018-02-26 14:11:29,0.00343900,14.54000000
2018-02-26 14:11:31,0.00343900,5.78000000
2018-02-26 14:11:33,0.00343900,28.50000000
2018-02-26 14:11:33,0.00343900,251.88000000
2018-02-26 14:11:33,0.00343900,127.92000000
2018-02-26 14:11:33,0.00343900,1.73000000
2018-02-26 14:11:34,0.00343900,2.40000000
2018-02-26 14:11:36,0.00343800,3.62000000
2018-02-26 14:11:36,0.00343900,2.50000000
2018-02-26 14:11:37,0.00343900,898.34000000
2018-02-26 14:11:37,0.00343800,144.59000000
2018-02-26 14:11:37,0.00343800,1.73000000
2018-02-26 14:11:38,0.00343800,8.69000000
2018-02-26 14:11:38,0.00343800,8.69000000
2018-02-26 14:11:38,0.00343800,8.69000000
2018-02-26 14:11:38,0.00343800,8.69000000
2018-02-26 14:11:38,0.00343800,11.59000000
2018-02-26 14:11:38,0.00343800,8.69000000
2018-02-26 14:11:38,0.00343800,8.69000000
2018-02-26 14:11:39,0.00343800,8.69000000
2018-02-26 14:11:39,0.00343800,8.69000000
2018-02-26 14:11:39,0.00343800,5.78000000
2018-02-26 14:11:39,0.00343800,14.54000000
2018-02-26 14:11:39,0.00343800,5.17000000
2018-02-26 14:11:39,0.00343900,3.52000000
2018-02-26 14:11:40,0.00343800,20.06000000
2018-02-26 14:11:41,0.00343800,5.04000000
2018-02-26 14:11:41,0.00343900,5.97000000
2018-02-26 14:11:42,0.00343900,14.01000000
2018-02-26 14:11:43,0.00343800,16.59000000
2018-02-26 14:11:43,0.00343900,161.12000000
2018-02-26 14:11:45,0.00343900,0.30000000
2018-02-26 14:11:45,0.00343900,6.64000000
2018-02-26 14:11:46,0.00343900,14.54000000
2018-02-26 14:11:46,0.00343900,8.00000000
2018-02-26 14:11:48,0.00343800,1.59000000
2018-02-26 14:11:48,0.00343900,5.35000000
2018-02-26 14:11:48,0.00343900,2.00000000
2018-02-26 14:11:48,0.00343800,3.45000000
2018-02-26 14:11:48,0.00343700,34.88000000
2018-02-26 14:11:48,0.00343900,14.53000000
2018-02-26 14:11:50,0.00343900,14.54000000
2018-02-26 14:11:50,0.00343900,1.73000000
2018-02-26 14:11:51,0.00343900,0.66000000
2018-02-26 14:11:52,0.00343900,14.54000000
2018-02-26 14:11:53,0.00343900,5.71000000
2018-02-26 14:11:53,0.00343900,6.18000000
2018-02-26 14:11:53,0.00343900,2.30000000
2018-02-26 14:11:53,0.00343900,14.54000000
2018-02-26 14:11:54,0.00343900,2.30000000
2018-02-26 14:11:55,0.00343900,52.02000000
2018-02-26 14:11:55,0.00343900,0.80000000
2018-02-26 14:11:55,0.00343900,14.54000000
2018-02-26 14:11:55,0.00343900,8.00000000
2018-02-26 14:11:55,0.00343900,0.66000000
2018-02-26 14:11:56,0.00343900,14.53000000
2018-02-26 14:11:57,0.00343900,14.54000000
2018-02-26 14:11:57,0.00343900,52.26000000
2018-02-26 14:11:58,0.00343500,94.90000000
2018-02-26 14:11:58,0.00343900,0.60000000
2018-02-26 14:11:58,0.00343900,45.55000000
2018-02-26 14:11:58,0.00343900,2.30000000
2018-02-26 14:12:00,0.00343900,1.73000000
2018-02-26 14:12:00,0.00343900,12.49000000
2018-02-26 14:12:00,0.00343900,14.54000000
2018-02-26 14:12:00,0.00343900,14.53000000
2018-02-26 14:12:01,0.00343500,38.18000000
2018-02-26 14:12:01,0.00343400,114.14000000
2018-02-26 14:12:01,0.00343400,3.14000000
2018-02-26 14:12:01,0.00343400,21.30000000
2018-02-26 14:12:01,0.00343400,0.89000000
2018-02-26 14:12:01,0.00343400,2.30000000
2018-02-26 14:12:01,0.00343400,14.54000000
2018-02-26 14:12:02,0.00343400,7.44000000
2018-02-26 14:12:02,0.00343400,1.06000000
2018-02-26 14:12:02,0.00343400,8.69000000
2018-02-26 14:12:02,0.00343400,0.47000000
2018-02-26 14:12:02,0.00343400,9.14000000
2018-02-26 14:12:02,0.00343400,7.62000000
2018-02-26 14:12:02,0.00343300,7.44000000
2018-02-26 14:12:02,0.00343300,5.00000000
2018-02-26 14:12:02,0.00343400,5.90000000
2018-02-26 14:12:02,0.00343400,21.92000000
2018-02-26 14:12:02,0.00343400,8.69000000
2018-02-26 14:12:02,0.00343400,0.43000000
2018-02-26 14:12:02,0.00343400,8.69000000
2018-02-26 14:12:02,0.00343400,8.69000000
2018-02-26 14:12:02,0.00343400,8.69000000
2018-02-26 14:12:02,0.00343400,8.69000000
2018-02-26 14:12:02,0.00343400,8.69000000
2018-02-26 14:12:03,0.00343400,8.69000000
2018-02-26 14:12:03,0.00343400,8.69000000
2018-02-26 14:12:03,0.00343400,8.69000000
2018-02-26 14:12:03,0.00343400,8.69000000
2018-02-26 14:12:03,0.00343400,8.69000000
2018-02-26 14:12:03,0.00343400,8.69000000
2018-02-26 14:12:03,0.00343400,8.69000000
2018-02-26 14:12:03,0.00343400,8.69000000
2018-02-26 14:12:03,0.00343400,8.69000000
2018-02-26 14:12:03,0.00343400,8.69000000
2018-02-26 14:12:03,0.00343400,32.00000000
2018-02-26 14:12:03,0.00343400,8.69000000
2018-02-26 14:12:03,0.00343400,8.69000000
2018-02-26 14:12:03,0.00343400,8.69000000
2018-02-26 14:12:03,0.00343400,8.69000000
2018-02-26 14:12:03,0.00343400,14.53000000
2018-02-26 14:12:03,0.00343400,8.69000000
2018-02-26 14:12:03,0.00343400,14.56000000
2018-02-26 14:12:03,0.00343400,8.69000000
2018-02-26 14:12:03,0.00343400,8.69000000
2018-02-26 14:12:03,0.00343400,2.81000000
2018-02-26 14:12:04,0.00343400,8.69000000
2018-02-26 14:12:04,0.00343400,2.56000000
2018-02-26 14:12:04,0.00343400,2.81000000
2018-02-26 14:12:04,0.00343400,2.81000000
2018-02-26 14:12:04,0.00343400,2.81000000
2018-02-26 14:12:04,0.00343400,22.08000000
2018-02-26 14:12:04,0.00343400,2.81000000
2018-02-26 14:12:04,0.00343400,2.81000000
2018-02-26 14:12:04,0.00343400,2.81000000
2018-02-26 14:12:04,0.00343400,2.81000000
2018-02-26 14:12:04,0.00343400,2.81000000
2018-02-26 14:12:04,0.00343400,2.81000000
2018-02-26 14:12:04,0.00343400,2.81000000
2018-02-26 14:12:04,0.00343400,5.01000000
2018-02-26 14:12:04,0.00343400,8.24000000
2018-02-26 14:12:04,0.00343400,2.81000000
2018-02-26 14:12:04,0.00343400,8.69000000
2018-02-26 14:12:05,0.00343400,8.00000000
2018-02-26 14:12:05,0.00343400,8.00000000
2018-02-26 14:12:05,0.00343400,8.69000000
2018-02-26 14:12:05,0.00343400,0.03000000
2018-02-26 14:12:05,0.00343400,1.75000000
2018-02-26 14:12:05,0.00343400,8.69000000
2018-02-26 14:12:05,0.00343400,6.80000000
2018-02-26 14:12:05,0.00343400,70.00000000
2018-02-26 14:12:05,0.00343400,2.00000000
2018-02-26 14:12:06,0.00343400,8.69000000
2018-02-26 14:12:06,0.00343400,30.00000000
2018-02-26 14:12:06,0.00343400,8.64000000
2018-02-26 14:12:06,0.00343400,2.81000000
2018-02-26 14:12:06,0.00343400,22.08000000
2018-02-26 14:12:06,0.00343400,8.69000000
2018-02-26 14:12:06,0.00343400,2.47000000
2018-02-26 14:12:06,0.00343400,0.66000000
2018-02-26 14:12:06,0.00343400,2.50000000
2018-02-26 14:12:07,0.00343400,66.37000000
2018-02-26 14:12:07,0.00343400,8.69000000
2018-02-26 14:12:07,0.00343400,14.56000000
2018-02-26 14:12:07,0.00343400,8.69000000
2018-02-26 14:12:07,0.00343400,29.99000000
2018-02-26 14:12:07,0.00343400,6.33000000
2018-02-26 14:12:07,0.00343900,2.36000000
2018-02-26 14:12:08,0.00343900,8.69000000
2018-02-26 14:12:08,0.00343900,8.69000000
2018-02-26 14:12:09,0.00343900,2.30000000
2018-02-26 14:12:09,0.00343400,12.22000000
2018-02-26 14:12:09,0.00343300,29.73000000
2018-02-26 14:12:09,0.00343900,11.63000000
2018-02-26 14:12:09,0.00343900,2.95000000
2018-02-26 14:12:11,0.00343900,10.03000000
2018-02-26 14:12:11,0.00343900,2.32000000
2018-02-26 14:12:11,0.00343900,2.88000000
2018-02-26 14:12:11,0.00343900,13.12000000
2018-02-26 14:12:11,0.00343900,12.78000000
2018-02-26 14:12:12,0.00343900,0.59000000
2018-02-26 14:12:12,0.00343900,60.96000000
2018-02-26 14:12:12,0.00343900,10.46000000
2018-02-26 14:12:12,0.00343900,2.16000000
2018-02-26 14:12:12,0.00343900,0.85000000
2018-02-26 14:12:13,0.00343900,22.90000000
2018-02-26 14:12:13,0.00343900,1.38000000
2018-02-26 14:12:13,0.00343900,0.76000000
2018-02-26 14:12:13,0.00343900,34.86000000
2018-02-26 14:12:13,0.00343800,4.40000000
2018-02-26 14:12:13,0.00343800,1.32000000
2018-02-26 14:12:14,0.00343800,1.00000000
2018-02-26 14:12:14,0.00343800,1.41000000
2018-02-26 14:12:14,0.00343800,21.31000000
2018-02-26 14:12:14,0.00343900,2.23000000
2018-02-26 14:12:14,0.00343500,25.70000000
2018-02-26 14:12:14,0.00343400,161.75000000
2018-02-26 14:12:14,0.00343300,0.31000000
2018-02-26 14:12:14,0.00343200,233.71000000
2018-02-26 14:12:14,0.00343100,37.30000000
2018-02-26 14:12:14,0.00343000,197.07000000
2018-02-26 14:12:14,0.00342900,73.97000000
2018-02-26 14:12:14,0.00342800,6.30000000
2018-02-26 14:12:14,0.00342700,307.79000000
2018-02-26 14:12:14,0.00342700,1.19000000
2018-02-26 14:12:14,0.00343900,1.42000000
2018-02-26 14:12:14,0.00343000,1.00000000
2018-02-26 14:12:14,0.00343000,7.43000000
2018-02-26 14:12:14,0.00343000,1.18000000
2018-02-26 14:12:14,0.00343000,1.28000000
2018-02-26 14:12:14,0.00343000,0.35000000
2018-02-26 14:12:14,0.00343000,1.40000000
2018-02-26 14:12:14,0.00342800,7.43000000
2018-02-26 14:12:15,0.00343000,1.10000000
2018-02-26 14:12:15,0.00343000,0.91000000
2018-02-26 14:12:15,0.00343000,24.56000000
2018-02-26 14:12:15,0.00343000,1.27000000
2018-02-26 14:12:15,0.00343000,8.70000000
2018-02-26 14:12:15,0.00343000,2.38000000
2018-02-26 14:12:15,0.00343000,33.03000000
2018-02-26 14:12:15,0.00343000,62.79000000
2018-02-26 14:12:15,0.00343000,8.69000000
2018-02-26 14:12:15,0.00343000,2.81000000
2018-02-26 14:12:15,0.00343000,62.00000000
2018-02-26 14:12:15,0.00343000,2.81000000
2018-02-26 14:12:15,0.00343000,2.81000000
2018-02-26 14:12:15,0.00343000,2.81000000
2018-02-26 14:12:15,0.00343000,2.81000000
2018-02-26 14:12:15,0.00343000,2.81000000
2018-02-26 14:12:15,0.00343000,22.09000000
2018-02-26 14:12:15,0.00343000,8.00000000
2018-02-26 14:12:15,0.00343000,8.00000000
2018-02-26 14:12:15,0.00343000,8.68000000
2018-02-26 14:12:15,0.00343000,8.68000000
2018-02-26 14:12:15,0.00342900,7.43000000
2018-02-26 14:12:15,0.00343000,1.26000000
2018-02-26 14:12:15,0.00343000,436.88000000
2018-02-26 14:12:15,0.00343000,57.89000000
2018-02-26 14:12:15,0.00343000,8.68000000
2018-02-26 14:12:15,0.00343000,25.19000000
2018-02-26 14:12:15,0.00343000,11.66000000
2018-02-26 14:12:15,0.00343000,16.14000000
2018-02-26 14:12:15,0.00343000,2.81000000
2018-02-26 14:12:15,0.00343000,2.81000000
2018-02-26 14:12:15,0.00343000,2.81000000
2018-02-26 14:12:15,0.00343000,2.81000000
2018-02-26 14:12:15,0.00343000,5.08000000
2018-02-26 14:12:15,0.00343000,20.10000000
2018-02-26 14:12:15,0.00343000,2.81000000
2018-02-26 14:12:15,0.00343000,2.81000000
2018-02-26 14:12:15,0.00343000,11.92000000
2018-02-26 14:12:15,0.00343000,8.69000000
2018-02-26 14:12:15,0.00343000,2.40000000
2018-02-26 14:12:15,0.00343000,16.35000000
2018-02-26 14:12:15,0.00343000,40.43000000
2018-02-26 14:12:16,0.00343000,2.30000000
2018-02-26 14:12:16,0.00343000,8.69000000
2018-02-26 14:12:16,0.00343000,2.29000000
2018-02-26 14:12:16,0.00343000,91.75000000
2018-02-26 14:12:16,0.00343000,8.69000000
2018-02-26 14:12:16,0.00343000,62.73000000
2018-02-26 14:12:16,0.00343000,50.00000000
2018-02-26 14:12:16,0.00343000,8.69000000
2018-02-26 14:12:16,0.00343000,26.84000000
2018-02-26 14:12:16,0.00343000,2.81000000
2018-02-26 14:12:16,0.00343000,8.00000000
2018-02-26 14:12:16,0.00343000,8.68000000
2018-02-26 14:12:16,0.00343000,8.69000000
2018-02-26 14:12:16,0.00343000,8.69000000
2018-02-26 14:12:16,0.00343000,15.15000000
2018-02-26 14:12:17,0.00343000,9.75000000
2018-02-26 14:12:17,0.00343000,85.03000000
2018-02-26 14:12:17,0.00343000,4.91000000
2018-02-26 14:12:17,0.00343000,1.97000000
2018-02-26 14:12:17,0.00343000,8.69000000
2018-02-26 14:12:17,0.00343000,8.69000000
2018-02-26 14:12:17,0.00343000,1.97000000
2018-02-26 14:12:17,0.00343000,1.97000000
2018-02-26 14:12:17,0.00343000,3.26000000
2018-02-26 14:12:17,0.00343000,1.97000000
2018-02-26 14:12:17,0.00343000,1.97000000
2018-02-26 14:12:17,0.00343000,22.10000000
2018-02-26 14:12:17,0.00343000,1.97000000
2018-02-26 14:12:17,0.00343000,1.97000000
2018-02-26 14:12:17,0.00343000,8.69000000
2018-02-26 14:12:17,0.00343000,11.66000000
2018-02-26 14:12:17,0.00343000,1.97000000
2018-02-26 14:12:17,0.00343000,2.90000000
2018-02-26 14:12:17,0.00343000,1.97000000
2018-02-26 14:12:17,0.00343000,1.97000000
2018-02-26 14:12:17,0.00343000,1.97000000
2018-02-26 14:12:17,0.00343000,8.69000000
2018-02-26 14:12:17,0.00343000,45.84000000
2018-02-26 14:12:17,0.00343000,3.20000000
2018-02-26 14:12:17,0.00343000,1.97000000
2018-02-26 14:12:18,0.00343000,1.97000000
2018-02-26 14:12:18,0.00343000,2.18000000
2018-02-26 14:12:18,0.00343000,8.69000000
2018-02-26 14:12:18,0.00343000,1.97000000
2018-02-26 14:12:18,0.00343000,8.08000000
2018-02-26 14:12:18,0.00343000,2.24000000
2018-02-26 14:12:18,0.00343000,1.97000000
2018-02-26 14:12:18,0.00343000,1.97000000
2018-02-26 14:12:18,0.00343000,1.97000000
2018-02-26 14:12:18,0.00343000,37.28000000
2018-02-26 14:12:18,0.00343000,1.97000000
2018-02-26 14:12:18,0.00343000,1.97000000
2018-02-26 14:12:18,0.00343000,1.97000000
2018-02-26 14:12:18,0.00343000,8.69000000
2018-02-26 14:12:18,0.00343000,1.97000000
2018-02-26 14:12:18,0.00343000,1.97000000
2018-02-26 14:12:18,0.00343000,8.69000000
2018-02-26 14:12:18,0.00343000,1.97000000
2018-02-26 14:12:18,0.00343000,4.56000000
2018-02-26 14:12:18,0.00343000,4.56000000
2018-02-26 14:12:18,0.00343000,54.26000000
2018-02-26 14:12:18,0.00343000,29.10000000
2018-02-26 14:12:18,0.00343000,8.69000000
2018-02-26 14:12:18,0.00343000,9.92000000
2018-02-26 14:12:18,0.00343000,34.38000000
2018-02-26 14:12:18,0.00343000,50.00000000
2018-02-26 14:12:18,0.00343000,8.69000000
2018-02-26 14:12:19,0.00343000,1.73000000
2018-02-26 14:12:19,0.00343000,12.41000000
2018-02-26 14:12:19,0.00343000,8.69000000
2018-02-26 14:12:19,0.00343000,8.69000000
2018-02-26 14:12:19,0.00343000,1.97000000
2018-02-26 14:12:19,0.00343000,1.97000000
2018-02-26 14:12:19,0.00343000,8.69000000
2018-02-26 14:12:19,0.00343000,1.97000000
2018-02-26 14:12:19,0.00343000,1.97000000
2018-02-26 14:12:19,0.00343000,1.97000000
2018-02-26 14:12:19,0.00343000,1.97000000
2018-02-26 14:12:19,0.00343000,1.97000000
2018-02-26 14:12:19,0.00343000,1.97000000
2018-02-26 14:12:19,0.00343000,22.09000000
2018-02-26 14:12:19,0.00343000,1.97000000
2018-02-26 14:12:19,0.00343000,4.56000000
2018-02-26 14:12:19,0.00343000,1.97000000
2018-02-26 14:12:19,0.00343000,1.97000000
2018-02-26 14:12:19,0.00343000,1.97000000
2018-02-26 14:12:19,0.00343000,3.43000000
2018-02-26 14:12:19,0.00343000,8.69000000
2018-02-26 14:12:19,0.00343000,1.97000000
2018-02-26 14:12:19,0.00343000,1.97000000
2018-02-26 14:12:19,0.00343000,8.69000000
2018-02-26 14:12:20,0.00343000,8.69000000
2018-02-26 14:12:20,0.00343000,1.97000000
2018-02-26 14:12:20,0.00343000,1.97000000
2018-02-26 14:12:20,0.00343000,7.85000000
2018-02-26 14:12:20,0.00343600,1.97000000
2018-02-26 14:12:20,0.00343600,1.97000000
2018-02-26 14:12:20,0.00343600,1.97000000
2018-02-26 14:12:20,0.00343600,8.69000000
2018-02-26 14:12:20,0.00343600,6.72000000
2018-02-26 14:12:20,0.00343600,8.69000000
2018-02-26 14:12:20,0.00343600,8.69000000
2018-02-26 14:12:20,0.00343600,8.69000000
2018-02-26 14:12:20,0.00343600,10.00000000
2018-02-26 14:12:21,0.00343600,1.00000000
2018-02-26 14:12:21,0.00343600,8.69000000
2018-02-26 14:12:21,0.00343600,8.69000000
2018-02-26 14:12:21,0.00343600,2.20000000
2018-02-26 14:12:21,0.00343500,8.69000000
2018-02-26 14:12:21,0.00343500,0.02000000
2018-02-26 14:12:21,0.00343600,9.98000000
2018-02-26 14:12:22,0.00343800,0.77000000
2018-02-26 14:12:22,0.00343900,7.92000000
2018-02-26 14:12:22,0.00343900,8.69000000
2018-02-26 14:12:23,0.00343600,12.99000000
2018-02-26 14:12:23,0.00343000,1.86000000
2018-02-26 14:12:23,0.00343000,3.50000000
2018-02-26 14:12:23,0.00343000,48.21000000
2018-02-26 14:12:23,0.00343000,14.55000000
2018-02-26 14:12:24,0.00343000,16.25000000
2018-02-26 14:12:24,0.00343000,3.20000000
2018-02-26 14:12:24,0.00343000,1.97000000
2018-02-26 14:12:24,0.00343000,14.00000000
2018-02-26 14:12:24,0.00343000,0.58000000
2018-02-26 14:12:24,0.00343000,8.69000000
2018-02-26 14:12:24,0.00343000,8.69000000
2018-02-26 14:12:24,0.00343000,1.97000000
2018-02-26 14:12:24,0.00343000,2.20000000
2018-02-26 14:12:24,0.00343000,22.10000000
2018-02-26 14:12:24,0.00343000,1.97000000
2018-02-26 14:12:24,0.00343000,1.97000000
2018-02-26 14:12:24,0.00343000,8.69000000
2018-02-26 14:12:24,0.00343000,1.54000000
2018-02-26 14:12:24,0.00343000,8.69000000
2018-02-26 14:12:24,0.00343000,1.97000000
2018-02-26 14:12:25,0.00343000,1.97000000
2018-02-26 14:12:25,0.00343000,8.36000000
2018-02-26 14:12:25,0.00343000,1.97000000
2018-02-26 14:12:25,0.00343000,8.69000000
2018-02-26 14:12:25,0.00343000,5.09000000
2018-02-26 14:12:25,0.00343600,3.60000000
2018-02-26 14:12:25,0.00343600,0.61000000
2018-02-26 14:12:25,0.00343600,2.20000000
2018-02-26 14:12:25,0.00343600,8.69000000
2018-02-26 14:12:25,0.00343600,13.02000000
2018-02-26 14:12:25,0.00343600,1.57000000
2018-02-26 14:12:25,0.00343600,4.20000000
2018-02-26 14:12:25,0.00343600,7.04000000
2018-02-26 14:12:25,0.00343600,8.69000000
2018-02-26 14:12:25,0.00343600,8.69000000
2018-02-26 14:12:26,0.00343600,8.69000000
2018-02-26 14:12:26,0.00343600,1.36000000
2018-02-26 14:12:26,0.00343600,8.69000000
2018-02-26 14:12:26,0.00343600,1.57000000
2018-02-26 14:12:26,0.00343600,6.84000000
2018-02-26 14:12:26,0.00343600,8.36000000
2018-02-26 14:12:26,0.00343600,10.00000000
2018-02-26 14:12:26,0.00343600,0.36000000
2018-02-26 14:12:26,0.00343600,29.96000000
2018-02-26 14:12:27,0.00343900,8.00000000
2018-02-26 14:12:27,0.00343900,8.69000000
2018-02-26 14:12:27,0.00343900,12.00000000
2018-02-26 14:12:27,0.00343600,8.69000000
2018-02-26 14:12:27,0.00343400,1.55000000
2018-02-26 14:12:28,0.00343400,26.53000000
2018-02-26 14:12:28,0.00343400,0.70000000
2018-02-26 14:12:28,0.00343400,3.84000000
2018-02-26 14:12:29,0.00343400,4.80000000
2018-02-26 14:12:29,0.00343400,9.89000000
2018-02-26 14:12:29,0.00343400,2.03000000
2018-02-26 14:12:29,0.00343800,0.88000000
2018-02-26 14:12:29,0.00343900,5.78000000
2018-02-26 14:12:29,0.00343900,25.24000000
2018-02-26 14:12:30,0.00343900,8.13000000
2018-02-26 14:12:30,0.00343900,4.16000000
2018-02-26 14:12:31,0.00343900,2.91000000
2018-02-26 14:12:31,0.00343900,1.45000000
2018-02-26 14:12:31,0.00343900,3.20000000
2018-02-26 14:12:31,0.00343900,0.84000000
2018-02-26 14:12:32,0.00343900,4.08000000
2018-02-26 14:12:32,0.00343900,7.02000000
2018-02-26 14:12:32,0.00343900,0.88000000
2018-02-26 14:12:32,0.00343900,0.70000000
2018-02-26 14:12:32,0.00343900,7.31000000
2018-02-26 14:12:32,0.00343900,34.03000000
2018-02-26 14:12:33,0.00343900,9.58000000
2018-02-26 14:12:33,0.00343900,2.20000000
2018-02-26 14:12:33,0.00343800,0.73000000
2018-02-26 14:12:33,0.00343800,4.55000000
2018-02-26 14:12:34,0.00343100,53.12000000
2018-02-26 14:12:34,0.00343000,149.55000000
2018-02-26 14:12:34,0.00343000,1.36000000
2018-02-26 14:12:35,0.00343000,2.30000000
2018-02-26 14:12:35,0.00343000,16.14000000
2018-02-26 14:12:35,0.00343800,42.15000000
2018-02-26 14:12:35,0.00343800,5.65000000
2018-02-26 14:12:35,0.00343800,16.00000000
2018-02-26 14:12:35,0.00343800,25.46000000
2018-02-26 14:12:35,0.00343800,0.78000000
2018-02-26 14:12:35,0.00343800,0.73000000
2018-02-26 14:12:35,0.00343700,0.61000000
2018-02-26 14:12:36,0.00343700,5.65000000
2018-02-26 14:12:36,0.00343700,2.48000000
2018-02-26 14:12:36,0.00343800,6.22000000
2018-02-26 14:12:36,0.00343800,8.70000000
2018-02-26 14:12:36,0.00343800,9.42000000
2018-02-26 14:12:36,0.00343800,14.84000000
2018-02-26 14:12:36,0.00343800,8.00000000
2018-02-26 14:12:37,0.00343800,2.96000000
2018-02-26 14:12:37,0.00343800,8.00000000
2018-02-26 14:12:37,0.00343800,1.90000000
2018-02-26 14:12:38,0.00343800,2.08000000
2018-02-26 14:12:40,0.00343900,2.40000000
2018-02-26 14:12:40,0.00343900,2.85000000
2018-02-26 14:12:40,0.00343900,14.92000000
2018-02-26 14:12:41,0.00343900,2.27000000
2018-02-26 14:12:42,0.00343900,2.40000000
2018-02-26 14:12:43,0.00343900,19.63000000
2018-02-26 14:12:43,0.00343900,6.10000000
2018-02-26 14:12:44,0.00343900,8.00000000
2018-02-26 14:12:44,0.00343900,3.46000000
2018-02-26 14:12:44,0.00343900,45.36000000
2018-02-26 14:12:45,0.00343900,4.36000000
2018-02-26 14:12:45,0.00343900,2.30000000
2018-02-26 14:12:45,0.00343900,5.50000000
2018-02-26 14:12:47,0.00343900,45.36000000
2018-02-26 14:12:47,0.00343900,2.20000000
2018-02-26 14:12:48,0.00343900,1.54000000
2018-02-26 14:12:48,0.00343900,246.79000000
2018-02-26 14:12:50,0.00343900,2.30000000
2018-02-26 14:12:50,0.00343900,45.36000000
2018-02-26 14:12:51,0.00343800,59.48000000
2018-02-26 14:12:51,0.00343900,14.54000000
2018-02-26 14:12:52,0.00343900,14.54000000
2018-02-26 14:12:52,0.00343900,15.06000000
2018-02-26 14:12:52,0.00343900,6.00000000
2018-02-26 14:12:52,0.00343900,3.00000000
2018-02-26 14:12:52,0.00343900,2.40000000
2018-02-26 14:12:53,0.00343900,3.00000000
2018-02-26 14:12:53,0.00343900,4.62000000
2018-02-26 14:12:54,0.00343800,25.77000000
2018-02-26 14:12:55,0.00343900,2.20000000
2018-02-26 14:12:56,0.00343900,25.65000000
2018-02-26 14:12:57,0.00343900,14.49000000
2018-02-26 14:12:57,0.00343900,2.40000000
2018-02-26 14:12:59,0.00343900,25.73000000
2018-02-26 14:12:59,0.00343900,2.40000000
2018-02-26 14:13:00,0.00343900,50.47000000
2018-02-26 14:13:01,0.00343900,5.74000000
2018-02-26 14:13:02,0.00343200,7.41000000
2018-02-26 14:13:02,0.00343900,0.75000000
2018-02-26 14:13:03,0.00343900,1.74000000
2018-02-26 14:13:04,0.00343900,5.67000000
2018-02-26 14:13:04,0.00343900,2.30000000
2018-02-26 14:13:04,0.00343900,345.18000000
2018-02-26 14:13:05,0.00343900,0.91000000
2018-02-26 14:13:05,0.00343300,8.47000000
2018-02-26 14:13:10,0.00343300,11.73000000
2018-02-26 14:13:10,0.00343900,0.97000000
2018-02-26 14:13:13,0.00343700,1.68000000
2018-02-26 14:13:13,0.00343700,1.18000000
2018-02-26 14:13:14,0.00343700,100.10000000
2018-02-26 14:13:15,0.00343800,16.20000000
2018-02-26 14:13:18,0.00343800,6.66000000
2018-02-26 14:13:19,0.00343800,2.76000000
2018-02-26 14:13:21,0.00343800,70.11000000
2018-02-26 14:13:23,0.00343700,15.18000000
2018-02-26 14:13:23,0.00343700,4.37000000
2018-02-26 14:13:25,0.00343700,2.90000000
2018-02-26 14:13:26,0.00343400,15.00000000
2018-02-26 14:13:26,0.00343700,8.41000000
2018-02-26 14:13:26,0.00343700,4.24000000
2018-02-26 14:13:27,0.00343700,0.47000000
2018-02-26 14:13:27,0.00343700,6.00000000
2018-02-26 14:13:28,0.00343700,0.47000000
2018-02-26 14:13:28,0.00343700,6.02000000
2018-02-26 14:13:28,0.00343700,1.00000000
2018-02-26 14:13:29,0.00343700,20.60000000
2018-02-26 14:13:29,0.00343700,0.64000000
2018-02-26 14:13:31,0.00343700,62.56000000
2018-02-26 14:13:31,0.00343700,1.68000000
2018-02-26 14:13:31,0.00343700,40.63000000
2018-02-26 14:13:32,0.00343700,3.22000000
2018-02-26 14:13:32,0.00343700,0.69000000
2018-02-26 14:13:33,0.00343700,1.38000000
2018-02-26 14:13:33,0.00343700,2.42000000
2018-02-26 14:13:36,0.00343600,52.48000000
2018-02-26 14:13:37,0.00343600,15.00000000
2018-02-26 14:13:39,0.00343800,2.35000000
2018-02-26 14:13:41,0.00343800,60.27000000
2018-02-26 14:13:41,0.00343800,10.00000000
2018-02-26 14:13:42,0.00343800,31.76000000
2018-02-26 14:13:43,0.00343700,4.33000000
2018-02-26 14:13:44,0.00343800,2.57000000
2018-02-26 14:13:45,0.00343700,11.69000000
2018-02-26 14:13:46,0.00343700,14.64000000
2018-02-26 14:13:46,0.00343800,9.46000000
2018-02-26 14:13:46,0.00343700,11.16000000
2018-02-26 14:13:48,0.00343700,3.41000000
2018-02-26 14:13:48,0.00343800,50.49000000
2018-02-26 14:13:49,0.00343700,7.43000000
2018-02-26 14:13:50,0.00343800,50.49000000
2018-02-26 14:13:51,0.00343800,2.41000000
2018-02-26 14:13:54,0.00343800,1.53000000
2018-02-26 14:13:55,0.00343800,2.58000000
2018-02-26 14:13:55,0.00343800,50.49000000
2018-02-26 14:13:58,0.00343800,50.49000000
2018-02-26 14:14:00,0.00343800,50.49000000
2018-02-26 14:14:01,0.00343700,5.88000000
2018-02-26 14:14:01,0.00343800,31.00000000
2018-02-26 14:14:01,0.00343800,0.50000000
2018-02-26 14:14:02,0.00343700,29.93000000
2018-02-26 14:14:02,0.00343800,14.54000000
2018-02-26 14:14:04,0.00343800,9.53000000
2018-02-26 14:14:05,0.00343800,2.65000000
2018-02-26 14:14:06,0.00343700,7.35000000
2018-02-26 14:14:08,0.00343800,14.54000000
2018-02-26 14:14:11,0.00343800,14.54000000
2018-02-26 14:14:13,0.00343800,0.38000000
2018-02-26 14:14:15,0.00343800,0.57000000
2018-02-26 14:14:16,0.00343800,21.96000000
2018-02-26 14:14:17,0.00343700,8.65000000
2018-02-26 14:14:17,0.00343700,0.30000000
2018-02-26 14:14:20,0.00343700,70.06000000
2018-02-26 14:14:21,0.00343700,23.19000000
2018-02-26 14:14:21,0.00343800,14.54000000
2018-02-26 14:14:24,0.00343800,21.96000000
2018-02-26 14:14:26,0.00343700,8.90000000
2018-02-26 14:14:27,0.00343700,111.06000000
2018-02-26 14:14:27,0.00343800,10.93000000
2018-02-26 14:14:29,0.00343700,52.31000000
2018-02-26 14:14:29,0.00343700,14.15000000
2018-02-26 14:14:34,0.00343700,72.56000000
2018-02-26 14:14:35,0.00343700,44.45000000
2018-02-26 14:14:36,0.00343700,2.00000000
2018-02-26 14:14:37,0.00343700,47.12000000
2018-02-26 14:14:37,0.00343600,20.12000000
2018-02-26 14:14:37,0.00343800,2.78000000
2018-02-26 14:14:39,0.00343800,1.94000000
2018-02-26 14:14:40,0.00343800,0.73000000
2018-02-26 14:14:41,0.00343700,8.43000000
2018-02-26 14:14:44,0.00343700,59.61000000
2018-02-26 14:14:45,0.00343700,8.81000000
2018-02-26 14:14:47,0.00343700,48.11000000
2018-02-26 14:14:48,0.00343700,42.12000000
2018-02-26 14:14:49,0.00343600,50.52000000
2018-02-26 14:14:49,0.00343700,1.08000000
2018-02-26 14:14:50,0.00343600,103.61000000
2018-02-26 14:14:50,0.00343500,1.90000000
2018-02-26 14:14:53,0.00343600,35.41000000
2018-02-26 14:14:53,0.00343600,3.30000000
2018-02-26 14:14:55,0.00343600,31.67000000
2018-02-26 14:14:56,0.00343600,0.87000000
2018-02-26 14:14:58,0.00343500,0.81000000
2018-02-26 14:14:59,0.00343600,1.73000000
2018-02-26 14:14:59,0.00343600,0.32000000
2018-02-26 14:15:00,0.00343600,5.75000000
2018-02-26 14:15:00,0.00343600,0.47000000
2018-02-26 14:15:02,0.00343600,0.32000000
2018-02-26 14:15:03,0.00343600,0.49000000
2018-02-26 14:15:03,0.00343400,93.96000000
2018-02-26 14:15:04,0.00343600,1.37000000
2018-02-26 14:15:05,0.00343600,5.28000000
2018-02-26 14:15:06,0.00343600,0.34000000
2018-02-26 14:15:06,0.00343500,1.03000000
2018-02-26 14:15:07,0.00343300,50.19000000
2018-02-26 14:15:07,0.00343200,0.88000000
2018-02-26 14:15:07,0.00343500,19.97000000
2018-02-26 14:15:08,0.00343500,0.47000000
2018-02-26 14:15:08,0.00343500,0.41000000
2018-02-26 14:15:09,0.00343500,1.08000000
2018-02-26 14:15:09,0.00343500,1.36000000
2018-02-26 14:15:09,0.00343500,5.80000000
2018-02-26 14:15:11,0.00343500,0.48000000
2018-02-26 14:15:11,0.00343500,0.04000000
2018-02-26 14:15:11,0.00343500,0.53000000
2018-02-26 14:15:13,0.00343500,1.34000000
2018-02-26 14:15:13,0.00343200,1.12000000
2018-02-26 14:15:13,0.00343200,103.78000000
2018-02-26 14:15:13,0.00343000,325.72000000
2018-02-26 14:15:13,0.00342900,72.57000000
2018-02-26 14:15:15,0.00343500,17.44000000
2018-02-26 14:15:15,0.00343500,2.89000000
2018-02-26 14:15:15,0.00343500,2.90000000
2018-02-26 14:15:15,0.00343500,2.89000000
2018-02-26 14:15:15,0.00343500,2.90000000
2018-02-26 14:15:15,0.00343500,2.89000000
2018-02-26 14:15:15,0.00343500,2.90000000
2018-02-26 14:15:15,0.00343500,2.89000000
2018-02-26 14:15:15,0.00343500,54.20000000
2018-02-26 14:15:16,0.00343500,1.14000000
2018-02-26 14:15:16,0.00343300,19.98000000
2018-02-26 14:15:19,0.00343500,5.82000000
2018-02-26 14:15:19,0.00343500,2.21000000
2018-02-26 14:15:24,0.00343500,0.64000000
2018-02-26 14:15:25,0.00343500,12.73000000
2018-02-26 14:15:32,0.00343400,1.50000000
2018-02-26 14:15:32,0.00343500,5.70000000
2018-02-26 14:15:33,0.00343500,32.46000000
2018-02-26 14:15:35,0.00343300,4.42000000
2018-02-26 14:15:37,0.00343500,1.86000000
2018-02-26 14:15:37,0.00343500,199.99000000
2018-02-26 14:15:37,0.00343300,9.92000000
2018-02-26 14:15:38,0.00343300,1.80000000
2018-02-26 14:15:38,0.00343500,3.19000000
2018-02-26 14:15:39,0.00343500,120.05000000
2018-02-26 14:15:41,0.00343300,9.92000000
2018-02-26 14:15:42,0.00343300,142.83000000
2018-02-26 14:15:44,0.00343300,6.13000000
2018-02-26 14:15:45,0.00343500,7.39000000
2018-02-26 14:15:52,0.00343300,2.76000000
2018-02-26 14:15:57,0.00343300,55.00000000
2018-02-26 14:15:58,0.00343500,7.41000000
2018-02-26 14:15:58,0.00343300,7.41000000
2018-02-26 14:16:00,0.00343300,249.77000000
2018-02-26 14:16:01,0.00343000,3.51000000
2018-02-26 14:16:03,0.00343400,1.18000000
2018-02-26 14:16:03,0.00342800,0.35000000
2018-02-26 14:16:04,0.00342800,11.24000000
2018-02-26 14:16:04,0.00342800,43.50000000
2018-02-26 14:16:05,0.00342800,0.01000000
2018-02-26 14:16:05,0.00343400,10.78000000
2018-02-26 14:16:09,0.00342800,0.66000000
2018-02-26 14:16:09,0.00342700,42.10000000
2018-02-26 14:16:09,0.00342600,25.64000000
2018-02-26 14:16:09,0.00342500,265.59000000
2018-02-26 14:16:09,0.00342300,3.19000000
2018-02-26 14:16:09,0.00342200,36.96000000
2018-02-26 14:16:09,0.00342100,78.32000000
2018-02-26 14:16:09,0.00342000,1061.55000000
2018-02-26 14:16:09,0.00342000,15.75000000
2018-02-26 14:16:09,0.00342000,2.74000000
2018-02-26 14:16:09,0.00343300,0.42000000
2018-02-26 14:16:10,0.00343300,0.73000000
2018-02-26 14:16:11,0.00343300,1.38000000
2018-02-26 14:16:11,0.00343300,0.70000000
2018-02-26 14:16:11,0.00343300,1.40000000
2018-02-26 14:16:12,0.00342300,1.04000000
2018-02-26 14:16:12,0.00342300,0.83000000
2018-02-26 14:16:14,0.00343200,1.44000000
2018-02-26 14:16:15,0.00343200,0.43000000
2018-02-26 14:16:19,0.00343300,17.32000000
2018-02-26 14:16:20,0.00343300,195.09000000
2018-02-26 14:16:20,0.00343300,2.77000000
2018-02-26 14:16:22,0.00343300,1.75000000
2018-02-26 14:16:24,0.00342500,3.00000000
2018-02-26 14:16:27,0.00342500,1.05000000
2018-02-26 14:16:28,0.00343100,1.27000000
2018-02-26 14:16:29,0.00343000,1.05000000
2018-02-26 14:16:29,0.00343100,86.71000000
2018-02-26 14:16:30,0.00343200,0.85000000
2018-02-26 14:16:30,0.00343300,0.19000000
2018-02-26 14:16:30,0.00343300,2.91000000
2018-02-26 14:16:36,0.00343300,1.00000000
2018-02-26 14:16:38,0.00342700,6.41000000
2018-02-26 14:16:38,0.00342500,75.43000000
2018-02-26 14:16:40,0.00343200,73.97000000
2018-02-26 14:16:48,0.00343200,66.45000000
2018-02-26 14:16:49,0.00343200,0.73000000
2018-02-26 14:16:49,0.00343200,2.91000000
2018-02-26 14:16:50,0.00342400,8.76000000
2018-02-26 14:16:50,0.00342300,10.13000000
2018-02-26 14:16:50,0.00342100,1.03000000
2018-02-26 14:16:50,0.00342100,17.93000000
2018-02-26 14:16:51,0.00343200,0.35000000
2018-02-26 14:16:53,0.00343100,0.64000000
2018-02-26 14:16:54,0.00343100,8.12000000
2018-02-26 14:16:54,0.00343200,165.29000000
2018-02-26 14:16:59,0.00343100,25.48000000
2018-02-26 14:17:03,0.00343100,35.00000000
2018-02-26 14:17:11,0.00343000,29.17000000
2018-02-26 14:17:11,0.00343000,4.66000000
2018-02-26 14:17:11,0.00343000,3.36000000
2018-02-26 14:17:12,0.00343000,0.40000000
2018-02-26 14:17:12,0.00343000,1.75000000
2018-02-26 14:17:13,0.00343000,23.42000000
2018-02-26 14:17:15,0.00343000,2.64000000
2018-02-26 14:17:15,0.00342700,2.39000000
2018-02-26 14:17:15,0.00342400,4.83000000
2018-02-26 14:17:23,0.00343000,6.46000000
2018-02-26 14:17:25,0.00343000,0.57000000
2018-02-26 14:17:26,0.00342400,0.85000000
2018-02-26 14:17:27,0.00342400,14.00000000
2018-02-26 14:17:31,0.00342900,29.19000000
2018-02-26 14:17:31,0.00342900,11.50000000
2018-02-26 14:17:32,0.00342900,17.78000000
2018-02-26 14:17:39,0.00342500,4.44000000
2018-02-26 14:17:42,0.00342400,2.15000000
2018-02-26 14:17:42,0.00342500,13.89000000
2018-02-26 14:17:44,0.00342500,1.76000000
2018-02-26 14:17:45,0.00342500,7.91000000
2018-02-26 14:17:45,0.00342400,240.54000000
2018-02-26 14:17:45,0.00342300,13.48000000
2018-02-26 14:17:45,0.00342200,51.29000000
2018-02-26 14:17:45,0.00342100,91.55000000
2018-02-26 14:17:45,0.00342000,547.65000000
2018-02-26 14:17:46,0.00342500,1.59000000
2018-02-26 14:17:47,0.00343000,1.09000000
2018-02-26 14:17:47,0.00342900,5.28000000
2018-02-26 14:17:48,0.00342900,2.80000000
2018-02-26 14:17:48,0.00342900,0.68000000
2018-02-26 14:17:50,0.00343000,1.38000000
2018-02-26 14:17:51,0.00342900,1.11000000
2018-02-26 14:17:51,0.00342300,0.92000000
2018-02-26 14:17:51,0.00342200,51.38000000
2018-02-26 14:17:52,0.00342900,0.70000000
2018-02-26 14:17:53,0.00342900,1.36000000
2018-02-26 14:17:53,0.00342900,1.03000000
2018-02-26 14:17:53,0.00343000,0.90000000
2018-02-26 14:17:54,0.00342800,4.34000000
2018-02-26 14:17:54,0.00342800,0.97000000
2018-02-26 14:17:56,0.00342900,0.84000000
2018-02-26 14:17:56,0.00342900,2.90000000
2018-02-26 14:17:56,0.00342900,1.64000000
2018-02-26 14:17:57,0.00342900,1.75000000
2018-02-26 14:17:58,0.00342900,1.46000000
2018-02-26 14:18:00,0.00342900,6.27000000
2018-02-26 14:18:00,0.00342400,5.84000000
2018-02-26 14:18:00,0.00342400,43.93000000
2018-02-26 14:18:03,0.00342900,1.64000000
2018-02-26 14:18:03,0.00342900,7.27000000
2018-02-26 14:18:06,0.00342300,2.32000000
2018-02-26 14:18:07,0.00342400,0.47000000
2018-02-26 14:18:08,0.00342400,1.38000000
2018-02-26 14:18:10,0.00342400,0.47000000
2018-02-26 14:18:10,0.00342400,0.54000000
2018-02-26 14:18:10,0.00342500,8.76000000
2018-02-26 14:18:10,0.00342500,63.05000000
2018-02-26 14:18:11,0.00342500,29.21000000
2018-02-26 14:18:11,0.00342500,35.60000000
2018-02-26 14:18:13,0.00342400,8.61000000
2018-02-26 14:18:13,0.00342500,20.58000000
2018-02-26 14:18:13,0.00342500,2.91000000
2018-02-26 14:18:14,0.00342500,12.00000000
2018-02-26 14:18:17,0.00342300,19.81000000
2018-02-26 14:18:17,0.00342300,12.57000000
2018-02-26 14:18:19,0.00342300,0.01000000
2018-02-26 14:18:19,0.00342500,0.75000000
2018-02-26 14:18:20,0.00342500,26.19000000
2018-02-26 14:18:24,0.00342400,6.83000000
2018-02-26 14:18:25,0.00342400,1.00000000
2018-02-26 14:18:26,0.00342400,19.35000000
2018-02-26 14:18:31,0.00342400,5.45000000
2018-02-26 14:18:35,0.00342400,2.22000000
2018-02-26 14:18:38,0.00342400,6.56000000
2018-02-26 14:18:39,0.00342400,2.50000000
2018-02-26 14:18:42,0.00342300,17.05000000
2018-02-26 14:18:43,0.00342300,2.44000000
2018-02-26 14:18:45,0.00342400,1.48000000
2018-02-26 14:18:47,0.00342400,1.75000000
2018-02-26 14:18:50,0.00342300,14.97000000
2018-02-26 14:18:52,0.00342300,28.92000000
2018-02-26 14:18:53,0.00342300,2.15000000
2018-02-26 14:18:56,0.00342300,0.18000000
2018-02-26 14:18:58,0.00342300,38.53000000
2018-02-26 14:19:00,0.00342300,15.20000000
2018-02-26 14:19:00,0.00342200,13.68000000
2018-02-26 14:19:06,0.00342300,2.22000000
2018-02-26 14:19:07,0.00342200,0.70000000
2018-02-26 14:19:08,0.00342200,1.97000000
2018-02-26 14:19:09,0.00342200,0.52000000
2018-02-26 14:19:12,0.00342200,2.74000000
2018-02-26 14:19:12,0.00342200,283.65000000
2018-02-26 14:19:12,0.00342300,2.35000000
2018-02-26 14:19:12,0.00342300,1.96000000
2018-02-26 14:19:12,0.00342300,2.36000000
2018-02-26 14:19:12,0.00342300,2.35000000
2018-02-26 14:19:12,0.00342300,1.96000000
2018-02-26 14:19:12,0.00342100,1.95000000
2018-02-26 14:19:14,0.00342300,11.66000000
2018-02-26 14:19:16,0.00342000,1.74000000
2018-02-26 14:19:16,0.00341900,37.21000000
2018-02-26 14:19:16,0.00341800,23.97000000
2018-02-26 14:19:22,0.00342100,0.57000000
2018-02-26 14:19:22,0.00342000,0.95000000
2018-02-26 14:19:22,0.00341800,18.62000000
2018-02-26 14:19:27,0.00342200,30.02000000
2018-02-26 14:19:28,0.00342200,75.03000000
2018-02-26 14:19:30,0.00341800,9.33000000
2018-02-26 14:19:31,0.00342200,25.41000000
2018-02-26 14:19:31,0.00342200,20.42000000
2018-02-26 14:19:33,0.00342100,5.00000000
2018-02-26 14:19:33,0.00342200,0.01000000
2018-02-26 14:19:33,0.00342200,1.74000000
2018-02-26 14:19:33,0.00342000,0.94000000
2018-02-26 14:19:34,0.00342000,7.31000000
2018-02-26 14:19:35,0.00342000,0.01000000
2018-02-26 14:19:35,0.00342200,0.56000000
2018-02-26 14:19:36,0.00342200,29.23000000
2018-02-26 14:19:36,0.00342200,28.14000000
2018-02-26 14:19:37,0.00342200,29.23000000
2018-02-26 14:19:37,0.00342200,60.35000000
2018-02-26 14:19:37,0.00341900,15.21000000
2018-02-26 14:19:40,0.00342100,0.50000000
2018-02-26 14:19:42,0.00341900,89.36000000
2018-02-26 14:19:42,0.00341700,10.65000000
2018-02-26 14:19:42,0.00341600,3.58000000
2018-02-26 14:19:42,0.00341500,111.64000000
2018-02-26 14:19:42,0.00341400,5.27000000
2018-02-26 14:19:42,0.00341300,119.39000000
2018-02-26 14:19:42,0.00341300,36.44000000
2018-02-26 14:19:42,0.00341200,18.83000000
2018-02-26 14:19:42,0.00341200,50.32000000
2018-02-26 14:19:42,0.00342100,0.01000000
2018-02-26 14:19:42,0.00342200,36.57000000
2018-02-26 14:19:42,0.00341800,1.35000000
2018-02-26 14:19:43,0.00341800,1.40000000
2018-02-26 14:19:43,0.00341800,1.06000000
2018-02-26 14:19:44,0.00341800,0.28000000
2018-02-26 14:19:48,0.00341800,5.80000000
2018-02-26 14:19:48,0.00341800,5.11000000
2018-02-26 14:19:48,0.00342000,19.33000000
2018-02-26 14:19:51,0.00342000,0.66000000
2018-02-26 14:19:52,0.00341600,0.81000000
2018-02-26 14:19:52,0.00341500,0.95000000
2018-02-26 14:19:52,0.00341400,35.33000000
2018-02-26 14:19:52,0.00341200,72.80000000
2018-02-26 14:19:52,0.00342000,2.83000000
2018-02-26 14:19:52,0.00342100,7.30000000
2018-02-26 14:19:54,0.00341300,4.68000000
2018-02-26 14:19:55,0.00341800,1.46000000
2018-02-26 14:19:55,0.00341900,6.78000000
2018-02-26 14:19:55,0.00341800,2.91000000
2018-02-26 14:19:56,0.00341800,4.11000000
2018-02-26 14:19:56,0.00341900,5.98000000
2018-02-26 14:19:56,0.00342100,234.15000000
2018-02-26 14:19:57,0.00341400,3.92000000
2018-02-26 14:19:58,0.00342200,0.57000000
2018-02-26 14:19:58,0.00342100,3.92000000
2018-02-26 14:20:00,0.00341500,4.85000000
2018-02-26 14:20:00,0.00341400,179.53000000
2018-02-26 14:20:00,0.00341300,95.32000000
2018-02-26 14:20:00,0.00341200,162.59000000
2018-02-26 14:20:00,0.00341100,112.14000000
2018-02-26 14:20:00,0.00341000,1165.62000000
2018-02-26 14:20:00,0.00341000,12.00000000
2018-02-26 14:20:00,0.00341000,2.41000000
2018-02-26 14:20:00,0.00342100,2.24000000
2018-02-26 14:20:01,0.00342000,1.95000000
2018-02-26 14:20:01,0.00342100,0.35000000
2018-02-26 14:20:02,0.00342000,0.62000000
2018-02-26 14:20:02,0.00342100,0.22000000
2018-02-26 14:20:03,0.00342100,1.36000000
2018-02-26 14:20:03,0.00342100,0.74000000
2018-02-26 14:20:04,0.00342100,8.43000000
2018-02-26 14:20:04,0.00342100,0.06000000
2018-02-26 14:20:07,0.00342100,0.86000000
2018-02-26 14:20:07,0.00342100,9.21000000
2018-02-26 14:20:08,0.00342100,6.60000000
2018-02-26 14:20:09,0.00342100,0.72000000
2018-02-26 14:20:13,0.00342100,0.93000000
2018-02-26 14:20:14,0.00342100,1.75000000
2018-02-26 14:20:14,0.00342100,0.92000000
2018-02-26 14:20:25,0.00342000,1.28000000
2018-02-26 14:20:27,0.00342000,0.14000000
2018-02-26 14:20:28,0.00342000,29.50000000
2018-02-26 14:20:29,0.00341700,0.75000000
2018-02-26 14:20:29,0.00341400,1.65000000
2018-02-26 14:20:30,0.00342000,2.40000000
2018-02-26 14:20:30,0.00342000,0.78000000
2018-02-26 14:20:30,0.00342000,14.39000000
2018-02-26 14:20:33,0.00342000,1.05000000
2018-02-26 14:20:36,0.00342000,3.03000000
2018-02-26 14:20:38,0.00342000,10.87000000
2018-02-26 14:20:44,0.00341600,0.44000000
2018-02-26 14:20:46,0.00341900,1.80000000
2018-02-26 14:20:47,0.00341900,5.04000000
2018-02-26 14:20:52,0.00341900,0.57000000
2018-02-26 14:20:55,0.00341900,0.58000000
2018-02-26 14:20:58,0.00341900,1.75000000
2018-02-26 14:20:59,0.00341900,427.96000000
2018-02-26 14:21:03,0.00341900,0.57000000
2018-02-26 14:21:04,0.00342000,5.94000000
2018-02-26 14:21:05,0.00342000,19.89000000
2018-02-26 14:21:09,0.00342000,18.73000000
2018-02-26 14:21:13,0.00342000,9.69000000
2018-02-26 14:21:13,0.00342000,116.75000000
2018-02-26 14:21:14,0.00341900,2.64000000
2018-02-26 14:21:17,0.00341900,52.48000000
2018-02-26 14:21:17,0.00341600,0.32000000
2018-02-26 14:21:17,0.00341400,2.39000000
2018-02-26 14:21:18,0.00342000,14.61000000
2018-02-26 14:21:18,0.00342000,87.64000000
2018-02-26 14:21:21,0.00341900,0.97000000
2018-02-26 14:21:22,0.00341900,1.04000000
2018-02-26 14:21:23,0.00341900,14.02000000
2018-02-26 14:21:23,0.00341900,0.02000000
2018-02-26 14:21:23,0.00342000,290.83000000
2018-02-26 14:21:24,0.00342000,29.26000000
2018-02-26 14:21:24,0.00342000,22.03000000
2018-02-26 14:21:26,0.00342000,0.35000000
2018-02-26 14:21:28,0.00341900,12.00000000
2018-02-26 14:21:30,0.00342000,10.00000000
2018-02-26 14:21:34,0.00342000,1.97000000
2018-02-26 14:21:35,0.00342000,2.62000000
2018-02-26 14:21:36,0.00342000,0.80000000
2018-02-26 14:21:37,0.00342000,14.21000000
2018-02-26 14:21:46,0.00342000,5.84000000
2018-02-26 14:21:47,0.00342000,3.00000000
2018-02-26 14:21:48,0.00342000,6.00000000
2018-02-26 14:21:51,0.00342000,6.05000000
2018-02-26 14:21:53,0.00342000,0.31000000
2018-02-26 14:21:59,0.00341900,6.77000000
2018-02-26 14:21:59,0.00341800,2.00000000
2018-02-26 14:22:00,0.00341900,2.62000000
2018-02-26 14:22:01,0.00341900,19.87000000
2018-02-26 14:22:02,0.00341900,2.14000000
2018-02-26 14:22:03,0.00341900,4.12000000
2018-02-26 14:22:05,0.00341800,0.55000000
2018-02-26 14:22:05,0.00342000,14.61000000
2018-02-26 14:22:07,0.00342000,0.47000000
2018-02-26 14:22:08,0.00342000,1.00000000
2018-02-26 14:22:08,0.00342000,14.61000000
2018-02-26 14:22:09,0.00342000,0.77000000
2018-02-26 14:22:09,0.00342000,19.10000000
2018-02-26 14:22:09,0.00341900,23.81000000
2018-02-26 14:22:09,0.00342000,117.69000000
2018-02-26 14:22:11,0.00342000,16.48000000
2018-02-26 14:22:12,0.00341800,2.90000000
2018-02-26 14:22:13,0.00342000,0.91000000
2018-02-26 14:22:14,0.00342000,29.25000000
2018-02-26 14:22:14,0.00342000,55.96000000
2018-02-26 14:22:14,0.00342000,5.44000000
2018-02-26 14:22:15,0.00342000,4.55000000
2018-02-26 14:22:17,0.00341800,2.60000000
2018-02-26 14:22:18,0.00342000,14.61000000
2018-02-26 14:22:20,0.00341800,0.57000000
2018-02-26 14:22:22,0.00342000,20.01000000
2018-02-26 14:22:22,0.00342000,13.03000000
2018-02-26 14:22:22,0.00342000,14.61000000
2018-02-26 14:22:24,0.00342000,0.40000000
2018-02-26 14:22:25,0.00342000,4.51000000
2018-02-26 14:22:26,0.00342000,112.78000000
2018-02-26 14:22:26,0.00342000,39.96000000
2018-02-26 14:22:28,0.00342000,0.35000000
2018-02-26 14:22:28,0.00342000,0.57000000
2018-02-26 14:22:30,0.00342000,4.10000000
2018-02-26 14:22:30,0.00342000,4.10000000
2018-02-26 14:22:31,0.00342000,21.94000000
2018-02-26 14:22:31,0.00342000,2.00000000
2018-02-26 14:22:34,0.00342000,9.01000000
2018-02-26 14:22:42,0.00342000,6.00000000
2018-02-26 14:22:46,0.00341900,0.23000000
2018-02-26 14:22:50,0.00342000,54.30000000
2018-02-26 14:22:51,0.00342000,1.59000000
2018-02-26 14:22:54,0.00341900,76.99000000
2018-02-26 14:22:54,0.00341800,76.05000000
2018-02-26 14:22:54,0.00341700,86.72000000
2018-02-26 14:22:59,0.00341900,5.84000000
2018-02-26 14:23:02,0.00341900,32.86000000
2018-02-26 14:23:02,0.00341900,6.00000000
2018-02-26 14:23:06,0.00341900,38.99000000
2018-02-26 14:23:07,0.00342000,29.25000000
2018-02-26 14:23:07,0.00342000,42.17000000
2018-02-26 14:23:07,0.00341800,22.77000000
2018-02-26 14:23:07,0.00341800,20.58000000
2018-02-26 14:23:12,0.00341800,1.76000000
2018-02-26 14:23:18,0.00341800,0.73000000
2018-02-26 14:23:19,0.00341800,27.41000000
2018-02-26 14:23:19,0.00341800,19.03000000
2018-02-26 14:23:21,0.00341700,2.45000000
2018-02-26 14:23:23,0.00341800,1.09000000
2018-02-26 14:23:23,0.00342000,7.05000000
2018-02-26 14:23:24,0.00342000,10.00000000
2018-02-26 14:23:26,0.00342000,0.44000000
2018-02-26 14:23:28,0.00341800,17.50000000
2018-02-26 14:23:28,0.00341800,26.57000000
2018-02-26 14:23:29,0.00341800,20.69000000
2018-02-26 14:23:30,0.00341700,12.70000000
2018-02-26 14:23:31,0.00341800,127.53000000
2018-02-26 14:23:33,0.00341800,0.30000000
2018-02-26 14:23:34,0.00341800,113.28000000
2018-02-26 14:23:34,0.00341800,108.01000000
2018-02-26 14:23:34,0.00341800,21.08000000
2018-02-26 14:23:36,0.00341800,29.26000000
2018-02-26 14:23:36,0.00341800,23.94000000
2018-02-26 14:23:37,0.00341800,7.26000000
2018-02-26 14:23:37,0.00341800,0.47000000
2018-02-26 14:23:38,0.00341800,30.97000000
2018-02-26 14:23:40,0.00341800,1.09000000
2018-02-26 14:23:41,0.00341800,12.67000000
2018-02-26 14:23:42,0.00341800,7.23000000
2018-02-26 14:23:43,0.00341800,81.98000000
2018-02-26 14:23:45,0.00341800,4.51000000
2018-02-26 14:23:46,0.00341800,28.78000000
2018-02-26 14:23:47,0.00341800,14.42000000
2018-02-26 14:23:47,0.00341800,14.42000000
2018-02-26 14:23:47,0.00341900,560.22000000
2018-02-26 14:23:49,0.00342000,8.01000000
2018-02-26 14:23:51,0.00341900,33.97000000
2018-02-26 14:23:54,0.00342000,23.08000000
2018-02-26 14:23:59,0.00342000,2.00000000
2018-02-26 14:23:59,0.00341900,13.74000000
2018-02-26 14:23:59,0.00341800,13.45000000
2018-02-26 14:24:00,0.00341800,2.33000000
2018-02-26 14:24:04,0.00341800,2.14000000
2018-02-26 14:24:05,0.00341900,8.64000000
2018-02-26 14:24:07,0.00341900,25.07000000
2018-02-26 14:24:07,0.00341800,77.43000000
2018-02-26 14:24:11,0.00342000,0.62000000
2018-02-26 14:24:14,0.00341900,4.10000000
2018-02-26 14:24:19,0.00342000,12.51000000
2018-02-26 14:24:19,0.00341900,22.01000000
2018-02-26 14:24:22,0.00342000,15.97000000
2018-02-26 14:24:23,0.00342000,36.27000000
2018-02-26 14:24:25,0.00342000,15.19000000
2018-02-26 14:24:25,0.00342000,0.47000000
2018-02-26 14:24:25,0.00341900,3.52000000
2018-02-26 14:24:25,0.00342000,169.95000000
2018-02-26 14:24:29,0.00342100,38.64000000
2018-02-26 14:24:29,0.00342200,1.72000000
2018-02-26 14:24:31,0.00342200,0.88000000
2018-02-26 14:24:32,0.00342200,0.70000000
2018-02-26 14:24:33,0.00342200,7.89000000
2018-02-26 14:24:33,0.00342300,40.51000000
2018-02-26 14:24:34,0.00342100,9.36000000
2018-02-26 14:24:34,0.00342000,65.65000000
2018-02-26 14:24:37,0.00342300,2.91000000
2018-02-26 14:24:37,0.00342300,0.49000000
2018-02-26 14:24:37,0.00342400,31.94000000
2018-02-26 14:24:37,0.00342400,0.77000000
2018-02-26 14:24:37,0.00342300,2.91000000
2018-02-26 14:24:37,0.00342300,26.10000000
2018-02-26 14:24:38,0.00342300,13.00000000
2018-02-26 14:24:38,0.00342300,1.73000000
2018-02-26 14:24:38,0.00342300,16.00000000
2018-02-26 14:24:38,0.00342300,0.50000000
2018-02-26 14:24:39,0.00342300,6.24000000
2018-02-26 14:24:39,0.00342400,55.35000000
2018-02-26 14:24:40,0.00342400,4.50000000
2018-02-26 14:24:41,0.00342400,3.60000000
2018-02-26 14:24:41,0.00342400,11.73000000
2018-02-26 14:24:42,0.00342400,5.08000000
2018-02-26 14:24:42,0.00342400,2.67000000
2018-02-26 14:24:43,0.00342400,17.60000000
2018-02-26 14:24:43,0.00342400,3.20000000
2018-02-26 14:24:43,0.00342400,0.84000000
2018-02-26 14:24:43,0.00342400,0.66000000
2018-02-26 14:24:45,0.00342400,0.70000000
2018-02-26 14:24:45,0.00342400,5.23000000
2018-02-26 14:24:46,0.00342400,0.59000000
2018-02-26 14:24:46,0.00342400,0.98000000
2018-02-26 14:24:46,0.00342400,60.25000000
2018-02-26 14:24:47,0.00342400,0.76000000
2018-02-26 14:24:47,0.00342500,25.00000000
2018-02-26 14:24:47,0.00342500,0.50000000
2018-02-26 14:24:48,0.00342400,20.70000000
2018-02-26 14:24:48,0.00342300,82.89000000
2018-02-26 14:24:48,0.00342200,39.35000000
2018-02-26 14:24:51,0.00342500,1.66000000
2018-02-26 14:24:52,0.00342500,3.24000000
2018-02-26 14:24:52,0.00342700,80.04000000
2018-02-26 14:24:54,0.00342700,27.60000000
2018-02-26 14:24:56,0.00342700,4.88000000
2018-02-26 14:24:56,0.00342300,0.61000000
2018-02-26 14:24:58,0.00342700,0.44000000
2018-02-26 14:24:59,0.00342700,5.72000000
2018-02-26 14:24:59,0.00342700,51.55000000
2018-02-26 14:24:59,0.00342900,57.45000000
2018-02-26 14:25:02,0.00343000,2.80000000
2018-02-26 14:25:03,0.00343000,8.38000000
2018-02-26 14:25:03,0.00343000,2.54000000
2018-02-26 14:25:04,0.00343000,5.43000000
2018-02-26 14:25:04,0.00342500,2.00000000
2018-02-26 14:25:04,0.00343000,4.62000000
2018-02-26 14:25:04,0.00343000,1.28000000
2018-02-26 14:25:04,0.00343000,1.61000000
2018-02-26 14:25:05,0.00343100,2.97000000
2018-02-26 14:25:05,0.00342800,7.95000000
2018-02-26 14:25:05,0.00343000,1.66000000
2018-02-26 14:25:05,0.00343000,0.34000000
2018-02-26 14:25:05,0.00343100,0.80000000
2018-02-26 14:25:06,0.00343100,2.16000000
2018-02-26 14:25:07,0.00343100,0.41000000
2018-02-26 14:25:08,0.00342800,2.97000000
2018-02-26 14:25:08,0.00343100,0.89000000
2018-02-26 14:25:09,0.00343100,1.05000000
2018-02-26 14:25:09,0.00343100,2.14000000
2018-02-26 14:25:09,0.00343100,31.16000000
2018-02-26 14:25:10,0.00343100,4.49000000
2018-02-26 14:25:11,0.00342800,5.29000000
2018-02-26 14:25:11,0.00342500,4.00000000
2018-02-26 14:25:11,0.00343200,0.70000000
2018-02-26 14:25:12,0.00343200,1.17000000
2018-02-26 14:25:13,0.00343200,1.38000000
2018-02-26 14:25:14,0.00343200,1.17000000
2018-02-26 14:25:15,0.00343200,0.66000000
2018-02-26 14:25:15,0.00343200,0.71000000
2018-02-26 14:25:16,0.00343200,12.18000000
2018-02-26 14:25:16,0.00342700,25.60000000
2018-02-26 14:25:16,0.00342600,238.90000000
2018-02-26 14:25:17,0.00343300,1.17000000
2018-02-26 14:25:17,0.00343200,0.62000000
2018-02-26 14:25:18,0.00343100,0.64000000
2018-02-26 14:25:19,0.00342600,10.00000000
2018-02-26 14:25:20,0.00343000,1.17000000
2018-02-26 14:25:20,0.00342900,0.51000000
2018-02-26 14:25:21,0.00342600,2.28000000
2018-02-26 14:25:22,0.00342800,1.17000000
2018-02-26 14:25:22,0.00342600,0.99000000
2018-02-26 14:25:24,0.00342600,2.75000000
2018-02-26 14:25:24,0.00342700,1.17000000
2018-02-26 14:25:26,0.00342700,12.40000000
2018-02-26 14:25:26,0.00342700,1.17000000
2018-02-26 14:25:27,0.00342700,23.24000000
2018-02-26 14:25:27,0.00342600,17.20000000
2018-02-26 14:25:28,0.00342700,1.17000000
2018-02-26 14:25:31,0.00342700,5.02000000
2018-02-26 14:25:33,0.00342700,1.17000000
2018-02-26 14:25:33,0.00342700,0.67000000
2018-02-26 14:25:34,0.00342600,0.32000000
2018-02-26 14:25:35,0.00342700,1.42000000
2018-02-26 14:25:36,0.00342600,6.00000000
2018-02-26 14:25:37,0.00342700,1.42000000
2018-02-26 14:25:38,0.00342700,4.64000000
2018-02-26 14:25:40,0.00342700,12.99000000
2018-02-26 14:25:40,0.00342700,1.17000000
2018-02-26 14:25:41,0.00342600,3.90000000
2018-02-26 14:25:42,0.00342700,1.28000000
2018-02-26 14:25:42,0.00342700,35.20000000
2018-02-26 14:25:44,0.00343000,1.17000000
2018-02-26 14:25:45,0.00343000,21.47000000
2018-02-26 14:25:45,0.00343100,14.53000000
2018-02-26 14:25:46,0.00343100,1.17000000
2018-02-26 14:25:48,0.00343100,1.17000000
2018-02-26 14:25:50,0.00343100,25.95000000
2018-02-26 14:25:50,0.00342700,19.69000000
2018-02-26 14:25:51,0.00343100,7.78000000
2018-02-26 14:25:51,0.00343100,3.88000000
2018-02-26 14:25:53,0.00343100,11.65000000
2018-02-26 14:25:55,0.00343100,227.32000000
2018-02-26 14:25:55,0.00343200,11.68000000
2018-02-26 14:25:56,0.00343100,0.67000000
2018-02-26 14:25:56,0.00343100,5.99000000
2018-02-26 14:25:57,0.00342800,1.16000000
2018-02-26 14:25:57,0.00343200,1.35000000
2018-02-26 14:25:58,0.00343200,67.11000000
2018-02-26 14:25:59,0.00342800,243.36000000
2018-02-26 14:25:59,0.00343200,4.11000000
2018-02-26 14:26:01,0.00343100,77.05000000
2018-02-26 14:26:02,0.00343200,54.05000000
2018-02-26 14:26:03,0.00343100,0.01000000
2018-02-26 14:26:03,0.00342800,244.67000000
2018-02-26 14:26:06,0.00342800,114.01000000
2018-02-26 14:26:07,0.00343100,1.17000000
2018-02-26 14:26:08,0.00342800,0.01000000
2018-02-26 14:26:08,0.00342700,0.79000000
2018-02-26 14:26:09,0.00343100,8.04000000
2018-02-26 14:26:10,0.00342700,90.88000000
2018-02-26 14:26:11,0.00343100,53.52000000
2018-02-26 14:26:11,0.00343200,36.48000000
2018-02-26 14:26:11,0.00342700,64.19000000
2018-02-26 14:26:12,0.00342700,61.50000000
2018-02-26 14:26:12,0.00342600,107.99000000
2018-02-26 14:26:15,0.00342700,2.32000000
2018-02-26 14:26:15,0.00343100,2.68000000
2018-02-26 14:26:16,0.00343100,2.24000000
2018-02-26 14:26:21,0.00342800,0.89000000
2018-02-26 14:26:21,0.00342800,1.92000000
2018-02-26 14:26:22,0.00342800,8.36000000
2018-02-26 14:26:22,0.00342800,4.00000000
2018-02-26 14:26:22,0.00343100,1.48000000
2018-02-26 14:26:22,0.00342700,2.33000000
2018-02-26 14:26:24,0.00342600,2.79000000
2018-02-26 14:26:24,0.00342400,4.65000000
2018-02-26 14:26:25,0.00342400,2.46000000
2018-02-26 14:26:26,0.00343000,5.83000000
2018-02-26 14:26:29,0.00343000,4.08000000
2018-02-26 14:26:32,0.00343000,2.82000000
2018-02-26 14:26:32,0.00342900,1.40000000
2018-02-26 14:26:33,0.00342700,23.34000000
2018-02-26 14:26:33,0.00342900,2.77000000
2018-02-26 14:26:33,0.00342700,20.55000000
2018-02-26 14:26:33,0.00342500,23.16000000
2018-02-26 14:26:36,0.00342900,4.28000000
2018-02-26 14:26:36,0.00343000,4.29000000
2018-02-26 14:26:37,0.00343000,11.43000000
2018-02-26 14:26:38,0.00342500,15.00000000
2018-02-26 14:26:39,0.00342500,3.00000000
2018-02-26 14:26:39,0.00342500,18.48000000
2018-02-26 14:26:39,0.00342400,6.51000000
2018-02-26 14:26:39,0.00342400,8.75000000
2018-02-26 14:26:39,0.00342400,8.75000000
2018-02-26 14:26:41,0.00342300,8.76000000
2018-02-26 14:26:41,0.00342300,8.76000000
2018-02-26 14:26:41,0.00342400,1.38000000
2018-02-26 14:26:42,0.00342400,12.63000000
2018-02-26 14:26:42,0.00342300,5.61000000
2018-02-26 14:26:47,0.00342300,0.96000000
2018-02-26 14:26:48,0.00342300,28.76000000
2018-02-26 14:26:49,0.00342300,0.88000000
2018-02-26 14:26:50,0.00342300,1.50000000
2018-02-26 14:26:50,0.00342200,11.00000000
2018-02-26 14:26:50,0.00342000,8.55000000
2018-02-26 14:26:52,0.00342000,0.85000000
2018-02-26 14:26:52,0.00342300,0.52000000
2018-02-26 14:26:54,0.00342300,1.17000000
2018-02-26 14:26:54,0.00342300,2.40000000
2018-02-26 14:26:56,0.00342300,1.17000000
2018-02-26 14:26:57,0.00342000,2.63000000
2018-02-26 14:26:57,0.00341900,0.86000000
2018-02-26 14:26:57,0.00342300,2.30000000
2018-02-26 14:26:58,0.00342300,1.76000000
2018-02-26 14:27:00,0.00342300,11.69000000
2018-02-26 14:27:03,0.00342300,5.98000000
2018-02-26 14:27:05,0.00342300,1.69000000
2018-02-26 14:27:05,0.00342300,9.69000000
2018-02-26 14:27:07,0.00342300,2.40000000
2018-02-26 14:27:07,0.00342300,7.73000000
2018-02-26 14:27:10,0.00342300,1.50000000
2018-02-26 14:27:12,0.00342300,0.59000000
2018-02-26 14:27:14,0.00342500,1.17000000
2018-02-26 14:27:15,0.00342500,2.30000000
2018-02-26 14:27:16,0.00342300,0.58000000
2018-02-26 14:27:16,0.00342000,7.51000000
2018-02-26 14:27:16,0.00342500,1.17000000
2018-02-26 14:27:18,0.00342500,1.17000000
2018-02-26 14:27:21,0.00342500,1.17000000
2018-02-26 14:27:21,0.00342500,2.40000000
2018-02-26 14:27:23,0.00342500,2.30000000
2018-02-26 14:27:23,0.00342500,6.36000000
2018-02-26 14:27:23,0.00342000,78.34000000
2018-02-26 14:27:23,0.00341900,63.02000000
2018-02-26 14:27:25,0.00342600,2.91000000
2018-02-26 14:27:30,0.00342600,54.09000000
2018-02-26 14:27:31,0.00342300,1.42000000
2018-02-26 14:27:39,0.00342400,21.00000000
2018-02-26 14:27:40,0.00342500,1.07000000
2018-02-26 14:27:40,0.00342600,8.76000000
2018-02-26 14:27:40,0.00342600,5.00000000
2018-02-26 14:27:41,0.00342600,1.17000000
2018-02-26 14:27:47,0.00342600,0.69000000
2018-02-26 14:27:50,0.00342600,0.45000000
2018-02-26 14:27:51,0.00342600,5.30000000
2018-02-26 14:27:53,0.00342400,14.98000000
2018-02-26 14:27:58,0.00342400,0.52000000
2018-02-26 14:27:58,0.00342600,0.75000000
2018-02-26 14:28:00,0.00342400,0.52000000
2018-02-26 14:28:02,0.00342600,5.11000000
2018-02-26 14:28:02,0.00342400,29.91000000
2018-02-26 14:28:03,0.00342600,1.50000000
2018-02-26 14:28:06,0.00342600,3.18000000
2018-02-26 14:28:10,0.00342600,2.39000000
2018-02-26 14:28:10,0.00342600,1.22000000
2018-02-26 14:28:13,0.00342600,26.08000000
2018-02-26 14:28:21,0.00342600,10.00000000
2018-02-26 14:28:21,0.00342600,11.67000000
2018-02-26 14:28:22,0.00342400,0.22000000
2018-02-26 14:28:22,0.00342300,6.31000000
2018-02-26 14:28:23,0.00342300,25.00000000
2018-02-26 14:28:23,0.00342600,0.49000000
2018-02-26 14:28:25,0.00342700,1.17000000
2018-02-26 14:28:27,0.00342600,3.36000000
2018-02-26 14:28:27,0.00342600,2.20000000
2018-02-26 14:28:30,0.00342600,2.91000000
2018-02-26 14:28:30,0.00342600,1.17000000
2018-02-26 14:28:30,0.00342600,2.30000000
2018-02-26 14:28:33,0.00342400,8.76000000
2018-02-26 14:28:33,0.00342600,3.41000000
2018-02-26 14:28:34,0.00342400,10.16000000
2018-02-26 14:28:34,0.00342300,7.84000000
2018-02-26 14:28:35,0.00342600,14.15000000
2018-02-26 14:28:36,0.00342600,1.17000000
2018-02-26 14:28:38,0.00342600,1.17000000
2018-02-26 14:28:40,0.00342600,1.17000000
2018-02-26 14:28:41,0.00342600,0.64000000
2018-02-26 14:28:44,0.00342600,20.90000000
2018-02-26 14:28:44,0.00342300,10.00000000
2018-02-26 14:28:45,0.00342300,78.87000000
2018-02-26 14:28:52,0.00342300,40.89000000
2018-02-26 14:28:53,0.00342300,15.75000000
2018-02-26 14:29:05,0.00342300,11.68000000
2018-02-26 14:29:07,0.00342600,11.68000000
2018-02-26 14:29:08,0.00342600,0.16000000
2018-02-26 14:29:09,0.00342300,2.70000000
2018-02-26 14:29:09,0.00342600,11.68000000
2018-02-26 14:29:10,0.00342500,3.79000000
2018-02-26 14:29:12,0.00342500,5.58000000
2018-02-26 14:29:14,0.00342300,2.10000000
2018-02-26 14:29:14,0.00342500,3.80000000
2018-02-26 14:29:16,0.00342500,3.80000000
2018-02-26 14:29:18,0.00342500,3.24000000
2018-02-26 14:29:20,0.00342500,1.34000000
2018-02-26 14:29:22,0.00342300,2.95000000
2018-02-26 14:29:23,0.00342300,26.29000000
2018-02-26 14:29:24,0.00342500,5.83000000
2018-02-26 14:29:24,0.00342300,28.90000000
2018-02-26 14:29:24,0.00342100,19.50000000
2018-02-26 14:29:30,0.00342500,2.91000000
2018-02-26 14:29:33,0.00342500,8.12000000
2018-02-26 14:29:34,0.00342500,2.91000000
2018-02-26 14:29:38,0.00342500,2.91000000
2018-02-26 14:29:41,0.00342500,35.61000000
2018-02-26 14:29:41,0.00342500,5.91000000
2018-02-26 14:29:44,0.00342400,5.83000000
2018-02-26 14:29:50,0.00342400,7.24000000
2018-02-26 14:29:56,0.00342400,2.70000000
2018-02-26 14:29:56,0.00342400,2.00000000
2018-02-26 14:29:59,0.00342100,44.18000000
2018-02-26 14:30:02,0.00342200,0.34000000
2018-02-26 14:30:02,0.00342200,14.50000000
2018-02-26 14:30:05,0.00342100,55.31000000
2018-02-26 14:30:06,0.00342200,9.04000000
2018-02-26 14:30:07,0.00342200,9.61000000
2018-02-26 14:30:09,0.00342200,3.03000000
2018-02-26 14:30:09,0.00342200,1.46000000
2018-02-26 14:30:11,0.00342200,6.25000000
2018-02-26 14:30:15,0.00342200,2.39000000
2018-02-26 14:30:16,0.00342200,1.50000000
2018-02-26 14:30:17,0.00342200,0.47000000
2018-02-26 14:30:17,0.00342200,3.64000000
2018-02-26 14:30:17,0.00342400,14.28000000
2018-02-26 14:30:17,0.00342500,10.90000000
2018-02-26 14:30:17,0.00342600,3.18000000
2018-02-26 14:30:20,0.00342200,79.34000000
2018-02-26 14:30:22,0.00342600,40.94000000
2018-02-26 14:30:22,0.00342700,34.71000000
2018-02-26 14:30:23,0.00342700,3.56000000
2018-02-26 14:30:25,0.00342700,46.73000000
2018-02-26 14:30:25,0.00342700,1.95000000
2018-02-26 14:30:25,0.00342700,39.06000000
2018-02-26 14:30:30,0.00342400,7.05000000
2018-02-26 14:30:31,0.00342400,0.37000000
2018-02-26 14:30:31,0.00342400,0.60000000
2018-02-26 14:30:32,0.00342400,0.02000000
2018-02-26 14:30:34,0.00342400,3.99000000
2018-02-26 14:30:34,0.00342400,11.68000000
2018-02-26 14:30:35,0.00342400,60.11000000
2018-02-26 14:30:35,0.00342600,4.00000000
2018-02-26 14:30:36,0.00342600,183.46000000
2018-02-26 14:30:39,0.00342400,1.15000000
2018-02-26 14:30:39,0.00342200,2.02000000
2018-02-26 14:30:39,0.00342000,4.00000000
2018-02-26 14:30:40,0.00342400,0.50000000
2018-02-26 14:30:40,0.00342000,0.79000000
2018-02-26 14:30:40,0.00342000,5.84000000
2018-02-26 14:30:40,0.00342400,1.35000000
2018-02-26 14:30:40,0.00342600,4.49000000
2018-02-26 14:30:40,0.00342600,1.50000000
2018-02-26 14:30:46,0.00342600,5.25000000
2018-02-26 14:30:55,0.00342200,1.80000000
2018-02-26 14:30:55,0.00342600,2.40000000
2018-02-26 14:30:57,0.00342600,48.48000000
2018-02-26 14:30:57,0.00342300,0.70000000
2018-02-26 14:30:58,0.00342600,2.30000000
2018-02-26 14:30:58,0.00342300,43.82000000
2018-02-26 14:30:59,0.00342600,2.91000000
2018-02-26 14:31:00,0.00342600,2.40000000
2018-02-26 14:31:00,0.00342300,0.70000000
2018-02-26 14:31:02,0.00342300,17.61000000
2018-02-26 14:31:03,0.00342300,23.00000000
2018-02-26 14:31:03,0.00342200,0.22000000
2018-02-26 14:31:04,0.00342200,5.84000000
2018-02-26 14:31:05,0.00342600,2.50000000
2018-02-26 14:31:09,0.00342400,7.63000000
2018-02-26 14:31:11,0.00342600,27.15000000
2018-02-26 14:31:12,0.00342300,12.37000000
2018-02-26 14:31:12,0.00342100,14.97000000
2018-02-26 14:31:12,0.00342700,0.43000000
2018-02-26 14:31:13,0.00342100,56.76000000
2018-02-26 14:31:19,0.00342600,15.13000000
2018-02-26 14:31:19,0.00342300,24.58000000
2018-02-26 14:31:19,0.00342200,26.33000000
2018-02-26 14:31:19,0.00342100,167.18000000
2018-02-26 14:31:20,0.00342100,15.70000000
2018-02-26 14:31:22,0.00342600,2.40000000
2018-02-26 14:31:24,0.00342600,1.43000000
2018-02-26 14:31:26,0.00342600,1.43000000
2018-02-26 14:31:27,0.00342600,7.32000000
2018-02-26 14:31:27,0.00342600,1.50000000
2018-02-26 14:31:29,0.00342600,14.16000000
2018-02-26 14:31:35,0.00342600,0.20000000
2018-02-26 14:31:36,0.00342600,26.26000000
2018-02-26 14:31:37,0.00342700,13.01000000
2018-02-26 14:31:37,0.00342600,26.83000000
2018-02-26 14:31:37,0.00342300,9.55000000
2018-02-26 14:31:37,0.00342300,9.56000000
2018-02-26 14:31:38,0.00342300,2.54000000
2018-02-26 14:31:38,0.00342300,0.01000000
2018-02-26 14:31:49,0.00342600,4.57000000
2018-02-26 14:31:49,0.00342500,1.20000000
2018-02-26 14:31:55,0.00342600,11.66000000
2018-02-26 14:31:57,0.00342600,15.00000000
2018-02-26 14:32:02,0.00342500,5.83000000
2018-02-26 14:32:05,0.00342500,7.14000000
2018-02-26 14:32:06,0.00342400,19.87000000
2018-02-26 14:32:07,0.00342400,1.43000000
2018-02-26 14:32:10,0.00342400,1.50000000
2018-02-26 14:32:10,0.00342400,1.17000000
2018-02-26 14:32:12,0.00342400,1.43000000
2018-02-26 14:32:12,0.00342400,0.70000000
2018-02-26 14:32:18,0.00342400,26.74000000
2018-02-26 14:32:18,0.00342500,41.11000000
2018-02-26 14:32:23,0.00342500,1.17000000
2018-02-26 14:32:23,0.00342500,2.45000000
2018-02-26 14:32:24,0.00342500,1.69000000
2018-02-26 14:32:24,0.00342500,4.97000000
2018-02-26 14:32:25,0.00342500,1.54000000
2018-02-26 14:32:25,0.00342500,1.17000000
2018-02-26 14:32:26,0.00342500,1.28000000
2018-02-26 14:32:27,0.00342500,1.17000000
2018-02-26 14:32:28,0.00342500,76.85000000
2018-02-26 14:32:29,0.00342500,1.17000000
2018-02-26 14:32:32,0.00342500,4.45000000
2018-02-26 14:32:33,0.00342500,3.30000000
2018-02-26 14:32:35,0.00342500,2.77000000
2018-02-26 14:32:37,0.00342500,1.01000000
2018-02-26 14:32:38,0.00342600,1.51000000
2018-02-26 14:32:40,0.00342600,1.51000000
2018-02-26 14:32:41,0.00342400,13.85000000
2018-02-26 14:32:42,0.00342600,8.03000000
2018-02-26 14:32:44,0.00342600,1.17000000
2018-02-26 14:32:46,0.00342600,0.43000000
2018-02-26 14:32:47,0.00342600,1.17000000
2018-02-26 14:32:50,0.00342600,148.21000000
2018-02-26 14:32:54,0.00342700,1.93000000
2018-02-26 14:33:00,0.00342600,177.28000000
2018-02-26 14:33:02,0.00342700,10.00000000
2018-02-26 14:33:06,0.00342700,0.47000000
2018-02-26 14:33:06,0.00342600,2.63000000
2018-02-26 14:33:07,0.00342700,3.34000000
2018-02-26 14:33:07,0.00342700,1.08000000
2018-02-26 14:33:07,0.00342700,83.15000000
2018-02-26 14:33:10,0.00342800,0.68000000
2018-02-26 14:33:11,0.00342700,3.65000000
2018-02-26 14:33:13,0.00342700,1.24000000
2018-02-26 14:33:13,0.00342600,4.83000000
2018-02-26 14:33:22,0.00342600,1.00000000
2018-02-26 14:33:24,0.00342800,1.26000000
2018-02-26 14:33:25,0.00342600,0.27000000
2018-02-26 14:33:26,0.00342800,1.06000000
2018-02-26 14:33:26,0.00343000,1.85000000
2018-02-26 14:33:31,0.00343000,0.61000000
2018-02-26 14:33:32,0.00343000,1.76000000
2018-02-26 14:33:45,0.00342700,2.55000000
2018-02-26 14:33:46,0.00343000,0.78000000
2018-02-26 14:33:50,0.00343000,0.39000000
2018-02-26 14:33:50,0.00342700,0.48000000
2018-02-26 14:33:52,0.00343100,9.01000000
2018-02-26 14:33:53,0.00342700,0.65000000
2018-02-26 14:33:53,0.00342700,5.83000000
2018-02-26 14:33:54,0.00343100,9.01000000
