DATE,PRICE,VOLUME
2018-02-28 07:00:00,0.00323900,0.93000000
2018-02-28 07:00:03,0.00323900,13.74000000
2018-02-28 07:00:08,0.00323600,44.22000000
2018-02-28 07:00:08,0.00323500,68.75000000
2018-02-28 07:00:08,0.00323400,0.61000000
2018-02-28 07:00:08,0.00323200,6.18000000
2018-02-28 07:00:08,0.00322900,23.27000000
2018-02-28 07:00:08,0.00322800,1.91000000
2018-02-28 07:00:08,0.00322600,16.01000000
2018-02-28 07:00:08,0.00322500,9.00000000
2018-02-28 07:00:08,0.00322400,16.69000000
2018-02-28 07:00:08,0.00322300,4.64000000
2018-02-28 07:00:08,0.00322200,109.52000000
2018-02-28 07:00:22,0.00322600,245.62000000
2018-02-28 07:00:23,0.00322600,6.50000000
2018-02-28 07:00:23,0.00322600,8.51000000
2018-02-28 07:00:23,0.00322600,2.40000000
2018-02-28 07:00:23,0.00322600,4.12000000
2018-02-28 07:00:23,0.00322600,15.50000000
2018-02-28 07:00:23,0.00322600,162.64000000
2018-02-28 07:00:31,0.00323300,5.94000000
2018-02-28 07:00:33,0.00323300,2.13000000
2018-02-28 07:00:46,0.00323200,2.75000000
2018-02-28 07:00:56,0.00323900,2.31000000
2018-02-28 07:01:09,0.00323900,3.32000000
2018-02-28 07:01:10,0.00323100,9.28000000
2018-02-28 07:01:10,0.00323000,1.50000000
2018-02-28 07:01:10,0.00322900,1.07000000
2018-02-28 07:01:10,0.00322800,16.12000000
2018-02-28 07:01:11,0.00323800,2.31000000
2018-02-28 07:01:14,0.00323500,1.88000000
2018-02-28 07:01:15,0.00323500,23.75000000
2018-02-28 07:01:21,0.00323600,1.54000000
2018-02-28 07:01:21,0.00323700,2.46000000
2018-02-28 07:01:37,0.00323700,6.17000000
2018-02-28 07:01:43,0.00323700,5.00000000
2018-02-28 07:01:45,0.00323700,1.17000000
2018-02-28 07:01:46,0.00323800,3.08000000
2018-02-28 07:01:46,0.00323900,81.30000000
2018-02-28 07:01:53,0.00323700,3.00000000
2018-02-28 07:01:57,0.00323900,146.05000000
2018-02-28 07:02:05,0.00323800,3.17000000
2018-02-28 07:02:05,0.00323800,9.15000000
2018-02-28 07:02:05,0.00323800,1.50000000
2018-02-28 07:02:06,0.00323700,1.36000000
2018-02-28 07:02:10,0.00323800,3.88000000
2018-02-28 07:02:11,0.00323800,1.96000000
2018-02-28 07:02:12,0.00323900,17.32000000
2018-02-28 07:02:22,0.00323900,0.80000000
2018-02-28 07:02:26,0.00323900,57.82000000
2018-02-28 07:02:28,0.00323900,9.22000000
2018-02-28 07:02:28,0.00324000,10.06000000
2018-02-28 07:02:33,0.00324000,30.71000000
2018-02-28 07:02:36,0.00323800,0.02000000
2018-02-28 07:02:37,0.00324000,3.08000000
2018-02-28 07:02:39,0.00323800,1.29000000
2018-02-28 07:02:41,0.00324000,66.15000000
2018-02-28 07:02:41,0.00324000,3.85000000
2018-02-28 07:02:43,0.00323800,2.65000000
2018-02-28 07:02:45,0.00323900,0.46000000
2018-02-28 07:02:45,0.00323800,43.23000000
2018-02-28 07:02:46,0.00323800,5.05000000
2018-02-28 07:02:46,0.00323700,2.91000000
2018-02-28 07:02:55,0.00323700,1.07000000
2018-02-28 07:02:58,0.00323700,13.27000000
2018-02-28 07:03:01,0.00323800,1.13000000
2018-02-28 07:03:04,0.00323700,27.34000000
2018-02-28 07:03:04,0.00323600,190.78000000
2018-02-28 07:03:04,0.00323600,3.74000000
2018-02-28 07:03:05,0.00323600,4.52000000
2018-02-28 07:03:05,0.00323600,7.15000000
2018-02-28 07:03:06,0.00323600,5.90000000
2018-02-28 07:03:06,0.00323500,1.33000000
2018-02-28 07:03:16,0.00323500,1.54000000
2018-02-28 07:03:17,0.00323600,1.00000000
2018-02-28 07:03:18,0.00323500,4.27000000
2018-02-28 07:03:20,0.00323500,10.00000000
2018-02-28 07:03:20,0.00323500,34.86000000
2018-02-28 07:03:26,0.00323500,6.39000000
2018-02-28 07:03:29,0.00323600,10.48000000
2018-02-28 07:03:29,0.00323800,0.16000000
2018-02-28 07:03:29,0.00323900,25.36000000
2018-02-28 07:03:40,0.00323600,6.39000000
2018-02-28 07:03:42,0.00323600,1.29000000
2018-02-28 07:03:43,0.00323600,12.22000000
2018-02-28 07:03:43,0.00323600,3.27000000
2018-02-28 07:03:43,0.00323800,25.73000000
2018-02-28 07:03:43,0.00323900,7.02000000
2018-02-28 07:03:56,0.00323600,2.70000000
2018-02-28 07:04:03,0.00323900,3.08000000
2018-02-28 07:04:22,0.00323900,2.50000000
2018-02-28 07:04:22,0.00323600,0.32000000
2018-02-28 07:04:25,0.00323900,4.55000000
2018-02-28 07:04:26,0.00323900,7.72000000
2018-02-28 07:04:35,0.00323900,16.70000000
2018-02-28 07:04:35,0.00324000,15.30000000
2018-02-28 07:04:35,0.00324000,40.00000000
2018-02-28 07:04:35,0.00324000,20.33000000
2018-02-28 07:04:43,0.00324200,25.65000000
2018-02-28 07:04:46,0.00324200,9.05000000
2018-02-28 07:04:50,0.00324300,2.30000000
2018-02-28 07:04:52,0.00324300,2.40000000
2018-02-28 07:04:52,0.00324300,3.48000000
2018-02-28 07:04:54,0.00324100,12.16000000
2018-02-28 07:04:54,0.00323900,25.69000000
2018-02-28 07:04:54,0.00323800,15.86000000
2018-02-28 07:04:54,0.00324200,2.40000000
2018-02-28 07:04:57,0.00324100,2.40000000
2018-02-28 07:04:59,0.00324100,2.40000000
2018-02-28 07:05:01,0.00324100,20.89000000
2018-02-28 07:05:01,0.00324200,4.56000000
2018-02-28 07:05:01,0.00324300,2.40000000
2018-02-28 07:05:03,0.00324300,26.61000000
2018-02-28 07:05:04,0.00324300,10.58000000
2018-02-28 07:05:07,0.00324300,41.85000000
2018-02-28 07:05:11,0.00324300,33.66000000
2018-02-28 07:05:11,0.00324200,119.97000000
2018-02-28 07:05:13,0.00324500,1.30000000
2018-02-28 07:05:13,0.00324700,31.04000000
2018-02-28 07:05:13,0.00325000,0.22000000
2018-02-28 07:05:16,0.00325000,10.77000000
2018-02-28 07:05:17,0.00324300,1.00000000
2018-02-28 07:05:18,0.00325000,1.26000000
2018-02-28 07:05:19,0.00324900,0.30000000
2018-02-28 07:05:25,0.00324900,0.70000000
2018-02-28 07:05:25,0.00325000,1.39000000
2018-02-28 07:05:28,0.00324300,35.11000000
2018-02-28 07:05:28,0.00324200,7.64000000
2018-02-28 07:05:32,0.00324700,2.30000000
2018-02-28 07:05:35,0.00324700,2.90000000
2018-02-28 07:05:37,0.00324200,10.00000000
2018-02-28 07:05:37,0.00324700,2.90000000
2018-02-28 07:05:39,0.00324700,2.90000000
2018-02-28 07:05:39,0.00324300,0.50000000
2018-02-28 07:05:39,0.00324300,1.00000000
2018-02-28 07:05:40,0.00324300,0.38000000
2018-02-28 07:05:41,0.00324300,1.00000000
2018-02-28 07:05:41,0.00324300,2.40000000
2018-02-28 07:05:42,0.00324300,8.39000000
2018-02-28 07:05:43,0.00324300,2.20000000
2018-02-28 07:05:43,0.00324300,1.00000000
2018-02-28 07:05:44,0.00324200,0.50000000
2018-02-28 07:05:44,0.00324200,14.12000000
2018-02-28 07:05:44,0.00324200,28.60000000
2018-02-28 07:05:44,0.00324200,1.29000000
2018-02-28 07:05:45,0.00324200,0.50000000
2018-02-28 07:05:46,0.00324200,3.47000000
2018-02-28 07:05:46,0.00324200,82.93000000
2018-02-28 07:05:47,0.00324200,2.29000000
2018-02-28 07:05:47,0.00324200,9.07000000
2018-02-28 07:05:48,0.00324200,247.00000000
2018-02-28 07:05:48,0.00324200,84.43000000
2018-02-28 07:05:48,0.00324500,2.40000000
2018-02-28 07:05:49,0.00324200,17.70000000
2018-02-28 07:05:49,0.00324200,15.46000000
2018-02-28 07:05:50,0.00324200,13.17000000
2018-02-28 07:05:50,0.00324200,40.00000000
2018-02-28 07:05:50,0.00324200,70.00000000
2018-02-28 07:05:50,0.00324200,21.32000000
2018-02-28 07:05:51,0.00324500,2.40000000
2018-02-28 07:05:51,0.00324200,33.47000000
2018-02-28 07:05:51,0.00324100,1.85000000
2018-02-28 07:05:51,0.00323900,0.61000000
2018-02-28 07:05:52,0.00323700,15.46000000
2018-02-28 07:05:53,0.00324500,2.30000000
2018-02-28 07:05:54,0.00324300,54.73000000
2018-02-28 07:05:54,0.00324300,42.08000000
2018-02-28 07:05:54,0.00324500,2.30000000
2018-02-28 07:05:55,0.00324300,0.50000000
2018-02-28 07:05:55,0.00324300,2.81000000
2018-02-28 07:05:55,0.00324500,5.00000000
2018-02-28 07:05:56,0.00324500,2.30000000
2018-02-28 07:05:56,0.00324300,10.80000000
2018-02-28 07:05:56,0.00324300,53.10000000
2018-02-28 07:05:56,0.00324200,13.83000000
2018-02-28 07:05:56,0.00323700,34.27000000
2018-02-28 07:05:56,0.00323300,0.69000000
2018-02-28 07:05:56,0.00323100,4.31000000
2018-02-28 07:05:57,0.00324200,2.40000000
2018-02-28 07:05:58,0.00324200,2.30000000
2018-02-28 07:05:59,0.00324200,2.40000000
2018-02-28 07:06:00,0.00324200,2.30000000
2018-02-28 07:06:00,0.00324200,52.75000000
2018-02-28 07:06:01,0.00324200,2.30000000
2018-02-28 07:06:03,0.00324200,2.20000000
2018-02-28 07:06:04,0.00324200,2.50000000
2018-02-28 07:06:05,0.00324100,2.20000000
2018-02-28 07:06:07,0.00324100,2.20000000
2018-02-28 07:06:10,0.00324100,2.30000000
2018-02-28 07:06:11,0.00323400,3.09000000
2018-02-28 07:06:11,0.00323400,6.18000000
2018-02-28 07:06:12,0.00323300,0.50000000
2018-02-28 07:06:12,0.00323300,0.83000000
2018-02-28 07:06:12,0.00323400,0.01000000
2018-02-28 07:06:12,0.00323700,2.19000000
2018-02-28 07:06:12,0.00323300,0.02000000
2018-02-28 07:06:12,0.00323200,2.17000000
2018-02-28 07:06:13,0.00323200,1.00000000
2018-02-28 07:06:13,0.00323200,46.10000000
2018-02-28 07:06:20,0.00323800,9.27000000
2018-02-28 07:06:20,0.00323900,4.79000000
2018-02-28 07:06:21,0.00323900,7.03000000
2018-02-28 07:06:25,0.00323300,4.00000000
2018-02-28 07:06:25,0.00323300,27.00000000
2018-02-28 07:06:25,0.00323200,47.18000000
2018-02-28 07:06:25,0.00323900,1.88000000
2018-02-28 07:06:25,0.00324100,0.42000000
2018-02-28 07:06:27,0.00324100,2.30000000
2018-02-28 07:06:28,0.00324100,0.37000000
2018-02-28 07:06:29,0.00324100,5.54000000
2018-02-28 07:06:30,0.00324300,2.20000000
2018-02-28 07:06:31,0.00324100,0.02000000
2018-02-28 07:06:31,0.00323600,2.67000000
2018-02-28 07:06:32,0.00323600,6.58000000
2018-02-28 07:06:32,0.00324300,2.20000000
2018-02-28 07:06:33,0.00323600,10.31000000
2018-02-28 07:06:33,0.00323600,25.89000000
2018-02-28 07:06:33,0.00323600,3.60000000
2018-02-28 07:06:35,0.00324200,2.30000000
2018-02-28 07:06:37,0.00324200,2.30000000
2018-02-28 07:06:39,0.00324200,2.96000000
2018-02-28 07:06:40,0.00324200,1.69000000
2018-02-28 07:06:40,0.00324300,0.61000000
2018-02-28 07:06:40,0.00324300,1.76000000
2018-02-28 07:06:42,0.00324100,3.08000000
2018-02-28 07:06:42,0.00324100,8.50000000
2018-02-28 07:06:42,0.00324100,0.50000000
2018-02-28 07:06:42,0.00324100,0.52000000
2018-02-28 07:06:42,0.00324100,0.95000000
2018-02-28 07:06:42,0.00323400,1.96000000
2018-02-28 07:06:42,0.00324100,1.01000000
2018-02-28 07:06:42,0.00324300,0.99000000
2018-02-28 07:06:42,0.00324500,0.30000000
2018-02-28 07:06:44,0.00323600,0.45000000
2018-02-28 07:06:44,0.00324400,1.98000000
2018-02-28 07:06:44,0.00324500,0.42000000
2018-02-28 07:06:45,0.00323500,6.11000000
2018-02-28 07:06:45,0.00323500,2.00000000
2018-02-28 07:06:46,0.00324600,1.50000000
2018-02-28 07:06:46,0.00323600,0.50000000
2018-02-28 07:06:46,0.00323600,38.82000000
2018-02-28 07:06:46,0.00323200,0.49000000
2018-02-28 07:06:47,0.00323200,117.99000000
2018-02-28 07:06:47,0.00323100,0.71000000
2018-02-28 07:06:47,0.00324400,2.20000000
2018-02-28 07:06:49,0.00324100,2.20000000
2018-02-28 07:06:49,0.00324100,2.50000000
2018-02-28 07:06:52,0.00323900,3.08000000
2018-02-28 07:06:52,0.00323900,1.49000000
2018-02-28 07:06:52,0.00324000,0.91000000
2018-02-28 07:06:54,0.00323800,1.80000000
2018-02-28 07:06:55,0.00324100,0.40000000
2018-02-28 07:06:56,0.00323400,14.42000000
2018-02-28 07:06:56,0.00324200,1.47000000
2018-02-28 07:06:56,0.00324400,0.83000000
2018-02-28 07:06:57,0.00324100,2.30000000
2018-02-28 07:06:59,0.00323900,2.20000000
2018-02-28 07:07:01,0.00324300,2.20000000
2018-02-28 07:07:02,0.00323600,0.52000000
2018-02-28 07:07:03,0.00324000,2.30000000
2018-02-28 07:07:03,0.00323600,0.45000000
2018-02-28 07:07:03,0.00323500,9.27000000
2018-02-28 07:07:03,0.00323200,18.80000000
2018-02-28 07:07:04,0.00323900,2.30000000
2018-02-28 07:07:04,0.00323300,8.48000000
2018-02-28 07:07:05,0.00323200,0.07000000
2018-02-28 07:07:05,0.00323800,14.42000000
2018-02-28 07:07:05,0.00324400,30.99000000
2018-02-28 07:07:05,0.00324500,6.93000000
2018-02-28 07:07:05,0.00324900,9.00000000
2018-02-28 07:07:05,0.00325000,31.26000000
2018-02-28 07:07:05,0.00323700,2.50000000
2018-02-28 07:07:06,0.00323700,2.40000000
2018-02-28 07:07:08,0.00323700,2.30000000
2018-02-28 07:07:08,0.00323700,5.63000000
2018-02-28 07:07:08,0.00323700,2.30000000
2018-02-28 07:07:09,0.00323300,5.39000000
2018-02-28 07:07:09,0.00323200,114.33000000
2018-02-28 07:07:10,0.00323700,2.40000000
2018-02-28 07:07:11,0.00323700,2.30000000
2018-02-28 07:07:12,0.00323700,2.30000000
2018-02-28 07:07:13,0.00323700,0.71000000
2018-02-28 07:07:13,0.00323800,2.20000000
2018-02-28 07:07:15,0.00324000,0.89000000
2018-02-28 07:07:16,0.00324300,1.51000000
2018-02-28 07:07:16,0.00323700,0.12000000
2018-02-28 07:07:18,0.00323700,1.98000000
2018-02-28 07:07:18,0.00323600,0.90000000
2018-02-28 07:07:18,0.00323300,1.72000000
2018-02-28 07:07:20,0.00324400,2.20000000
2018-02-28 07:07:23,0.00323700,1.93000000
2018-02-28 07:07:25,0.00323700,9.35000000
2018-02-28 07:07:25,0.00323300,20.80000000
2018-02-28 07:07:26,0.00324300,2.40000000
2018-02-28 07:07:28,0.00323300,4.60000000
2018-02-28 07:07:28,0.00323900,2.20000000
2018-02-28 07:07:29,0.00323800,3.08000000
2018-02-28 07:07:31,0.00323800,4.02000000
2018-02-28 07:07:34,0.00323800,13.70000000
2018-02-28 07:07:35,0.00323800,12.80000000
2018-02-28 07:07:35,0.00323300,6.17000000
2018-02-28 07:07:40,0.00324200,6.00000000
2018-02-28 07:07:55,0.00324200,4.34000000
2018-02-28 07:08:04,0.00323500,11.97000000
2018-02-28 07:08:08,0.00324100,3.86000000
2018-02-28 07:08:10,0.00324100,1.39000000
2018-02-28 07:08:13,0.00324100,0.79000000
2018-02-28 07:08:18,0.00323500,6.04000000
2018-02-28 07:08:18,0.00323400,4.04000000
2018-02-28 07:08:19,0.00323400,1.70000000
2018-02-28 07:08:19,0.00323300,2.00000000
2018-02-28 07:08:20,0.00323500,0.01000000
2018-02-28 07:08:20,0.00323800,1.70000000
2018-02-28 07:08:21,0.00323800,0.68000000
2018-02-28 07:08:22,0.00323800,0.01000000
2018-02-28 07:08:22,0.00323400,25.93000000
2018-02-28 07:08:23,0.00323400,2.30000000
2018-02-28 07:08:23,0.00323400,0.33000000
2018-02-28 07:08:24,0.00323700,2.07000000
2018-02-28 07:08:33,0.00323900,3.08000000
2018-02-28 07:08:41,0.00323900,15.43000000
2018-02-28 07:08:43,0.00323900,4.57000000
2018-02-28 07:08:45,0.00323900,12.47000000
2018-02-28 07:08:45,0.00323900,6.23000000
2018-02-28 07:08:51,0.00324000,14.57000000
2018-02-28 07:08:54,0.00323700,0.49000000
2018-02-28 07:09:04,0.00323500,19.75000000
2018-02-28 07:09:11,0.00323500,44.67000000
2018-02-28 07:09:14,0.00323400,8.93000000
2018-02-28 07:09:19,0.00324000,2.40000000
2018-02-28 07:09:20,0.00323500,33.01000000
2018-02-28 07:09:21,0.00323500,24.49000000
2018-02-28 07:09:21,0.00323500,0.01000000
2018-02-28 07:09:26,0.00324000,3.08000000
2018-02-28 07:09:27,0.00324000,7.04000000
2018-02-28 07:09:27,0.00323600,8.51000000
2018-02-28 07:09:27,0.00323600,22.12000000
2018-02-28 07:09:29,0.00323500,5.69000000
2018-02-28 07:09:30,0.00323500,2.04000000
2018-02-28 07:09:31,0.00323500,1.15000000
2018-02-28 07:09:32,0.00323900,7.35000000
2018-02-28 07:09:35,0.00323900,0.50000000
2018-02-28 07:09:36,0.00323900,1.25000000
2018-02-28 07:09:36,0.00324000,0.86000000
2018-02-28 07:09:36,0.00324100,122.91000000
2018-02-28 07:09:37,0.00324000,3.75000000
2018-02-28 07:09:43,0.00324200,2.07000000
2018-02-28 07:09:56,0.00324100,5.47000000
2018-02-28 07:09:57,0.00323900,5.58000000
2018-02-28 07:10:01,0.00324100,6.00000000
2018-02-28 07:10:03,0.00323900,0.02000000
2018-02-28 07:10:12,0.00323700,0.88000000
2018-02-28 07:10:12,0.00323700,1.13000000
2018-02-28 07:10:16,0.00323700,2.30000000
2018-02-28 07:10:21,0.00323700,11.22000000
2018-02-28 07:10:24,0.00323700,0.50000000
2018-02-28 07:10:26,0.00323700,0.50000000
2018-02-28 07:10:27,0.00323700,1.25000000
2018-02-28 07:10:31,0.00323900,5.59000000
2018-02-28 07:10:34,0.00323900,67.65000000
2018-02-28 07:10:39,0.00323900,40.70000000
2018-02-28 07:10:43,0.00324200,3.08000000
2018-02-28 07:10:48,0.00324200,1.70000000
2018-02-28 07:10:49,0.00324000,25.88000000
2018-02-28 07:10:49,0.00323900,238.40000000
2018-02-28 07:10:49,0.00324200,0.65000000
2018-02-28 07:10:50,0.00324200,137.07000000
2018-02-28 07:10:53,0.00324400,2.44000000
2018-02-28 07:10:54,0.00324200,3.04000000
2018-02-28 07:10:55,0.00324200,8.47000000
2018-02-28 07:10:55,0.00323900,34.86000000
2018-02-28 07:10:56,0.00323900,229.84000000
2018-02-28 07:10:57,0.00324200,2.66000000
2018-02-28 07:10:57,0.00323900,7.68000000
2018-02-28 07:10:57,0.00323600,10.32000000
2018-02-28 07:11:01,0.00324100,12.34000000
2018-02-28 07:11:03,0.00324000,8.67000000
2018-02-28 07:11:05,0.00324000,11.60000000
2018-02-28 07:11:07,0.00324000,4.20000000
2018-02-28 07:11:09,0.00324000,1.51000000
2018-02-28 07:11:14,0.00324000,0.83000000
2018-02-28 07:11:14,0.00324100,11.75000000
2018-02-28 07:11:21,0.00324000,4.18000000
2018-02-28 07:11:25,0.00323500,1.14000000
2018-02-28 07:11:25,0.00323400,16.78000000
2018-02-28 07:11:25,0.00323300,9.66000000
2018-02-28 07:11:25,0.00323200,12.61000000
2018-02-28 07:11:25,0.00323000,16.77000000
2018-02-28 07:11:25,0.00322800,4.50000000
2018-02-28 07:11:25,0.00322700,0.40000000
2018-02-28 07:11:25,0.00322600,0.77000000
2018-02-28 07:11:25,0.00322500,74.44000000
2018-02-28 07:11:29,0.00323600,0.31000000
2018-02-28 07:11:34,0.00323500,2.76000000
2018-02-28 07:11:35,0.00322700,7.10000000
2018-02-28 07:11:35,0.00322600,13.30000000
2018-02-28 07:11:41,0.00323300,2.00000000
2018-02-28 07:11:48,0.00323300,1.00000000
2018-02-28 07:11:49,0.00323300,0.77000000
2018-02-28 07:11:49,0.00323400,1.00000000
2018-02-28 07:11:55,0.00323300,12.66000000
2018-02-28 07:11:58,0.00323400,2.20000000
2018-02-28 07:11:58,0.00323400,3.31000000
2018-02-28 07:12:00,0.00323500,12.36000000
2018-02-28 07:12:01,0.00323500,12.36000000
2018-02-28 07:12:26,0.00323500,144.87000000
2018-02-28 07:12:28,0.00323400,0.21000000
2018-02-28 07:12:28,0.00323300,2.47000000
2018-02-28 07:12:29,0.00323500,1.50000000
2018-02-28 07:12:40,0.00323400,1.50000000
2018-02-28 07:12:45,0.00323300,8.75000000
2018-02-28 07:12:45,0.00323000,35.38000000
2018-02-28 07:12:51,0.00323300,0.91000000
2018-02-28 07:12:52,0.00323300,34.63000000
2018-02-28 07:12:52,0.00323400,138.38000000
2018-02-28 07:13:02,0.00323500,1.50000000
2018-02-28 07:13:03,0.00323500,2.50000000
2018-02-28 07:13:06,0.00323500,2.40000000
2018-02-28 07:13:06,0.00323500,11.68000000
2018-02-28 07:13:08,0.00323500,17.21000000
2018-02-28 07:13:08,0.00323600,2.40000000
2018-02-28 07:13:09,0.00323500,1.93000000
2018-02-28 07:13:09,0.00323500,46.58000000
2018-02-28 07:13:09,0.00323400,2.67000000
2018-02-28 07:13:11,0.00323600,2.30000000
2018-02-28 07:13:12,0.00323400,0.01000000
2018-02-28 07:13:13,0.00323400,1.29000000
2018-02-28 07:13:13,0.00323600,1.11000000
2018-02-28 07:13:13,0.00323600,1.29000000
2018-02-28 07:13:15,0.00323300,3.57000000
2018-02-28 07:13:15,0.00323300,2.30000000
2018-02-28 07:13:16,0.00323300,0.31000000
2018-02-28 07:13:16,0.00323500,2.81000000
2018-02-28 07:13:18,0.00323500,2.40000000
2018-02-28 07:13:20,0.00323400,2.40000000
2018-02-28 07:13:21,0.00322900,1.54000000
2018-02-28 07:13:22,0.00323400,2.30000000
2018-02-28 07:13:24,0.00323400,0.24000000
2018-02-28 07:13:24,0.00323600,2.40000000
2018-02-28 07:13:27,0.00323500,2.30000000
2018-02-28 07:13:29,0.00323500,2.40000000
2018-02-28 07:13:30,0.00323500,1.07000000
2018-02-28 07:13:42,0.00322900,12.34000000
2018-02-28 07:13:46,0.00323300,1.00000000
2018-02-28 07:13:46,0.00323400,0.50000000
2018-02-28 07:13:46,0.00323400,10.33000000
2018-02-28 07:13:46,0.00323500,0.21000000
2018-02-28 07:13:46,0.00323600,1.89000000
2018-02-28 07:13:55,0.00322900,1.77000000
2018-02-28 07:14:00,0.00323600,1.50000000
2018-02-28 07:14:23,0.00323100,4.13000000
2018-02-28 07:14:31,0.00323600,3.09000000
2018-02-28 07:14:31,0.00323600,2.18000000
2018-02-28 07:14:31,0.00323700,0.91000000
2018-02-28 07:14:37,0.00323700,1.47000000
2018-02-28 07:14:54,0.00323200,4.65000000
2018-02-28 07:14:58,0.00323200,95.35000000
2018-02-28 07:15:00,0.00323300,5.38000000
2018-02-28 07:15:00,0.00323300,2.50000000
2018-02-28 07:15:05,0.00323000,1.77000000
2018-02-28 07:15:05,0.00322900,7.52000000
2018-02-28 07:15:05,0.00322800,5.02000000
2018-02-28 07:15:05,0.00322700,27.54000000
2018-02-28 07:15:06,0.00323300,0.11000000
2018-02-28 07:15:06,0.00323600,74.65000000
2018-02-28 07:15:08,0.00323500,9.01000000
2018-02-28 07:15:11,0.00323500,0.15000000
2018-02-28 07:15:13,0.00322800,15.72000000
2018-02-28 07:15:19,0.00322800,7.31000000
2018-02-28 07:15:19,0.00322800,2.40000000
2018-02-28 07:15:20,0.00322800,0.07000000
2018-02-28 07:15:28,0.00322900,70.73000000
2018-02-28 07:15:28,0.00322700,4.78000000
2018-02-28 07:15:28,0.00322500,424.20000000
2018-02-28 07:15:28,0.00322300,29.90000000
2018-02-28 07:15:28,0.00322200,64.77000000
2018-02-28 07:15:28,0.00322100,520.39000000
2018-02-28 07:15:33,0.00322900,8.00000000
2018-02-28 07:15:33,0.00322300,1.87000000
2018-02-28 07:15:33,0.00322100,1469.26000000
2018-02-28 07:15:38,0.00322200,3.83000000
2018-02-28 07:15:38,0.00322100,8.58000000
2018-02-28 07:15:38,0.00323300,3.09000000
2018-02-28 07:15:38,0.00323200,2.47000000
2018-02-28 07:15:39,0.00323100,3.09000000
2018-02-28 07:15:40,0.00323100,2.40000000
2018-02-28 07:15:42,0.00322900,0.58000000
2018-02-28 07:15:42,0.00323200,1.72000000
2018-02-28 07:15:51,0.00322900,2.50000000
2018-02-28 07:16:06,0.00322900,0.50000000
2018-02-28 07:16:15,0.00322600,8.34000000
2018-02-28 07:16:15,0.00323000,0.86000000
2018-02-28 07:16:17,0.00323000,3.09000000
2018-02-28 07:16:19,0.00322600,0.96000000
2018-02-28 07:16:19,0.00322500,9.30000000
2018-02-28 07:16:19,0.00322400,1.16000000
2018-02-28 07:16:19,0.00322300,3.13000000
2018-02-28 07:16:28,0.00322500,0.57000000
2018-02-28 07:16:28,0.00322300,12.47000000
2018-02-28 07:16:36,0.00322700,1.36000000
2018-02-28 07:16:36,0.00322800,0.94000000
2018-02-28 07:16:38,0.00322300,11.20000000
2018-02-28 07:16:38,0.00322800,2.40000000
2018-02-28 07:16:41,0.00322800,2.40000000
2018-02-28 07:16:43,0.00322800,2.40000000
2018-02-28 07:16:46,0.00322800,2.30000000
2018-02-28 07:16:48,0.00322800,2.40000000
2018-02-28 07:16:49,0.00322800,0.31000000
2018-02-28 07:16:50,0.00322600,3.09000000
2018-02-28 07:16:51,0.00322600,2.30000000
2018-02-28 07:16:51,0.00322600,3.09000000
2018-02-28 07:16:51,0.00322600,5.61000000
2018-02-28 07:16:53,0.00322600,2.40000000
2018-02-28 07:16:56,0.00322600,2.40000000
2018-02-28 07:16:58,0.00322600,2.30000000
2018-02-28 07:16:59,0.00322500,6.16000000
2018-02-28 07:17:00,0.00322500,1.95000000
2018-02-28 07:17:00,0.00322600,0.45000000
2018-02-28 07:17:01,0.00322600,3.04000000
2018-02-28 07:17:03,0.00322500,2.30000000
2018-02-28 07:17:04,0.00322500,3.07000000
2018-02-28 07:17:05,0.00322500,2.30000000
2018-02-28 07:17:05,0.00322500,3.07000000
2018-02-28 07:17:07,0.00322500,2.40000000
2018-02-28 07:17:09,0.00322500,2.40000000
2018-02-28 07:17:10,0.00322500,2.20000000
2018-02-28 07:17:10,0.00322300,14.02000000
2018-02-28 07:17:10,0.00322100,2.84000000
2018-02-28 07:17:11,0.00322500,3.05000000
2018-02-28 07:17:12,0.00322500,2.40000000
2018-02-28 07:17:12,0.00322500,3.05000000
2018-02-28 07:17:14,0.00322500,2.40000000
2018-02-28 07:17:16,0.00322500,34.49000000
2018-02-28 07:17:16,0.00322500,12.49000000
2018-02-28 07:17:16,0.00322500,3.03000000
2018-02-28 07:17:17,0.00322500,1.00000000
2018-02-28 07:17:17,0.00322500,2.30000000
2018-02-28 07:17:18,0.00322400,2.79000000
2018-02-28 07:17:18,0.00322400,2.20000000
2018-02-28 07:17:19,0.00322400,4.75000000
2018-02-28 07:17:19,0.00322400,2.50000000
2018-02-28 07:17:20,0.00322400,0.50000000
2018-02-28 07:17:20,0.00322400,2.13000000
2018-02-28 07:17:20,0.00322400,0.12000000
2018-02-28 07:17:20,0.00322500,2.28000000
2018-02-28 07:17:21,0.00322500,2.40000000
2018-02-28 07:17:23,0.00322500,9.42000000
2018-02-28 07:17:23,0.00322100,2207.32000000
2018-02-28 07:17:24,0.00322500,2.40000000
2018-02-28 07:17:24,0.00322100,5.59000000
2018-02-28 07:17:24,0.00322500,9.42000000
2018-02-28 07:17:25,0.00322500,1.00000000
2018-02-28 07:17:26,0.00322500,3.68000000
2018-02-28 07:17:26,0.00322500,0.61000000
2018-02-28 07:17:26,0.00322500,2.50000000
2018-02-28 07:17:29,0.00322500,5.77000000
2018-02-28 07:17:29,0.00322600,63.13000000
2018-02-28 07:17:30,0.00322600,49.97000000
2018-02-28 07:17:39,0.00322500,1.87000000
2018-02-28 07:17:39,0.00322600,0.43000000
2018-02-28 07:17:40,0.00322600,86.74000000
2018-02-28 07:17:52,0.00322400,25.46000000
2018-02-28 07:18:11,0.00322500,2.20000000
2018-02-28 07:18:13,0.00322500,2.40000000
2018-02-28 07:18:15,0.00322500,2.20000000
2018-02-28 07:18:17,0.00322400,1.00000000
2018-02-28 07:18:17,0.00322300,25.46000000
2018-02-28 07:18:17,0.00322200,3.73000000
2018-02-28 07:18:17,0.00322500,2.40000000
2018-02-28 07:18:20,0.00322500,1.71000000
2018-02-28 07:18:20,0.00322600,0.02000000
2018-02-28 07:18:20,0.00322800,0.57000000
2018-02-28 07:18:21,0.00322100,3287.57000000
2018-02-28 07:18:21,0.00322100,3.09000000
2018-02-28 07:18:21,0.00322100,190.35000000
2018-02-28 07:18:21,0.00322100,33.39000000
2018-02-28 07:18:21,0.00322100,1.94000000
2018-02-28 07:18:21,0.00322100,3.09000000
2018-02-28 07:18:21,0.00322100,11.75000000
2018-02-28 07:18:21,0.00322100,3.09000000
2018-02-28 07:18:21,0.00322100,42.30000000
2018-02-28 07:18:21,0.00322100,3.08000000
2018-02-28 07:18:21,0.00322100,2.76000000
2018-02-28 07:18:21,0.00322100,3.09000000
2018-02-28 07:18:21,0.00322100,219.52000000
2018-02-28 07:18:21,0.00322100,407.79000000
2018-02-28 07:18:22,0.00322700,9.30000000
2018-02-28 07:18:22,0.00322800,5.17000000
2018-02-28 07:18:22,0.00323200,6.24000000
2018-02-28 07:18:22,0.00323200,42.84000000
2018-02-28 07:18:22,0.00323700,22.79000000
2018-02-28 07:18:22,0.00323800,4.50000000
2018-02-28 07:18:22,0.00324300,1.76000000
2018-02-28 07:18:28,0.00322400,5.00000000
2018-02-28 07:18:32,0.00323800,3.08000000
2018-02-28 07:18:43,0.00322800,3.89000000
2018-02-28 07:18:49,0.00323000,3.08000000
2018-02-28 07:18:49,0.00323400,2.92000000
2018-02-28 07:18:52,0.00322800,1.55000000
2018-02-28 07:18:52,0.00322700,6.72000000
2018-02-28 07:18:52,0.00322600,119.09000000
2018-02-28 07:19:03,0.00323200,0.20000000
2018-02-28 07:19:09,0.00323200,12.47000000
2018-02-28 07:19:10,0.00322800,4.66000000
2018-02-28 07:19:12,0.00323000,34.00000000
2018-02-28 07:19:14,0.00323000,6.19000000
2018-02-28 07:19:27,0.00323300,3.09000000
2018-02-28 07:19:28,0.00323300,3.09000000
2018-02-28 07:19:52,0.00322600,0.30000000
2018-02-28 07:20:03,0.00323200,0.97000000
2018-02-28 07:20:03,0.00323300,1.14000000
2018-02-28 07:20:04,0.00322600,3.99000000
2018-02-28 07:20:12,0.00322800,0.32000000
2018-02-28 07:20:25,0.00322800,0.68000000
2018-02-28 07:20:26,0.00322800,1.99000000
2018-02-28 07:20:26,0.00322800,0.02000000
2018-02-28 07:20:26,0.00322800,15.28000000
2018-02-28 07:20:27,0.00322800,3.77000000
2018-02-28 07:20:27,0.00322800,3.09000000
2018-02-28 07:20:27,0.00322800,36.21000000
2018-02-28 07:20:27,0.00323100,15.28000000
2018-02-28 07:20:39,0.00322600,7.91000000
2018-02-28 07:20:47,0.00322600,1.39000000
2018-02-28 07:20:47,0.00322600,2.75000000
2018-02-28 07:20:50,0.00323100,17.40000000
2018-02-28 07:20:50,0.00323200,18.60000000
2018-02-28 07:20:52,0.00323200,12.41000000
2018-02-28 07:20:56,0.00323200,0.02000000
2018-02-28 07:20:56,0.00323300,1.98000000
2018-02-28 07:20:58,0.00323300,0.60000000
2018-02-28 07:21:05,0.00323300,1.53000000
2018-02-28 07:21:09,0.00322800,0.99000000
2018-02-28 07:21:10,0.00323200,0.99000000
2018-02-28 07:21:11,0.00323200,2.59000000
2018-02-28 07:21:11,0.00322800,0.88000000
2018-02-28 07:21:13,0.00323300,3.02000000
2018-02-28 07:21:14,0.00322800,3.39000000
2018-02-28 07:21:27,0.00323300,30.96000000
2018-02-28 07:21:27,0.00323300,28.41000000
2018-02-28 07:21:27,0.00323300,3.09000000
2018-02-28 07:21:30,0.00322800,9.58000000
2018-02-28 07:21:31,0.00322800,2.30000000
2018-02-28 07:21:37,0.00322800,1.05000000
2018-02-28 07:21:37,0.00323300,0.45000000
2018-02-28 07:21:39,0.00322700,0.73000000
2018-02-28 07:21:43,0.00323300,2.30000000
2018-02-28 07:21:46,0.00323300,2.40000000
2018-02-28 07:21:46,0.00322700,5.94000000
2018-02-28 07:21:56,0.00322800,5.62000000
2018-02-28 07:21:56,0.00322700,31.40000000
2018-02-28 07:21:57,0.00322700,0.81000000
2018-02-28 07:22:01,0.00323300,0.62000000
2018-02-28 07:22:02,0.00322800,1.00000000
2018-02-28 07:22:02,0.00322600,99.07000000
2018-02-28 07:22:10,0.00322900,0.85000000
2018-02-28 07:22:12,0.00323300,2.30000000
2018-02-28 07:22:14,0.00323300,2.50000000
2018-02-28 07:22:16,0.00322900,23.27000000
2018-02-28 07:22:17,0.00323200,1.22000000
2018-02-28 07:22:17,0.00323300,1.28000000
2018-02-28 07:22:18,0.00322600,7.37000000
2018-02-28 07:22:19,0.00323300,2.50000000
2018-02-28 07:22:26,0.00322900,16.05000000
2018-02-28 07:22:28,0.00322800,2.00000000
2018-02-28 07:22:28,0.00322600,29.28000000
2018-02-28 07:22:29,0.00322900,30.98000000
2018-02-28 07:22:29,0.00322900,2.16000000
2018-02-28 07:22:30,0.00322900,16.64000000
2018-02-28 07:22:35,0.00322800,35.35000000
2018-02-28 07:22:39,0.00322900,1.25000000
2018-02-28 07:22:40,0.00322800,4.92000000
2018-02-28 07:22:43,0.00322900,2.40000000
2018-02-28 07:22:44,0.00322800,0.01000000
2018-02-28 07:22:45,0.00322900,2.40000000
2018-02-28 07:22:47,0.00322900,2.40000000
2018-02-28 07:22:49,0.00322800,1.59000000
2018-02-28 07:22:51,0.00322800,115.84000000
2018-02-28 07:22:51,0.00322800,203.29000000
2018-02-28 07:22:52,0.00322900,2.40000000
2018-02-28 07:22:53,0.00322900,37.65000000
2018-02-28 07:22:54,0.00322900,2.30000000
2018-02-28 07:22:56,0.00322800,10.29000000
2018-02-28 07:23:00,0.00322800,30.00000000
2018-02-28 07:23:01,0.00322900,2.50000000
2018-02-28 07:23:02,0.00322800,3.06000000
2018-02-28 07:23:03,0.00322900,2.00000000
2018-02-28 07:23:03,0.00322900,2.30000000
2018-02-28 07:23:04,0.00322900,0.30000000
2018-02-28 07:23:12,0.00322900,2.40000000
2018-02-28 07:23:13,0.00322900,4.07000000
2018-02-28 07:23:14,0.00322900,51.04000000
2018-02-28 07:23:15,0.00323100,2.30000000
2018-02-28 07:23:19,0.00323000,2.30000000
2018-02-28 07:23:21,0.00323000,2.50000000
2018-02-28 07:23:22,0.00323000,100.44000000
2018-02-28 07:23:23,0.00322900,31.67000000
2018-02-28 07:23:26,0.00323000,2.40000000
2018-02-28 07:23:26,0.00323000,52.33000000
2018-02-28 07:23:27,0.00323000,18.27000000
2018-02-28 07:23:28,0.00323100,23.62000000
2018-02-28 07:23:28,0.00323100,7.82000000
2018-02-28 07:23:29,0.00323200,20.96000000
2018-02-28 07:23:31,0.00322900,0.47000000
2018-02-28 07:23:31,0.00322800,8.17000000
2018-02-28 07:23:32,0.00322800,12.15000000
2018-02-28 07:24:12,0.00322800,1.55000000
2018-02-28 07:24:12,0.00322800,0.57000000
2018-02-28 07:24:13,0.00322800,1.49000000
2018-02-28 07:24:14,0.00322800,1.55000000
2018-02-28 07:24:15,0.00322800,11.11000000
2018-02-28 07:24:16,0.00322500,0.62000000
2018-02-28 07:24:35,0.00322800,3.09000000
2018-02-28 07:24:43,0.00322800,1.00000000
2018-02-28 07:24:44,0.00322600,9.29000000
2018-02-28 07:24:45,0.00322800,14.10000000
2018-02-28 07:24:45,0.00322800,11.73000000
2018-02-28 07:24:45,0.00323100,41.27000000
2018-02-28 07:24:58,0.00323100,0.01000000
2018-02-28 07:25:17,0.00322900,1.00000000
2018-02-28 07:25:19,0.00322600,41.78000000
2018-02-28 07:25:20,0.00322500,15.62000000
2018-02-28 07:25:22,0.00322600,5.25000000
2018-02-28 07:25:27,0.00322600,15.41000000
2018-02-28 07:25:28,0.00322500,2.96000000
2018-02-28 07:25:28,0.00322500,6.94000000
2018-02-28 07:25:29,0.00322500,1.54000000
2018-02-28 07:25:31,0.00322500,3.09000000
2018-02-28 07:25:32,0.00322500,2.72000000
2018-02-28 07:25:33,0.00322500,9.56000000
2018-02-28 07:25:35,0.00322500,10.85000000
2018-02-28 07:25:36,0.00322500,51.07000000
2018-02-28 07:25:42,0.00322500,47.08000000
2018-02-28 07:25:43,0.00322600,0.02000000
2018-02-28 07:25:43,0.00322900,3.88000000
2018-02-28 07:25:44,0.00322500,38.94000000
2018-02-28 07:25:46,0.00322500,10.00000000
2018-02-28 07:25:53,0.00322500,175.08000000
2018-02-28 07:26:01,0.00322500,33.79000000
2018-02-28 07:26:18,0.00322500,61.00000000
2018-02-28 07:26:18,0.00322200,17.62000000
2018-02-28 07:26:22,0.00322200,33.52000000
2018-02-28 07:26:23,0.00322100,3.89000000
2018-02-28 07:26:24,0.00322200,2.00000000
2018-02-28 07:26:26,0.00322100,14.40000000
2018-02-28 07:26:28,0.00322000,4.38000000
2018-02-28 07:26:28,0.00322000,146.10000000
2018-02-28 07:26:28,0.00322200,3.10000000
2018-02-28 07:26:28,0.00322200,3.95000000
2018-02-28 07:26:34,0.00321900,3.04000000
2018-02-28 07:26:34,0.00321800,0.91000000
2018-02-28 07:26:44,0.00322400,3.08000000
2018-02-28 07:26:50,0.00322400,2.30000000
2018-02-28 07:26:52,0.00322400,9.02000000
2018-02-28 07:26:52,0.00322500,0.98000000
2018-02-28 07:27:06,0.00322400,3.09000000
2018-02-28 07:27:06,0.00322400,0.86000000
2018-02-28 07:27:06,0.00322400,41.62000000
2018-02-28 07:27:07,0.00322400,1.87000000
2018-02-28 07:27:07,0.00322400,43.73000000
2018-02-28 07:27:08,0.00322200,13.96000000
2018-02-28 07:27:10,0.00322000,18.01000000
2018-02-28 07:27:11,0.00322000,19.89000000
2018-02-28 07:27:11,0.00322000,0.40000000
2018-02-28 07:27:11,0.00322000,2.00000000
2018-02-28 07:27:12,0.00322000,2.50000000
2018-02-28 07:27:14,0.00322000,2.07000000
2018-02-28 07:27:14,0.00322000,2.40000000
2018-02-28 07:27:16,0.00322000,2.50000000
2018-02-28 07:27:17,0.00321800,100.24000000
2018-02-28 07:27:19,0.00322000,2.50000000
2018-02-28 07:27:21,0.00322000,1.54000000
2018-02-28 07:27:21,0.00322000,2.40000000
2018-02-28 07:27:21,0.00322000,2.30000000
2018-02-28 07:27:22,0.00322000,12.08000000
2018-02-28 07:27:24,0.00322000,2.50000000
2018-02-28 07:27:24,0.00322000,2.40000000
2018-02-28 07:27:24,0.00322000,0.50000000
2018-02-28 07:27:25,0.00321800,31.10000000
2018-02-28 07:27:26,0.00321800,29.24000000
2018-02-28 07:27:26,0.00322000,2.50000000
2018-02-28 07:27:26,0.00322000,2.40000000
2018-02-28 07:27:28,0.00322000,9.83000000
2018-02-28 07:27:29,0.00322000,2.20000000
2018-02-28 07:27:30,0.00322000,33.52000000
2018-02-28 07:27:31,0.00322400,16.76000000
2018-02-28 07:27:41,0.00322300,3.04000000
2018-02-28 07:27:41,0.00322400,10.36000000
2018-02-28 07:27:41,0.00322400,2.40000000
2018-02-28 07:27:42,0.00321900,8.87000000
2018-02-28 07:27:48,0.00321900,8.14000000
2018-02-28 07:27:48,0.00322400,2.30000000
2018-02-28 07:27:52,0.00322000,20.00000000
2018-02-28 07:27:52,0.00322000,1.11000000
2018-02-28 07:28:04,0.00322000,12.38000000
2018-02-28 07:28:04,0.00321900,3.33000000
2018-02-28 07:28:04,0.00322400,0.86000000
2018-02-28 07:28:21,0.00322400,2.36000000
2018-02-28 07:28:23,0.00322400,1.24000000
2018-02-28 07:28:26,0.00322400,1.24000000
2018-02-28 07:28:27,0.00322400,104.63000000
2018-02-28 07:28:28,0.00322400,1.24000000
2018-02-28 07:28:31,0.00322000,2.63000000
2018-02-28 07:28:35,0.00322400,151.80000000
2018-02-28 07:28:47,0.00322200,1.00000000
2018-02-28 07:28:47,0.00322000,33.62000000
2018-02-28 07:28:47,0.00321900,158.37000000
2018-02-28 07:28:47,0.00321800,117.37000000
2018-02-28 07:28:47,0.00321700,31.08000000
2018-02-28 07:28:47,0.00321600,31.09000000
2018-02-28 07:28:47,0.00321500,59.19000000
2018-02-28 07:28:47,0.00321500,247.89000000
2018-02-28 07:28:47,0.00321500,1.23000000
2018-02-28 07:28:47,0.00321500,3.16000000
2018-02-28 07:28:47,0.00321500,3.10000000
2018-02-28 07:28:47,0.00321500,3.09000000
2018-02-28 07:28:47,0.00321400,3.10000000
2018-02-28 07:28:47,0.00321500,0.20000000
2018-02-28 07:28:50,0.00321500,5.60000000
2018-02-28 07:28:55,0.00321500,5.00000000
2018-02-28 07:28:56,0.00322100,0.46000000
2018-02-28 07:28:56,0.00322200,77.58000000
2018-02-28 07:28:57,0.00322200,4.60000000
2018-02-28 07:28:57,0.00322300,0.59000000
2018-02-28 07:28:57,0.00322400,27.35000000
2018-02-28 07:28:57,0.00322500,1.93000000
2018-02-28 07:28:57,0.00322600,19.81000000
2018-02-28 07:28:57,0.00323100,1.00000000
2018-02-28 07:28:57,0.00323300,8.08000000
2018-02-28 07:28:57,0.00323400,16.80000000
2018-02-28 07:28:59,0.00321800,9.32000000
2018-02-28 07:28:59,0.00321700,2.06000000
2018-02-28 07:29:02,0.00321800,24.33000000
2018-02-28 07:29:07,0.00323100,3.62000000
2018-02-28 07:29:09,0.00323000,3.62000000
2018-02-28 07:29:10,0.00322200,0.57000000
2018-02-28 07:29:12,0.00322200,0.02000000
2018-02-28 07:29:16,0.00322400,24.42000000
2018-02-28 07:29:31,0.00322200,1.24000000
2018-02-28 07:29:46,0.00322200,61.95000000
2018-02-28 07:29:47,0.00322300,1.50000000
2018-02-28 07:29:51,0.00322300,36.25000000
2018-02-28 07:29:51,0.00322300,1.72000000
2018-02-28 07:29:53,0.00322300,1.24000000
2018-02-28 07:29:55,0.00322300,3.53000000
2018-02-28 07:29:55,0.00322300,36.25000000
2018-02-28 07:29:55,0.00322300,2.37000000
2018-02-28 07:29:57,0.00322300,0.53000000
2018-02-28 07:29:58,0.00322300,1.24000000
2018-02-28 07:29:58,0.00322300,17.47000000
2018-02-28 07:30:00,0.00322300,1.77000000
2018-02-28 07:30:00,0.00322200,1.13000000
2018-02-28 07:30:00,0.00322400,1.24000000
2018-02-28 07:30:02,0.00322400,1.24000000
2018-02-28 07:30:05,0.00322400,1.24000000
2018-02-28 07:30:05,0.00322400,1.24000000
2018-02-28 07:30:08,0.00322400,1.24000000
2018-02-28 07:30:08,0.00322400,1.01000000
2018-02-28 07:30:10,0.00322400,4.30000000
2018-02-28 07:30:11,0.00322400,15.98000000
2018-02-28 07:30:11,0.00322200,0.98000000
2018-02-28 07:30:12,0.00322400,1.24000000
2018-02-28 07:30:15,0.00322400,1.24000000
2018-02-28 07:30:15,0.00322400,24.28000000
2018-02-28 07:30:16,0.00322400,2.66000000
2018-02-28 07:30:18,0.00322400,3.23000000
2018-02-28 07:30:21,0.00322400,1.30000000
2018-02-28 07:30:23,0.00322400,1.24000000
2018-02-28 07:30:23,0.00322400,1.24000000
2018-02-28 07:30:29,0.00322400,1.24000000
2018-02-28 07:30:29,0.00322400,97.28000000
2018-02-28 07:30:34,0.00322600,2.30000000
2018-02-28 07:30:38,0.00323000,3.40000000
2018-02-28 07:30:38,0.00323100,145.21000000
2018-02-28 07:30:38,0.00323100,6.29000000
2018-02-28 07:30:38,0.00323100,237.10000000
2018-02-28 07:30:38,0.00322400,8.99000000
2018-02-28 07:30:38,0.00322300,0.78000000
2018-02-28 07:30:38,0.00322300,1.71000000
2018-02-28 07:30:39,0.00322000,6.12000000
2018-02-28 07:30:39,0.00321700,5.02000000
2018-02-28 07:30:50,0.00321700,2.00000000
2018-02-28 07:30:54,0.00321700,11.43000000
2018-02-28 07:30:54,0.00321700,1.43000000
2018-02-28 07:30:54,0.00322000,0.87000000
2018-02-28 07:30:56,0.00321900,2.30000000
2018-02-28 07:30:59,0.00321900,0.24000000
2018-02-28 07:30:59,0.00321900,2.40000000
2018-02-28 07:31:01,0.00321900,2.40000000
2018-02-28 07:31:04,0.00321900,2.40000000
2018-02-28 07:31:06,0.00321900,2.30000000
2018-02-28 07:31:06,0.00321500,27.09000000
2018-02-28 07:31:07,0.00321900,9.72000000
2018-02-28 07:31:10,0.00321900,2.30000000
2018-02-28 07:31:10,0.00321500,24.28000000
2018-02-28 07:31:22,0.00321600,50.04000000
2018-02-28 07:31:22,0.00321600,0.70000000
2018-02-28 07:31:22,0.00321500,2.97000000
2018-02-28 07:31:22,0.00321500,14.40000000
2018-02-28 07:31:23,0.00321400,14.40000000
2018-02-28 07:31:23,0.00321500,2.40000000
2018-02-28 07:31:23,0.00321500,4.08000000
2018-02-28 07:31:25,0.00321500,2.06000000
2018-02-28 07:31:26,0.00321500,2.40000000
2018-02-28 07:31:27,0.00321500,1.24000000
2018-02-28 07:31:27,0.00321500,24.30000000
2018-02-28 07:31:29,0.00321500,2.30000000
2018-02-28 07:31:30,0.00321500,1.24000000
2018-02-28 07:31:32,0.00321500,49.72000000
2018-02-28 07:31:49,0.00321500,1.00000000
2018-02-28 07:31:50,0.00321500,2.50000000
2018-02-28 07:31:51,0.00321900,1.50000000
2018-02-28 07:31:57,0.00321500,88.87000000
2018-02-28 07:31:58,0.00321500,13.00000000
2018-02-28 07:31:59,0.00321500,7.55000000
2018-02-28 07:31:59,0.00321500,7.38000000
2018-02-28 07:32:00,0.00321400,13.61000000
2018-02-28 07:32:00,0.00321300,32.09000000
2018-02-28 07:32:00,0.00321200,9.75000000
2018-02-28 07:32:01,0.00321500,2.00000000
2018-02-28 07:32:03,0.00321500,1.24000000
2018-02-28 07:32:03,0.00321500,1.50000000
2018-02-28 07:32:03,0.00321400,44.83000000
2018-02-28 07:32:05,0.00321500,1.58000000
2018-02-28 07:32:06,0.00321500,2.49000000
2018-02-28 07:32:07,0.00321500,1.80000000
2018-02-28 07:32:08,0.00321400,2.50000000
2018-02-28 07:32:09,0.00321500,1.24000000
2018-02-28 07:32:09,0.00321500,1.24000000
2018-02-28 07:32:11,0.00321400,45.02000000
2018-02-28 07:32:11,0.00321200,21.38000000
2018-02-28 07:32:11,0.00321000,10.86000000
2018-02-28 07:32:11,0.00320900,31.56000000
2018-02-28 07:32:11,0.00320700,35.88000000
2018-02-28 07:32:11,0.00320700,1.91000000
2018-02-28 07:32:11,0.00320600,19.47000000
2018-02-28 07:32:11,0.00321500,0.86000000
2018-02-28 07:32:12,0.00321500,1.24000000
2018-02-28 07:32:12,0.00320700,1.02000000
2018-02-28 07:32:12,0.00321400,2.41000000
2018-02-28 07:32:14,0.00321400,3.58000000
2018-02-28 07:32:16,0.00321400,1.24000000
2018-02-28 07:32:17,0.00320700,7.00000000
2018-02-28 07:32:18,0.00320700,0.71000000
2018-02-28 07:32:18,0.00321300,2.73000000
2018-02-28 07:32:18,0.00321400,12.54000000
2018-02-28 07:32:18,0.00321500,35.93000000
2018-02-28 07:32:20,0.00321400,1.24000000
2018-02-28 07:32:21,0.00321400,4.35000000
2018-02-28 07:32:21,0.00321400,3.11000000
2018-02-28 07:32:23,0.00321400,2.04000000
2018-02-28 07:32:26,0.00321400,1.24000000
2018-02-28 07:32:28,0.00321400,2.39000000
2018-02-28 07:32:28,0.00321400,0.55000000
2018-02-28 07:32:28,0.00321400,37.10000000
2018-02-28 07:32:30,0.00321400,1.24000000
2018-02-28 07:32:31,0.00321300,68.31000000
2018-02-28 07:32:32,0.00321300,0.01000000
2018-02-28 07:32:33,0.00321400,140.34000000
2018-02-28 07:32:35,0.00321400,2.95000000
2018-02-28 07:32:36,0.00321300,92.41000000
2018-02-28 07:32:37,0.00321300,2.95000000
2018-02-28 07:32:39,0.00321300,52.95000000
2018-02-28 07:32:39,0.00321300,51.07000000
2018-02-28 07:32:39,0.00321400,1.84000000
2018-02-28 07:32:39,0.00321400,1.50000000
2018-02-28 07:32:40,0.00321400,12.35000000
2018-02-28 07:32:41,0.00321400,1.24000000
2018-02-28 07:32:44,0.00321400,1.24000000
2018-02-28 07:32:44,0.00321300,1.24000000
2018-02-28 07:32:44,0.00320900,25.60000000
2018-02-28 07:32:44,0.00320800,96.68000000
2018-02-28 07:32:44,0.00320700,25.56000000
2018-02-28 07:32:46,0.00321400,1.50000000
2018-02-28 07:32:47,0.00320900,3.14000000
2018-02-28 07:32:48,0.00321400,1.24000000
2018-02-28 07:32:50,0.00321300,5.29000000
2018-02-28 07:32:50,0.00321300,1.50000000
2018-02-28 07:32:52,0.00320900,14.25000000
2018-02-28 07:32:52,0.00321300,28.76000000
2018-02-28 07:32:53,0.00321300,1.55000000
2018-02-28 07:32:53,0.00321300,30.48000000
2018-02-28 07:32:53,0.00321400,9.83000000
2018-02-28 07:32:59,0.00320900,8.21000000
2018-02-28 07:32:59,0.00320800,1.79000000
2018-02-28 07:33:05,0.00321400,3.11000000
2018-02-28 07:33:10,0.00321300,10.00000000
2018-02-28 07:33:10,0.00321300,2.14000000
2018-02-28 07:33:14,0.00321300,0.69000000
2018-02-28 07:33:14,0.00321400,2.31000000
2018-02-28 07:33:15,0.00321400,84.00000000
2018-02-28 07:33:16,0.00321400,84.27000000
2018-02-28 07:33:29,0.00321300,6.22000000
2018-02-28 07:33:29,0.00321300,3.11000000
2018-02-28 07:33:29,0.00321300,1.01000000
2018-02-28 07:33:31,0.00321300,13.36000000
2018-02-28 07:33:31,0.00321300,3.11000000
2018-02-28 07:33:33,0.00321300,3.11000000
2018-02-28 07:33:35,0.00321300,9.33000000
2018-02-28 07:33:35,0.00321300,40.00000000
2018-02-28 07:33:36,0.00321300,65.61000000
2018-02-28 07:33:36,0.00321300,5.73000000
2018-02-28 07:33:36,0.00321300,51.72000000
2018-02-28 07:33:37,0.00321300,2.70000000
2018-02-28 07:33:37,0.00321300,1.96000000
2018-02-28 07:33:38,0.00320900,3.47000000
2018-02-28 07:33:39,0.00321300,0.53000000
2018-02-28 07:33:39,0.00321300,13.14000000
2018-02-28 07:33:40,0.00321300,67.53000000
2018-02-28 07:33:41,0.00321300,68.47000000
2018-02-28 07:33:41,0.00320900,27.36000000
2018-02-28 07:33:42,0.00321300,33.76000000
2018-02-28 07:33:43,0.00321300,4.03000000
2018-02-28 07:33:45,0.00321300,12.04000000
2018-02-28 07:33:45,0.00321300,23.99000000
2018-02-28 07:33:47,0.00321300,44.25000000
2018-02-28 07:33:48,0.00321900,19.47000000
2018-02-28 07:33:48,0.00322400,2.31000000
2018-02-28 07:33:48,0.00321300,1.00000000
2018-02-28 07:33:51,0.00322300,1.79000000
2018-02-28 07:33:51,0.00322400,3.22000000
2018-02-28 07:34:02,0.00321400,9.33000000
2018-02-28 07:34:02,0.00321300,5.80000000
2018-02-28 07:34:02,0.00321100,0.10000000
2018-02-28 07:34:17,0.00322100,9.30000000
2018-02-28 07:34:28,0.00322300,9.26000000
2018-02-28 07:34:28,0.00322300,17.74000000
2018-02-28 07:34:28,0.00322400,2.40000000
2018-02-28 07:34:28,0.00322400,6.68000000
2018-02-28 07:34:28,0.00322400,77.04000000
2018-02-28 07:34:29,0.00322300,9.26000000
2018-02-28 07:34:29,0.00322300,3.85000000
2018-02-28 07:34:30,0.00322300,9.26000000
2018-02-28 07:34:30,0.00322300,0.32000000
2018-02-28 07:34:31,0.00322300,9.26000000
2018-02-28 07:34:32,0.00322300,73.90000000
2018-02-28 07:34:32,0.00322400,9.26000000
2018-02-28 07:34:37,0.00321100,1.84000000
2018-02-28 07:34:41,0.00322200,1.55000000
2018-02-28 07:34:56,0.00322100,0.75000000
2018-02-28 07:35:17,0.00322100,1.12000000
2018-02-28 07:35:17,0.00322200,4.45000000
2018-02-28 07:35:17,0.00322400,8.79000000
2018-02-28 07:35:17,0.00322500,19.03000000
2018-02-28 07:35:32,0.00321700,2.75000000
2018-02-28 07:35:32,0.00321700,1.47000000
2018-02-28 07:35:44,0.00322400,1.00000000
2018-02-28 07:35:53,0.00321700,11.14000000
2018-02-28 07:35:57,0.00321700,2.18000000
2018-02-28 07:36:07,0.00322300,7.70000000
2018-02-28 07:36:07,0.00322400,7.25000000
2018-02-28 07:36:08,0.00322400,3.10000000
2018-02-28 07:36:21,0.00322300,2.00000000
2018-02-28 07:36:25,0.00322000,4.00000000
2018-02-28 07:36:25,0.00321900,2.00000000
2018-02-28 07:36:25,0.00321800,50.65000000
2018-02-28 07:36:25,0.00321700,9.32000000
2018-02-28 07:36:25,0.00321200,1.62000000
2018-02-28 07:36:25,0.00320700,7.59000000
2018-02-28 07:36:25,0.00320600,65.44000000
2018-02-28 07:36:28,0.00322100,0.84000000
2018-02-28 07:36:29,0.00322200,1.00000000
2018-02-28 07:36:30,0.00322200,0.52000000
2018-02-28 07:36:31,0.00322200,3.10000000
2018-02-28 07:36:32,0.00322100,0.53000000
2018-02-28 07:36:32,0.00322100,49.28000000
2018-02-28 07:36:47,0.00322000,0.67000000
2018-02-28 07:36:50,0.00322000,1.76000000
2018-02-28 07:36:53,0.00322000,1.69000000
2018-02-28 07:36:53,0.00321300,3.53000000
2018-02-28 07:36:53,0.00321200,1.25000000
2018-02-28 07:36:53,0.00321100,25.60000000
2018-02-28 07:36:53,0.00321000,17.47000000
2018-02-28 07:36:57,0.00320600,0.68000000
2018-02-28 07:37:03,0.00321100,1.09000000
2018-02-28 07:37:03,0.00320700,3.93000000
2018-02-28 07:37:03,0.00321700,5.36000000
2018-02-28 07:37:03,0.00321800,2.25000000
2018-02-28 07:37:03,0.00322000,20.65000000
2018-02-28 07:37:17,0.00322000,4.22000000
2018-02-28 07:37:30,0.00322000,18.63000000
2018-02-28 07:37:36,0.00322000,9.31000000
2018-02-28 07:37:47,0.00322000,3.10000000
2018-02-28 07:37:49,0.00322000,4.26000000
2018-02-28 07:37:50,0.00322000,3.10000000
2018-02-28 07:37:53,0.00322000,6.21000000
2018-02-28 07:38:00,0.00322000,5.37000000
2018-02-28 07:38:01,0.00322000,12.52000000
2018-02-28 07:38:12,0.00322000,24.84000000
2018-02-28 07:38:18,0.00322000,12.42000000
2018-02-28 07:38:24,0.00322000,9.31000000
2018-02-28 07:38:25,0.00321600,15.34000000
2018-02-28 07:38:25,0.00321600,15.34000000
2018-02-28 07:38:25,0.00321600,127.75000000
2018-02-28 07:38:26,0.00321600,3.42000000
2018-02-28 07:38:26,0.00321600,23.54000000
2018-02-28 07:38:26,0.00321600,15.00000000
2018-02-28 07:38:26,0.00321600,3.00000000
2018-02-28 07:38:26,0.00321600,15.36000000
2018-02-28 07:38:27,0.00321600,85.25000000
2018-02-28 07:38:28,0.00321600,1.80000000
2018-02-28 07:38:29,0.00321600,6.16000000
2018-02-28 07:38:29,0.00321600,14.00000000
2018-02-28 07:38:29,0.00321600,47.97000000
2018-02-28 07:38:31,0.00322000,1.80000000
2018-02-28 07:38:31,0.00322000,1.50000000
2018-02-28 07:38:36,0.00322000,1.70000000
2018-02-28 07:38:38,0.00322000,5.73000000
2018-02-28 07:38:38,0.00322300,1.48000000
2018-02-28 07:38:39,0.00322300,8.81000000
2018-02-28 07:38:42,0.00322400,4.13000000
2018-02-28 07:38:48,0.00322300,1.50000000
2018-02-28 07:38:49,0.00322400,1.60000000
2018-02-28 07:38:49,0.00322300,3.66000000
2018-02-28 07:38:53,0.00322400,20.12000000
2018-02-28 07:38:58,0.00322400,34.42000000
2018-02-28 07:39:02,0.00322400,7.41000000
2018-02-28 07:39:12,0.00322400,2.16000000
2018-02-28 07:39:13,0.00322400,10.65000000
2018-02-28 07:39:18,0.00322400,13.76000000
2018-02-28 07:39:24,0.00322300,47.90000000
2018-02-28 07:39:24,0.00322400,17.23000000
2018-02-28 07:39:24,0.00322400,18.65000000
2018-02-28 07:39:27,0.00322500,6.33000000
2018-02-28 07:39:36,0.00322500,21.56000000
2018-02-28 07:39:41,0.00322500,0.07000000
2018-02-28 07:39:46,0.00321800,1.08000000
2018-02-28 07:40:07,0.00322300,59.50000000
2018-02-28 07:40:07,0.00322400,1.36000000
2018-02-28 07:40:10,0.00322400,54.88000000
2018-02-28 07:40:11,0.00322400,27.44000000
2018-02-28 07:40:14,0.00321900,25.98000000
2018-02-28 07:40:14,0.00321900,2.79000000
2018-02-28 07:40:14,0.00321900,3.10000000
2018-02-28 07:40:15,0.00321900,2.18000000
2018-02-28 07:40:15,0.00322200,25.98000000
2018-02-28 07:40:15,0.00322300,1.49000000
2018-02-28 07:40:16,0.00322300,28.90000000
2018-02-28 07:40:20,0.00322400,27.44000000
2018-02-28 07:40:20,0.00322500,233.16000000
2018-02-28 07:40:20,0.00322600,13.99000000
2018-02-28 07:40:39,0.00322700,6.19000000
2018-02-28 07:40:43,0.00322800,16.97000000
2018-02-28 07:40:43,0.00322900,1.81000000
2018-02-28 07:40:44,0.00322700,4.18000000
2018-02-28 07:40:44,0.00322400,5.49000000
2018-02-28 07:40:46,0.00322400,2.41000000
2018-02-28 07:40:48,0.00322400,0.32000000
2018-02-28 07:40:52,0.00322400,1.00000000
2018-02-28 07:40:58,0.00322800,2.43000000
2018-02-28 07:41:07,0.00322400,7.71000000
2018-02-28 07:41:19,0.00322400,3.00000000
2018-02-28 07:41:21,0.00322700,5.73000000
2018-02-28 07:41:22,0.00322400,41.11000000
2018-02-28 07:41:22,0.00322700,1.00000000
2018-02-28 07:41:30,0.00322400,1.00000000
2018-02-28 07:41:32,0.00322400,6.89000000
2018-02-28 07:41:35,0.00322400,1.00000000
2018-02-28 07:41:39,0.00322400,0.80000000
2018-02-28 07:41:42,0.00322400,0.52000000
2018-02-28 07:41:46,0.00322600,13.92000000
2018-02-28 07:41:54,0.00322600,20.14000000
2018-02-28 07:42:01,0.00322500,1.50000000
2018-02-28 07:42:04,0.00322500,3.13000000
2018-02-28 07:42:10,0.00322500,0.55000000
2018-02-28 07:42:14,0.00322400,10.34000000
2018-02-28 07:42:23,0.00322500,1.50000000
2018-02-28 07:42:25,0.00322500,1.33000000
2018-02-28 07:42:26,0.00322500,4.00000000
2018-02-28 07:42:34,0.00322500,1.50000000
2018-02-28 07:42:41,0.00322400,20.00000000
2018-02-28 07:42:45,0.00322400,0.30000000
2018-02-28 07:42:45,0.00322500,1.50000000
2018-02-28 07:42:48,0.00322500,1.33000000
2018-02-28 07:42:49,0.00322400,1.00000000
2018-02-28 07:42:50,0.00322500,7.88000000
2018-02-28 07:42:53,0.00322500,1.00000000
2018-02-28 07:42:54,0.00322600,14.07000000
2018-02-28 07:42:54,0.00322800,56.63000000
2018-02-28 07:42:55,0.00322800,1.41000000
2018-02-28 07:42:55,0.00322800,7.46000000
2018-02-28 07:42:58,0.00322800,0.45000000
2018-02-28 07:42:58,0.00322800,8.50000000
2018-02-28 07:42:58,0.00322800,1.00000000
2018-02-28 07:43:00,0.00322800,4.00000000
2018-02-28 07:43:01,0.00322800,6.11000000
2018-02-28 07:43:02,0.00322800,1.00000000
2018-02-28 07:43:03,0.00322800,8.45000000
2018-02-28 07:43:06,0.00322800,1.00000000
2018-02-28 07:43:07,0.00322900,49.10000000
2018-02-28 07:43:08,0.00323000,21.96000000
2018-02-28 07:43:08,0.00323000,29.03000000
2018-02-28 07:43:09,0.00323000,2.62000000
2018-02-28 07:43:09,0.00323000,3.75000000
2018-02-28 07:43:11,0.00323000,4.59000000
2018-02-28 07:43:11,0.00323000,0.01000000
2018-02-28 07:43:11,0.00322900,4.58000000
2018-02-28 07:43:11,0.00322900,4.59000000
2018-02-28 07:43:14,0.00322900,3.63000000
2018-02-28 07:43:18,0.00323300,12.61000000
2018-02-28 07:43:18,0.00323300,32.33000000
2018-02-28 07:43:18,0.00323300,0.01000000
2018-02-28 07:43:18,0.00322900,4.04000000
2018-02-28 07:43:19,0.00322900,8.45000000
2018-02-28 07:43:23,0.00322900,30.00000000
2018-02-28 07:43:24,0.00323200,1.55000000
2018-02-28 07:43:27,0.00323000,8.45000000
2018-02-28 07:43:28,0.00323000,26.77000000
2018-02-28 07:43:28,0.00322900,14.95000000
2018-02-28 07:43:28,0.00323400,19.00000000
2018-02-28 07:43:28,0.00323500,5.40000000
2018-02-28 07:43:28,0.00323800,35.84000000
2018-02-28 07:43:28,0.00323800,9.94000000
2018-02-28 07:43:28,0.00323800,3.14000000
2018-02-28 07:43:28,0.00323800,19.00000000
2018-02-28 07:43:29,0.00323800,14.00000000
2018-02-28 07:43:29,0.00323800,152.96000000
2018-02-28 07:43:29,0.00323800,14.95000000
2018-02-28 07:43:30,0.00323800,7.00000000
2018-02-28 07:43:30,0.00323800,40.00000000
2018-02-28 07:43:30,0.00323800,70.00000000
2018-02-28 07:43:30,0.00323800,122.37000000
2018-02-28 07:43:30,0.00322900,3.09000000
2018-02-28 07:43:34,0.00323400,0.62000000
2018-02-28 07:43:36,0.00323100,3.08000000
2018-02-28 07:43:36,0.00323100,6.20000000
2018-02-28 07:43:39,0.00323100,5.24000000
2018-02-28 07:43:57,0.00323000,19.23000000
2018-02-28 07:43:57,0.00322900,0.02000000
2018-02-28 07:44:02,0.00322900,9.75000000
2018-02-28 07:44:02,0.00322900,27.77000000
2018-02-28 07:44:02,0.00322900,5.77000000
2018-02-28 07:44:04,0.00323000,59.30000000
2018-02-28 07:44:04,0.00322900,42.76000000
2018-02-28 07:44:04,0.00322600,0.62000000
2018-02-28 07:44:04,0.00322500,7.90000000
2018-02-28 07:44:04,0.00322400,281.95000000
2018-02-28 07:44:04,0.00322400,3.09000000
2018-02-28 07:44:04,0.00322400,111.29000000
2018-02-28 07:44:05,0.00322400,3.08000000
2018-02-28 07:44:05,0.00322400,3.09000000
2018-02-28 07:44:05,0.00322400,3.09000000
2018-02-28 07:44:05,0.00322400,3.08000000
2018-02-28 07:44:05,0.00322400,8.16000000
2018-02-28 07:44:05,0.00322400,3.09000000
2018-02-28 07:44:07,0.00322400,3.08000000
2018-02-28 07:44:19,0.00322400,1.64000000
2018-02-28 07:44:20,0.00322400,12.89000000
2018-02-28 07:44:21,0.00322400,1.12000000
2018-02-28 07:44:21,0.00322400,8.88000000
2018-02-28 07:44:21,0.00322400,0.46000000
2018-02-28 07:44:28,0.00322400,1.27000000
2018-02-28 07:44:29,0.00322400,85.31000000
2018-02-28 07:44:29,0.00322600,9.28000000
2018-02-28 07:44:29,0.00322900,15.00000000
2018-02-28 07:44:29,0.00323100,14.50000000
2018-02-28 07:44:29,0.00323200,5.34000000
2018-02-28 07:44:42,0.00323000,41.51000000
2018-02-28 07:44:44,0.00323000,4.06000000
2018-02-28 07:44:54,0.00323000,27.79000000
2018-02-28 07:45:12,0.00322300,0.20000000
2018-02-28 07:45:19,0.00323000,0.08000000
2018-02-28 07:45:34,0.00323000,5.46000000
2018-02-28 07:46:01,0.00322900,35.59000000
2018-02-28 07:46:03,0.00322900,13.98000000
2018-02-28 07:46:33,0.00322900,3.48000000
2018-02-28 07:46:40,0.00322900,37.23000000
2018-02-28 07:46:42,0.00322600,8.30000000
2018-02-28 07:46:43,0.00322600,0.65000000
2018-02-28 07:46:44,0.00322900,8.29000000
2018-02-28 07:46:47,0.00322900,1.37000000
2018-02-28 07:46:53,0.00322900,63.12000000
2018-02-28 07:47:05,0.00322800,21.32000000
2018-02-28 07:47:05,0.00322700,3.68000000
2018-02-28 07:47:09,0.00322900,2.50000000
2018-02-28 07:47:44,0.00323000,4.09000000
2018-02-28 07:47:47,0.00322400,3.04000000
2018-02-28 07:47:48,0.00322400,1.09000000
2018-02-28 07:47:50,0.00322500,6.00000000
2018-02-28 07:47:53,0.00322600,3.00000000
2018-02-28 07:47:56,0.00323000,27.34000000
2018-02-28 07:47:57,0.00323000,2.52000000
2018-02-28 07:48:02,0.00322600,28.85000000
2018-02-28 07:48:10,0.00322900,2.44000000
2018-02-28 07:48:10,0.00322900,2.44000000
2018-02-28 07:48:10,0.00322900,2.44000000
2018-02-28 07:48:10,0.00322600,2.44000000
2018-02-28 07:48:30,0.00322900,2.56000000
2018-02-28 07:48:31,0.00322900,0.12000000
2018-02-28 07:48:44,0.00323000,17.60000000
2018-02-28 07:49:04,0.00323000,1.00000000
2018-02-28 07:49:13,0.00322900,0.68000000
2018-02-28 07:49:13,0.00322700,3.61000000
2018-02-28 07:49:13,0.00322600,4.11000000
2018-02-28 07:49:13,0.00322600,3.10000000
2018-02-28 07:49:14,0.00322600,3.98000000
2018-02-28 07:49:14,0.00323000,3.75000000
2018-02-28 07:49:24,0.00322700,1.00000000
2018-02-28 07:49:28,0.00322900,2.95000000
2018-02-28 07:49:29,0.00323000,3.09000000
2018-02-28 07:49:30,0.00323000,49.46000000
2018-02-28 07:49:37,0.00323700,0.46000000
2018-02-28 07:49:37,0.00323800,4.54000000
2018-02-28 07:49:38,0.00323100,2.98000000
2018-02-28 07:49:50,0.00323500,2.98000000
2018-02-28 07:49:50,0.00323600,8.22000000
2018-02-28 07:49:51,0.00323600,0.34000000
2018-02-28 07:49:52,0.00323600,3.10000000
2018-02-28 07:50:03,0.00323700,3.84000000
2018-02-28 07:50:07,0.00323100,127.91000000
2018-02-28 07:50:07,0.00323000,80.38000000
2018-02-28 07:50:11,0.00323600,9.28000000
2018-02-28 07:50:11,0.00323700,2.02000000
2018-02-28 07:50:24,0.00323600,20.57000000
2018-02-28 07:50:24,0.00323600,25.56000000
2018-02-28 07:50:26,0.00323600,57.09000000
2018-02-28 07:50:29,0.00323600,23.21000000
2018-02-28 07:50:36,0.00323100,6.42000000
2018-02-28 07:50:37,0.00323000,10.59000000
2018-02-28 07:50:41,0.00323600,28.37000000
2018-02-28 07:51:06,0.00323600,9.60000000
2018-02-28 07:51:18,0.00323000,3.99000000
2018-02-28 07:51:19,0.00323600,1.01000000
2018-02-28 07:51:29,0.00323600,3.09000000
2018-02-28 07:51:35,0.00323600,3.09000000
2018-02-28 07:51:54,0.00323600,47.96000000
2018-02-28 07:51:54,0.00323600,47.98000000
2018-02-28 07:51:54,0.00323600,3.08000000
2018-02-28 07:52:16,0.00323200,1.00000000
2018-02-28 07:52:16,0.00323100,6.00000000
2018-02-28 07:52:32,0.00323600,3.09000000
2018-02-28 07:52:33,0.00323100,7.49000000
2018-02-28 07:52:33,0.00323100,9.28000000
2018-02-28 07:52:38,0.00323100,25.34000000
2018-02-28 07:52:39,0.00323100,12.38000000
2018-02-28 07:52:45,0.00323200,1.00000000
2018-02-28 07:52:45,0.00323100,1.81000000
2018-02-28 07:52:47,0.00323100,125.66000000
2018-02-28 07:52:47,0.00323100,31.26000000
2018-02-28 07:52:47,0.00323100,2.90000000
2018-02-28 07:52:48,0.00323100,2.75000000
2018-02-28 07:52:49,0.00323100,59.16000000
2018-02-28 07:52:51,0.00323100,70.48000000
2018-02-28 07:52:51,0.00323100,4.75000000
2018-02-28 07:52:53,0.00323100,21.66000000
2018-02-28 07:52:53,0.00323100,3.12000000
2018-02-28 07:52:56,0.00323100,24.16000000
2018-02-28 07:52:58,0.00323100,8.11000000
2018-02-28 07:53:07,0.00323500,3.09000000
2018-02-28 07:53:07,0.00323100,13.85000000
2018-02-28 07:53:16,0.00323500,16.31000000
2018-02-28 07:53:19,0.00323200,9.28000000
2018-02-28 07:53:43,0.00323100,0.43000000
2018-02-28 07:53:50,0.00323100,0.76000000
2018-02-28 07:53:51,0.00323100,0.60000000
2018-02-28 07:54:00,0.00323400,3.18000000
2018-02-28 07:54:07,0.00323400,1.24000000
2018-02-28 07:54:08,0.00323400,17.60000000
2018-02-28 07:54:16,0.00323400,26.40000000
2018-02-28 07:54:16,0.00323400,5.22000000
2018-02-28 07:54:24,0.00323400,26.40000000
2018-02-28 07:54:27,0.00323100,16.97000000
2018-02-28 07:54:27,0.00323000,12.36000000
2018-02-28 07:54:47,0.00323400,6.99000000
2018-02-28 07:54:48,0.00323000,0.10000000
2018-02-28 07:55:01,0.00323000,9.28000000
2018-02-28 07:55:06,0.00323000,15.15000000
2018-02-28 07:55:06,0.00323000,0.10000000
2018-02-28 07:55:06,0.00323000,26.36000000
2018-02-28 07:55:15,0.00323300,12.82000000
2018-02-28 07:55:31,0.00323300,3.09000000
2018-02-28 07:55:36,0.00323300,3.09000000
2018-02-28 07:55:39,0.00323200,4.80000000
2018-02-28 07:55:43,0.00323200,14.55000000
2018-02-28 07:55:47,0.00323200,24.96000000
2018-02-28 07:55:58,0.00323200,4.68000000
2018-02-28 07:55:59,0.00323000,41.88000000
2018-02-28 07:56:11,0.00323000,0.10000000
2018-02-28 07:56:13,0.00323000,0.43000000
2018-02-28 07:56:17,0.00323000,4.94000000
2018-02-28 07:56:20,0.00323100,0.20000000
2018-02-28 07:56:21,0.00323000,1.29000000
2018-02-28 07:56:30,0.00323100,3.09000000
2018-02-28 07:56:31,0.00323000,2.40000000
2018-02-28 07:56:36,0.00323200,3.09000000
2018-02-28 07:56:42,0.00323100,3.09000000
2018-02-28 07:56:46,0.00323000,1.00000000
2018-02-28 07:56:59,0.00323200,2.30000000
2018-02-28 07:57:01,0.00323200,2.50000000
2018-02-28 07:57:03,0.00323200,2.40000000
2018-02-28 07:57:04,0.00323100,0.46000000
2018-02-28 07:57:06,0.00323200,2.40000000
2018-02-28 07:57:07,0.00323100,0.54000000
2018-02-28 07:57:07,0.00323000,1.83000000
2018-02-28 07:57:08,0.00323000,59.14000000
2018-02-28 07:57:10,0.00323000,8.95000000
2018-02-28 07:57:13,0.00322300,20.27000000
2018-02-28 07:57:17,0.00323000,6.50000000
2018-02-28 07:57:18,0.00322300,1.00000000
2018-02-28 07:57:25,0.00323000,0.15000000
2018-02-28 07:57:39,0.00323000,3.09000000
2018-02-28 07:57:47,0.00322400,10.23000000
2018-02-28 07:57:53,0.00322400,1.24000000
2018-02-28 07:57:55,0.00322400,1.24000000
2018-02-28 07:58:00,0.00322900,2.50000000
2018-02-28 07:58:03,0.00323000,2.40000000
2018-02-28 07:58:06,0.00323000,2.40000000
2018-02-28 07:58:09,0.00323000,2.30000000
2018-02-28 07:58:11,0.00323000,2.40000000
2018-02-28 07:58:13,0.00323000,2.40000000
2018-02-28 07:58:16,0.00323000,2.30000000
2018-02-28 07:58:18,0.00323000,2.40000000
2018-02-28 07:58:20,0.00323000,2.40000000
2018-02-28 07:58:21,0.00322500,20.48000000
2018-02-28 07:58:23,0.00323000,2.40000000
2018-02-28 07:58:25,0.00323000,2.40000000
2018-02-28 07:58:28,0.00323000,2.50000000
2018-02-28 07:58:30,0.00323000,2.50000000
2018-02-28 07:58:31,0.00323000,3.09000000
2018-02-28 07:58:33,0.00322900,2.40000000
2018-02-28 07:58:35,0.00322900,2.40000000
2018-02-28 07:58:37,0.00322900,2.54000000
2018-02-28 07:58:38,0.00322900,2.30000000
2018-02-28 07:58:40,0.00322900,2.40000000
2018-02-28 07:58:42,0.00322900,2.40000000
2018-02-28 07:58:44,0.00322900,2.50000000
2018-02-28 07:58:46,0.00322900,3.09000000
2018-02-28 07:58:46,0.00322900,2.30000000
2018-02-28 07:58:49,0.00322900,2.30000000
2018-02-28 07:58:51,0.00322900,2.50000000
2018-02-28 07:58:53,0.00322900,2.50000000
2018-02-28 07:58:54,0.00322900,27.38000000
2018-02-28 07:58:56,0.00322900,2.40000000
2018-02-28 07:58:58,0.00322900,2.40000000
2018-02-28 07:59:01,0.00322900,2.40000000
2018-02-28 07:59:02,0.00322900,1.00000000
2018-02-28 07:59:02,0.00322900,9.77000000
2018-02-28 07:59:09,0.00322900,2.50000000
2018-02-28 07:59:09,0.00322900,41.69000000
2018-02-28 07:59:18,0.00322900,2.50000000
2018-02-28 07:59:20,0.00322900,2.50000000
2018-02-28 07:59:22,0.00322900,2.40000000
2018-02-28 07:59:24,0.00322500,8.57000000
2018-02-28 07:59:25,0.00322900,2.40000000
2018-02-28 07:59:27,0.00322900,2.40000000
2018-02-28 07:59:29,0.00322500,4.48000000
2018-02-28 07:59:30,0.00322900,2.30000000
2018-02-28 07:59:32,0.00322900,2.50000000
2018-02-28 07:59:34,0.00322900,2.30000000
2018-02-28 07:59:35,0.00322900,3.09000000
2018-02-28 07:59:36,0.00322900,2.30000000
2018-02-28 07:59:39,0.00322900,2.30000000
2018-02-28 07:59:41,0.00322900,2.50000000
2018-02-28 07:59:43,0.00322900,2.40000000
2018-02-28 07:59:46,0.00322900,2.40000000
2018-02-28 07:59:48,0.00322700,0.52000000
2018-02-28 07:59:48,0.00322900,2.40000000
2018-02-28 07:59:49,0.00322700,1.46000000
2018-02-28 07:59:51,0.00322900,2.50000000
2018-02-28 07:59:53,0.00322900,2.30000000
2018-02-28 07:59:55,0.00322800,2.30000000
