DATE,PRICE,VOLUME
2018-02-26 21:00:06,0.00349600,15.34000000
2018-02-26 21:00:14,0.00349600,2.86000000
2018-02-26 21:00:23,0.00349300,0.92000000
2018-02-26 21:00:28,0.00349600,142.23000000
2018-02-26 21:00:31,0.00349500,48.84000000
2018-02-26 21:00:31,0.00349400,16.16000000
2018-02-26 21:00:32,0.00349300,1.57000000
2018-02-26 21:00:32,0.00349200,12.74000000
2018-02-26 21:00:44,0.00349300,1.78000000
2018-02-26 21:00:46,0.00349200,1.41000000
2018-02-26 21:00:48,0.00349400,14.31000000
2018-02-26 21:00:51,0.00349400,34.54000000
2018-02-26 21:00:52,0.00349300,14.31000000
2018-02-26 21:00:53,0.00349300,1.40000000
2018-02-26 21:00:53,0.00349300,0.01000000
2018-02-26 21:00:58,0.00349300,1.15000000
2018-02-26 21:01:00,0.00349300,1.15000000
2018-02-26 21:01:01,0.00349400,2.86000000
2018-02-26 21:01:04,0.00349300,10.29000000
2018-02-26 21:01:07,0.00349300,0.46000000
2018-02-26 21:01:08,0.00349300,4.20000000
2018-02-26 21:01:08,0.00349300,1.43000000
2018-02-26 21:01:09,0.00349400,3.16000000
2018-02-26 21:01:09,0.00349500,8.84000000
2018-02-26 21:01:09,0.00349300,1.40000000
2018-02-26 21:01:12,0.00349500,101.91000000
2018-02-26 21:01:12,0.00349600,16.13000000
2018-02-26 21:01:14,0.00349400,25.10000000
2018-02-26 21:01:14,0.00349300,12.60000000
2018-02-26 21:01:15,0.00349300,1.38000000
2018-02-26 21:01:28,0.00349200,4.24000000
2018-02-26 21:01:29,0.00349200,1.19000000
2018-02-26 21:01:34,0.00349800,2.85000000
2018-02-26 21:01:41,0.00349800,9.22000000
2018-02-26 21:01:43,0.00349800,19.82000000
2018-02-26 21:01:43,0.00349800,9.84000000
2018-02-26 21:01:43,0.00349800,0.71000000
2018-02-26 21:01:45,0.00349800,0.54000000
2018-02-26 21:01:45,0.00349800,3.91000000
2018-02-26 21:01:46,0.00349300,0.01000000
2018-02-26 21:02:05,0.00349300,1.20000000
2018-02-26 21:02:05,0.00349300,13.76000000
2018-02-26 21:02:08,0.00349300,3.57000000
2018-02-26 21:02:08,0.00349200,4.73000000
2018-02-26 21:02:08,0.00349100,11.96000000
2018-02-26 21:02:08,0.00349100,186.15000000
2018-02-26 21:02:08,0.00349500,12.51000000
2018-02-26 21:02:13,0.00349000,140.72000000
2018-02-26 21:02:13,0.00349000,65.69000000
2018-02-26 21:02:13,0.00349000,0.01000000
2018-02-26 21:02:32,0.00349500,0.04000000
2018-02-26 21:02:32,0.00349600,33.65000000
2018-02-26 21:02:32,0.00349700,9.96000000
2018-02-26 21:02:32,0.00349800,30.11000000
2018-02-26 21:02:32,0.00349900,413.70000000
2018-02-26 21:02:32,0.00349900,87.06000000
2018-02-26 21:02:33,0.00349100,0.36000000
2018-02-26 21:02:34,0.00349900,17.55000000
2018-02-26 21:02:46,0.00349200,0.60000000
2018-02-26 21:02:50,0.00349200,1.40000000
2018-02-26 21:03:02,0.00349000,0.50000000
2018-02-26 21:03:08,0.00349500,13.24000000
2018-02-26 21:03:31,0.00349300,2.86000000
2018-02-26 21:03:31,0.00349400,81.64000000
2018-02-26 21:03:35,0.00349400,4.41000000
2018-02-26 21:03:49,0.00349500,2.03000000
2018-02-26 21:03:51,0.00349500,9.21000000
2018-02-26 21:03:58,0.00349500,75.01000000
2018-02-26 21:04:01,0.00349100,62.79000000
2018-02-26 21:04:16,0.00349300,1.40000000
2018-02-26 21:04:22,0.00349400,5.15000000
2018-02-26 21:04:25,0.00349400,1.40000000
2018-02-26 21:04:26,0.00349500,14.08000000
2018-02-26 21:04:26,0.00349600,2.00000000
2018-02-26 21:04:26,0.00349800,13.92000000
2018-02-26 21:04:27,0.00349400,2.89000000
2018-02-26 21:04:27,0.00349300,0.32000000
2018-02-26 21:04:35,0.00349900,0.81000000
2018-02-26 21:04:35,0.00349900,2.85000000
2018-02-26 21:04:44,0.00349300,5.87000000
2018-02-26 21:04:51,0.00349400,2.63000000
2018-02-26 21:04:57,0.00349600,0.78000000
2018-02-26 21:04:57,0.00349700,31.46000000
2018-02-26 21:05:26,0.00349800,7.31000000
2018-02-26 21:05:28,0.00349800,37.22000000
2018-02-26 21:05:34,0.00349700,0.46000000
2018-02-26 21:05:35,0.00349400,30.37000000
2018-02-26 21:05:35,0.00349300,66.37000000
2018-02-26 21:05:35,0.00349200,25.06000000
2018-02-26 21:05:35,0.00349100,6.00000000
2018-02-26 21:05:35,0.00349000,97.57000000
2018-02-26 21:05:35,0.00348900,148.37000000
2018-02-26 21:05:35,0.00348800,1.43000000
2018-02-26 21:05:35,0.00348700,30.92000000
2018-02-26 21:05:35,0.00348600,5.24000000
2018-02-26 21:05:35,0.00348400,0.40000000
2018-02-26 21:05:35,0.00348300,10.42000000
2018-02-26 21:05:35,0.00348200,80.53000000
2018-02-26 21:05:35,0.00348100,189.92000000
2018-02-26 21:05:35,0.00348000,113.55000000
2018-02-26 21:05:35,0.00347700,57.27000000
2018-02-26 21:05:35,0.00347500,51.97000000
2018-02-26 21:05:36,0.00349600,0.46000000
2018-02-26 21:05:37,0.00349500,0.46000000
2018-02-26 21:05:37,0.00349500,0.46000000
2018-02-26 21:05:38,0.00349300,0.46000000
2018-02-26 21:05:39,0.00349300,0.39000000
2018-02-26 21:05:40,0.00349300,0.46000000
2018-02-26 21:05:41,0.00349300,5.00000000
2018-02-26 21:05:41,0.00349300,1.36000000
2018-02-26 21:05:41,0.00349400,1.50000000
2018-02-26 21:05:41,0.00349400,20.59000000
2018-02-26 21:05:45,0.00349400,0.46000000
2018-02-26 21:05:46,0.00349300,1.43000000
2018-02-26 21:05:48,0.00349400,0.46000000
2018-02-26 21:05:49,0.00349400,0.46000000
2018-02-26 21:05:49,0.00349400,0.33000000
2018-02-26 21:05:50,0.00349400,0.46000000
2018-02-26 21:05:51,0.00349400,0.46000000
2018-02-26 21:05:52,0.00349400,0.56000000
2018-02-26 21:05:54,0.00349400,0.46000000
2018-02-26 21:05:54,0.00349300,0.60000000
2018-02-26 21:05:55,0.00349400,2.20000000
2018-02-26 21:05:55,0.00349400,7.87000000
2018-02-26 21:05:57,0.00349400,0.46000000
2018-02-26 21:05:58,0.00349400,0.46000000
2018-02-26 21:05:59,0.00349400,5.87000000
2018-02-26 21:05:59,0.00349400,0.02000000
2018-02-26 21:06:00,0.00349500,0.68000000
2018-02-26 21:06:01,0.00349500,0.64000000
2018-02-26 21:06:02,0.00349600,0.46000000
2018-02-26 21:06:03,0.00349600,14.08000000
2018-02-26 21:06:03,0.00349400,7.85000000
2018-02-26 21:06:03,0.00349300,2.15000000
2018-02-26 21:06:06,0.00349600,0.46000000
2018-02-26 21:06:07,0.00349600,0.46000000
2018-02-26 21:06:08,0.00349600,0.46000000
2018-02-26 21:06:09,0.00349600,0.46000000
2018-02-26 21:06:10,0.00349600,0.50000000
2018-02-26 21:06:12,0.00349600,5.08000000
2018-02-26 21:06:13,0.00349400,10.32000000
2018-02-26 21:06:16,0.00349600,0.30000000
2018-02-26 21:06:32,0.00349600,2.86000000
2018-02-26 21:06:33,0.00349600,2.86000000
2018-02-26 21:06:33,0.00349600,0.46000000
2018-02-26 21:06:40,0.00349600,0.46000000
2018-02-26 21:06:44,0.00349600,0.45000000
2018-02-26 21:06:49,0.00349600,0.46000000
2018-02-26 21:06:54,0.00349600,12.12000000
2018-02-26 21:07:00,0.00349400,4.99000000
2018-02-26 21:07:01,0.00349400,0.51000000
2018-02-26 21:07:04,0.00349600,0.94000000
2018-02-26 21:07:08,0.00349600,0.46000000
2018-02-26 21:07:12,0.00349600,0.40000000
2018-02-26 21:07:12,0.00349600,0.41000000
2018-02-26 21:07:15,0.00349600,0.66000000
2018-02-26 21:07:15,0.00349600,0.46000000
2018-02-26 21:07:16,0.00349600,0.46000000
2018-02-26 21:07:16,0.00349600,10.33000000
2018-02-26 21:07:30,0.00349600,2.86000000
2018-02-26 21:07:35,0.00349600,98.82000000
2018-02-26 21:07:54,0.00349600,27.51000000
2018-02-26 21:07:58,0.00349500,0.44000000
2018-02-26 21:07:59,0.00349500,1.00000000
2018-02-26 21:08:09,0.00349500,1.38000000
2018-02-26 21:08:11,0.00349500,7.17000000
2018-02-26 21:08:15,0.00349500,0.98000000
2018-02-26 21:08:20,0.00349500,44.18000000
2018-02-26 21:08:22,0.00349500,44.18000000
2018-02-26 21:08:30,0.00349500,0.68000000
2018-02-26 21:08:32,0.00349500,0.41000000
2018-02-26 21:08:37,0.00349500,22.01000000
2018-02-26 21:08:45,0.00349600,1.35000000
2018-02-26 21:08:46,0.00349600,2.98000000
2018-02-26 21:08:46,0.00349700,0.07000000
2018-02-26 21:08:46,0.00349500,48.84000000
2018-02-26 21:09:00,0.00349400,0.24000000
2018-02-26 21:09:13,0.00349600,88.77000000
2018-02-26 21:09:13,0.00349600,16.03000000
2018-02-26 21:09:21,0.00349500,8.58000000
2018-02-26 21:09:21,0.00349400,0.33000000
2018-02-26 21:09:22,0.00349400,1.36000000
2018-02-26 21:09:25,0.00349300,111.91000000
2018-02-26 21:09:26,0.00349300,103.92000000
2018-02-26 21:09:36,0.00348900,1.00000000
2018-02-26 21:10:25,0.00349400,1.35000000
2018-02-26 21:10:25,0.00349600,90.65000000
2018-02-26 21:10:37,0.00349100,0.25000000
2018-02-26 21:10:38,0.00349600,4.13000000
2018-02-26 21:10:45,0.00349200,14.32000000
2018-02-26 21:10:56,0.00349200,2.34000000
2018-02-26 21:11:00,0.00349600,0.61000000
2018-02-26 21:11:08,0.00349200,14.32000000
2018-02-26 21:11:12,0.00349200,0.49000000
2018-02-26 21:11:12,0.00349100,48.64000000
2018-02-26 21:11:29,0.00349500,3.26000000
2018-02-26 21:11:32,0.00349500,0.41000000
2018-02-26 21:11:32,0.00348800,82.49000000
2018-02-26 21:11:41,0.00349500,1.40000000
2018-02-26 21:11:43,0.00348900,48.92000000
2018-02-26 21:11:45,0.00349500,0.07000000
2018-02-26 21:12:04,0.00349500,20.00000000
2018-02-26 21:12:10,0.00349100,6.43000000
2018-02-26 21:12:10,0.00348900,83.00000000
2018-02-26 21:12:11,0.00349100,1.02000000
2018-02-26 21:12:13,0.00349500,1.36000000
2018-02-26 21:12:14,0.00349100,0.41000000
2018-02-26 21:12:14,0.00348800,2.59000000
2018-02-26 21:12:30,0.00349400,2.59000000
2018-02-26 21:12:30,0.00349500,0.06000000
2018-02-26 21:12:30,0.00349600,0.21000000
2018-02-26 21:12:35,0.00349500,6.80000000
2018-02-26 21:12:39,0.00349500,120.60000000
2018-02-26 21:13:13,0.00348700,8.60000000
2018-02-26 21:13:13,0.00348600,1.42000000
2018-02-26 21:13:13,0.00348500,11.98000000
2018-02-26 21:13:17,0.00348900,0.32000000
2018-02-26 21:13:17,0.00348900,6.57000000
2018-02-26 21:13:17,0.00348900,14.98000000
2018-02-26 21:13:17,0.00348900,2.00000000
2018-02-26 21:13:25,0.00349000,1.42000000
2018-02-26 21:13:25,0.00349100,1.44000000
2018-02-26 21:13:28,0.00348900,2.00000000
2018-02-26 21:13:37,0.00348900,29.97000000
2018-02-26 21:13:43,0.00349100,1.60000000
2018-02-26 21:13:54,0.00349000,20.10000000
2018-02-26 21:14:01,0.00349000,18.09000000
2018-02-26 21:14:08,0.00348900,14.33000000
2018-02-26 21:14:10,0.00348900,18.25000000
2018-02-26 21:14:22,0.00348800,14.33000000
2018-02-26 21:14:23,0.00348800,14.33000000
2018-02-26 21:14:32,0.00348800,7.04000000
2018-02-26 21:14:32,0.00348800,1.09000000
2018-02-26 21:14:44,0.00348800,1.43000000
2018-02-26 21:14:44,0.00348800,10.53000000
2018-02-26 21:14:44,0.00348700,9.04000000
2018-02-26 21:14:44,0.00348400,29.56000000
2018-02-26 21:14:44,0.00348200,22.85000000
2018-02-26 21:14:47,0.00348200,10.00000000
2018-02-26 21:14:54,0.00348200,8.11000000
2018-02-26 21:14:59,0.00348800,5.06000000
2018-02-26 21:15:07,0.00348200,11.84000000
2018-02-26 21:15:22,0.00348700,1.41000000
2018-02-26 21:15:22,0.00348200,3.84000000
2018-02-26 21:15:33,0.00348200,62.94000000
2018-02-26 21:15:51,0.00348200,4.00000000
2018-02-26 21:15:55,0.00348700,3.00000000
2018-02-26 21:16:09,0.00348500,3.66000000
2018-02-26 21:16:18,0.00348500,0.63000000
2018-02-26 21:16:18,0.00348200,7.32000000
2018-02-26 21:16:19,0.00348500,0.71000000
2018-02-26 21:16:19,0.00348700,66.28000000
2018-02-26 21:16:19,0.00348800,4.94000000
2018-02-26 21:16:29,0.00348800,0.01000000
2018-02-26 21:16:30,0.00348800,39.48000000
2018-02-26 21:16:36,0.00348800,13.08000000
2018-02-26 21:16:42,0.00348100,54.88000000
2018-02-26 21:16:43,0.00348500,1.24000000
2018-02-26 21:16:43,0.00348800,170.79000000
2018-02-26 21:16:43,0.00348900,34.49000000
2018-02-26 21:16:46,0.00348900,103.29000000
2018-02-26 21:16:51,0.00348900,37.83000000
2018-02-26 21:16:51,0.00349000,13.80000000
2018-02-26 21:16:55,0.00349000,12.91000000
2018-02-26 21:16:58,0.00349000,61.48000000
2018-02-26 21:17:01,0.00349000,38.68000000
2018-02-26 21:17:11,0.00348900,23.55000000
2018-02-26 21:17:12,0.00348900,3.23000000
2018-02-26 21:17:15,0.00348700,0.03000000
2018-02-26 21:17:27,0.00349000,0.79000000
2018-02-26 21:17:40,0.00349100,30.63000000
2018-02-26 21:17:45,0.00348700,61.21000000
2018-02-26 21:17:45,0.00348400,2.00000000
2018-02-26 21:17:46,0.00348400,44.37000000
2018-02-26 21:18:22,0.00348400,2.70000000
2018-02-26 21:18:27,0.00348400,7.00000000
2018-02-26 21:18:31,0.00348400,26.57000000
2018-02-26 21:18:33,0.00348400,10.31000000
2018-02-26 21:18:36,0.00348200,8.61000000
2018-02-26 21:18:36,0.00348100,97.69000000
2018-02-26 21:18:47,0.00348400,0.79000000
2018-02-26 21:18:56,0.00348400,0.20000000
2018-02-26 21:18:58,0.00348200,12.73000000
2018-02-26 21:19:01,0.00348200,10.65000000
2018-02-26 21:19:01,0.00348200,98.95000000
2018-02-26 21:19:04,0.00348100,371.97000000
2018-02-26 21:19:04,0.00348100,23.44000000
2018-02-26 21:19:05,0.00348100,4.37000000
2018-02-26 21:19:06,0.00348100,0.46000000
2018-02-26 21:19:06,0.00348100,0.11000000
2018-02-26 21:19:10,0.00348100,0.46000000
2018-02-26 21:19:11,0.00348100,0.46000000
2018-02-26 21:19:11,0.00348100,1.80000000
2018-02-26 21:19:12,0.00348100,0.33000000
2018-02-26 21:19:13,0.00348100,0.46000000
2018-02-26 21:19:15,0.00348100,5.16000000
2018-02-26 21:19:15,0.00348100,0.50000000
2018-02-26 21:19:17,0.00347800,0.02000000
2018-02-26 21:19:18,0.00348100,0.46000000
2018-02-26 21:19:19,0.00348100,0.46000000
2018-02-26 21:19:22,0.00348100,1.58000000
2018-02-26 21:19:23,0.00348100,28.73000000
2018-02-26 21:19:23,0.00348100,4.87000000
2018-02-26 21:19:27,0.00348100,2.87000000
2018-02-26 21:19:28,0.00348100,1.70000000
2018-02-26 21:19:28,0.00348100,0.58000000
2018-02-26 21:19:30,0.00348100,1.00000000
2018-02-26 21:19:39,0.00348100,1.15000000
2018-02-26 21:19:43,0.00347700,1.20000000
2018-02-26 21:19:43,0.00347600,8.80000000
2018-02-26 21:19:45,0.00348000,9.88000000
2018-02-26 21:19:49,0.00347600,2.86000000
2018-02-26 21:19:56,0.00347600,120.46000000
2018-02-26 21:19:56,0.00347600,0.46000000
2018-02-26 21:19:57,0.00347600,0.46000000
2018-02-26 21:19:57,0.00347600,0.55000000
2018-02-26 21:19:58,0.00347600,0.46000000
2018-02-26 21:19:58,0.00347600,0.54000000
2018-02-26 21:19:58,0.00347600,2.88000000
2018-02-26 21:19:59,0.00347600,0.55000000
2018-02-26 21:19:59,0.00347600,2.52000000
2018-02-26 21:20:00,0.00347600,2.88000000
2018-02-26 21:20:01,0.00347600,1.93000000
2018-02-26 21:20:01,0.00347600,0.35000000
2018-02-26 21:20:01,0.00347600,0.81000000
2018-02-26 21:20:02,0.00347600,2.88000000
2018-02-26 21:20:03,0.00347600,0.72000000
2018-02-26 21:20:16,0.00347600,0.55000000
2018-02-26 21:20:19,0.00347300,0.86000000
2018-02-26 21:20:19,0.00347100,32.57000000
2018-02-26 21:20:21,0.00347100,1.85000000
2018-02-26 21:20:25,0.00347600,1.16000000
2018-02-26 21:20:27,0.00347500,0.31000000
2018-02-26 21:20:27,0.00347500,3.26000000
2018-02-26 21:20:29,0.00347500,1.06000000
2018-02-26 21:20:30,0.00347500,0.03000000
2018-02-26 21:20:33,0.00347500,2.22000000
2018-02-26 21:20:34,0.00347500,1.37000000
2018-02-26 21:20:35,0.00347500,4.22000000
2018-02-26 21:20:35,0.00347500,11.71000000
2018-02-26 21:20:36,0.00347100,253.34000000
2018-02-26 21:20:39,0.00347500,1.37000000
2018-02-26 21:20:40,0.00347500,14.39000000
2018-02-26 21:20:40,0.00347200,3.00000000
2018-02-26 21:20:40,0.00347100,14.24000000
2018-02-26 21:20:41,0.00347500,2.87000000
2018-02-26 21:20:43,0.00347500,14.39000000
2018-02-26 21:20:45,0.00347100,15.00000000
2018-02-26 21:20:47,0.00347500,0.38000000
2018-02-26 21:20:48,0.00347500,2.88000000
2018-02-26 21:20:52,0.00347500,2.88000000
2018-02-26 21:20:52,0.00347200,1.05000000
2018-02-26 21:20:53,0.00347500,0.94000000
2018-02-26 21:20:54,0.00347500,2.88000000
2018-02-26 21:20:56,0.00347500,2.88000000
2018-02-26 21:20:57,0.00347200,92.38000000
2018-02-26 21:20:57,0.00347100,246.03000000
2018-02-26 21:20:57,0.00347000,58.34000000
2018-02-26 21:21:03,0.00347500,0.50000000
2018-02-26 21:21:17,0.00347500,1.76000000
2018-02-26 21:21:20,0.00347200,7.48000000
2018-02-26 21:21:22,0.00347500,14.39000000
2018-02-26 21:21:24,0.00347500,14.39000000
2018-02-26 21:21:35,0.00347500,15.48000000
2018-02-26 21:21:37,0.00347500,0.24000000
2018-02-26 21:21:38,0.00347500,12.28000000
2018-02-26 21:21:40,0.00347500,2.01000000
2018-02-26 21:21:41,0.00347500,28.89000000
2018-02-26 21:21:42,0.00347500,10.54000000
2018-02-26 21:21:43,0.00347200,18.07000000
2018-02-26 21:21:50,0.00347200,18.08000000
2018-02-26 21:21:50,0.00347200,3.23000000
2018-02-26 21:21:52,0.00347200,79.04000000
2018-02-26 21:22:02,0.00347500,2.84000000
2018-02-26 21:22:03,0.00347200,12.91000000
2018-02-26 21:22:03,0.00347200,0.50000000
2018-02-26 21:22:04,0.00347200,0.46000000
2018-02-26 21:22:05,0.00347200,0.46000000
2018-02-26 21:22:05,0.00347200,0.33000000
2018-02-26 21:22:05,0.00347200,0.33000000
2018-02-26 21:22:06,0.00347200,0.46000000
2018-02-26 21:22:07,0.00347200,0.59000000
2018-02-26 21:22:09,0.00347200,19.57000000
2018-02-26 21:22:09,0.00347200,32.34000000
2018-02-26 21:22:10,0.00347200,28.80000000
2018-02-26 21:22:10,0.00347100,3.68000000
2018-02-26 21:22:10,0.00347100,36.21000000
2018-02-26 21:22:10,0.00347100,2.85000000
2018-02-26 21:22:10,0.00347100,11.28000000
2018-02-26 21:22:11,0.00347100,14.40000000
2018-02-26 21:22:11,0.00347100,21.10000000
2018-02-26 21:22:11,0.00347100,6.25000000
2018-02-26 21:22:11,0.00347100,0.32000000
2018-02-26 21:22:12,0.00347000,72.29000000
2018-02-26 21:22:12,0.00347100,9.41000000
2018-02-26 21:22:13,0.00347100,28.42000000
2018-02-26 21:22:13,0.00347100,0.50000000
2018-02-26 21:22:14,0.00347100,6.54000000
2018-02-26 21:22:14,0.00347100,2.82000000
2018-02-26 21:22:17,0.00347100,0.34000000
2018-02-26 21:22:25,0.00347300,0.55000000
2018-02-26 21:22:25,0.00347300,0.68000000
2018-02-26 21:22:25,0.00347100,20.62000000
2018-02-26 21:22:25,0.00347000,194.69000000
2018-02-26 21:22:28,0.00347200,17.41000000
2018-02-26 21:22:32,0.00347200,5.70000000
2018-02-26 21:22:44,0.00347100,9.00000000
2018-02-26 21:22:44,0.00347000,0.96000000
2018-02-26 21:22:51,0.00347200,2.88000000
2018-02-26 21:22:54,0.00347000,6.91000000
2018-02-26 21:22:54,0.00346900,25.34000000
2018-02-26 21:22:54,0.00346800,2.25000000
2018-02-26 21:22:54,0.00346700,0.40000000
2018-02-26 21:22:54,0.00346500,56.76000000
2018-02-26 21:22:58,0.00347100,7.50000000
2018-02-26 21:23:05,0.00347100,1.11000000
2018-02-26 21:23:05,0.00347200,8.89000000
2018-02-26 21:23:32,0.00347200,2.88000000
2018-02-26 21:23:33,0.00347200,14.40000000
2018-02-26 21:23:35,0.00347200,14.40000000
2018-02-26 21:23:39,0.00347200,1.40000000
2018-02-26 21:23:44,0.00347200,0.32000000
2018-02-26 21:23:44,0.00346600,2.10000000
2018-02-26 21:23:47,0.00347200,0.86000000
2018-02-26 21:23:47,0.00347200,1.53000000
2018-02-26 21:23:48,0.00347200,14.34000000
2018-02-26 21:23:57,0.00347200,0.20000000
2018-02-26 21:24:09,0.00347100,1.03000000
2018-02-26 21:24:12,0.00347100,15.06000000
2018-02-26 21:24:21,0.00347100,0.38000000
2018-02-26 21:24:28,0.00347100,1.40000000
2018-02-26 21:24:30,0.00347100,3.39000000
2018-02-26 21:24:33,0.00347100,5.61000000
2018-02-26 21:24:43,0.00347100,7.47000000
2018-02-26 21:24:49,0.00346600,30.52000000
2018-02-26 21:24:49,0.00346500,28.24000000
2018-02-26 21:24:49,0.00346400,386.54000000
2018-02-26 21:24:49,0.00346200,26.27000000
2018-02-26 21:24:49,0.00346100,1.96000000
2018-02-26 21:24:49,0.00346000,31.86000000
2018-02-26 21:24:49,0.00346000,41.20000000
2018-02-26 21:24:49,0.00346000,28.90000000
2018-02-26 21:24:49,0.00346000,20.66000000
2018-02-26 21:24:49,0.00346000,540.45000000
2018-02-26 21:24:49,0.00346000,2.88000000
2018-02-26 21:24:49,0.00346000,34.33000000
2018-02-26 21:24:49,0.00346000,2.79000000
2018-02-26 21:24:49,0.00346000,47.10000000
2018-02-26 21:24:49,0.00346000,140.00000000
2018-02-26 21:24:49,0.00346000,58.29000000
2018-02-26 21:24:49,0.00347100,0.49000000
2018-02-26 21:24:50,0.00347000,8.65000000
2018-02-26 21:24:50,0.00347100,63.60000000
2018-02-26 21:24:50,0.00347100,8.00000000
2018-02-26 21:24:50,0.00347100,19.07000000
2018-02-26 21:24:51,0.00347100,8.20000000
2018-02-26 21:25:14,0.00346800,0.87000000
2018-02-26 21:25:16,0.00346300,18.10000000
2018-02-26 21:25:21,0.00346300,2.53000000
2018-02-26 21:25:21,0.00346300,0.64000000
2018-02-26 21:25:22,0.00346300,14.44000000
2018-02-26 21:25:22,0.00346300,35.87000000
2018-02-26 21:25:24,0.00346300,0.74000000
2018-02-26 21:25:24,0.00346900,26.29000000
2018-02-26 21:25:27,0.00347000,1.90000000
2018-02-26 21:25:30,0.00346900,2.27000000
2018-02-26 21:25:32,0.00346900,1.70000000
2018-02-26 21:25:34,0.00346300,5.00000000
2018-02-26 21:25:44,0.00346800,2.08000000
2018-02-26 21:25:45,0.00346300,0.36000000
2018-02-26 21:25:47,0.00346300,10.72000000
2018-02-26 21:25:47,0.00346000,132.65000000
2018-02-26 21:25:47,0.00345900,24.81000000
2018-02-26 21:25:47,0.00345700,1.50000000
2018-02-26 21:25:47,0.00345600,48.81000000
2018-02-26 21:25:53,0.00345800,2.89000000
2018-02-26 21:25:53,0.00345600,202.13000000
2018-02-26 21:25:53,0.00345600,5.79000000
2018-02-26 21:25:53,0.00346700,8.66000000
2018-02-26 21:25:53,0.00346700,1.70000000
2018-02-26 21:25:53,0.00346800,1.44000000
2018-02-26 21:25:53,0.00346700,6.02000000
2018-02-26 21:25:53,0.00346600,2.89000000
2018-02-26 21:25:55,0.00346600,14.43000000
2018-02-26 21:25:57,0.00346500,2.00000000
2018-02-26 21:25:57,0.00346400,1.43000000
2018-02-26 21:25:57,0.00346500,0.89000000
2018-02-26 21:25:57,0.00346600,0.08000000
2018-02-26 21:25:57,0.00346600,14.43000000
2018-02-26 21:25:58,0.00346600,2.40000000
2018-02-26 21:26:05,0.00346600,0.29000000
2018-02-26 21:26:07,0.00346600,1.73000000
2018-02-26 21:26:12,0.00346600,0.29000000
2018-02-26 21:26:33,0.00346500,0.60000000
2018-02-26 21:26:40,0.00346600,2.50000000
2018-02-26 21:26:41,0.00346600,2.40000000
2018-02-26 21:26:42,0.00346600,2.40000000
2018-02-26 21:26:42,0.00346600,2.50000000
2018-02-26 21:26:43,0.00346600,2.40000000
2018-02-26 21:26:43,0.00346600,2.30000000
2018-02-26 21:26:44,0.00346600,2.40000000
2018-02-26 21:26:45,0.00346600,2.40000000
2018-02-26 21:26:45,0.00346600,22.78000000
2018-02-26 21:26:45,0.00346600,2.40000000
2018-02-26 21:26:46,0.00346600,2.50000000
2018-02-26 21:26:46,0.00346600,16.96000000
2018-02-26 21:26:46,0.00346600,1.15000000
2018-02-26 21:26:46,0.00346600,2.00000000
2018-02-26 21:26:47,0.00346600,2.40000000
2018-02-26 21:26:53,0.00346600,1.05000000
2018-02-26 21:26:53,0.00346700,86.23000000
2018-02-26 21:26:54,0.00346600,6.00000000
2018-02-26 21:26:56,0.00346300,0.71000000
2018-02-26 21:26:57,0.00346300,1.40000000
2018-02-26 21:26:57,0.00346300,1.88000000
2018-02-26 21:26:57,0.00346500,1.39000000
2018-02-26 21:26:57,0.00346400,196.65000000
2018-02-26 21:26:57,0.00346600,6.15000000
2018-02-26 21:27:00,0.00345900,0.01000000
2018-02-26 21:27:04,0.00346600,0.05000000
2018-02-26 21:27:04,0.00346600,0.64000000
2018-02-26 21:27:04,0.00345900,91.66000000
2018-02-26 21:27:04,0.00345900,127.05000000
2018-02-26 21:27:04,0.00345900,2.00000000
2018-02-26 21:27:04,0.00345900,93.11000000
2018-02-26 21:27:05,0.00345900,25.92000000
2018-02-26 21:27:05,0.00345900,63.60000000
2018-02-26 21:27:05,0.00345900,3.60000000
2018-02-26 21:27:05,0.00346700,15.86000000
2018-02-26 21:27:06,0.00346700,6.97000000
2018-02-26 21:27:08,0.00346600,0.87000000
2018-02-26 21:27:08,0.00345900,2.89000000
2018-02-26 21:27:08,0.00345800,0.67000000
2018-02-26 21:27:08,0.00345700,1.43000000
2018-02-26 21:27:08,0.00345500,2.01000000
2018-02-26 21:27:09,0.00346600,1.96000000
2018-02-26 21:27:12,0.00346500,0.87000000
2018-02-26 21:27:19,0.00346400,1.43000000
2018-02-26 21:27:19,0.00346500,12.49000000
2018-02-26 21:27:26,0.00346500,0.67000000
2018-02-26 21:27:30,0.00346300,2.62000000
2018-02-26 21:27:35,0.00346300,0.27000000
2018-02-26 21:27:35,0.00346400,19.61000000
2018-02-26 21:27:35,0.00345900,19.95000000
2018-02-26 21:27:36,0.00346400,24.71000000
2018-02-26 21:27:41,0.00346400,2.88000000
2018-02-26 21:27:44,0.00346400,225.91000000
2018-02-26 21:27:48,0.00346500,1.73000000
2018-02-26 21:27:53,0.00346500,3.52000000
2018-02-26 21:27:54,0.00346400,165.45000000
2018-02-26 21:28:01,0.00346500,2.47000000
2018-02-26 21:28:04,0.00346400,2.93000000
2018-02-26 21:28:05,0.00346500,2.46000000
2018-02-26 21:28:08,0.00346500,18.02000000
2018-02-26 21:28:09,0.00346400,3.00000000
2018-02-26 21:28:18,0.00346400,6.46000000
2018-02-26 21:28:27,0.00346400,1.44000000
2018-02-26 21:28:30,0.00345900,0.06000000
2018-02-26 21:28:31,0.00345900,0.82000000
2018-02-26 21:28:34,0.00346400,0.72000000
2018-02-26 21:28:38,0.00346400,1.73000000
2018-02-26 21:28:39,0.00346400,2.51000000
2018-02-26 21:28:42,0.00345900,15.76000000
2018-02-26 21:28:42,0.00345900,79.22000000
2018-02-26 21:28:46,0.00345900,0.02000000
2018-02-26 21:28:46,0.00346300,2.50000000
2018-02-26 21:28:49,0.00346300,7.68000000
2018-02-26 21:28:50,0.00346300,1.80000000
2018-02-26 21:28:51,0.00346300,0.40000000
2018-02-26 21:28:51,0.00346300,0.29000000
2018-02-26 21:28:51,0.00346300,3.80000000
2018-02-26 21:28:51,0.00346300,0.77000000
2018-02-26 21:28:52,0.00346300,1.92000000
2018-02-26 21:28:53,0.00346300,0.82000000
2018-02-26 21:28:53,0.00346300,2.51000000
2018-02-26 21:28:57,0.00345800,0.67000000
2018-02-26 21:28:57,0.00346300,2.03000000
2018-02-26 21:28:59,0.00346300,0.61000000
2018-02-26 21:29:02,0.00346300,2.31000000
2018-02-26 21:29:07,0.00345600,6.64000000
2018-02-26 21:29:11,0.00346300,6.87000000
2018-02-26 21:29:15,0.00346300,10.00000000
2018-02-26 21:29:19,0.00345600,86.04000000
2018-02-26 21:29:19,0.00345500,83.32000000
2018-02-26 21:29:22,0.00346200,7.88000000
2018-02-26 21:29:25,0.00346200,0.46000000
2018-02-26 21:29:27,0.00345600,8.68000000
2018-02-26 21:29:27,0.00345600,20.35000000
2018-02-26 21:29:27,0.00345600,1.73000000
2018-02-26 21:29:28,0.00345500,1.15000000
2018-02-26 21:29:28,0.00345600,7.25000000
2018-02-26 21:29:29,0.00345600,7.98000000
2018-02-26 21:29:33,0.00345500,5.00000000
2018-02-26 21:29:39,0.00346100,4.28000000
2018-02-26 21:29:40,0.00346100,1.40000000
2018-02-26 21:29:43,0.00346100,0.46000000
2018-02-26 21:29:47,0.00346100,21.33000000
2018-02-26 21:30:00,0.00346100,0.37000000
2018-02-26 21:30:06,0.00346100,3.00000000
2018-02-26 21:30:08,0.00346100,1.50000000
2018-02-26 21:30:08,0.00346100,1.30000000
2018-02-26 21:30:16,0.00346100,13.00000000
2018-02-26 21:30:17,0.00346100,1.73000000
2018-02-26 21:30:17,0.00346100,1.40000000
2018-02-26 21:30:27,0.00346100,7.89000000
2018-02-26 21:30:28,0.00346100,3.02000000
2018-02-26 21:30:30,0.00346000,0.50000000
2018-02-26 21:30:31,0.00346000,5.75000000
2018-02-26 21:30:31,0.00346000,1.08000000
2018-02-26 21:30:35,0.00346000,1.45000000
2018-02-26 21:30:44,0.00346000,7.90000000
2018-02-26 21:30:50,0.00345900,0.46000000
2018-02-26 21:30:51,0.00345700,4.54000000
2018-02-26 21:30:52,0.00345900,1.54000000
2018-02-26 21:30:55,0.00346000,1.18000000
2018-02-26 21:30:59,0.00345900,10.50000000
2018-02-26 21:31:00,0.00345900,3.72000000
2018-02-26 21:31:00,0.00345900,0.35000000
2018-02-26 21:31:01,0.00345900,8.46000000
2018-02-26 21:31:01,0.00345900,1.95000000
2018-02-26 21:31:06,0.00345900,0.02000000
2018-02-26 21:31:07,0.00345900,1.71000000
2018-02-26 21:31:07,0.00345700,5.25000000
2018-02-26 21:31:07,0.00345600,63.58000000
2018-02-26 21:31:07,0.00346000,119.38000000
2018-02-26 21:31:08,0.00346000,13.54000000
2018-02-26 21:31:25,0.00346000,39.26000000
2018-02-26 21:31:26,0.00346100,39.78000000
2018-02-26 21:31:27,0.00346100,83.40000000
2018-02-26 21:31:27,0.00346000,31.49000000
2018-02-26 21:31:31,0.00346300,0.55000000
2018-02-26 21:31:32,0.00346000,11.56000000
2018-02-26 21:31:33,0.00346300,0.40000000
2018-02-26 21:31:33,0.00346300,1.16000000
2018-02-26 21:31:36,0.00346300,0.29000000
2018-02-26 21:31:42,0.00346100,10.00000000
2018-02-26 21:32:02,0.00346000,86.53000000
2018-02-26 21:32:10,0.00346000,10.00000000
2018-02-26 21:32:26,0.00346000,0.58000000
2018-02-26 21:32:26,0.00345600,1.20000000
2018-02-26 21:32:27,0.00346000,5.09000000
2018-02-26 21:32:27,0.00346000,4.25000000
2018-02-26 21:32:27,0.00346000,5.10000000
2018-02-26 21:32:27,0.00346000,0.61000000
2018-02-26 21:32:27,0.00346000,0.85000000
2018-02-26 21:32:27,0.00346000,0.85000000
2018-02-26 21:32:28,0.00346000,4.77000000
2018-02-26 21:32:30,0.00346000,9.78000000
2018-02-26 21:32:37,0.00345700,1.00000000
2018-02-26 21:32:41,0.00345700,1.55000000
2018-02-26 21:32:42,0.00345700,1.00000000
2018-02-26 21:32:42,0.00345700,35.76000000
2018-02-26 21:32:42,0.00345600,1.00000000
2018-02-26 21:32:43,0.00345600,9.63000000
2018-02-26 21:32:45,0.00345600,5.09000000
2018-02-26 21:32:46,0.00345900,0.96000000
2018-02-26 21:32:54,0.00345700,0.57000000
2018-02-26 21:32:56,0.00345600,1.94000000
2018-02-26 21:33:02,0.00345600,0.85000000
2018-02-26 21:33:02,0.00345600,0.71000000
2018-02-26 21:33:02,0.00345500,0.20000000
2018-02-26 21:33:02,0.00345400,11.50000000
2018-02-26 21:33:02,0.00345300,96.70000000
2018-02-26 21:33:02,0.00345200,45.90000000
2018-02-26 21:33:04,0.00345600,4.45000000
2018-02-26 21:33:04,0.00345200,59.08000000
2018-02-26 21:33:05,0.00345100,9.03000000
2018-02-26 21:33:06,0.00345600,1.00000000
2018-02-26 21:33:06,0.00345600,2.14000000
2018-02-26 21:33:06,0.00345100,99.05000000
2018-02-26 21:33:10,0.00345000,27.51000000
2018-02-26 21:33:10,0.00345000,10.00000000
2018-02-26 21:33:11,0.00345500,2.89000000
2018-02-26 21:33:13,0.00345000,7.48000000
2018-02-26 21:33:16,0.00345400,2.31000000
2018-02-26 21:33:16,0.00345500,11.73000000
2018-02-26 21:33:19,0.00345500,5.51000000
2018-02-26 21:33:21,0.00345400,1.54000000
2018-02-26 21:33:21,0.00345400,7.70000000
2018-02-26 21:33:22,0.00345400,0.46000000
2018-02-26 21:33:23,0.00345400,1.54000000
2018-02-26 21:33:25,0.00345100,10.69000000
2018-02-26 21:33:25,0.00345000,186.17000000
2018-02-26 21:33:25,0.00345400,1.16000000
2018-02-26 21:33:25,0.00345400,0.01000000
2018-02-26 21:33:27,0.00345400,3.40000000
2018-02-26 21:33:28,0.00345000,34.78000000
2018-02-26 21:33:29,0.00345400,1.28000000
2018-02-26 21:33:30,0.00345400,1.74000000
2018-02-26 21:33:30,0.00345000,33.31000000
2018-02-26 21:33:34,0.00345000,264.81000000
2018-02-26 21:33:38,0.00344900,10.00000000
2018-02-26 21:33:38,0.00344800,3.34000000
2018-02-26 21:33:38,0.00344800,3.70000000
2018-02-26 21:33:38,0.00344700,0.30000000
2018-02-26 21:33:40,0.00345000,25.04000000
2018-02-26 21:33:40,0.00345400,139.90000000
2018-02-26 21:33:50,0.00344700,11.60000000
2018-02-26 21:33:52,0.00345000,1.20000000
2018-02-26 21:33:54,0.00345000,48.80000000
2018-02-26 21:33:54,0.00344700,33.66000000
2018-02-26 21:33:54,0.00344600,5.50000000
2018-02-26 21:33:54,0.00344500,12.04000000
2018-02-26 21:33:55,0.00345300,0.95000000
2018-02-26 21:33:56,0.00345300,0.67000000
2018-02-26 21:33:57,0.00345400,0.99000000
2018-02-26 21:33:58,0.00344600,1.40000000
2018-02-26 21:34:00,0.00344700,2.90000000
2018-02-26 21:34:00,0.00344500,19.91000000
2018-02-26 21:34:00,0.00344500,11.00000000
2018-02-26 21:34:02,0.00344600,1.40000000
2018-02-26 21:34:02,0.00344500,7.10000000
2018-02-26 21:34:03,0.00344600,2.89000000
2018-02-26 21:34:03,0.00344600,11.44000000
2018-02-26 21:34:03,0.00344600,2.89000000
2018-02-26 21:34:03,0.00344600,0.82000000
2018-02-26 21:34:03,0.00344500,2.89000000
2018-02-26 21:34:03,0.00344600,2.16000000
2018-02-26 21:34:04,0.00344600,1.03000000
2018-02-26 21:34:10,0.00344600,0.94000000
2018-02-26 21:34:12,0.00344500,5.80000000
2018-02-26 21:34:14,0.00344600,8.39000000
2018-02-26 21:34:15,0.00344600,12.28000000
2018-02-26 21:34:17,0.00344900,18.38000000
2018-02-26 21:34:17,0.00345100,2.90000000
2018-02-26 21:34:17,0.00345200,7.72000000
2018-02-26 21:34:19,0.00345000,1.74000000
2018-02-26 21:34:20,0.00345000,2.20000000
2018-02-26 21:34:21,0.00344500,4.11000000
2018-02-26 21:34:21,0.00344300,9.28000000
2018-02-26 21:34:21,0.00344200,28.62000000
2018-02-26 21:34:21,0.00344100,5.70000000
2018-02-26 21:34:21,0.00344000,11.99000000
2018-02-26 21:34:21,0.00344000,96.36000000
2018-02-26 21:34:23,0.00345000,8.31000000
2018-02-26 21:34:25,0.00344600,0.87000000
2018-02-26 21:34:29,0.00344500,2.90000000
2018-02-26 21:34:29,0.00344400,4.56000000
2018-02-26 21:34:33,0.00344300,1.45000000
2018-02-26 21:34:33,0.00344100,3.57000000
2018-02-26 21:34:35,0.00344500,1.43000000
2018-02-26 21:34:35,0.00344600,3.51000000
2018-02-26 21:34:35,0.00344600,1.43000000
2018-02-26 21:34:38,0.00344400,0.44000000
2018-02-26 21:34:38,0.00344400,0.66000000
2018-02-26 21:34:41,0.00344100,18.05000000
2018-02-26 21:34:41,0.00344000,28.67000000
2018-02-26 21:34:41,0.00343900,1.00000000
2018-02-26 21:34:41,0.00343600,9.01000000
2018-02-26 21:34:41,0.00343500,18.26000000
2018-02-26 21:34:41,0.00344400,0.83000000
2018-02-26 21:34:41,0.00344400,0.73000000
2018-02-26 21:34:41,0.00344400,0.73000000
2018-02-26 21:34:41,0.00344000,0.73000000
2018-02-26 21:34:41,0.00344400,1.40000000
2018-02-26 21:34:42,0.00344000,2.90000000
2018-02-26 21:34:46,0.00344000,0.85000000
2018-02-26 21:34:46,0.00344000,2.33000000
2018-02-26 21:34:47,0.00344000,0.97000000
2018-02-26 21:34:47,0.00344000,1.10000000
2018-02-26 21:34:47,0.00344000,1.10000000
2018-02-26 21:34:47,0.00344000,5.00000000
2018-02-26 21:34:47,0.00344000,2.56000000
2018-02-26 21:34:47,0.00344000,2.56000000
2018-02-26 21:34:47,0.00344000,2.13000000
2018-02-26 21:34:47,0.00344000,2.56000000
2018-02-26 21:34:47,0.00343500,2.56000000
2018-02-26 21:34:47,0.00344000,7.61000000
2018-02-26 21:34:47,0.00343500,2.56000000
2018-02-26 21:34:48,0.00344000,5.00000000
2018-02-26 21:34:48,0.00344000,18.25000000
2018-02-26 21:34:49,0.00344300,8.71000000
2018-02-26 21:34:49,0.00344400,18.49000000
2018-02-26 21:34:51,0.00344600,6.34000000
2018-02-26 21:34:53,0.00344600,1.51000000
2018-02-26 21:34:53,0.00344600,7.00000000
2018-02-26 21:34:56,0.00344700,18.00000000
2018-02-26 21:34:58,0.00344400,18.75000000
2018-02-26 21:34:58,0.00344600,1.16000000
2018-02-26 21:35:00,0.00344600,1.12000000
2018-02-26 21:35:01,0.00344600,1.16000000
2018-02-26 21:35:03,0.00344600,5.79000000
2018-02-26 21:35:04,0.00344600,0.70000000
2018-02-26 21:35:04,0.00344600,1.42000000
2018-02-26 21:35:04,0.00344400,6.25000000
2018-02-26 21:35:05,0.00344600,1.16000000
2018-02-26 21:35:05,0.00344600,2.96000000
2018-02-26 21:35:07,0.00344600,1.16000000
2018-02-26 21:35:08,0.00344600,1.31000000
2018-02-26 21:35:09,0.00344600,1.62000000
2018-02-26 21:35:10,0.00344600,0.87000000
2018-02-26 21:35:10,0.00344600,1.74000000
2018-02-26 21:35:16,0.00344500,0.35000000
2018-02-26 21:35:19,0.00344500,5.93000000
2018-02-26 21:35:19,0.00344600,65.05000000
2018-02-26 21:35:21,0.00344600,2.00000000
2018-02-26 21:35:21,0.00344900,0.72000000
2018-02-26 21:35:22,0.00344600,26.12000000
2018-02-26 21:35:22,0.00344600,6.38000000
2018-02-26 21:35:22,0.00344400,37.79000000
2018-02-26 21:35:23,0.00344400,1.02000000
2018-02-26 21:35:23,0.00344400,1.45000000
2018-02-26 21:35:24,0.00344400,0.81000000
2018-02-26 21:35:25,0.00344400,1.62000000
2018-02-26 21:35:29,0.00344000,16.44000000
2018-02-26 21:35:31,0.00344000,0.40000000
2018-02-26 21:35:31,0.00344000,2.77000000
2018-02-26 21:35:31,0.00344000,3.00000000
2018-02-26 21:35:31,0.00344000,50.00000000
2018-02-26 21:35:31,0.00344000,67.24000000
2018-02-26 21:35:31,0.00344400,53.30000000
2018-02-26 21:35:31,0.00344500,83.00000000
2018-02-26 21:35:31,0.00344600,30.64000000
2018-02-26 21:35:32,0.00344600,5.36000000
2018-02-26 21:35:34,0.00344800,0.87000000
2018-02-26 21:35:35,0.00344800,0.28000000
2018-02-26 21:35:35,0.00344600,6.44000000
2018-02-26 21:35:36,0.00345000,1.44000000
2018-02-26 21:35:36,0.00344600,48.00000000
2018-02-26 21:35:36,0.00344600,1.11000000
2018-02-26 21:35:39,0.00344600,37.38000000
2018-02-26 21:35:39,0.00345000,1.45000000
2018-02-26 21:35:40,0.00345000,0.72000000
2018-02-26 21:35:40,0.00345000,1.45000000
2018-02-26 21:35:40,0.00345000,0.64000000
2018-02-26 21:35:42,0.00345000,1.45000000
2018-02-26 21:35:42,0.00345000,0.38000000
2018-02-26 21:35:42,0.00345000,15.18000000
2018-02-26 21:35:44,0.00344600,5.79000000
2018-02-26 21:35:47,0.00344600,30.69000000
2018-02-26 21:35:48,0.00345000,0.64000000
2018-02-26 21:35:49,0.00344600,15.32000000
2018-02-26 21:35:53,0.00344600,1.08000000
2018-02-26 21:35:59,0.00345000,1.11000000
2018-02-26 21:36:04,0.00345000,0.29000000
2018-02-26 21:36:05,0.00345000,1.32000000
2018-02-26 21:36:05,0.00345000,8.73000000
2018-02-26 21:36:05,0.00344600,34.81000000
2018-02-26 21:36:10,0.00344600,52.68000000
2018-02-26 21:36:10,0.00345000,3.00000000
2018-02-26 21:36:14,0.00344600,435.28000000
2018-02-26 21:36:17,0.00345000,4.00000000
2018-02-26 21:36:23,0.00345000,116.65000000
2018-02-26 21:36:24,0.00345000,0.32000000
2018-02-26 21:36:28,0.00345000,31.55000000
2018-02-26 21:36:30,0.00344600,0.99000000
2018-02-26 21:36:32,0.00345000,0.11000000
2018-02-26 21:36:38,0.00344600,6.56000000
2018-02-26 21:36:39,0.00344600,60.28000000
2018-02-26 21:36:42,0.00345000,18.61000000
2018-02-26 21:36:44,0.00344600,6.58000000
2018-02-26 21:36:44,0.00344500,68.42000000
2018-02-26 21:36:45,0.00344100,2.11000000
2018-02-26 21:36:45,0.00344000,5.52000000
2018-02-26 21:36:45,0.00343900,19.20000000
2018-02-26 21:36:45,0.00343600,9.00000000
2018-02-26 21:36:45,0.00343500,39.17000000
2018-02-26 21:36:55,0.00344200,5.07000000
2018-02-26 21:37:05,0.00344100,0.75000000
2018-02-26 21:37:08,0.00343900,31.62000000
2018-02-26 21:37:16,0.00343900,4.55000000
2018-02-26 21:37:17,0.00343900,15.79000000
2018-02-26 21:37:18,0.00343900,12.50000000
2018-02-26 21:37:18,0.00343900,6.70000000
2018-02-26 21:37:20,0.00343500,13.00000000
2018-02-26 21:37:27,0.00343600,14.69000000
2018-02-26 21:37:27,0.00343500,61.95000000
2018-02-26 21:37:31,0.00343500,23.24000000
2018-02-26 21:37:32,0.00343400,0.69000000
2018-02-26 21:37:33,0.00343500,0.01000000
2018-02-26 21:37:35,0.00343900,1.08000000
2018-02-26 21:37:35,0.00343400,0.75000000
2018-02-26 21:37:35,0.00343300,3.54000000
2018-02-26 21:37:35,0.00343200,6.65000000
2018-02-26 21:37:36,0.00343900,2.91000000
2018-02-26 21:37:37,0.00343900,16.76000000
2018-02-26 21:37:39,0.00343900,1.74000000
2018-02-26 21:37:40,0.00343900,0.80000000
2018-02-26 21:37:43,0.00343900,1.38000000
2018-02-26 21:37:44,0.00343900,1.60000000
2018-02-26 21:37:46,0.00343900,12.42000000
2018-02-26 21:37:50,0.00343900,2.78000000
2018-02-26 21:37:52,0.00343900,68.84000000
2018-02-26 21:37:53,0.00344300,0.33000000
2018-02-26 21:37:57,0.00344200,5.20000000
2018-02-26 21:38:00,0.00344200,0.35000000
2018-02-26 21:38:03,0.00344000,1.04000000
2018-02-26 21:38:04,0.00344000,0.32000000
2018-02-26 21:38:04,0.00344000,2.78000000
2018-02-26 21:38:04,0.00344000,5.20000000
2018-02-26 21:38:06,0.00344000,14.25000000
2018-02-26 21:38:18,0.00344000,5.20000000
2018-02-26 21:38:18,0.00344000,2.78000000
2018-02-26 21:38:22,0.00344000,12.83000000
2018-02-26 21:38:22,0.00344000,0.58000000
2018-02-26 21:38:25,0.00344000,7.75000000
2018-02-26 21:38:25,0.00343900,2.78000000
2018-02-26 21:38:28,0.00343800,1.00000000
2018-02-26 21:38:29,0.00343900,7.50000000
2018-02-26 21:38:30,0.00343900,0.14000000
2018-02-26 21:38:30,0.00344000,2.64000000
2018-02-26 21:38:39,0.00343900,5.20000000
2018-02-26 21:38:41,0.00343800,5.08000000
2018-02-26 21:38:41,0.00343900,1.72000000
2018-02-26 21:38:42,0.00343800,0.68000000
2018-02-26 21:38:42,0.00343900,6.19000000
2018-02-26 21:38:42,0.00344000,13.33000000
2018-02-26 21:38:55,0.00343900,0.60000000
2018-02-26 21:38:55,0.00343800,1.21000000
2018-02-26 21:39:10,0.00343900,43.70000000
2018-02-26 21:39:12,0.00343800,2.19000000
2018-02-26 21:39:25,0.00343800,18.00000000
2018-02-26 21:39:34,0.00343800,0.67000000
2018-02-26 21:39:45,0.00343900,6.04000000
2018-02-26 21:39:53,0.00343800,34.11000000
2018-02-26 21:39:55,0.00343800,4.87000000
2018-02-26 21:39:56,0.00343800,1.03000000
2018-02-26 21:40:00,0.00343500,6.91000000
2018-02-26 21:40:00,0.00343500,2.60000000
2018-02-26 21:40:02,0.00343500,0.49000000
2018-02-26 21:40:02,0.00343800,1.26000000
2018-02-26 21:40:06,0.00343800,22.54000000
2018-02-26 21:40:11,0.00343800,21.04000000
2018-02-26 21:40:16,0.00343800,18.65000000
2018-02-26 21:40:23,0.00343900,0.82000000
2018-02-26 21:40:23,0.00343900,0.33000000
2018-02-26 21:40:36,0.00343500,2.15000000
2018-02-26 21:40:36,0.00343900,0.73000000
2018-02-26 21:40:43,0.00343900,7.46000000
2018-02-26 21:40:47,0.00343800,2.04000000
2018-02-26 21:40:58,0.00343800,0.97000000
2018-02-26 21:40:58,0.00343800,19.13000000
2018-02-26 21:41:00,0.00343500,2.57000000
2018-02-26 21:41:01,0.00343900,0.36000000
2018-02-26 21:41:03,0.00343500,25.51000000
2018-02-26 21:41:03,0.00343400,43.33000000
2018-02-26 21:41:06,0.00343800,0.58000000
2018-02-26 21:41:07,0.00343400,0.01000000
2018-02-26 21:41:07,0.00343300,84.00000000
2018-02-26 21:41:18,0.00343200,22.07000000
2018-02-26 21:41:20,0.00343800,5.96000000
2018-02-26 21:41:21,0.00343100,9.13000000
2018-02-26 21:41:23,0.00343800,0.57000000
2018-02-26 21:41:33,0.00343800,2.00000000
2018-02-26 21:41:46,0.00343800,0.04000000
2018-02-26 21:41:50,0.00343800,2.31000000
2018-02-26 21:41:56,0.00343800,0.57000000
2018-02-26 21:41:57,0.00343800,15.00000000
2018-02-26 21:41:59,0.00343200,21.48000000
2018-02-26 21:41:59,0.00343200,7.45000000
2018-02-26 21:42:06,0.00343700,0.73000000
2018-02-26 21:42:18,0.00343200,32.20000000
2018-02-26 21:42:20,0.00343200,0.49000000
2018-02-26 21:42:24,0.00343600,1.75000000
2018-02-26 21:42:28,0.00343600,8.00000000
2018-02-26 21:42:31,0.00343500,2.91000000
2018-02-26 21:42:35,0.00343500,2.91000000
2018-02-26 21:42:45,0.00343300,3.89000000
2018-02-26 21:42:57,0.00343400,5.32000000
2018-02-26 21:43:01,0.00343300,8.00000000
2018-02-26 21:43:03,0.00343300,39.07000000
2018-02-26 21:43:04,0.00343300,0.94000000
2018-02-26 21:43:04,0.00343200,7.65000000
2018-02-26 21:43:06,0.00343300,13.71000000
2018-02-26 21:43:06,0.00343300,3.03000000
2018-02-26 21:43:07,0.00343300,6.33000000
2018-02-26 21:43:08,0.00343300,1.84000000
2018-02-26 21:43:10,0.00343300,33.52000000
2018-02-26 21:43:11,0.00343300,4.41000000
2018-02-26 21:43:12,0.00343200,9.91000000
2018-02-26 21:43:12,0.00343300,3.00000000
2018-02-26 21:43:13,0.00343300,1.75000000
2018-02-26 21:43:14,0.00343300,5.20000000
2018-02-26 21:43:17,0.00343300,3.02000000
2018-02-26 21:43:18,0.00343300,2.91000000
2018-02-26 21:43:20,0.00343200,3.00000000
2018-02-26 21:43:27,0.00343300,35.45000000
2018-02-26 21:43:38,0.00343300,0.75000000
2018-02-26 21:43:40,0.00343200,54.09000000
2018-02-26 21:43:40,0.00343200,14.57000000
2018-02-26 21:43:42,0.00343200,6.31000000
2018-02-26 21:43:42,0.00343300,8.26000000
2018-02-26 21:43:45,0.00343300,2.91000000
2018-02-26 21:43:50,0.00343200,2.90000000
2018-02-26 21:43:50,0.00343100,14.03000000
2018-02-26 21:43:50,0.00343000,14.58000000
2018-02-26 21:43:50,0.00343000,15.21000000
2018-02-26 21:43:50,0.00343000,2.40000000
2018-02-26 21:43:52,0.00343300,13.90000000
2018-02-26 21:43:54,0.00343500,2.67000000
2018-02-26 21:43:56,0.00343500,14.56000000
2018-02-26 21:43:56,0.00343500,4.37000000
2018-02-26 21:43:56,0.00343500,35.53000000
2018-02-26 21:43:56,0.00343600,12.11000000
2018-02-26 21:43:57,0.00343300,2.75000000
2018-02-26 21:43:59,0.00343600,4.09000000
2018-02-26 21:44:00,0.00343300,1.22000000
2018-02-26 21:44:00,0.00343200,0.86000000
2018-02-26 21:44:03,0.00343200,1.75000000
2018-02-26 21:44:04,0.00343200,7.06000000
2018-02-26 21:44:05,0.00343200,4.46000000
2018-02-26 21:44:05,0.00343200,5.02000000
2018-02-26 21:44:06,0.00343200,16.67000000
2018-02-26 21:44:09,0.00343800,8.99000000
2018-02-26 21:44:12,0.00343800,7.00000000
2018-02-26 21:44:13,0.00343800,15.39000000
2018-02-26 21:44:14,0.00343800,18.36000000
2018-02-26 21:44:17,0.00343700,20.20000000
2018-02-26 21:44:18,0.00343700,2.91000000
2018-02-26 21:44:21,0.00343700,2.35000000
2018-02-26 21:44:25,0.00343700,2.14000000
2018-02-26 21:44:26,0.00343700,0.83000000
2018-02-26 21:44:26,0.00343700,0.81000000
2018-02-26 21:44:26,0.00343700,1.40000000
2018-02-26 21:44:26,0.00343200,4.25000000
2018-02-26 21:44:27,0.00343700,5.77000000
2018-02-26 21:44:30,0.00343200,0.70000000
2018-02-26 21:44:33,0.00343700,1.40000000
2018-02-26 21:44:34,0.00343700,2.06000000
2018-02-26 21:44:40,0.00343600,4.29000000
2018-02-26 21:44:45,0.00343300,2.72000000
2018-02-26 21:44:56,0.00343600,0.87000000
2018-02-26 21:44:58,0.00343400,2.71000000
2018-02-26 21:44:58,0.00343400,5.87000000
2018-02-26 21:45:01,0.00343600,2.24000000
2018-02-26 21:45:03,0.00343500,2.43000000
2018-02-26 21:45:03,0.00343400,4.49000000
2018-02-26 21:45:04,0.00343500,5.34000000
2018-02-26 21:45:04,0.00343500,8.51000000
2018-02-26 21:45:08,0.00343500,1.37000000
2018-02-26 21:45:09,0.00343500,1.40000000
2018-02-26 21:45:10,0.00343400,7.21000000
2018-02-26 21:45:14,0.00343400,32.41000000
2018-02-26 21:45:18,0.00343500,4.00000000
2018-02-26 21:45:23,0.00343500,0.44000000
2018-02-26 21:45:28,0.00343500,19.42000000
2018-02-26 21:45:29,0.00343500,2.70000000
2018-02-26 21:45:30,0.00343500,6.41000000
2018-02-26 21:45:33,0.00343600,2.00000000
2018-02-26 21:45:33,0.00343600,1.88000000
2018-02-26 21:45:40,0.00343500,4.05000000
2018-02-26 21:45:46,0.00343600,2.74000000
2018-02-26 21:46:00,0.00343500,30.00000000
2018-02-26 21:46:00,0.00343600,10.68000000
2018-02-26 21:46:02,0.00343600,16.42000000
2018-02-26 21:46:02,0.00343500,11.22000000
2018-02-26 21:46:03,0.00343600,31.60000000
2018-02-26 21:46:09,0.00343600,0.01000000
2018-02-26 21:46:12,0.00343600,10.67000000
2018-02-26 21:46:13,0.00343600,1.02000000
2018-02-26 21:46:18,0.00343500,1.84000000
2018-02-26 21:46:19,0.00343400,19.16000000
2018-02-26 21:46:20,0.00343600,75.16000000
2018-02-26 21:46:30,0.00343600,20.00000000
2018-02-26 21:46:31,0.00343600,28.19000000
2018-02-26 21:46:45,0.00343600,3.23000000
2018-02-26 21:46:48,0.00343600,4.97000000
2018-02-26 21:46:53,0.00343900,3.00000000
2018-02-26 21:46:55,0.00343900,10.18000000
2018-02-26 21:47:01,0.00344000,3.02000000
2018-02-26 21:47:03,0.00344000,10.96000000
2018-02-26 21:47:03,0.00344000,0.87000000
2018-02-26 21:47:04,0.00344000,2.18000000
2018-02-26 21:47:05,0.00344000,0.73000000
2018-02-26 21:47:06,0.00344000,7.26000000
2018-02-26 21:47:06,0.00344000,28.82000000
2018-02-26 21:47:08,0.00344200,3.63000000
2018-02-26 21:47:17,0.00344200,1.58000000
2018-02-26 21:47:17,0.00344200,0.36000000
2018-02-26 21:47:19,0.00344200,6.61000000
2018-02-26 21:47:20,0.00344200,2.84000000
2018-02-26 21:47:20,0.00344500,0.73000000
2018-02-26 21:47:22,0.00344300,32.88000000
2018-02-26 21:47:22,0.00344500,0.73000000
2018-02-26 21:47:28,0.00344500,2.90000000
2018-02-26 21:47:30,0.00344200,1.70000000
2018-02-26 21:47:32,0.00344500,20.42000000
2018-02-26 21:47:33,0.00344500,0.30000000
2018-02-26 21:47:33,0.00344500,98.79000000
2018-02-26 21:47:33,0.00344500,9.95000000
2018-02-26 21:47:33,0.00344500,14.55000000
2018-02-26 21:47:34,0.00344500,1.00000000
2018-02-26 21:47:35,0.00344500,2.91000000
2018-02-26 21:47:35,0.00344600,16.39000000
2018-02-26 21:47:35,0.00344700,51.38000000
2018-02-26 21:47:36,0.00344500,10.08000000
2018-02-26 21:47:36,0.00344500,12.66000000
2018-02-26 21:47:36,0.00344500,10.52000000
2018-02-26 21:47:38,0.00344500,1.00000000
2018-02-26 21:47:39,0.00344700,7.80000000
2018-02-26 21:47:39,0.00344700,1.35000000
2018-02-26 21:47:40,0.00344500,17.91000000
2018-02-26 21:47:42,0.00344500,17.93000000
2018-02-26 21:47:43,0.00344400,14.16000000
2018-02-26 21:47:45,0.00344400,14.56000000
2018-02-26 21:47:48,0.00344700,122.14000000
2018-02-26 21:47:48,0.00344800,96.42000000
2018-02-26 21:47:48,0.00344900,1.75000000
2018-02-26 21:47:48,0.00345000,12.16000000
2018-02-26 21:47:48,0.00345000,44.71000000
2018-02-26 21:47:48,0.00345000,3.26000000
2018-02-26 21:47:49,0.00345000,1.20000000
2018-02-26 21:47:49,0.00345000,0.02000000
2018-02-26 21:47:50,0.00344200,0.02000000
2018-02-26 21:47:50,0.00344100,2.42000000
2018-02-26 21:47:54,0.00344200,0.32000000
2018-02-26 21:47:59,0.00344400,4.39000000
2018-02-26 21:48:03,0.00344400,2.32000000
2018-02-26 21:48:15,0.00344400,0.57000000
2018-02-26 21:48:17,0.00344400,14.27000000
2018-02-26 21:48:17,0.00344800,3.91000000
2018-02-26 21:48:18,0.00344800,0.04000000
2018-02-26 21:48:22,0.00344300,34.67000000
2018-02-26 21:48:23,0.00344300,58.01000000
2018-02-26 21:48:24,0.00344200,25.13000000
2018-02-26 21:48:24,0.00344100,5.18000000
2018-02-26 21:48:26,0.00344100,84.37000000
2018-02-26 21:48:28,0.00344600,3.86000000
2018-02-26 21:48:30,0.00344600,2.90000000
2018-02-26 21:48:30,0.00344600,7.42000000
2018-02-26 21:48:56,0.00344300,51.13000000
2018-02-26 21:49:02,0.00344300,0.54000000
2018-02-26 21:49:05,0.00344200,2.72000000
2018-02-26 21:49:12,0.00344200,1.71000000
2018-02-26 21:49:12,0.00344100,29.87000000
2018-02-26 21:49:14,0.00344400,1.98000000
2018-02-26 21:49:16,0.00344400,0.37000000
2018-02-26 21:49:17,0.00344400,92.60000000
2018-02-26 21:49:21,0.00344400,8.78000000
2018-02-26 21:49:28,0.00344500,2.90000000
2018-02-26 21:49:28,0.00344500,3.02000000
2018-02-26 21:49:34,0.00344400,4.12000000
2018-02-26 21:49:34,0.00344400,5.77000000
2018-02-26 21:49:41,0.00344400,106.62000000
2018-02-26 21:49:51,0.00344400,29.67000000
2018-02-26 21:49:56,0.00344400,163.08000000
2018-02-26 21:50:08,0.00344300,22.94000000
2018-02-26 21:50:08,0.00344400,7.06000000
2018-02-26 21:50:16,0.00344200,1.78000000
2018-02-26 21:50:29,0.00344200,10.72000000
2018-02-26 21:50:29,0.00344100,65.50000000
2018-02-26 21:50:39,0.00344400,2.90000000
2018-02-26 21:50:45,0.00344400,0.19000000
2018-02-26 21:51:02,0.00344300,19.00000000
2018-02-26 21:51:19,0.00344200,23.09000000
2018-02-26 21:51:21,0.00344200,14.60000000
2018-02-26 21:51:26,0.00344300,0.57000000
2018-02-26 21:51:42,0.00344300,17.68000000
2018-02-26 21:51:51,0.00344300,29.05000000
2018-02-26 21:51:51,0.00344300,57.38000000
2018-02-26 21:52:11,0.00344200,14.61000000
2018-02-26 21:52:12,0.00344300,3.50000000
2018-02-26 21:52:12,0.00344100,5.37000000
2018-02-26 21:52:13,0.00344300,1.80000000
2018-02-26 21:52:19,0.00344000,61.76000000
2018-02-26 21:52:47,0.00344400,13.75000000
2018-02-26 21:52:48,0.00344400,54.20000000
2018-02-26 21:52:55,0.00344300,2.00000000
2018-02-26 21:52:55,0.00344100,0.85000000
2018-02-26 21:53:02,0.00344400,0.46000000
2018-02-26 21:53:10,0.00344400,0.46000000
2018-02-26 21:53:10,0.00344400,28.11000000
2018-02-26 21:53:11,0.00344400,3.66000000
2018-02-26 21:53:11,0.00344400,8.41000000
2018-02-26 21:53:16,0.00344200,6.70000000
2018-02-26 21:53:16,0.00344100,3.34000000
2018-02-26 21:53:26,0.00344400,2.90000000
2018-02-26 21:53:27,0.00344400,2.90000000
2018-02-26 21:53:33,0.00344200,8.09000000
2018-02-26 21:53:35,0.00344100,57.48000000
2018-02-26 21:53:35,0.00344300,3.08000000
2018-02-26 21:53:35,0.00344400,61.49000000
2018-02-26 21:54:07,0.00344400,99.00000000
2018-02-26 21:54:08,0.00344400,1.00000000
2018-02-26 21:54:09,0.00344400,9.00000000
2018-02-26 21:54:20,0.00344400,11.92000000
2018-02-26 21:54:21,0.00344400,4.42000000
2018-02-26 21:54:24,0.00344400,9.98000000
2018-02-26 21:54:31,0.00344100,1.09000000
2018-02-26 21:54:35,0.00344100,5.13000000
2018-02-26 21:54:35,0.00344400,17.70000000
2018-02-26 21:54:40,0.00344400,3.00000000
2018-02-26 21:55:05,0.00344400,9.68000000
2018-02-26 21:55:07,0.00344400,6.03000000
2018-02-26 21:55:09,0.00344400,1.45000000
2018-02-26 21:55:10,0.00344400,4.93000000
2018-02-26 21:55:12,0.00344400,4.00000000
2018-02-26 21:55:15,0.00344400,8.43000000
2018-02-26 21:55:16,0.00344400,2.87000000
2018-02-26 21:55:31,0.00344400,15.00000000
2018-02-26 21:55:50,0.00344100,2.95000000
2018-02-26 21:55:51,0.00344100,1.54000000
2018-02-26 21:55:54,0.00344100,3.35000000
2018-02-26 21:56:04,0.00344400,0.43000000
2018-02-26 21:56:05,0.00344100,2.00000000
2018-02-26 21:56:08,0.00344100,18.42000000
2018-02-26 21:56:22,0.00344100,1.75000000
2018-02-26 21:56:25,0.00344100,16.66000000
2018-02-26 21:56:25,0.00344300,1.75000000
2018-02-26 21:56:25,0.00344400,41.20000000
2018-02-26 21:56:27,0.00344000,9.77000000
2018-02-26 21:56:31,0.00344400,4.61000000
2018-02-26 21:56:31,0.00344700,14.86000000
2018-02-26 21:56:31,0.00344000,0.73000000
2018-02-26 21:56:35,0.00344400,0.64000000
2018-02-26 21:56:41,0.00344100,0.18000000
2018-02-26 21:56:41,0.00344100,7.20000000
2018-02-26 21:56:41,0.00344400,0.80000000
2018-02-26 21:57:05,0.00344400,0.56000000
2018-02-26 21:57:05,0.00344100,5.85000000
2018-02-26 21:57:13,0.00344400,1.98000000
2018-02-26 21:57:27,0.00344400,0.92000000
2018-02-26 21:57:30,0.00344500,0.73000000
2018-02-26 21:57:30,0.00344500,4.18000000
2018-02-26 21:57:35,0.00344400,0.46000000
2018-02-26 21:57:36,0.00344400,0.75000000
2018-02-26 21:57:36,0.00344100,24.67000000
2018-02-26 21:57:37,0.00344100,9.75000000
2018-02-26 21:57:37,0.00344100,5.79000000
2018-02-26 21:58:03,0.00344200,1.11000000
2018-02-26 21:58:19,0.00344200,5.42000000
2018-02-26 21:58:30,0.00344400,10.00000000
2018-02-26 21:58:31,0.00344200,7.94000000
2018-02-26 21:58:31,0.00344300,0.55000000
2018-02-26 21:58:31,0.00344200,26.48000000
2018-02-26 21:58:35,0.00344200,49.54000000
2018-02-26 21:58:40,0.00344100,2.22000000
2018-02-26 21:58:40,0.00344000,6.38000000
2018-02-26 21:58:49,0.00344000,2.27000000
2018-02-26 21:58:49,0.00344100,30.00000000
2018-02-26 21:58:49,0.00344200,18.16000000
2018-02-26 21:58:51,0.00344200,0.32000000
2018-02-26 21:58:51,0.00344000,1.75000000
2018-02-26 21:58:52,0.00344200,0.85000000
2018-02-26 21:58:53,0.00344000,32.49000000
2018-02-26 21:58:59,0.00344000,25.47000000
2018-02-26 21:59:02,0.00344200,0.29000000
2018-02-26 21:59:03,0.00344200,1.02000000
2018-02-26 21:59:06,0.00343800,25.25000000
2018-02-26 21:59:06,0.00343700,42.95000000
2018-02-26 21:59:08,0.00343700,54.80000000
2018-02-26 21:59:09,0.00344100,1.72000000
2018-02-26 21:59:10,0.00344100,1.74000000
2018-02-26 21:59:12,0.00343700,2.90000000
2018-02-26 21:59:13,0.00344100,0.57000000
2018-02-26 21:59:27,0.00344100,2.06000000
2018-02-26 21:59:47,0.00343700,48.37000000
2018-02-26 21:59:58,0.00343700,2.56000000
