DATE,PRICE,VOLUME
2018-02-28 10:00:01,0.00324800,5.89000000
2018-02-28 10:00:04,0.00324300,8.98000000
2018-02-28 10:00:06,0.00324300,0.94000000
2018-02-28 10:00:06,0.00324300,0.51000000
2018-02-28 10:00:07,0.00324300,0.95000000
2018-02-28 10:00:07,0.00324300,0.90000000
2018-02-28 10:00:09,0.00324100,15.04000000
2018-02-28 10:00:12,0.00324100,2.77000000
2018-02-28 10:00:16,0.00324100,83.17000000
2018-02-28 10:00:18,0.00324100,9.25000000
2018-02-28 10:00:21,0.00324100,46.63000000
2018-02-28 10:00:21,0.00324000,46.49000000
2018-02-28 10:00:36,0.00324300,2.33000000
2018-02-28 10:00:42,0.00324100,0.36000000
2018-02-28 10:00:49,0.00324100,0.67000000
2018-02-28 10:00:50,0.00324100,0.67000000
2018-02-28 10:00:57,0.00324200,2.30000000
2018-02-28 10:01:12,0.00324100,1.07000000
2018-02-28 10:01:13,0.00324200,1.54000000
2018-02-28 10:01:16,0.00324200,0.36000000
2018-02-28 10:01:30,0.00324200,1.40000000
2018-02-28 10:01:30,0.00324300,0.84000000
2018-02-28 10:01:30,0.00324500,4.61000000
2018-02-28 10:01:34,0.00324100,2.95000000
2018-02-28 10:01:34,0.00324500,1.37000000
2018-02-28 10:01:39,0.00324200,3.89000000
2018-02-28 10:01:47,0.00324200,47.60000000
2018-02-28 10:01:47,0.00324200,5.86000000
2018-02-28 10:01:48,0.00324200,14.57000000
2018-02-28 10:01:48,0.00324400,1.50000000
2018-02-28 10:01:49,0.00324200,45.16000000
2018-02-28 10:01:49,0.00324200,2.63000000
2018-02-28 10:01:50,0.00324200,13.91000000
2018-02-28 10:01:58,0.00324200,1.31000000
2018-02-28 10:02:05,0.00324200,15.44000000
2018-02-28 10:02:21,0.00324200,53.52000000
2018-02-28 10:02:21,0.00324100,8.77000000
2018-02-28 10:02:21,0.00324100,7.94000000
2018-02-28 10:02:22,0.00324000,9.08000000
2018-02-28 10:02:23,0.00324000,1.12000000
2018-02-28 10:02:23,0.00324000,0.53000000
2018-02-28 10:02:24,0.00324000,30.85000000
2018-02-28 10:02:24,0.00324000,5.37000000
2018-02-28 10:02:25,0.00324000,8.66000000
2018-02-28 10:02:29,0.00324000,10.00000000
2018-02-28 10:02:31,0.00324000,1.00000000
2018-02-28 10:02:32,0.00324000,7.30000000
2018-02-28 10:02:41,0.00324200,1.31000000
2018-02-28 10:02:41,0.00324400,5.69000000
2018-02-28 10:02:43,0.00324000,1.92000000
2018-02-28 10:02:56,0.00324000,19.21000000
2018-02-28 10:03:00,0.00324200,14.82000000
2018-02-28 10:03:06,0.00324000,3.08000000
2018-02-28 10:03:22,0.00324000,266.30000000
2018-02-28 10:03:22,0.00323900,40.95000000
2018-02-28 10:03:25,0.00323900,9.34000000
2018-02-28 10:03:25,0.00323800,45.84000000
2018-02-28 10:03:25,0.00323800,33.47000000
2018-02-28 10:03:32,0.00323600,33.34000000
2018-02-28 10:03:40,0.00324200,29.10000000
2018-02-28 10:03:40,0.00324300,10.72000000
2018-02-28 10:03:40,0.00324400,26.58000000
2018-02-28 10:03:49,0.00323800,0.50000000
2018-02-28 10:03:49,0.00323800,2.87000000
2018-02-28 10:03:51,0.00323800,7.12000000
2018-02-28 10:03:51,0.00323800,0.83000000
2018-02-28 10:03:58,0.00323800,8.76000000
2018-02-28 10:03:58,0.00323800,7.96000000
2018-02-28 10:03:59,0.00323800,6.32000000
2018-02-28 10:03:59,0.00323800,8.00000000
2018-02-28 10:04:01,0.00323800,7.34000000
2018-02-28 10:04:01,0.00323700,8.77000000
2018-02-28 10:04:03,0.00323700,0.49000000
2018-02-28 10:04:03,0.00323600,19.98000000
2018-02-28 10:04:08,0.00323600,0.01000000
2018-02-28 10:04:11,0.00323500,0.38000000
2018-02-28 10:04:16,0.00323600,1.23000000
2018-02-28 10:04:17,0.00323600,32.00000000
2018-02-28 10:04:18,0.00323600,6.17000000
2018-02-28 10:04:24,0.00323700,5.40000000
2018-02-28 10:04:24,0.00323600,2.72000000
2018-02-28 10:04:25,0.00323800,0.96000000
2018-02-28 10:04:26,0.00323800,18.00000000
2018-02-28 10:04:27,0.00323800,7.58000000
2018-02-28 10:04:34,0.00323600,14.48000000
2018-02-28 10:04:42,0.00323600,1.27000000
2018-02-28 10:04:43,0.00324000,1.31000000
2018-02-28 10:04:43,0.00324100,0.76000000
2018-02-28 10:05:04,0.00323800,0.81000000
2018-02-28 10:05:10,0.00324000,40.12000000
2018-02-28 10:05:13,0.00323800,1.52000000
2018-02-28 10:05:24,0.00323800,12.74000000
2018-02-28 10:05:27,0.00323800,8.92000000
2018-02-28 10:05:27,0.00323800,1.16000000
2018-02-28 10:05:32,0.00324000,33.77000000
2018-02-28 10:05:40,0.00323800,155.44000000
2018-02-28 10:05:56,0.00323700,25.87000000
2018-02-28 10:06:00,0.00323700,108.45000000
2018-02-28 10:06:00,0.00323600,122.62000000
2018-02-28 10:06:08,0.00323600,50.00000000
2018-02-28 10:06:15,0.00323500,1.27000000
2018-02-28 10:06:19,0.00323600,1.00000000
2018-02-28 10:06:20,0.00323500,16.89000000
2018-02-28 10:06:21,0.00323600,0.50000000
2018-02-28 10:06:21,0.00323600,2.00000000
2018-02-28 10:06:21,0.00323600,1.47000000
2018-02-28 10:06:22,0.00323600,17.62000000
2018-02-28 10:06:24,0.00323600,1.00000000
2018-02-28 10:06:29,0.00323600,12.36000000
2018-02-28 10:06:32,0.00323500,30.00000000
2018-02-28 10:06:33,0.00323500,4.88000000
2018-02-28 10:06:33,0.00323400,0.40000000
2018-02-28 10:06:34,0.00323400,0.37000000
2018-02-28 10:06:34,0.00323300,4.63000000
2018-02-28 10:06:35,0.00323600,6.18000000
2018-02-28 10:06:37,0.00323600,7.87000000
2018-02-28 10:06:38,0.00323700,29.19000000
2018-02-28 10:06:42,0.00323500,3.08000000
2018-02-28 10:06:42,0.00323300,17.52000000
2018-02-28 10:06:42,0.00323200,3.06000000
2018-02-28 10:06:42,0.00323000,7.34000000
2018-02-28 10:06:42,0.00322900,0.31000000
2018-02-28 10:06:42,0.00322800,161.38000000
2018-02-28 10:06:43,0.00322800,4.14000000
2018-02-28 10:06:43,0.00322800,4.25000000
2018-02-28 10:06:43,0.00323500,0.70000000
2018-02-28 10:06:43,0.00323500,2.38000000
2018-02-28 10:06:43,0.00323700,0.71000000
2018-02-28 10:06:44,0.00323700,0.46000000
2018-02-28 10:06:53,0.00323500,6.18000000
2018-02-28 10:07:14,0.00322700,14.58000000
2018-02-28 10:07:14,0.00322600,3.00000000
2018-02-28 10:07:14,0.00322500,53.80000000
2018-02-28 10:07:15,0.00322500,148.16000000
2018-02-28 10:07:15,0.00322500,0.95000000
2018-02-28 10:07:15,0.00322500,25.44000000
2018-02-28 10:07:15,0.00322500,9.67000000
2018-02-28 10:07:15,0.00322500,15.78000000
2018-02-28 10:07:19,0.00323100,0.68000000
2018-02-28 10:07:22,0.00323100,1.11000000
2018-02-28 10:07:33,0.00323100,0.39000000
2018-02-28 10:07:35,0.00323100,0.39000000
2018-02-28 10:07:50,0.00323000,1.60000000
2018-02-28 10:07:51,0.00322900,1.52000000
2018-02-28 10:07:54,0.00322700,2.15000000
2018-02-28 10:07:54,0.00322600,125.62000000
2018-02-28 10:07:54,0.00322500,43.07000000
2018-02-28 10:07:54,0.00322100,77.18000000
2018-02-28 10:07:54,0.00322000,364.47000000
2018-02-28 10:07:54,0.00321900,0.98000000
2018-02-28 10:07:54,0.00321800,10.80000000
2018-02-28 10:07:54,0.00321600,8.36000000
2018-02-28 10:07:54,0.00321500,122.64000000
2018-02-28 10:07:54,0.00321400,211.42000000
2018-02-28 10:07:56,0.00322700,0.52000000
2018-02-28 10:07:59,0.00322500,0.68000000
2018-02-28 10:07:59,0.00322500,3.10000000
2018-02-28 10:07:59,0.00321700,1.54000000
2018-02-28 10:08:00,0.00322400,4.61000000
2018-02-28 10:08:01,0.00322300,3.10000000
2018-02-28 10:08:01,0.00322300,0.53000000
2018-02-28 10:08:02,0.00322300,1.00000000
2018-02-28 10:08:02,0.00322300,2.92000000
2018-02-28 10:08:03,0.00322400,3.10000000
2018-02-28 10:08:04,0.00322400,3.10000000
2018-02-28 10:08:06,0.00322500,3.10000000
2018-02-28 10:08:08,0.00322500,10.00000000
2018-02-28 10:08:08,0.00322400,1.55000000
2018-02-28 10:08:08,0.00322500,1.55000000
2018-02-28 10:08:10,0.00322400,5.81000000
2018-02-28 10:08:10,0.00322500,46.94000000
2018-02-28 10:08:26,0.00322500,13.85000000
2018-02-28 10:08:31,0.00322500,2.74000000
2018-02-28 10:08:31,0.00322500,15.50000000
2018-02-28 10:08:33,0.00322500,2.74000000
2018-02-28 10:08:34,0.00322500,1.24000000
2018-02-28 10:08:38,0.00322500,7.58000000
2018-02-28 10:08:40,0.00322500,1.29000000
2018-02-28 10:08:51,0.00322200,4.00000000
2018-02-28 10:08:51,0.00322500,11.50000000
2018-02-28 10:08:51,0.00322500,1.99000000
2018-02-28 10:08:51,0.00322500,0.44000000
2018-02-28 10:08:53,0.00322500,1.28000000
2018-02-28 10:08:55,0.00322500,26.58000000
2018-02-28 10:08:56,0.00322500,0.56000000
2018-02-28 10:08:58,0.00322500,2.54000000
2018-02-28 10:09:00,0.00322500,2.68000000
2018-02-28 10:09:08,0.00322500,2.53000000
2018-02-28 10:09:14,0.00322500,4.32000000
2018-02-28 10:09:17,0.00322500,0.47000000
2018-02-28 10:09:21,0.00322400,40.86000000
2018-02-28 10:09:22,0.00322400,0.90000000
2018-02-28 10:09:24,0.00322400,0.16000000
2018-02-28 10:09:28,0.00322400,1.13000000
2018-02-28 10:09:28,0.00322400,3.10000000
2018-02-28 10:09:38,0.00322400,9.30000000
2018-02-28 10:09:51,0.00322300,4.00000000
2018-02-28 10:09:51,0.00322300,7.22000000
2018-02-28 10:09:52,0.00322300,3.21000000
2018-02-28 10:09:53,0.00322300,1.00000000
2018-02-28 10:09:58,0.00322300,1.00000000
2018-02-28 10:10:03,0.00322300,1.00000000
2018-02-28 10:10:04,0.00322300,6.20000000
2018-02-28 10:10:05,0.00322200,0.32000000
2018-02-28 10:10:11,0.00322300,1.00000000
2018-02-28 10:10:11,0.00322100,30.50000000
2018-02-28 10:10:11,0.00322000,137.44000000
2018-02-28 10:10:12,0.00322000,0.09000000
2018-02-28 10:10:15,0.00322300,1.00000000
2018-02-28 10:10:20,0.00322300,1.00000000
2018-02-28 10:10:25,0.00322300,1.00000000
2018-02-28 10:10:26,0.00322300,3.10000000
2018-02-28 10:10:29,0.00322300,1.00000000
2018-02-28 10:10:33,0.00322200,2.83000000
2018-02-28 10:10:35,0.00322000,1.38000000
2018-02-28 10:10:35,0.00322000,1.00000000
2018-02-28 10:10:38,0.00322000,5.67000000
2018-02-28 10:10:42,0.00321700,9.32000000
2018-02-28 10:10:43,0.00321500,0.77000000
2018-02-28 10:10:47,0.00321900,2.84000000
2018-02-28 10:10:48,0.00321900,17.11000000
2018-02-28 10:10:55,0.00321400,4.44000000
2018-02-28 10:10:55,0.00321300,7.79000000
2018-02-28 10:10:55,0.00321200,0.32000000
2018-02-28 10:10:55,0.00321000,41.15000000
2018-02-28 10:10:55,0.00321000,3.57000000
2018-02-28 10:10:55,0.00321000,2.30000000
2018-02-28 10:10:56,0.00321000,5.93000000
2018-02-28 10:10:56,0.00321000,77.88000000
2018-02-28 10:10:56,0.00321000,1.07000000
2018-02-28 10:10:56,0.00321000,88.12000000
2018-02-28 10:10:56,0.00321800,6.23000000
2018-02-28 10:10:57,0.00321800,1.02000000
2018-02-28 10:10:57,0.00321800,1.31000000
2018-02-28 10:10:57,0.00321900,0.82000000
2018-02-28 10:11:01,0.00321900,0.49000000
2018-02-28 10:11:01,0.00321900,2.30000000
2018-02-28 10:11:03,0.00321900,2.50000000
2018-02-28 10:11:04,0.00321900,3.11000000
2018-02-28 10:11:06,0.00321900,8.53000000
2018-02-28 10:11:07,0.00321800,18.11000000
2018-02-28 10:11:07,0.00321500,1.00000000
2018-02-28 10:11:07,0.00321400,9.33000000
2018-02-28 10:11:07,0.00321200,9.33000000
2018-02-28 10:11:07,0.00321000,1.30000000
2018-02-28 10:11:10,0.00321800,8.53000000
2018-02-28 10:11:10,0.00321800,2.30000000
2018-02-28 10:11:11,0.00321800,0.86000000
2018-02-28 10:11:13,0.00321800,2.40000000
2018-02-28 10:11:13,0.00321800,8.53000000
2018-02-28 10:11:17,0.00321800,8.53000000
2018-02-28 10:11:20,0.00321800,8.53000000
2018-02-28 10:11:21,0.00321800,2.40000000
2018-02-28 10:11:24,0.00321800,8.53000000
2018-02-28 10:11:27,0.00321800,8.53000000
2018-02-28 10:11:30,0.00321700,8.53000000
2018-02-28 10:11:31,0.00321700,3.10000000
2018-02-28 10:11:33,0.00321700,15.54000000
2018-02-28 10:11:33,0.00321700,0.98000000
2018-02-28 10:11:33,0.00321800,7.55000000
2018-02-28 10:11:37,0.00321800,8.53000000
2018-02-28 10:11:40,0.00321800,8.53000000
2018-02-28 10:11:42,0.00321700,3.41000000
2018-02-28 10:11:43,0.00321700,8.53000000
2018-02-28 10:11:46,0.00321700,8.53000000
2018-02-28 10:11:47,0.00321500,0.57000000
2018-02-28 10:11:49,0.00321700,2.30000000
2018-02-28 10:11:49,0.00321700,8.53000000
2018-02-28 10:11:51,0.00321700,2.40000000
2018-02-28 10:11:53,0.00321700,8.53000000
2018-02-28 10:11:53,0.00321700,5.32000000
2018-02-28 10:11:54,0.00321700,1.08000000
2018-02-28 10:11:55,0.00321700,54.63000000
2018-02-28 10:11:55,0.00321700,2.00000000
2018-02-28 10:11:56,0.00321700,5.33000000
2018-02-28 10:11:57,0.00321700,3.11000000
2018-02-28 10:11:58,0.00321700,2.30000000
2018-02-28 10:11:59,0.00321700,1.11000000
2018-02-28 10:12:00,0.00321700,0.82000000
2018-02-28 10:12:00,0.00321700,0.82000000
2018-02-28 10:12:00,0.00321700,0.82000000
2018-02-28 10:12:00,0.00321700,0.82000000
2018-02-28 10:12:00,0.00321500,8.76000000
2018-02-28 10:12:00,0.00321500,29.26000000
2018-02-28 10:12:01,0.00321500,0.91000000
2018-02-28 10:12:01,0.00321500,1.06000000
2018-02-28 10:12:02,0.00321500,3.11000000
2018-02-28 10:12:02,0.00321500,10.00000000
2018-02-28 10:12:03,0.00321500,2.50000000
2018-02-28 10:12:04,0.00321500,21.77000000
2018-02-28 10:12:04,0.00321500,3.11000000
2018-02-28 10:12:04,0.00321500,27.33000000
2018-02-28 10:12:05,0.00321500,2.30000000
2018-02-28 10:12:07,0.00321500,2.40000000
2018-02-28 10:12:09,0.00321500,55.53000000
2018-02-28 10:12:10,0.00321500,2.40000000
2018-02-28 10:12:10,0.00321500,49.76000000
2018-02-28 10:12:11,0.00321100,5.14000000
2018-02-28 10:12:12,0.00321300,2.40000000
2018-02-28 10:12:13,0.00321300,22.68000000
2018-02-28 10:12:14,0.00321300,0.78000000
2018-02-28 10:12:14,0.00321300,11.36000000
2018-02-28 10:12:14,0.00321300,2.30000000
2018-02-28 10:12:16,0.00321300,28.01000000
2018-02-28 10:12:17,0.00321300,2.40000000
2018-02-28 10:12:19,0.00321300,2.40000000
2018-02-28 10:12:21,0.00321300,2.50000000
2018-02-28 10:12:22,0.00321300,34.23000000
2018-02-28 10:12:23,0.00321300,2.50000000
2018-02-28 10:12:26,0.00321300,2.40000000
2018-02-28 10:12:28,0.00321300,18.67000000
2018-02-28 10:12:28,0.00321300,2.50000000
2018-02-28 10:12:30,0.00321300,2.30000000
2018-02-28 10:12:33,0.00321300,2.30000000
2018-02-28 10:12:34,0.00321300,14.51000000
2018-02-28 10:12:34,0.00321500,16.61000000
2018-02-28 10:12:35,0.00321200,2.40000000
2018-02-28 10:12:37,0.00321200,1.00000000
2018-02-28 10:12:37,0.00321200,2.40000000
2018-02-28 10:12:39,0.00321200,1.12000000
2018-02-28 10:12:39,0.00321200,1.12000000
2018-02-28 10:12:39,0.00321200,1.12000000
2018-02-28 10:12:39,0.00321200,1.13000000
2018-02-28 10:12:39,0.00321200,1.12000000
2018-02-28 10:12:39,0.00321200,1.13000000
2018-02-28 10:12:39,0.00321200,0.01000000
2018-02-28 10:12:39,0.00321200,1.12000000
2018-02-28 10:12:39,0.00321200,1.12000000
2018-02-28 10:12:40,0.00321200,2.50000000
2018-02-28 10:12:40,0.00321200,0.61000000
2018-02-28 10:12:40,0.00321200,1.56000000
2018-02-28 10:12:40,0.00321200,1.00000000
2018-02-28 10:12:42,0.00321200,2.40000000
2018-02-28 10:12:42,0.00321100,1.12000000
2018-02-28 10:12:42,0.00321200,2.26000000
2018-02-28 10:12:43,0.00321100,1.12000000
2018-02-28 10:12:44,0.00321200,16.78000000
2018-02-28 10:12:44,0.00321200,2.40000000
2018-02-28 10:12:46,0.00321200,13.87000000
2018-02-28 10:12:46,0.00321200,18.67000000
2018-02-28 10:12:46,0.00321200,0.38000000
2018-02-28 10:12:46,0.00321500,5.61000000
2018-02-28 10:12:47,0.00321500,1.00000000
2018-02-28 10:12:47,0.00321500,1.50000000
2018-02-28 10:12:47,0.00321100,28.02000000
2018-02-28 10:12:48,0.00321100,10.00000000
2018-02-28 10:12:49,0.00321000,1.12000000
2018-02-28 10:12:49,0.00321100,2.50000000
2018-02-28 10:12:49,0.00321200,1.12000000
2018-02-28 10:12:51,0.00321200,1.76000000
2018-02-28 10:12:51,0.00321200,2.20000000
2018-02-28 10:12:51,0.00321200,2.30000000
2018-02-28 10:12:52,0.00321200,46.69000000
2018-02-28 10:12:54,0.00321100,2.50000000
2018-02-28 10:12:54,0.00321700,29.46000000
2018-02-28 10:12:56,0.00321700,2.50000000
2018-02-28 10:12:59,0.00321800,2.30000000
2018-02-28 10:12:59,0.00321800,18.64000000
2018-02-28 10:13:00,0.00321700,0.35000000
2018-02-28 10:13:00,0.00321700,2.29000000
2018-02-28 10:13:00,0.00321700,1.80000000
2018-02-28 10:13:00,0.00321800,19.05000000
2018-02-28 10:13:00,0.00321900,19.73000000
2018-02-28 10:13:00,0.00322000,89.42000000
2018-02-28 10:13:09,0.00321900,1.83000000
2018-02-28 10:13:14,0.00321800,3.42000000
2018-02-28 10:13:14,0.00321900,1.82000000
2018-02-28 10:13:14,0.00322000,94.76000000
2018-02-28 10:14:01,0.00321600,76.27000000
2018-02-28 10:14:01,0.00321300,42.29000000
2018-02-28 10:14:01,0.00321200,3.08000000
2018-02-28 10:14:01,0.00321100,14.71000000
2018-02-28 10:14:01,0.00322000,4.49000000
2018-02-28 10:14:02,0.00321000,15.63000000
2018-02-28 10:14:03,0.00321600,3.10000000
2018-02-28 10:14:06,0.00321400,7.78000000
2018-02-28 10:14:10,0.00321500,1.48000000
2018-02-28 10:14:31,0.00321500,3.11000000
2018-02-28 10:14:34,0.00321500,8.73000000
2018-02-28 10:14:36,0.00321500,105.04000000
2018-02-28 10:14:38,0.00321500,88.10000000
2018-02-28 10:14:40,0.00321600,6.58000000
2018-02-28 10:14:42,0.00321500,20.86000000
2018-02-28 10:14:44,0.00321500,8.01000000
2018-02-28 10:14:44,0.00321600,6.58000000
2018-02-28 10:14:47,0.00321500,65.78000000
2018-02-28 10:14:52,0.00321500,100.00000000
2018-02-28 10:14:56,0.00321600,4.50000000
2018-02-28 10:14:57,0.00321500,6.75000000
2018-02-28 10:14:57,0.00321600,6.57000000
2018-02-28 10:15:01,0.00321600,2.74000000
2018-02-28 10:15:14,0.00321600,1.99000000
2018-02-28 10:15:15,0.00321600,0.53000000
2018-02-28 10:15:16,0.00321600,3.13000000
2018-02-28 10:15:16,0.00321600,154.01000000
2018-02-28 10:15:16,0.00321500,301.60000000
2018-02-28 10:15:24,0.00321600,21.00000000
2018-02-28 10:15:26,0.00321600,11.00000000
2018-02-28 10:15:33,0.00321900,9.12000000
2018-02-28 10:15:33,0.00322000,6.26000000
2018-02-28 10:15:33,0.00322100,13.95000000
2018-02-28 10:15:33,0.00322200,1.67000000
2018-02-28 10:15:33,0.00321600,6.15000000
2018-02-28 10:15:34,0.00321600,30.01000000
2018-02-28 10:15:37,0.00322200,1.41000000
2018-02-28 10:15:37,0.00322300,24.10000000
2018-02-28 10:15:39,0.00322300,0.01000000
2018-02-28 10:15:39,0.00321600,25.55000000
2018-02-28 10:15:45,0.00321600,124.64000000
2018-02-28 10:15:49,0.00321900,10.00000000
2018-02-28 10:15:50,0.00321700,2.20000000
2018-02-28 10:15:52,0.00321600,19.29000000
2018-02-28 10:15:53,0.00321700,2.30000000
2018-02-28 10:15:56,0.00321700,8.62000000
2018-02-28 10:15:57,0.00321700,1.56000000
2018-02-28 10:16:07,0.00321600,2.25000000
2018-02-28 10:16:07,0.00321500,47.75000000
2018-02-28 10:16:18,0.00321500,5.51000000
2018-02-28 10:16:21,0.00321600,6.21000000
2018-02-28 10:16:27,0.00321600,4.03000000
2018-02-28 10:16:27,0.00321700,2.97000000
2018-02-28 10:16:28,0.00321600,13.65000000
2018-02-28 10:16:28,0.00321700,9.32000000
2018-02-28 10:16:34,0.00321700,3.10000000
2018-02-28 10:16:44,0.00321600,2.33000000
2018-02-28 10:16:46,0.00321600,6.00000000
2018-02-28 10:16:56,0.00321600,0.07000000
2018-02-28 10:16:56,0.00321500,3.94000000
2018-02-28 10:16:58,0.00321700,0.68000000
2018-02-28 10:17:05,0.00321600,1.68000000
2018-02-28 10:17:06,0.00321600,9.32000000
2018-02-28 10:17:08,0.00321600,1.56000000
2018-02-28 10:17:13,0.00321600,5.42000000
2018-02-28 10:17:13,0.00321700,8.98000000
2018-02-28 10:17:14,0.00321500,6.18000000
2018-02-28 10:17:17,0.00321700,1.56000000
2018-02-28 10:17:21,0.00321600,25.87000000
2018-02-28 10:17:21,0.00321500,28.78000000
2018-02-28 10:17:21,0.00321200,57.60000000
2018-02-28 10:17:33,0.00321300,51.77000000
2018-02-28 10:17:33,0.00321200,48.38000000
2018-02-28 10:17:33,0.00321100,96.73000000
2018-02-28 10:17:33,0.00321000,142.83000000
2018-02-28 10:17:36,0.00321500,1.56000000
2018-02-28 10:17:37,0.00321500,0.34000000
2018-02-28 10:17:39,0.00321400,45.48000000
2018-02-28 10:17:42,0.00321500,14.40000000
2018-02-28 10:17:42,0.00321700,25.10000000
2018-02-28 10:17:54,0.00321700,70.75000000
2018-02-28 10:17:55,0.00321800,1.27000000
2018-02-28 10:17:57,0.00321700,0.78000000
2018-02-28 10:17:59,0.00321800,0.42000000
2018-02-28 10:18:02,0.00321700,185.09000000
2018-02-28 10:18:04,0.00321800,0.51000000
2018-02-28 10:18:06,0.00321800,7.37000000
2018-02-28 10:18:09,0.00321800,0.42000000
2018-02-28 10:18:16,0.00321700,29.97000000
2018-02-28 10:18:17,0.00321900,1.56000000
2018-02-28 10:18:27,0.00321900,2.12000000
2018-02-28 10:18:31,0.00321700,6.45000000
2018-02-28 10:18:38,0.00321700,0.76000000
2018-02-28 10:18:47,0.00321700,1.15000000
2018-02-28 10:18:50,0.00321700,7.79000000
2018-02-28 10:18:53,0.00321700,6.75000000
2018-02-28 10:19:10,0.00321700,2.80000000
2018-02-28 10:19:22,0.00321700,3.46000000
2018-02-28 10:19:25,0.00321900,3.10000000
2018-02-28 10:19:27,0.00321700,3.74000000
2018-02-28 10:19:27,0.00321500,9.07000000
2018-02-28 10:19:27,0.00321400,3.46000000
2018-02-28 10:19:34,0.00321400,2.83000000
2018-02-28 10:19:34,0.00320900,19.80000000
2018-02-28 10:19:34,0.00320800,1.23000000
2018-02-28 10:19:34,0.00320700,2.70000000
2018-02-28 10:19:34,0.00320600,7.78000000
2018-02-28 10:19:41,0.00320800,8.21000000
2018-02-28 10:19:41,0.00320700,0.93000000
2018-02-28 10:19:41,0.00320600,1.06000000
2018-02-28 10:19:50,0.00320600,3.16000000
2018-02-28 10:19:50,0.00320600,10.00000000
2018-02-28 10:19:51,0.00320700,0.56000000
2018-02-28 10:19:51,0.00320600,1.61000000
2018-02-28 10:19:51,0.00320400,0.80000000
2018-02-28 10:19:51,0.00320400,1.77000000
2018-02-28 10:20:03,0.00320400,0.53000000
2018-02-28 10:20:03,0.00320300,5.69000000
2018-02-28 10:20:05,0.00321400,0.93000000
2018-02-28 10:20:05,0.00321500,3.48000000
2018-02-28 10:20:06,0.00321500,0.01000000
2018-02-28 10:20:13,0.00320400,27.68000000
2018-02-28 10:20:13,0.00320300,22.32000000
2018-02-28 10:20:14,0.00321400,6.22000000
2018-02-28 10:20:17,0.00321300,0.94000000
2018-02-28 10:20:19,0.00321100,4.89000000
2018-02-28 10:20:19,0.00321200,8.45000000
2018-02-28 10:20:23,0.00321500,0.85000000
2018-02-28 10:20:38,0.00320800,11.35000000
2018-02-28 10:20:38,0.00320600,14.67000000
2018-02-28 10:20:38,0.00320500,1.77000000
2018-02-28 10:20:38,0.00320300,1.15000000
2018-02-28 10:20:41,0.00321300,6.22000000
2018-02-28 10:20:42,0.00321200,14.67000000
2018-02-28 10:20:55,0.00321200,0.01000000
2018-02-28 10:20:55,0.00321300,2.32000000
2018-02-28 10:21:07,0.00321100,4.45000000
2018-02-28 10:21:10,0.00321100,0.97000000
2018-02-28 10:21:30,0.00321100,18.68000000
2018-02-28 10:21:33,0.00320800,12.78000000
2018-02-28 10:21:36,0.00321100,74.74000000
2018-02-28 10:21:37,0.00320800,8.13000000
2018-02-28 10:21:38,0.00320800,5.00000000
2018-02-28 10:21:42,0.00321100,2.50000000
2018-02-28 10:21:42,0.00321100,6.22000000
2018-02-28 10:21:45,0.00321100,1.64000000
2018-02-28 10:21:49,0.00321100,3.00000000
2018-02-28 10:21:50,0.00321100,59.17000000
2018-02-28 10:21:56,0.00321100,28.02000000
2018-02-28 10:22:05,0.00321000,6.17000000
2018-02-28 10:22:05,0.00321000,9.34000000
2018-02-28 10:22:07,0.00321000,0.61000000
2018-02-28 10:22:08,0.00321000,1.58000000
2018-02-28 10:22:09,0.00321100,35.86000000
2018-02-28 10:22:18,0.00321100,3.09000000
2018-02-28 10:22:18,0.00321100,2.98000000
2018-02-28 10:22:18,0.00321300,0.50000000
2018-02-28 10:22:18,0.00321300,5.83000000
2018-02-28 10:22:18,0.00321300,3.10000000
2018-02-28 10:22:18,0.00321300,5.83000000
2018-02-28 10:22:18,0.00321300,5.83000000
2018-02-28 10:22:19,0.00321100,5.30000000
2018-02-28 10:22:19,0.00321000,0.72000000
2018-02-28 10:22:23,0.00321000,0.19000000
2018-02-28 10:22:23,0.00321300,0.31000000
2018-02-28 10:22:53,0.00321100,9.34000000
2018-02-28 10:22:54,0.00321100,15.57000000
2018-02-28 10:23:00,0.00321100,3.11000000
2018-02-28 10:23:01,0.00321100,8.17000000
2018-02-28 10:23:03,0.00321100,1.17000000
2018-02-28 10:23:03,0.00321000,9.34000000
2018-02-28 10:23:03,0.00320900,5.85000000
2018-02-28 10:23:03,0.00320800,14.92000000
2018-02-28 10:23:04,0.00320900,5.22000000
2018-02-28 10:23:27,0.00320900,5.36000000
2018-02-28 10:23:35,0.00321400,10.06000000
2018-02-28 10:23:36,0.00321400,43.52000000
2018-02-28 10:23:56,0.00321100,0.50000000
2018-02-28 10:23:56,0.00321000,5.39000000
2018-02-28 10:23:56,0.00320800,17.11000000
2018-02-28 10:23:57,0.00321400,0.60000000
2018-02-28 10:24:00,0.00320800,4.99000000
2018-02-28 10:24:00,0.00320700,22.63000000
2018-02-28 10:24:02,0.00321400,9.22000000
2018-02-28 10:24:10,0.00321000,7.45000000
2018-02-28 10:24:10,0.00321000,9.34000000
2018-02-28 10:24:11,0.00320600,9.67000000
2018-02-28 10:24:13,0.00321000,0.72000000
2018-02-28 10:24:16,0.00321000,0.09000000
2018-02-28 10:24:16,0.00321200,4.95000000
2018-02-28 10:24:16,0.00321300,1.19000000
2018-02-28 10:24:17,0.00320600,5.33000000
2018-02-28 10:24:17,0.00320400,22.75000000
2018-02-28 10:24:17,0.00320300,95.07000000
2018-02-28 10:24:17,0.00320200,40.25000000
2018-02-28 10:24:17,0.00320100,103.16000000
2018-02-28 10:24:17,0.00320000,265.12000000
2018-02-28 10:24:17,0.00320000,20.80000000
2018-02-28 10:24:17,0.00320000,20.79000000
2018-02-28 10:24:17,0.00320000,70.12000000
2018-02-28 10:24:17,0.00320000,71.89000000
2018-02-28 10:24:18,0.00320000,3.10000000
2018-02-28 10:24:18,0.00320000,17.32000000
2018-02-28 10:24:18,0.00320000,20.79000000
2018-02-28 10:24:18,0.00320000,1.55000000
2018-02-28 10:24:18,0.00320000,9.00000000
2018-02-28 10:24:18,0.00320000,31.26000000
2018-02-28 10:24:18,0.00320000,200.51000000
2018-02-28 10:24:18,0.00320000,80.68000000
2018-02-28 10:24:18,0.00320000,2.30000000
2018-02-28 10:24:18,0.00320000,1.50000000
2018-02-28 10:24:18,0.00320000,3.13000000
2018-02-28 10:24:19,0.00320000,10.17000000
2018-02-28 10:24:19,0.00320000,13.31000000
2018-02-28 10:24:19,0.00320000,70.00000000
2018-02-28 10:24:19,0.00320000,67.98000000
2018-02-28 10:24:20,0.00320000,49.88000000
2018-02-28 10:24:20,0.00320000,78.13000000
2018-02-28 10:24:20,0.00320000,2.63000000
2018-02-28 10:24:20,0.00320000,2.40000000
2018-02-28 10:24:21,0.00320000,1.00000000
2018-02-28 10:24:22,0.00320000,4.67000000
2018-02-28 10:24:22,0.00320000,3.12000000
2018-02-28 10:24:23,0.00320000,2.40000000
2018-02-28 10:24:23,0.00320000,1.00000000
2018-02-28 10:24:24,0.00320000,100.00000000
2018-02-28 10:24:25,0.00320000,2.40000000
2018-02-28 10:24:25,0.00320000,54.26000000
2018-02-28 10:24:25,0.00320000,12.65000000
2018-02-28 10:24:25,0.00320000,4.46000000
2018-02-28 10:24:26,0.00320000,18.67000000
2018-02-28 10:24:26,0.00320000,0.78000000
2018-02-28 10:24:27,0.00320000,2.40000000
2018-02-28 10:24:28,0.00320000,18.75000000
2018-02-28 10:24:29,0.00320000,4.21000000
2018-02-28 10:24:29,0.00320000,2.40000000
2018-02-28 10:24:30,0.00320000,2.53000000
2018-02-28 10:24:32,0.00320000,10.25000000
2018-02-28 10:24:34,0.00320600,12.47000000
2018-02-28 10:24:40,0.00320600,2.53000000
2018-02-28 10:24:40,0.00320900,0.58000000
2018-02-28 10:24:40,0.00320900,2.30000000
2018-02-28 10:24:42,0.00320800,0.91000000
2018-02-28 10:24:43,0.00320600,2.30000000
2018-02-28 10:24:45,0.00320500,0.92000000
2018-02-28 10:24:45,0.00320600,6.78000000
2018-02-28 10:24:46,0.00320600,3.11000000
2018-02-28 10:24:48,0.00320600,1.19000000
2018-02-28 10:24:49,0.00319900,5.48000000
2018-02-28 10:24:49,0.00320600,1.40000000
2018-02-28 10:24:50,0.00320600,2.50000000
2018-02-28 10:24:50,0.00320600,6.48000000
2018-02-28 10:24:50,0.00320600,0.63000000
2018-02-28 10:24:52,0.00320500,3.95000000
2018-02-28 10:24:52,0.00320500,1.53000000
2018-02-28 10:24:52,0.00320600,1.59000000
2018-02-28 10:24:53,0.00320600,1.82000000
2018-02-28 10:24:54,0.00320600,2.11000000
2018-02-28 10:24:55,0.00320600,2.91000000
2018-02-28 10:24:56,0.00320600,1.56000000
2018-02-28 10:24:57,0.00320600,0.85000000
2018-02-28 10:24:57,0.00320600,2.30000000
2018-02-28 10:24:58,0.00320600,6.23000000
2018-02-28 10:25:00,0.00320600,2.50000000
2018-02-28 10:25:02,0.00320600,2.50000000
2018-02-28 10:25:03,0.00320600,1.56000000
2018-02-28 10:25:05,0.00320600,2.40000000
2018-02-28 10:25:06,0.00319900,20.81000000
2018-02-28 10:25:07,0.00320600,2.50000000
2018-02-28 10:25:09,0.00320600,5.00000000
2018-02-28 10:25:10,0.00320600,2.40000000
2018-02-28 10:25:10,0.00320600,0.33000000
2018-02-28 10:25:10,0.00320600,3.11000000
2018-02-28 10:25:14,0.00320600,0.95000000
2018-02-28 10:25:14,0.00320700,1.35000000
2018-02-28 10:25:16,0.00320700,2.30000000
2018-02-28 10:25:18,0.00320700,4.46000000
2018-02-28 10:25:21,0.00320700,5.96000000
2018-02-28 10:25:23,0.00320700,1.66000000
2018-02-28 10:25:26,0.00320700,0.75000000
2018-02-28 10:25:28,0.00320700,1.44000000
2018-02-28 10:25:29,0.00320000,14.59000000
2018-02-28 10:25:29,0.00319900,33.47000000
2018-02-28 10:25:30,0.00320700,0.75000000
2018-02-28 10:25:31,0.00320700,4.45000000
2018-02-28 10:25:31,0.00320600,6.23000000
2018-02-28 10:25:31,0.00320600,0.53000000
2018-02-28 10:25:32,0.00320600,2.61000000
2018-02-28 10:25:32,0.00320700,0.50000000
2018-02-28 10:25:44,0.00320000,1.38000000
2018-02-28 10:25:50,0.00320500,6.24000000
2018-02-28 10:25:56,0.00320500,3.12000000
2018-02-28 10:25:58,0.00320500,0.86000000
2018-02-28 10:25:58,0.00320500,3.46000000
2018-02-28 10:25:58,0.00320600,0.01000000
2018-02-28 10:26:01,0.00320500,0.40000000
2018-02-28 10:26:02,0.00320500,28.08000000
2018-02-28 10:26:06,0.00320600,0.44000000
2018-02-28 10:26:07,0.00320500,4.00000000
2018-02-28 10:26:10,0.00320600,1.17000000
2018-02-28 10:26:12,0.00320600,0.66000000
2018-02-28 10:26:12,0.00320600,0.09000000
2018-02-28 10:26:12,0.00320500,0.54000000
2018-02-28 10:26:15,0.00320700,3.18000000
2018-02-28 10:26:17,0.00320700,0.90000000
2018-02-28 10:26:20,0.00320700,0.75000000
2018-02-28 10:26:21,0.00320500,0.80000000
2018-02-28 10:26:21,0.00320500,2.08000000
2018-02-28 10:26:22,0.00320700,1.17000000
2018-02-28 10:26:25,0.00320700,0.75000000
2018-02-28 10:26:26,0.00320700,21.82000000
2018-02-28 10:26:34,0.00320500,28.65000000
2018-02-28 10:26:34,0.00320600,0.70000000
2018-02-28 10:26:34,0.00320700,2.41000000
2018-02-28 10:26:37,0.00320500,4.08000000
2018-02-28 10:26:37,0.00320500,0.47000000
2018-02-28 10:26:45,0.00320100,3.02000000
2018-02-28 10:26:49,0.00320100,2.11000000
2018-02-28 10:26:49,0.00320000,0.89000000
2018-02-28 10:26:51,0.00320000,46.21000000
2018-02-28 10:26:52,0.00320000,4.74000000
2018-02-28 10:26:53,0.00320400,0.62000000
2018-02-28 10:26:53,0.00320500,3.83000000
2018-02-28 10:26:56,0.00320000,13.78000000
2018-02-28 10:26:59,0.00320000,60.45000000
2018-02-28 10:26:59,0.00319900,3.00000000
2018-02-28 10:27:00,0.00320000,4.74000000
2018-02-28 10:27:01,0.00320000,13.97000000
2018-02-28 10:27:02,0.00320000,5.16000000
2018-02-28 10:27:11,0.00320500,9.36000000
2018-02-28 10:27:16,0.00320000,4.44000000
2018-02-28 10:27:17,0.00320400,0.67000000
2018-02-28 10:27:17,0.00320500,3.75000000
2018-02-28 10:27:18,0.00320500,6.24000000
2018-02-28 10:27:18,0.00320500,1.05000000
2018-02-28 10:27:21,0.00320500,3.60000000
2018-02-28 10:27:21,0.00320600,14.22000000
2018-02-28 10:27:21,0.00320700,43.39000000
2018-02-28 10:27:24,0.00320800,3.11000000
2018-02-28 10:27:27,0.00320800,67.87000000
2018-02-28 10:27:27,0.00320900,0.76000000
2018-02-28 10:27:27,0.00321000,8.89000000
2018-02-28 10:27:27,0.00321100,6.89000000
2018-02-28 10:27:32,0.00320700,0.66000000
2018-02-28 10:27:32,0.00321100,0.09000000
2018-02-28 10:27:33,0.00320300,14.76000000
2018-02-28 10:27:33,0.00320100,56.72000000
2018-02-28 10:27:36,0.00320200,9.36000000
2018-02-28 10:27:36,0.00320100,0.04000000
2018-02-28 10:27:37,0.00320100,58.95000000
2018-02-28 10:27:37,0.00319900,10.00000000
2018-02-28 10:27:37,0.00319900,0.32000000
2018-02-28 10:27:37,0.00319900,9.40000000
2018-02-28 10:27:39,0.00319900,9.40000000
2018-02-28 10:27:40,0.00319900,6.35000000
2018-02-28 10:27:40,0.00319900,9.40000000
2018-02-28 10:27:40,0.00319900,18.20000000
2018-02-28 10:27:40,0.00319900,0.32000000
2018-02-28 10:27:44,0.00320100,2.90000000
2018-02-28 10:27:48,0.00320100,13.84000000
2018-02-28 10:27:48,0.00320600,2.90000000
2018-02-28 10:27:49,0.00320600,8.54000000
2018-02-28 10:27:51,0.00320600,2.39000000
2018-02-28 10:27:54,0.00320400,0.75000000
2018-02-28 10:27:56,0.00320400,0.18000000
2018-02-28 10:28:01,0.00320500,0.61000000
2018-02-28 10:28:01,0.00320600,15.73000000
2018-02-28 10:28:01,0.00320700,9.36000000
2018-02-28 10:28:01,0.00321000,0.64000000
2018-02-28 10:28:01,0.00321100,1.83000000
2018-02-28 10:28:12,0.00320400,0.57000000
2018-02-28 10:28:12,0.00320200,9.36000000
2018-02-28 10:28:12,0.00320100,65.53000000
2018-02-28 10:28:14,0.00320500,6.44000000
2018-02-28 10:28:15,0.00320800,9.34000000
2018-02-28 10:28:19,0.00320800,0.02000000
2018-02-28 10:28:19,0.00320900,4.78000000
2018-02-28 10:28:22,0.00320200,10.92000000
2018-02-28 10:28:22,0.00320100,1.12000000
2018-02-28 10:28:22,0.00320100,4.33000000
2018-02-28 10:28:22,0.00320100,11.26000000
2018-02-28 10:28:22,0.00320900,4.33000000
2018-02-28 10:28:31,0.00320700,0.59000000
2018-02-28 10:28:34,0.00320700,0.02000000
2018-02-28 10:28:34,0.00320800,3.09000000
2018-02-28 10:28:36,0.00320900,5.48000000
2018-02-28 10:28:37,0.00320900,0.79000000
2018-02-28 10:28:37,0.00321000,4.47000000
2018-02-28 10:28:43,0.00320900,0.60000000
2018-02-28 10:28:49,0.00320700,10.05000000
2018-02-28 10:28:50,0.00320700,10.25000000
2018-02-28 10:28:57,0.00320700,76.94000000
2018-02-28 10:28:57,0.00320300,70.04000000
2018-02-28 10:29:02,0.00320800,8.99000000
2018-02-28 10:29:04,0.00320700,31.23000000
2018-02-28 10:29:04,0.00320700,21.26000000
2018-02-28 10:29:11,0.00320600,0.59000000
2018-02-28 10:29:11,0.00320700,0.46000000
2018-02-28 10:29:14,0.00320700,1.74000000
2018-02-28 10:29:29,0.00320700,3.11000000
2018-02-28 10:29:30,0.00320300,0.71000000
2018-02-28 10:29:37,0.00320200,1.33000000
2018-02-28 10:29:37,0.00320100,9.37000000
2018-02-28 10:29:37,0.00320000,24.30000000
2018-02-28 10:29:45,0.00320600,1.56000000
2018-02-28 10:29:53,0.00320500,0.55000000
2018-02-28 10:30:02,0.00320600,13.09000000
2018-02-28 10:30:12,0.00320600,31.25000000
2018-02-28 10:30:12,0.00320600,78.81000000
2018-02-28 10:30:14,0.00320500,0.54000000
2018-02-28 10:30:16,0.00320500,2.90000000
2018-02-28 10:30:17,0.00320500,2.84000000
2018-02-28 10:30:29,0.00320500,58.54000000
2018-02-28 10:30:33,0.00320500,0.53000000
2018-02-28 10:30:33,0.00320500,4.56000000
2018-02-28 10:30:34,0.00320000,2.81000000
2018-02-28 10:30:35,0.00320500,10.99000000
2018-02-28 10:30:35,0.00320000,2.89000000
2018-02-28 10:30:39,0.00320500,1.56000000
2018-02-28 10:30:51,0.00320500,0.40000000
2018-02-28 10:30:56,0.00320400,0.52000000
2018-02-28 10:30:57,0.00320500,0.66000000
2018-02-28 10:30:57,0.00320500,5.54000000
2018-02-28 10:30:57,0.00320400,0.50000000
2018-02-28 10:31:03,0.00320500,31.21000000
2018-02-28 10:31:03,0.00320500,22.73000000
2018-02-28 10:31:11,0.00320400,3.68000000
2018-02-28 10:31:14,0.00320400,0.49000000
2018-02-28 10:31:16,0.00320400,2.72000000
2018-02-28 10:31:16,0.00320000,2.43000000
2018-02-28 10:31:17,0.00320500,75.00000000
2018-02-28 10:31:25,0.00320500,12.90000000
2018-02-28 10:31:28,0.00320500,22.69000000
2018-02-28 10:31:30,0.00320500,3.12000000
2018-02-28 10:31:31,0.00320500,31.23000000
2018-02-28 10:31:31,0.00320500,5.95000000
2018-02-28 10:31:45,0.00320400,0.51000000
2018-02-28 10:31:49,0.00320200,4.29000000
2018-02-28 10:31:49,0.00320100,200.29000000
2018-02-28 10:31:51,0.00320400,0.47000000
2018-02-28 10:31:51,0.00320100,4.29000000
2018-02-28 10:31:56,0.00320100,28.15000000
2018-02-28 10:31:56,0.00320300,0.49000000
2018-02-28 10:31:56,0.00320400,2.52000000
2018-02-28 10:31:56,0.00320500,3.00000000
2018-02-28 10:31:56,0.00320600,30.77000000
2018-02-28 10:31:56,0.00320700,1.26000000
2018-02-28 10:31:57,0.00320700,1.20000000
2018-02-28 10:32:03,0.00320400,0.66000000
2018-02-28 10:32:07,0.00320400,3.05000000
2018-02-28 10:32:15,0.00320400,2.76000000
2018-02-28 10:32:15,0.00320700,1.87000000
2018-02-28 10:32:27,0.00320700,5.14000000
2018-02-28 10:32:29,0.00320700,10.05000000
2018-02-28 10:32:29,0.00320100,4.00000000
2018-02-28 10:32:29,0.00320000,20.95000000
2018-02-28 10:32:32,0.00320900,3.11000000
2018-02-28 10:32:33,0.00320900,0.69000000
2018-02-28 10:32:47,0.00320800,0.69000000
2018-02-28 10:32:47,0.00320900,9.45000000
2018-02-28 10:32:51,0.00320700,0.47000000
2018-02-28 10:32:51,0.00320800,12.09000000
2018-02-28 10:32:52,0.00320800,3.53000000
2018-02-28 10:32:54,0.00320900,0.36000000
2018-02-28 10:32:56,0.00320900,2.62000000
2018-02-28 10:33:10,0.00320800,24.91000000
2018-02-28 10:33:11,0.00320800,10.89000000
2018-02-28 10:33:13,0.00320800,0.47000000
2018-02-28 10:33:13,0.00320800,1.16000000
2018-02-28 10:33:16,0.00320800,0.62000000
2018-02-28 10:33:17,0.00320800,6.23000000
2018-02-28 10:33:22,0.00320800,2.05000000
2018-02-28 10:33:50,0.00320500,1.63000000
2018-02-28 10:33:52,0.00320500,0.63000000
2018-02-28 10:34:01,0.00320000,185.04000000
2018-02-28 10:34:02,0.00320000,39.79000000
2018-02-28 10:34:04,0.00320000,1.45000000
2018-02-28 10:34:05,0.00320000,19.89000000
2018-02-28 10:34:09,0.00320000,0.77000000
2018-02-28 10:34:13,0.00319900,38.27000000
2018-02-28 10:34:25,0.00319900,1.56000000
2018-02-28 10:34:29,0.00319800,40.64000000
2018-02-28 10:34:29,0.00319700,33.07000000
2018-02-28 10:34:29,0.00319600,6.41000000
2018-02-28 10:34:34,0.00319800,1.18000000
2018-02-28 10:34:39,0.00319800,3.12000000
2018-02-28 10:34:44,0.00319600,10.57000000
2018-02-28 10:34:44,0.00319600,3.13000000
2018-02-28 10:34:48,0.00319700,4.99000000
2018-02-28 10:34:48,0.00319800,20.02000000
2018-02-28 10:34:51,0.00319800,3.12000000
2018-02-28 10:34:57,0.00319600,1.54000000
2018-02-28 10:35:05,0.00319700,0.40000000
2018-02-28 10:35:09,0.00319700,3.12000000
2018-02-28 10:35:10,0.00319700,0.89000000
2018-02-28 10:35:11,0.00319600,20.99000000
2018-02-28 10:35:11,0.00319500,31.29000000
2018-02-28 10:35:11,0.00319400,31.62000000
2018-02-28 10:35:11,0.00319300,156.59000000
2018-02-28 10:35:12,0.00319300,33.41000000
2018-02-28 10:35:13,0.00319700,8.59000000
2018-02-28 10:35:13,0.00319700,0.59000000
2018-02-28 10:35:16,0.00319700,16.64000000
2018-02-28 10:35:22,0.00319400,58.74000000
2018-02-28 10:35:22,0.00319300,31.60000000
2018-02-28 10:35:26,0.00319700,16.64000000
2018-02-28 10:35:28,0.00319400,0.66000000
2018-02-28 10:35:31,0.00319700,25.88000000
2018-02-28 10:35:34,0.00319400,1.98000000
2018-02-28 10:35:36,0.00319700,31.63000000
2018-02-28 10:35:41,0.00319700,25.88000000
2018-02-28 10:35:42,0.00319700,2.40000000
2018-02-28 10:35:42,0.00319700,1.50000000
2018-02-28 10:35:51,0.00319700,45.84000000
2018-02-28 10:36:00,0.00319500,15.76000000
2018-02-28 10:36:00,0.00319400,9.59000000
2018-02-28 10:36:02,0.00319400,3.00000000
2018-02-28 10:36:03,0.00319700,0.53000000
2018-02-28 10:36:09,0.00319600,2.50000000
2018-02-28 10:36:10,0.00319600,0.63000000
2018-02-28 10:36:10,0.00319600,0.81000000
2018-02-28 10:36:11,0.00319600,12.41000000
2018-02-28 10:36:13,0.00319600,25.75000000
2018-02-28 10:36:13,0.00319700,68.75000000
2018-02-28 10:36:31,0.00319700,0.48000000
2018-02-28 10:36:36,0.00319700,3.12000000
2018-02-28 10:36:37,0.00319700,0.66000000
2018-02-28 10:36:37,0.00319700,3.66000000
2018-02-28 10:36:50,0.00319400,5.52000000
2018-02-28 10:36:50,0.00319400,5.32000000
2018-02-28 10:36:54,0.00319600,141.61000000
2018-02-28 10:36:57,0.00319600,4.75000000
2018-02-28 10:36:57,0.00319400,8.46000000
2018-02-28 10:36:57,0.00319200,0.12000000
2018-02-28 10:37:05,0.00319700,5.12000000
2018-02-28 10:37:09,0.00319700,60.86000000
2018-02-28 10:37:12,0.00319700,5.12000000
2018-02-28 10:37:21,0.00319700,6.11000000
2018-02-28 10:37:22,0.00319700,95.23000000
2018-02-28 10:37:23,0.00319400,154.91000000
2018-02-28 10:37:23,0.00319300,8.25000000
2018-02-28 10:37:23,0.00319200,34.45000000
2018-02-28 10:37:23,0.00319100,85.09000000
2018-02-28 10:37:23,0.00319000,114.31000000
2018-02-28 10:37:23,0.00319000,1.77000000
2018-02-28 10:37:31,0.00319700,0.10000000
2018-02-28 10:37:31,0.00319800,3.02000000
2018-02-28 10:37:39,0.00319800,3.12000000
2018-02-28 10:37:40,0.00319800,10.22000000
2018-02-28 10:37:40,0.00319900,2.28000000
2018-02-28 10:37:41,0.00319700,2.23000000
2018-02-28 10:37:42,0.00319900,0.80000000
2018-02-28 10:37:44,0.00319900,0.89000000
2018-02-28 10:38:09,0.00319800,91.25000000
2018-02-28 10:38:15,0.00319800,3.73000000
2018-02-28 10:38:15,0.00319800,3.11000000
2018-02-28 10:38:15,0.00319700,3.11000000
2018-02-28 10:38:16,0.00319800,0.47000000
2018-02-28 10:38:22,0.00319800,0.44000000
2018-02-28 10:38:23,0.00319700,25.35000000
2018-02-28 10:38:27,0.00319800,0.56000000
2018-02-28 10:38:33,0.00319800,3.10000000
2018-02-28 10:38:41,0.00319400,52.64000000
2018-02-28 10:38:41,0.00319300,0.95000000
2018-02-28 10:38:41,0.00319200,3.42000000
2018-02-28 10:38:41,0.00319200,2.45000000
2018-02-28 10:38:42,0.00319200,0.95000000
2018-02-28 10:38:43,0.00319200,0.71000000
2018-02-28 10:38:43,0.00319200,24.06000000
2018-02-28 10:38:43,0.00319400,28.61000000
2018-02-28 10:38:44,0.00319400,0.32000000
2018-02-28 10:38:45,0.00319400,4.50000000
2018-02-28 10:38:45,0.00319400,190.94000000
2018-02-28 10:38:49,0.00319000,4.56000000
2018-02-28 10:38:53,0.00319300,3.13000000
2018-02-28 10:38:53,0.00319000,1.14000000
2018-02-28 10:38:54,0.00319300,55.61000000
2018-02-28 10:38:54,0.00319400,2.18000000
2018-02-28 10:38:54,0.00319700,84.41000000
2018-02-28 10:38:59,0.00319600,0.41000000
2018-02-28 10:39:00,0.00319600,1.78000000
2018-02-28 10:39:02,0.00319400,3.11000000
2018-02-28 10:39:03,0.00319400,0.44000000
2018-02-28 10:39:04,0.00319400,23.51000000
2018-02-28 10:39:05,0.00319400,0.51000000
2018-02-28 10:39:06,0.00319400,0.47000000
2018-02-28 10:39:08,0.00319400,0.71000000
2018-02-28 10:39:09,0.00319100,52.75000000
2018-02-28 10:39:09,0.00319000,23.69000000
2018-02-28 10:39:11,0.00319400,4.50000000
2018-02-28 10:39:12,0.00319400,0.68000000
2018-02-28 10:39:12,0.00319300,0.32000000
2018-02-28 10:39:13,0.00319300,0.16000000
2018-02-28 10:39:13,0.00319400,1.41000000
2018-02-28 10:39:20,0.00319100,2.11000000
2018-02-28 10:39:24,0.00319400,4.51000000
2018-02-28 10:39:27,0.00319400,0.70000000
2018-02-28 10:39:29,0.00319400,56.87000000
2018-02-28 10:39:30,0.00319400,3.13000000
2018-02-28 10:39:31,0.00319400,0.61000000
2018-02-28 10:39:36,0.00319300,0.47000000
2018-02-28 10:39:36,0.00319400,35.23000000
2018-02-28 10:39:41,0.00319100,2.89000000
2018-02-28 10:39:44,0.00319100,0.60000000
2018-02-28 10:39:50,0.00319400,26.39000000
2018-02-28 10:39:52,0.00319100,1.69000000
2018-02-28 10:39:52,0.00319100,9.01000000
2018-02-28 10:39:55,0.00319400,13.38000000
2018-02-28 10:39:57,0.00319100,9.63000000
2018-02-28 10:39:59,0.00319200,0.78000000
2018-02-28 10:40:00,0.00319200,82.34000000
2018-02-28 10:40:02,0.00319100,26.82000000
2018-02-28 10:40:03,0.00319100,80.12000000
2018-02-28 10:40:03,0.00319100,2.47000000
2018-02-28 10:40:05,0.00319100,30.59000000
2018-02-28 10:40:08,0.00319100,10.00000000
2018-02-28 10:40:10,0.00319200,1.88000000
2018-02-28 10:40:11,0.00319200,12.53000000
2018-02-28 10:40:11,0.00319200,1.00000000
2018-02-28 10:40:12,0.00319200,2.40000000
2018-02-28 10:40:15,0.00319200,2.40000000
2018-02-28 10:40:17,0.00319200,119.64000000
2018-02-28 10:40:20,0.00319200,9.36000000
2018-02-28 10:40:24,0.00319200,9.38000000
2018-02-28 10:40:24,0.00319200,17.87000000
2018-02-28 10:40:25,0.00319200,9.38000000
2018-02-28 10:40:26,0.00319200,9.38000000
2018-02-28 10:40:27,0.00319200,5.59000000
2018-02-28 10:40:29,0.00319200,3.79000000
2018-02-28 10:40:30,0.00319200,1.80000000
2018-02-28 10:40:31,0.00319200,1.99000000
2018-02-28 10:40:42,0.00319200,1.80000000
2018-02-28 10:40:57,0.00319200,0.78000000
2018-02-28 10:40:58,0.00319200,45.00000000
2018-02-28 10:40:59,0.00319200,17.09000000
2018-02-28 10:41:00,0.00319400,1.56000000
2018-02-28 10:41:03,0.00319200,9.40000000
2018-02-28 10:41:03,0.00319400,9.38000000
2018-02-28 10:41:04,0.00319200,12.29000000
2018-02-28 10:41:06,0.00319400,4.17000000
2018-02-28 10:41:08,0.00319600,0.91000000
2018-02-28 10:41:08,0.00319400,3.12000000
2018-02-28 10:41:08,0.00319400,79.60000000
2018-02-28 10:41:08,0.00319200,108.88000000
2018-02-28 10:41:17,0.00319400,8.69000000
2018-02-28 10:41:23,0.00319600,0.40000000
2018-02-28 10:41:24,0.00319600,72.73000000
2018-02-28 10:41:24,0.00319700,12.56000000
2018-02-28 10:41:29,0.00319400,0.75000000
2018-02-28 10:41:41,0.00319700,3.12000000
2018-02-28 10:41:43,0.00319700,2.99000000
2018-02-28 10:41:50,0.00319500,18.06000000
2018-02-28 10:41:56,0.00319500,73.16000000
2018-02-28 10:42:05,0.00319700,0.78000000
2018-02-28 10:42:07,0.00319800,15.00000000
2018-02-28 10:42:07,0.00319900,0.41000000
2018-02-28 10:42:08,0.00319700,6.04000000
2018-02-28 10:42:21,0.00319500,19.22000000
2018-02-28 10:42:24,0.00319400,2.91000000
2018-02-28 10:42:24,0.00319300,7.09000000
2018-02-28 10:42:28,0.00319500,22.98000000
2018-02-28 10:42:38,0.00319500,8.88000000
2018-02-28 10:42:38,0.00319500,1.00000000
2018-02-28 10:42:43,0.00319500,25.36000000
2018-02-28 10:42:43,0.00319300,10.92000000
2018-02-28 10:42:43,0.00319200,22.08000000
2018-02-28 10:42:55,0.00319200,17.00000000
2018-02-28 10:42:58,0.00319500,1.56000000
2018-02-28 10:42:59,0.00319500,2.54000000
2018-02-28 10:43:15,0.00319500,42.97000000
2018-02-28 10:43:16,0.00319500,14.41000000
2018-02-28 10:43:17,0.00319500,37.49000000
2018-02-28 10:43:31,0.00319700,3.24000000
2018-02-28 10:43:38,0.00319500,4.05000000
2018-02-28 10:43:39,0.00319700,0.29000000
2018-02-28 10:43:50,0.00319500,17.58000000
2018-02-28 10:43:57,0.00319700,0.63000000
2018-02-28 10:44:06,0.00319600,44.00000000
2018-02-28 10:44:15,0.00319500,4.29000000
2018-02-28 10:44:19,0.00319500,68.84000000
2018-02-28 10:44:19,0.00319400,6.47000000
2018-02-28 10:44:19,0.00319400,1.43000000
2018-02-28 10:44:28,0.00319300,4.98000000
2018-02-28 10:44:30,0.00319400,0.78000000
2018-02-28 10:44:40,0.00319400,1.22000000
2018-02-28 10:44:45,0.00319400,55.84000000
2018-02-28 10:44:47,0.00319400,26.57000000
2018-02-28 10:45:02,0.00319400,38.72000000
2018-02-28 10:45:02,0.00319500,25.77000000
2018-02-28 10:45:02,0.00319700,0.04000000
2018-02-28 10:45:02,0.00319800,21.47000000
2018-02-28 10:45:11,0.00319800,0.61000000
2018-02-28 10:45:23,0.00319500,2.85000000
2018-02-28 10:45:26,0.00319500,1.00000000
2018-02-28 10:45:30,0.00319500,1.08000000
2018-02-28 10:45:31,0.00319400,6.00000000
2018-02-28 10:45:34,0.00319400,3.05000000
2018-02-28 10:45:38,0.00319300,4.12000000
2018-02-28 10:45:38,0.00319200,2.69000000
2018-02-28 10:45:54,0.00319400,9.85000000
2018-02-28 10:46:00,0.00319100,18.98000000
2018-02-28 10:46:01,0.00319400,1.04000000
2018-02-28 10:46:01,0.00319400,0.54000000
2018-02-28 10:46:09,0.00319400,4.50000000
2018-02-28 10:46:18,0.00319200,116.16000000
2018-02-28 10:46:18,0.00319100,24.81000000
2018-02-28 10:46:18,0.00319000,56.01000000
2018-02-28 10:46:18,0.00319000,0.84000000
2018-02-28 10:46:19,0.00319000,2.18000000
2018-02-28 10:46:19,0.00319400,4.67000000
2018-02-28 10:46:24,0.00319400,0.40000000
2018-02-28 10:46:27,0.00318900,4.68000000
2018-02-28 10:46:27,0.00318700,17.32000000
2018-02-28 10:46:31,0.00319000,20.14000000
2018-02-28 10:46:31,0.00319000,19.73000000
2018-02-28 10:46:32,0.00319000,5.01000000
2018-02-28 10:46:32,0.00319000,6.54000000
2018-02-28 10:46:33,0.00319000,11.77000000
2018-02-28 10:46:33,0.00319000,4.73000000
2018-02-28 10:46:33,0.00319000,21.00000000
2018-02-28 10:46:34,0.00319000,0.10000000
2018-02-28 10:46:35,0.00319000,10.98000000
2018-02-28 10:46:35,0.00319300,5.48000000
2018-02-28 10:46:35,0.00319300,3.13000000
2018-02-28 10:46:37,0.00319300,0.79000000
2018-02-28 10:46:37,0.00319400,10.45000000
2018-02-28 10:46:38,0.00319400,18.76000000
2018-02-28 10:46:38,0.00319400,3.13000000
2018-02-28 10:46:38,0.00319400,28.07000000
2018-02-28 10:46:40,0.00319400,6.20000000
2018-02-28 10:46:40,0.00319500,2.47000000
2018-02-28 10:46:43,0.00319500,8.67000000
2018-02-28 10:46:47,0.00319500,7.79000000
2018-02-28 10:46:47,0.00319800,0.88000000
2018-02-28 10:46:50,0.00319800,8.67000000
2018-02-28 10:46:50,0.00319000,1.73000000
2018-02-28 10:46:51,0.00319300,20.00000000
2018-02-28 10:46:53,0.00319100,5.02000000
2018-02-28 10:46:53,0.00319700,5.02000000
2018-02-28 10:46:53,0.00319800,3.65000000
2018-02-28 10:46:56,0.00319800,8.67000000
2018-02-28 10:46:57,0.00319800,9.78000000
2018-02-28 10:46:57,0.00319900,15.60000000
2018-02-28 10:46:57,0.00319900,7.44000000
2018-02-28 10:47:00,0.00319900,8.67000000
2018-02-28 10:47:03,0.00319900,8.67000000
2018-02-28 10:47:11,0.00319900,16.63000000
2018-02-28 10:47:15,0.00319900,0.90000000
2018-02-28 10:47:27,0.00319300,7.97000000
2018-02-28 10:47:33,0.00319300,28.23000000
2018-02-28 10:47:33,0.00319200,29.43000000
2018-02-28 10:47:33,0.00320000,0.36000000
2018-02-28 10:47:34,0.00319400,3.82000000
2018-02-28 10:47:34,0.00319900,0.69000000
2018-02-28 10:47:35,0.00319900,0.69000000
2018-02-28 10:47:44,0.00319500,1.00000000
2018-02-28 10:47:44,0.00319400,3.39000000
2018-02-28 10:47:46,0.00319400,3.35000000
2018-02-28 10:47:46,0.00319400,3.35000000
2018-02-28 10:47:47,0.00319400,1.56000000
2018-02-28 10:47:50,0.00319700,1.73000000
2018-02-28 10:47:50,0.00319800,1.22000000
2018-02-28 10:47:50,0.00319900,52.05000000
2018-02-28 10:47:56,0.00319800,4.36000000
2018-02-28 10:47:56,0.00319900,7.21000000
2018-02-28 10:48:01,0.00319400,48.86000000
2018-02-28 10:48:03,0.00319700,1.74000000
2018-02-28 10:48:03,0.00319800,2.00000000
2018-02-28 10:48:03,0.00319900,1.62000000
2018-02-28 10:48:11,0.00319900,20.82000000
2018-02-28 10:48:15,0.00319900,0.74000000
2018-02-28 10:48:18,0.00319900,12.50000000
2018-02-28 10:48:21,0.00319900,42.44000000
2018-02-28 10:48:23,0.00319900,0.96000000
2018-02-28 10:48:23,0.00320000,0.44000000
2018-02-28 10:48:25,0.00319900,0.40000000
2018-02-28 10:48:31,0.00319900,6.10000000
2018-02-28 10:48:36,0.00319900,2.61000000
2018-02-28 10:48:38,0.00319900,0.75000000
2018-02-28 10:48:38,0.00319500,46.77000000
2018-02-28 10:48:41,0.00319900,0.76000000
2018-02-28 10:48:42,0.00319900,16.07000000
2018-02-28 10:48:43,0.00319900,31.98000000
2018-02-28 10:48:45,0.00319900,1.25000000
2018-02-28 10:48:46,0.00319900,19.32000000
2018-02-28 10:48:47,0.00319900,31.99000000
2018-02-28 10:48:50,0.00319900,0.75000000
2018-02-28 10:48:52,0.00319900,0.75000000
2018-02-28 10:48:57,0.00319900,1.00000000
2018-02-28 10:49:02,0.00319900,0.66000000
2018-02-28 10:49:05,0.00319600,3.66000000
2018-02-28 10:49:15,0.00319600,22.10000000
2018-02-28 10:49:15,0.00319400,74.68000000
2018-02-28 10:49:15,0.00319300,9.39000000
2018-02-28 10:49:15,0.00319200,66.02000000
2018-02-28 10:49:17,0.00319800,0.69000000
2018-02-28 10:49:17,0.00319300,14.84000000
2018-02-28 10:49:17,0.00319300,4.00000000
2018-02-28 10:49:17,0.00319300,3.13000000
2018-02-28 10:49:18,0.00319700,0.69000000
2018-02-28 10:49:18,0.00319800,18.03000000
2018-02-28 10:49:23,0.00319100,5.82000000
2018-02-28 10:49:26,0.00319600,16.66000000
2018-02-28 10:49:32,0.00319100,25.87000000
2018-02-28 10:49:32,0.00319000,11.35000000
2018-02-28 10:49:33,0.00319000,9.37000000
2018-02-28 10:49:38,0.00319600,5.12000000
2018-02-28 10:49:48,0.00319000,1.00000000
2018-02-28 10:49:49,0.00319000,5.78000000
2018-02-28 10:49:49,0.00319000,35.50000000
2018-02-28 10:49:50,0.00319000,11.60000000
2018-02-28 10:49:51,0.00319000,35.90000000
2018-02-28 10:49:51,0.00319000,11.22000000
2018-02-28 10:49:51,0.00319500,4.42000000
2018-02-28 10:49:52,0.00319500,0.48000000
2018-02-28 10:49:52,0.00319600,4.24000000
2018-02-28 10:49:58,0.00318700,0.40000000
2018-02-28 10:50:01,0.00318700,2.84000000
2018-02-28 10:50:01,0.00318700,5.98000000
2018-02-28 10:50:07,0.00319200,1.94000000
2018-02-28 10:50:08,0.00319200,0.51000000
2018-02-28 10:50:14,0.00319200,0.47000000
2018-02-28 10:50:26,0.00318700,0.53000000
2018-02-28 10:50:29,0.00319200,0.32000000
2018-02-28 10:50:29,0.00319400,0.11000000
2018-02-28 10:50:31,0.00319500,4.99000000
2018-02-28 10:50:31,0.00319600,4.31000000
2018-02-28 10:50:34,0.00318800,2.36000000
2018-02-28 10:50:35,0.00319600,0.78000000
2018-02-28 10:50:35,0.00319600,10.72000000
2018-02-28 10:50:35,0.00319600,30.18000000
2018-02-28 10:50:36,0.00319500,2.36000000
2018-02-28 10:50:36,0.00319600,12.74000000
2018-02-28 10:50:49,0.00319600,38.07000000
2018-02-28 10:50:56,0.00319600,19.05000000
2018-02-28 10:50:56,0.00319400,3.12000000
2018-02-28 10:50:57,0.00319400,0.88000000
2018-02-28 10:50:57,0.00319100,14.34000000
2018-02-28 10:51:01,0.00319200,6.06000000
2018-02-28 10:51:01,0.00319600,19.06000000
2018-02-28 10:51:01,0.00319600,1.72000000
2018-02-28 10:51:08,0.00319600,25.26000000
2018-02-28 10:51:08,0.00319200,2.73000000
2018-02-28 10:51:11,0.00319700,0.30000000
2018-02-28 10:51:12,0.00319200,0.99000000
2018-02-28 10:51:17,0.00319300,2.00000000
2018-02-28 10:51:19,0.00319700,10.46000000
2018-02-28 10:51:19,0.00319700,21.45000000
2018-02-28 10:51:27,0.00319700,9.95000000
2018-02-28 10:51:38,0.00319300,5.87000000
2018-02-28 10:51:40,0.00319700,16.13000000
2018-02-28 10:51:55,0.00319700,5.23000000
2018-02-28 10:52:00,0.00319300,48.06000000
2018-02-28 10:52:00,0.00319300,1.32000000
2018-02-28 10:52:00,0.00319300,4.12000000
2018-02-28 10:52:04,0.00319000,1.56000000
2018-02-28 10:52:04,0.00318900,136.14000000
2018-02-28 10:52:04,0.00318800,59.05000000
2018-02-28 10:52:04,0.00318700,63.41000000
2018-02-28 10:52:04,0.00318600,29.43000000
2018-02-28 10:52:04,0.00318500,110.32000000
2018-02-28 10:52:04,0.00318400,15.17000000
2018-02-28 10:52:04,0.00318300,33.76000000
2018-02-28 10:52:04,0.00318200,0.16000000
2018-02-28 10:52:09,0.00319200,0.46000000
2018-02-28 10:52:10,0.00319200,8.94000000
2018-02-28 10:52:10,0.00319300,0.02000000
2018-02-28 10:52:10,0.00319500,2.94000000
2018-02-28 10:52:11,0.00319500,8.48000000
2018-02-28 10:52:11,0.00319500,4.72000000
2018-02-28 10:52:16,0.00319700,10.92000000
2018-02-28 10:52:16,0.00319800,34.58000000
2018-02-28 10:52:19,0.00319000,1.95000000
2018-02-28 10:52:19,0.00319800,0.39000000
2018-02-28 10:52:21,0.00319700,0.63000000
2018-02-28 10:52:22,0.00319700,1.32000000
2018-02-28 10:52:22,0.00319800,3.40000000
2018-02-28 10:52:27,0.00319800,11.90000000
2018-02-28 10:52:32,0.00319600,2.63000000
2018-02-28 10:52:42,0.00319600,29.37000000
2018-02-28 10:52:42,0.00319600,4.71000000
2018-02-28 10:52:42,0.00319600,24.71000000
2018-02-28 10:52:42,0.00319800,224.01000000
2018-02-28 10:52:47,0.00319100,2.65000000
2018-02-28 10:52:47,0.00319000,0.34000000
2018-02-28 10:52:50,0.00319600,11.60000000
2018-02-28 10:52:52,0.00319600,4.71000000
2018-02-28 10:52:53,0.00319600,3.73000000
2018-02-28 10:52:59,0.00319600,6.15000000
2018-02-28 10:53:07,0.00319600,0.03000000
2018-02-28 10:53:07,0.00319700,153.22000000
2018-02-28 10:53:07,0.00319800,20.44000000
2018-02-28 10:53:09,0.00319800,17.78000000
2018-02-28 10:53:11,0.00319000,1.00000000
2018-02-28 10:53:11,0.00319800,60.27000000
2018-02-28 10:53:14,0.00319700,1.00000000
2018-02-28 10:53:14,0.00319800,8.91000000
2018-02-28 10:53:14,0.00319800,0.56000000
2018-02-28 10:53:19,0.00319000,5.00000000
2018-02-28 10:53:24,0.00318800,2.68000000
2018-02-28 10:53:25,0.00319700,3.12000000
2018-02-28 10:53:26,0.00319700,1.88000000
2018-02-28 10:53:26,0.00319800,1.24000000
2018-02-28 10:53:27,0.00319800,25.45000000
2018-02-28 10:53:35,0.00319000,9.40000000
2018-02-28 10:53:35,0.00319000,15.67000000
2018-02-28 10:53:35,0.00319000,55.32000000
2018-02-28 10:53:37,0.00319000,13.27000000
2018-02-28 10:53:37,0.00319000,13.21000000
2018-02-28 10:53:39,0.00319000,13.23000000
2018-02-28 10:53:46,0.00319700,9.36000000
2018-02-28 10:53:46,0.00318900,6.00000000
2018-02-28 10:53:51,0.00319700,0.04000000
2018-02-28 10:53:51,0.00319800,20.18000000
2018-02-28 10:53:51,0.00319000,9.32000000
2018-02-28 10:53:51,0.00318900,82.76000000
2018-02-28 10:53:51,0.00318800,9.01000000
2018-02-28 10:53:51,0.00318500,14.17000000
2018-02-28 10:53:56,0.00318900,1.93000000
2018-02-28 10:53:56,0.00319000,1.93000000
2018-02-28 10:53:56,0.00319000,0.50000000
2018-02-28 10:53:56,0.00319000,1.95000000
2018-02-28 10:54:11,0.00319000,2.26000000
2018-02-28 10:54:12,0.00319000,59.94000000
2018-02-28 10:54:13,0.00319000,2.52000000
2018-02-28 10:54:14,0.00319700,1.93000000
2018-02-28 10:54:18,0.00319000,5.51000000
2018-02-28 10:54:19,0.00319700,1.93000000
2018-02-28 10:54:35,0.00319100,10.01000000
2018-02-28 10:54:35,0.00319000,66.47000000
2018-02-28 10:54:35,0.00319000,86.75000000
2018-02-28 10:54:35,0.00319000,12.53000000
2018-02-28 10:54:37,0.00319000,19.12000000
2018-02-28 10:54:37,0.00319000,27.55000000
2018-02-28 10:54:39,0.00319000,2.95000000
2018-02-28 10:54:39,0.00319000,24.62000000
2018-02-28 10:54:42,0.00319000,5.56000000
2018-02-28 10:54:44,0.00319000,0.20000000
2018-02-28 10:55:08,0.00319000,5.57000000
2018-02-28 10:55:08,0.00319000,22.47000000
2018-02-28 10:55:08,0.00318700,110.29000000
2018-02-28 10:55:08,0.00318600,2.02000000
2018-02-28 10:55:09,0.00318600,14.91000000
2018-02-28 10:55:09,0.00318600,41.24000000
2018-02-28 10:55:09,0.00318600,131.53000000
2018-02-28 10:55:09,0.00318600,1778.96000000
2018-02-28 10:55:10,0.00319700,1.75000000
2018-02-28 10:55:10,0.00318600,1.86000000
2018-02-28 10:55:11,0.00319700,8.65000000
2018-02-28 10:55:15,0.00319700,2.03000000
2018-02-28 10:55:21,0.00319700,1.88000000
2018-02-28 10:55:27,0.00319000,1.91000000
2018-02-28 10:55:29,0.00319700,6.09000000
2018-02-28 10:55:31,0.00319000,16.97000000
2018-02-28 10:55:32,0.00319700,37.03000000
2018-02-28 10:55:32,0.00319700,3.12000000
2018-02-28 10:55:33,0.00319700,3.12000000
2018-02-28 10:55:34,0.00319000,4.13000000
2018-02-28 10:55:44,0.00319800,10.20000000
2018-02-28 10:55:46,0.00319800,3.41000000
2018-02-28 10:55:57,0.00319700,31.27000000
2018-02-28 10:55:58,0.00319700,25.36000000
2018-02-28 10:56:00,0.00319700,76.62000000
2018-02-28 10:56:01,0.00319700,14.12000000
2018-02-28 10:56:03,0.00319700,11.60000000
2018-02-28 10:56:18,0.00319700,2.40000000
2018-02-28 10:56:20,0.00319700,2.30000000
2018-02-28 10:56:23,0.00319700,2.40000000
2018-02-28 10:56:25,0.00319700,2.40000000
2018-02-28 10:56:27,0.00319700,2.40000000
2018-02-28 10:56:28,0.00319700,3.41000000
2018-02-28 10:56:29,0.00319700,2.40000000
2018-02-28 10:56:32,0.00319700,2.30000000
2018-02-28 10:56:34,0.00319700,2.40000000
2018-02-28 10:56:36,0.00319700,2.30000000
2018-02-28 10:56:36,0.00319700,2.28000000
2018-02-28 10:56:37,0.00319700,33.02000000
2018-02-28 10:56:39,0.00319700,15.57000000
2018-02-28 10:56:40,0.00319700,8.90000000
2018-02-28 10:56:48,0.00319700,0.40000000
2018-02-28 10:56:50,0.00319700,2.30000000
2018-02-28 10:56:52,0.00319700,2.50000000
2018-02-28 10:56:54,0.00319700,2.40000000
2018-02-28 10:56:56,0.00319700,2.40000000
2018-02-28 10:57:03,0.00319300,1.00000000
2018-02-28 10:57:15,0.00319300,4.37000000
2018-02-28 10:57:17,0.00319700,11.08000000
2018-02-28 10:57:20,0.00319700,7.16000000
2018-02-28 10:57:22,0.00319700,2.30000000
2018-02-28 10:57:24,0.00319700,2.40000000
2018-02-28 10:57:27,0.00319700,2.40000000
2018-02-28 10:57:35,0.00319700,0.07000000
2018-02-28 10:57:35,0.00319800,78.90000000
2018-02-28 10:57:36,0.00319800,98.27000000
2018-02-28 10:57:37,0.00319800,35.13000000
2018-02-28 10:57:45,0.00319800,220.20000000
2018-02-28 10:57:45,0.00319900,532.48000000
2018-02-28 10:57:45,0.00320000,201.00000000
2018-02-28 10:57:53,0.00319800,0.51000000
2018-02-28 10:57:53,0.00319800,1.47000000
2018-02-28 10:57:53,0.00320000,0.73000000
2018-02-28 10:57:55,0.00320000,13.90000000
2018-02-28 10:58:00,0.00319900,31.25000000
2018-02-28 10:58:00,0.00319900,3.12000000
2018-02-28 10:58:00,0.00319900,1.55000000
2018-02-28 10:58:04,0.00319900,0.54000000
2018-02-28 10:58:07,0.00320000,177.64000000
2018-02-28 10:58:07,0.00319900,6.81000000
2018-02-28 10:58:08,0.00320000,58.69000000
2018-02-28 10:58:18,0.00320000,35.00000000
2018-02-28 10:58:19,0.00320000,4.45000000
2018-02-28 10:58:29,0.00320000,2.01000000
2018-02-28 10:58:29,0.00319900,19.09000000
2018-02-28 10:58:38,0.00320000,19.52000000
2018-02-28 10:58:49,0.00320000,0.52000000
2018-02-28 10:58:53,0.00319800,0.57000000
2018-02-28 10:58:58,0.00320000,4.67000000
2018-02-28 10:58:58,0.00319900,0.09000000
2018-02-28 10:59:01,0.00320000,49.82000000
2018-02-28 10:59:03,0.00320100,2.30000000
2018-02-28 10:59:05,0.00320100,2.30000000
2018-02-28 10:59:08,0.00320000,0.90000000
2018-02-28 10:59:14,0.00320000,4.97000000
2018-02-28 10:59:20,0.00320100,34.47000000
2018-02-28 10:59:31,0.00320200,1.89000000
2018-02-28 10:59:34,0.00320600,3.50000000
2018-02-28 10:59:34,0.00320700,2.49000000
2018-02-28 10:59:38,0.00320700,0.44000000
2018-02-28 10:59:38,0.00320200,0.02000000
2018-02-28 10:59:38,0.00320100,17.78000000
2018-02-28 10:59:41,0.00320100,1.56000000
2018-02-28 10:59:43,0.00320700,0.62000000
2018-02-28 10:59:45,0.00320200,1.60000000
2018-02-28 10:59:46,0.00320200,0.53000000
2018-02-28 10:59:47,0.00320200,0.60000000
2018-02-28 10:59:47,0.00320200,0.04000000
2018-02-28 10:59:53,0.00320200,0.51000000
2018-02-28 10:59:57,0.00320200,0.50000000
2018-02-28 10:59:57,0.00320200,1.51000000
