DATE,PRICE,VOLUME
2018-02-27 17:00:00,0.00342100,0.30000000
2018-02-27 17:00:01,0.00342200,0.58000000
2018-02-27 17:00:01,0.00342100,6.55000000
2018-02-27 17:00:01,0.00342100,1.17000000
2018-02-27 17:00:01,0.00342400,1.95000000
2018-02-27 17:00:01,0.00342100,68.15000000
2018-02-27 17:00:01,0.00342100,63.91000000
2018-02-27 17:00:02,0.00342100,0.30000000
2018-02-27 17:00:02,0.00342100,1.82000000
2018-02-27 17:00:03,0.00342100,1.17000000
2018-02-27 17:00:03,0.00342100,2.88000000
2018-02-27 17:00:05,0.00342100,5.66000000
2018-02-27 17:00:05,0.00342100,0.53000000
2018-02-27 17:00:05,0.00342100,1.17000000
2018-02-27 17:00:05,0.00342100,1.43000000
2018-02-27 17:00:06,0.00342100,6.25000000
2018-02-27 17:00:06,0.00342400,0.73000000
2018-02-27 17:00:07,0.00342400,1.66000000
2018-02-27 17:00:07,0.00342400,0.26000000
2018-02-27 17:00:07,0.00342100,1.17000000
2018-02-27 17:00:08,0.00342100,3.35000000
2018-02-27 17:00:09,0.00342400,7.22000000
2018-02-27 17:00:10,0.00342100,1.17000000
2018-02-27 17:00:13,0.00342200,3.69000000
2018-02-27 17:00:14,0.00342200,0.56000000
2018-02-27 17:00:14,0.00342100,5.23000000
2018-02-27 17:00:16,0.00342400,12.91000000
2018-02-27 17:00:16,0.00342500,1.78000000
2018-02-27 17:00:17,0.00342100,8.02000000
2018-02-27 17:00:18,0.00342100,54.13000000
2018-02-27 17:00:19,0.00342100,27.07000000
2018-02-27 17:00:20,0.00342200,3.99000000
2018-02-27 17:00:20,0.00342200,3.70000000
2018-02-27 17:00:23,0.00342200,7.25000000
2018-02-27 17:00:25,0.00342200,5.82000000
2018-02-27 17:00:26,0.00342200,14.43000000
2018-02-27 17:00:26,0.00342500,4.23000000
2018-02-27 17:00:26,0.00342200,0.02000000
2018-02-27 17:00:26,0.00342100,20.67000000
2018-02-27 17:00:27,0.00342100,6.41000000
2018-02-27 17:00:27,0.00342100,13.53000000
2018-02-27 17:00:29,0.00342200,29.21000000
2018-02-27 17:00:29,0.00342200,12.77000000
2018-02-27 17:00:29,0.00342200,0.02000000
2018-02-27 17:00:29,0.00342100,30.74000000
2018-02-27 17:00:31,0.00342200,52.34000000
2018-02-27 17:00:31,0.00342200,12.66000000
2018-02-27 17:00:32,0.00342200,5.87000000
2018-02-27 17:00:35,0.00342300,20.00000000
2018-02-27 17:00:35,0.00342300,3.00000000
2018-02-27 17:00:41,0.00342500,1.00000000
2018-02-27 17:00:42,0.00342500,7.00000000
2018-02-27 17:00:44,0.00342300,69.12000000
2018-02-27 17:00:45,0.00342300,10.89000000
2018-02-27 17:00:48,0.00342500,11.63000000
2018-02-27 17:00:48,0.00342500,8.59000000
2018-02-27 17:00:49,0.00342500,0.96000000
2018-02-27 17:00:49,0.00342500,0.02000000
2018-02-27 17:00:49,0.00342300,60.08000000
2018-02-27 17:00:49,0.00342200,509.13000000
2018-02-27 17:00:52,0.00342500,0.60000000
2018-02-27 17:00:52,0.00342500,1.10000000
2018-02-27 17:00:53,0.00342500,1.18000000
2018-02-27 17:00:53,0.00342600,19.00000000
2018-02-27 17:00:55,0.00342600,17.69000000
2018-02-27 17:00:56,0.00342500,13.24000000
2018-02-27 17:00:57,0.00342500,1.37000000
2018-02-27 17:00:57,0.00342500,4.75000000
2018-02-27 17:00:57,0.00342600,4.50000000
2018-02-27 17:00:58,0.00342600,2.97000000
2018-02-27 17:00:58,0.00342600,48.32000000
2018-02-27 17:00:59,0.00342600,57.09000000
2018-02-27 17:00:59,0.00342600,2.59000000
2018-02-27 17:00:59,0.00342700,1.75000000
2018-02-27 17:00:59,0.00342900,13.27000000
2018-02-27 17:00:59,0.00342600,2.41000000
2018-02-27 17:01:00,0.00342600,8.70000000
2018-02-27 17:01:01,0.00342600,24.54000000
2018-02-27 17:01:03,0.00342600,8.75000000
2018-02-27 17:01:06,0.00342600,0.01000000
2018-02-27 17:01:06,0.00342500,4.42000000
2018-02-27 17:01:06,0.00342500,0.67000000
2018-02-27 17:01:07,0.00342500,14.33000000
2018-02-27 17:01:08,0.00342900,9.70000000
2018-02-27 17:01:08,0.00342500,1.29000000
2018-02-27 17:01:10,0.00342700,1.17000000
2018-02-27 17:01:11,0.00342900,3.16000000
2018-02-27 17:01:11,0.00342700,39.83000000
2018-02-27 17:01:11,0.00342700,8.43000000
2018-02-27 17:01:11,0.00342700,94.06000000
2018-02-27 17:01:12,0.00342600,1.17000000
2018-02-27 17:01:13,0.00342600,18.20000000
2018-02-27 17:01:14,0.00342700,4.43000000
2018-02-27 17:01:15,0.00342700,1.17000000
2018-02-27 17:01:15,0.00342700,29.17000000
2018-02-27 17:01:15,0.00342700,1.16000000
2018-02-27 17:01:15,0.00342700,0.02000000
2018-02-27 17:01:16,0.00342900,1.08000000
2018-02-27 17:01:16,0.00342600,29.17000000
2018-02-27 17:01:16,0.00342600,7.54000000
2018-02-27 17:01:17,0.00342600,1.17000000
2018-02-27 17:01:17,0.00342600,8.18000000
2018-02-27 17:01:17,0.00342500,135.62000000
2018-02-27 17:01:20,0.00342500,2.22000000
2018-02-27 17:01:21,0.00342400,1.17000000
2018-02-27 17:01:21,0.00342400,24.73000000
2018-02-27 17:01:23,0.00342400,0.89000000
2018-02-27 17:01:23,0.00342500,1.37000000
2018-02-27 17:01:23,0.00342500,34.72000000
2018-02-27 17:01:23,0.00342400,24.79000000
2018-02-27 17:01:23,0.00342400,1.17000000
2018-02-27 17:01:24,0.00342500,22.82000000
2018-02-27 17:01:25,0.00342300,1.17000000
2018-02-27 17:01:26,0.00342300,4.81000000
2018-02-27 17:01:27,0.00342300,11.52000000
2018-02-27 17:01:27,0.00342300,1.48000000
2018-02-27 17:01:27,0.00342300,32.54000000
2018-02-27 17:01:28,0.00342300,1.17000000
2018-02-27 17:01:29,0.00342300,0.77000000
2018-02-27 17:01:29,0.00342300,0.60000000
2018-02-27 17:01:29,0.00342300,31.41000000
2018-02-27 17:01:30,0.00342200,1.17000000
2018-02-27 17:01:31,0.00342200,32.55000000
2018-02-27 17:01:32,0.00342200,0.90000000
2018-02-27 17:01:32,0.00342200,4.83000000
2018-02-27 17:01:32,0.00342100,4.10000000
2018-02-27 17:01:33,0.00342100,49.42000000
2018-02-27 17:01:34,0.00342200,2.36000000
2018-02-27 17:01:34,0.00342300,41.99000000
2018-02-27 17:01:34,0.00342500,1.72000000
2018-02-27 17:01:34,0.00342100,0.88000000
2018-02-27 17:01:34,0.00342100,5.27000000
2018-02-27 17:01:35,0.00342100,0.73000000
2018-02-27 17:01:35,0.00342100,4.77000000
2018-02-27 17:01:35,0.00342100,0.31000000
2018-02-27 17:01:37,0.00342200,1.46000000
2018-02-27 17:01:37,0.00342200,2.76000000
2018-02-27 17:01:37,0.00342100,7.68000000
2018-02-27 17:01:37,0.00342200,1.48000000
2018-02-27 17:01:37,0.00342500,20.96000000
2018-02-27 17:01:37,0.00342200,0.70000000
2018-02-27 17:01:38,0.00342200,2.88000000
2018-02-27 17:01:38,0.00342200,2.26000000
2018-02-27 17:01:38,0.00342000,25.98000000
2018-02-27 17:01:39,0.00342000,0.86000000
2018-02-27 17:01:40,0.00342000,0.88000000
2018-02-27 17:01:41,0.00342000,1.48000000
2018-02-27 17:01:41,0.00342000,0.35000000
2018-02-27 17:01:41,0.00342200,8.81000000
2018-02-27 17:01:41,0.00342000,0.70000000
2018-02-27 17:01:42,0.00342000,14.98000000
2018-02-27 17:01:42,0.00342000,1.00000000
2018-02-27 17:01:42,0.00342000,2.29000000
2018-02-27 17:01:43,0.00341900,140.76000000
2018-02-27 17:01:43,0.00341900,3.20000000
2018-02-27 17:01:43,0.00341900,54.91000000
2018-02-27 17:01:43,0.00341900,71.14000000
2018-02-27 17:01:44,0.00341900,0.88000000
2018-02-27 17:01:44,0.00341900,93.32000000
2018-02-27 17:01:45,0.00341900,6.02000000
2018-02-27 17:01:46,0.00341800,2.94000000
2018-02-27 17:01:46,0.00341800,1.10000000
2018-02-27 17:01:46,0.00341800,0.83000000
2018-02-27 17:01:46,0.00341800,2.37000000
2018-02-27 17:01:46,0.00341800,0.45000000
2018-02-27 17:01:47,0.00341800,1.08000000
2018-02-27 17:01:47,0.00341700,1.23000000
2018-02-27 17:01:49,0.00341800,0.35000000
2018-02-27 17:01:49,0.00341700,4.35000000
2018-02-27 17:01:50,0.00341700,11.19000000
2018-02-27 17:01:50,0.00341700,4.95000000
2018-02-27 17:01:50,0.00341800,34.71000000
2018-02-27 17:01:50,0.00341900,272.96000000
2018-02-27 17:01:51,0.00341800,23.38000000
2018-02-27 17:01:51,0.00341500,0.70000000
2018-02-27 17:01:52,0.00341500,0.88000000
2018-02-27 17:01:52,0.00341500,2.42000000
2018-02-27 17:01:53,0.00341700,0.88000000
2018-02-27 17:01:53,0.00341700,23.23000000
2018-02-27 17:01:54,0.00341700,0.70000000
2018-02-27 17:01:54,0.00341700,0.74000000
2018-02-27 17:01:54,0.00341700,2.97000000
2018-02-27 17:01:55,0.00341700,0.56000000
2018-02-27 17:01:55,0.00341700,0.30000000
2018-02-27 17:01:55,0.00341700,0.74000000
2018-02-27 17:01:56,0.00341700,1.48000000
2018-02-27 17:01:56,0.00341700,0.30000000
2018-02-27 17:01:56,0.00341700,21.15000000
2018-02-27 17:01:56,0.00341700,2.97000000
2018-02-27 17:01:57,0.00341700,1.72000000
2018-02-27 17:01:57,0.00341700,0.74000000
2018-02-27 17:01:58,0.00341700,1.18000000
2018-02-27 17:01:58,0.00341700,22.89000000
2018-02-27 17:02:00,0.00341400,8.85000000
2018-02-27 17:02:00,0.00341700,3.06000000
2018-02-27 17:02:00,0.00341700,0.74000000
2018-02-27 17:02:00,0.00341700,12.22000000
2018-02-27 17:02:01,0.00341700,1.78000000
2018-02-27 17:02:01,0.00341700,1.19000000
2018-02-27 17:02:01,0.00341700,5.00000000
2018-02-27 17:02:01,0.00341700,2.68000000
2018-02-27 17:02:01,0.00341700,1.89000000
2018-02-27 17:02:01,0.00341700,1.48000000
2018-02-27 17:02:03,0.00341700,1.48000000
2018-02-27 17:02:03,0.00341700,1.63000000
2018-02-27 17:02:04,0.00341700,1.15000000
2018-02-27 17:02:04,0.00341700,2.04000000
2018-02-27 17:02:06,0.00341700,5.93000000
2018-02-27 17:02:06,0.00341700,2.37000000
2018-02-27 17:02:07,0.00341800,0.58000000
2018-02-27 17:02:07,0.00341800,13.00000000
2018-02-27 17:02:07,0.00341700,8.11000000
2018-02-27 17:02:07,0.00341500,0.02000000
2018-02-27 17:02:07,0.00341800,26.86000000
2018-02-27 17:02:08,0.00341800,10.00000000
2018-02-27 17:02:08,0.00341700,4.70000000
2018-02-27 17:02:08,0.00341700,0.53000000
2018-02-27 17:02:08,0.00341800,0.06000000
2018-02-27 17:02:09,0.00341800,14.63000000
2018-02-27 17:02:10,0.00341500,3.03000000
2018-02-27 17:02:11,0.00341700,6.23000000
2018-02-27 17:02:13,0.00341400,10.78000000
2018-02-27 17:02:14,0.00341100,0.22000000
2018-02-27 17:02:14,0.00341100,7.82000000
2018-02-27 17:02:15,0.00341700,8.77000000
2018-02-27 17:02:16,0.00341700,1.12000000
2018-02-27 17:02:16,0.00341700,0.11000000
2018-02-27 17:02:16,0.00341100,0.29000000
2018-02-27 17:02:16,0.00341800,7.65000000
2018-02-27 17:02:18,0.00341800,13.96000000
2018-02-27 17:02:22,0.00341200,1.86000000
2018-02-27 17:02:22,0.00341200,0.30000000
2018-02-27 17:02:23,0.00341200,1.35000000
2018-02-27 17:02:25,0.00341200,0.33000000
2018-02-27 17:02:25,0.00341200,6.73000000
2018-02-27 17:02:25,0.00341200,14.15000000
2018-02-27 17:02:26,0.00341700,4.00000000
2018-02-27 17:02:28,0.00341300,11.10000000
2018-02-27 17:02:28,0.00341300,0.02000000
2018-02-27 17:02:28,0.00341100,14.97000000
2018-02-27 17:02:29,0.00341300,22.68000000
2018-02-27 17:02:31,0.00341100,1.37000000
2018-02-27 17:02:32,0.00341100,5.00000000
2018-02-27 17:02:32,0.00341100,48.76000000
2018-02-27 17:02:33,0.00341200,16.43000000
2018-02-27 17:02:34,0.00341200,11.09000000
2018-02-27 17:02:36,0.00341700,25.00000000
2018-02-27 17:02:36,0.00341200,21.23000000
2018-02-27 17:02:37,0.00341200,1.37000000
2018-02-27 17:02:38,0.00341200,39.89000000
2018-02-27 17:02:38,0.00341100,2.14000000
2018-02-27 17:02:39,0.00341200,1.00000000
2018-02-27 17:02:39,0.00341100,2.70000000
2018-02-27 17:02:39,0.00341100,19.98000000
2018-02-27 17:02:39,0.00341200,220.84000000
2018-02-27 17:02:39,0.00341600,119.76000000
2018-02-27 17:02:39,0.00341700,1.31000000
2018-02-27 17:02:39,0.00341800,77.21000000
2018-02-27 17:02:40,0.00341800,23.26000000
2018-02-27 17:02:40,0.00341800,139.26000000
2018-02-27 17:02:40,0.00341100,5.10000000
2018-02-27 17:02:40,0.00341000,4.45000000
2018-02-27 17:02:40,0.00341000,6.68000000
2018-02-27 17:02:40,0.00341000,42.53000000
2018-02-27 17:02:41,0.00341000,2.70000000
2018-02-27 17:02:41,0.00341000,11.40000000
2018-02-27 17:02:41,0.00341000,2.28000000
2018-02-27 17:02:42,0.00341000,5.04000000
2018-02-27 17:02:42,0.00341100,2.32000000
2018-02-27 17:02:43,0.00341100,1.25000000
2018-02-27 17:02:43,0.00341100,0.81000000
2018-02-27 17:02:43,0.00341100,1.16000000
2018-02-27 17:02:44,0.00341100,29.53000000
2018-02-27 17:02:44,0.00341000,2.94000000
2018-02-27 17:02:45,0.00341000,2.64000000
2018-02-27 17:02:45,0.00341000,26.72000000
2018-02-27 17:02:46,0.00341000,0.30000000
2018-02-27 17:02:46,0.00341000,4.44000000
2018-02-27 17:02:46,0.00341000,3.97000000
2018-02-27 17:02:46,0.00341000,0.30000000
2018-02-27 17:02:46,0.00341100,1.00000000
2018-02-27 17:02:46,0.00341000,8.05000000
2018-02-27 17:02:47,0.00341000,0.66000000
2018-02-27 17:02:49,0.00341000,5.45000000
2018-02-27 17:02:49,0.00341000,9.89000000
2018-02-27 17:02:49,0.00341000,1.50000000
2018-02-27 17:02:50,0.00341000,35.50000000
2018-02-27 17:02:50,0.00341000,70.00000000
2018-02-27 17:02:50,0.00341000,31.98000000
2018-02-27 17:02:50,0.00340900,0.40000000
2018-02-27 17:02:51,0.00340800,1.96000000
2018-02-27 17:02:51,0.00340400,12.70000000
2018-02-27 17:02:51,0.00340900,3.07000000
2018-02-27 17:02:51,0.00340400,1.52000000
2018-02-27 17:02:52,0.00340900,4.55000000
2018-02-27 17:02:53,0.00340400,1.95000000
2018-02-27 17:02:53,0.00340400,0.38000000
2018-02-27 17:02:54,0.00340400,0.36000000
2018-02-27 17:02:54,0.00340400,1.49000000
2018-02-27 17:02:54,0.00340400,1.80000000
2018-02-27 17:02:55,0.00340400,2.85000000
2018-02-27 17:02:56,0.00340400,5.00000000
2018-02-27 17:02:56,0.00340400,1.48000000
2018-02-27 17:02:58,0.00340400,3.03000000
2018-02-27 17:02:58,0.00340400,7.02000000
2018-02-27 17:02:58,0.00340900,0.79000000
2018-02-27 17:02:58,0.00340400,0.36000000
2018-02-27 17:02:59,0.00340400,3.04000000
2018-02-27 17:03:00,0.00340400,1.52000000
2018-02-27 17:03:00,0.00340400,2.99000000
2018-02-27 17:03:00,0.00340700,2.51000000
2018-02-27 17:03:00,0.00340400,3.01000000
2018-02-27 17:03:00,0.00340400,3.01000000
2018-02-27 17:03:01,0.00340400,2.99000000
2018-02-27 17:03:01,0.00340400,2.99000000
2018-02-27 17:03:01,0.00340400,3.00000000
2018-02-27 17:03:02,0.00340400,0.98000000
2018-02-27 17:03:02,0.00340200,0.82000000
2018-02-27 17:03:02,0.00340100,1.19000000
2018-02-27 17:03:02,0.00340100,2.99000000
2018-02-27 17:03:02,0.00340700,2.25000000
2018-02-27 17:03:02,0.00340900,0.68000000
2018-02-27 17:03:03,0.00340100,3.00000000
2018-02-27 17:03:03,0.00340100,2.99000000
2018-02-27 17:03:03,0.00340100,2.99000000
2018-02-27 17:03:04,0.00340100,2.99000000
2018-02-27 17:03:04,0.00340100,0.66000000
2018-02-27 17:03:04,0.00340100,2.99000000
2018-02-27 17:03:05,0.00340100,2.99000000
2018-02-27 17:03:05,0.00340100,2.99000000
2018-02-27 17:03:06,0.00340100,2.99000000
2018-02-27 17:03:07,0.00340100,10.54000000
2018-02-27 17:03:07,0.00340000,35.79000000
2018-02-27 17:03:07,0.00340000,1.34000000
2018-02-27 17:03:08,0.00340000,0.75000000
2018-02-27 17:03:08,0.00340500,1.12000000
2018-02-27 17:03:09,0.00340500,7.24000000
2018-02-27 17:03:09,0.00340000,63.99000000
2018-02-27 17:03:10,0.00340000,0.58000000
2018-02-27 17:03:10,0.00340000,1.52000000
2018-02-27 17:03:12,0.00340000,3.03000000
2018-02-27 17:03:13,0.00340000,3.04000000
2018-02-27 17:03:13,0.00340000,3.03000000
2018-02-27 17:03:13,0.00340000,2.99000000
2018-02-27 17:03:14,0.00340000,3.02000000
2018-02-27 17:03:14,0.00340000,0.93000000
2018-02-27 17:03:14,0.00340000,3.03000000
2018-02-27 17:03:14,0.00340100,14.70000000
2018-02-27 17:03:15,0.00340000,3.02000000
2018-02-27 17:03:15,0.00340000,3.01000000
2018-02-27 17:03:15,0.00340000,29.41000000
2018-02-27 17:03:15,0.00340000,18.10000000
2018-02-27 17:03:15,0.00340100,71.14000000
2018-02-27 17:03:15,0.00340000,3.01000000
2018-02-27 17:03:15,0.00340000,2.99000000
2018-02-27 17:03:15,0.00340000,3.03000000
2018-02-27 17:03:15,0.00340100,3.99000000
2018-02-27 17:03:15,0.00340100,10.00000000
2018-02-27 17:03:16,0.00340000,1.77000000
2018-02-27 17:03:16,0.00340000,3.01000000
2018-02-27 17:03:16,0.00340000,3.01000000
2018-02-27 17:03:16,0.00340000,2.88000000
2018-02-27 17:03:16,0.00340100,14.70000000
2018-02-27 17:03:16,0.00340100,2.70000000
2018-02-27 17:03:16,0.00340000,4.00000000
2018-02-27 17:03:16,0.00340000,2.99000000
2018-02-27 17:03:16,0.00340000,2.99000000
2018-02-27 17:03:17,0.00340100,2.13000000
2018-02-27 17:03:17,0.00340000,8.16000000
2018-02-27 17:03:17,0.00339500,0.92000000
2018-02-27 17:03:17,0.00339400,1.47000000
2018-02-27 17:03:17,0.00339300,0.62000000
2018-02-27 17:03:17,0.00339500,30.94000000
2018-02-27 17:03:17,0.00340000,2.64000000
2018-02-27 17:03:17,0.00340000,1.06000000
2018-02-27 17:03:17,0.00340100,26.44000000
2018-02-27 17:03:17,0.00339300,3.01000000
2018-02-27 17:03:18,0.00339300,2.99000000
2018-02-27 17:03:18,0.00339300,2.99000000
2018-02-27 17:03:18,0.00339300,3.01000000
2018-02-27 17:03:18,0.00340000,1.55000000
2018-02-27 17:03:18,0.00340100,1.39000000
2018-02-27 17:03:19,0.00339300,3.01000000
2018-02-27 17:03:19,0.00340000,8.79000000
2018-02-27 17:03:19,0.00340100,33.71000000
2018-02-27 17:03:19,0.00339300,2.99000000
2018-02-27 17:03:19,0.00340100,10.08000000
2018-02-27 17:03:20,0.00340100,4.16000000
2018-02-27 17:03:20,0.00340500,2.86000000
2018-02-27 17:03:20,0.00341000,0.08000000
2018-02-27 17:03:20,0.00340100,0.02000000
2018-02-27 17:03:20,0.00339500,2.98000000
2018-02-27 17:03:20,0.00339500,3.01000000
2018-02-27 17:03:20,0.00340100,10.00000000
2018-02-27 17:03:21,0.00339500,2.84000000
2018-02-27 17:03:21,0.00339400,4.67000000
2018-02-27 17:03:21,0.00339400,0.01000000
2018-02-27 17:03:22,0.00340000,14.70000000
2018-02-27 17:03:24,0.00340000,33.98000000
2018-02-27 17:03:24,0.00339600,14.64000000
2018-02-27 17:03:24,0.00340000,22.29000000
2018-02-27 17:03:25,0.00340100,3.13000000
2018-02-27 17:03:25,0.00340100,2.90000000
2018-02-27 17:03:25,0.00341000,3.10000000
2018-02-27 17:03:26,0.00339600,8.83000000
2018-02-27 17:03:26,0.00339600,3.00000000
2018-02-27 17:03:27,0.00339600,0.23000000
2018-02-27 17:03:27,0.00339500,2.80000000
2018-02-27 17:03:27,0.00339500,0.40000000
2018-02-27 17:03:27,0.00339500,3.03000000
2018-02-27 17:03:27,0.00340000,0.45000000
2018-02-27 17:03:28,0.00340000,2.94000000
2018-02-27 17:03:28,0.00339600,4.50000000
2018-02-27 17:03:28,0.00339500,16.29000000
2018-02-27 17:03:28,0.00339300,9.76000000
2018-02-27 17:03:28,0.00339300,3.00000000
2018-02-27 17:03:28,0.00339300,3.03000000
2018-02-27 17:03:28,0.00339300,3.03000000
2018-02-27 17:03:29,0.00339300,3.01000000
2018-02-27 17:03:29,0.00339300,3.00000000
2018-02-27 17:03:29,0.00339300,1.12000000
2018-02-27 17:03:29,0.00339200,0.47000000
2018-02-27 17:03:29,0.00339000,1.41000000
2018-02-27 17:03:29,0.00339000,0.39000000
2018-02-27 17:03:29,0.00338800,2.64000000
2018-02-27 17:03:30,0.00338800,2.90000000
2018-02-27 17:03:30,0.00338700,0.10000000
2018-02-27 17:03:30,0.00339900,2.94000000
2018-02-27 17:03:30,0.00339900,2.94000000
2018-02-27 17:03:30,0.00338700,3.01000000
2018-02-27 17:03:30,0.00338700,3.00000000
2018-02-27 17:03:31,0.00338700,3.01000000
2018-02-27 17:03:31,0.00338900,2.94000000
2018-02-27 17:03:31,0.00338800,0.06000000
2018-02-27 17:03:31,0.00338800,3.00000000
2018-02-27 17:03:32,0.00338800,3.00000000
2018-02-27 17:03:32,0.00339500,2.58000000
2018-02-27 17:03:32,0.00338800,3.00000000
2018-02-27 17:03:32,0.00339400,3.23000000
2018-02-27 17:03:32,0.00339500,3.74000000
2018-02-27 17:03:32,0.00339500,0.30000000
2018-02-27 17:03:33,0.00339400,3.00000000
2018-02-27 17:03:35,0.00339500,2.25000000
2018-02-27 17:03:35,0.00339500,2.95000000
2018-02-27 17:03:35,0.00339400,0.33000000
2018-02-27 17:03:36,0.00339500,2.93000000
2018-02-27 17:03:36,0.00339500,0.19000000
2018-02-27 17:03:36,0.00339600,7.13000000
2018-02-27 17:03:36,0.00339600,3.04000000
2018-02-27 17:03:36,0.00339600,3.00000000
2018-02-27 17:03:36,0.00339600,0.36000000
2018-02-27 17:03:36,0.00339600,3.03000000
2018-02-27 17:03:37,0.00339600,3.03000000
2018-02-27 17:03:37,0.00339600,3.03000000
2018-02-27 17:03:38,0.00339600,3.00000000
2018-02-27 17:03:38,0.00339600,13.12000000
2018-02-27 17:03:38,0.00339600,3.00000000
2018-02-27 17:03:38,0.00339600,3.03000000
2018-02-27 17:03:39,0.00339600,3.00000000
2018-02-27 17:03:39,0.00339600,3.00000000
2018-02-27 17:03:39,0.00339600,6.23000000
2018-02-27 17:03:40,0.00339600,3.00000000
2018-02-27 17:03:40,0.00339600,17.69000000
2018-02-27 17:03:40,0.00339600,3.00000000
2018-02-27 17:03:40,0.00339600,3.00000000
2018-02-27 17:03:40,0.00339900,1.36000000
2018-02-27 17:03:40,0.00339500,5.00000000
2018-02-27 17:03:41,0.00339500,3.00000000
2018-02-27 17:03:41,0.00339500,3.00000000
2018-02-27 17:03:42,0.00339600,14.72000000
2018-02-27 17:03:42,0.00339500,3.00000000
2018-02-27 17:03:42,0.00339500,3.00000000
2018-02-27 17:03:43,0.00339600,11.77000000
2018-02-27 17:03:43,0.00339600,10.91000000
2018-02-27 17:03:46,0.00339900,2.94000000
2018-02-27 17:03:46,0.00339900,1.51000000
2018-02-27 17:03:47,0.00339600,17.70000000
2018-02-27 17:03:48,0.00339600,1.45000000
2018-02-27 17:03:48,0.00339900,2.73000000
2018-02-27 17:03:48,0.00340000,18.17000000
2018-02-27 17:03:50,0.00340000,57.79000000
2018-02-27 17:03:50,0.00340000,8.98000000
2018-02-27 17:03:51,0.00340700,0.35000000
2018-02-27 17:03:52,0.00340000,19.64000000
2018-02-27 17:03:54,0.00340000,5.88000000
2018-02-27 17:03:54,0.00340500,1.00000000
2018-02-27 17:03:56,0.00340500,0.35000000
2018-02-27 17:04:01,0.00340200,29.39000000
2018-02-27 17:04:02,0.00340500,0.12000000
2018-02-27 17:04:02,0.00340700,2.59000000
2018-02-27 17:04:02,0.00340800,8.02000000
2018-02-27 17:04:02,0.00340800,10.33000000
2018-02-27 17:04:02,0.00340800,3.08000000
2018-02-27 17:04:02,0.00340800,12.01000000
2018-02-27 17:04:04,0.00340200,5.87000000
2018-02-27 17:04:10,0.00340800,0.01000000
2018-02-27 17:04:10,0.00340900,4.16000000
2018-02-27 17:04:16,0.00340400,2.93000000
2018-02-27 17:04:17,0.00340400,1.37000000
2018-02-27 17:04:19,0.00340900,1.26000000
2018-02-27 17:04:23,0.00340600,7.95000000
2018-02-27 17:04:23,0.00340600,7.94000000
2018-02-27 17:04:24,0.00340600,20.51000000
2018-02-27 17:04:24,0.00340600,2.25000000
2018-02-27 17:04:25,0.00340600,1.52000000
2018-02-27 17:04:27,0.00340600,0.59000000
2018-02-27 17:04:27,0.00340600,1.20000000
2018-02-27 17:04:28,0.00340600,0.49000000
2018-02-27 17:04:28,0.00340900,57.16000000
2018-02-27 17:04:29,0.00340600,2.93000000
2018-02-27 17:04:29,0.00340600,1.25000000
2018-02-27 17:04:30,0.00340600,0.86000000
2018-02-27 17:04:30,0.00340600,3.19000000
2018-02-27 17:04:31,0.00340600,38.75000000
2018-02-27 17:04:32,0.00340900,0.73000000
2018-02-27 17:04:32,0.00340900,27.28000000
2018-02-27 17:04:32,0.00340900,18.86000000
2018-02-27 17:04:32,0.00340600,0.89000000
2018-02-27 17:04:35,0.00340600,0.70000000
2018-02-27 17:04:37,0.00340700,1.37000000
2018-02-27 17:04:37,0.00340700,0.45000000
2018-02-27 17:04:38,0.00340900,23.58000000
2018-02-27 17:04:39,0.00340700,17.46000000
2018-02-27 17:04:39,0.00340700,0.70000000
2018-02-27 17:04:42,0.00340700,1.43000000
2018-02-27 17:04:43,0.00340700,24.19000000
2018-02-27 17:04:43,0.00340700,1.48000000
2018-02-27 17:04:44,0.00340900,2.93000000
2018-02-27 17:04:44,0.00340700,0.47000000
2018-02-27 17:04:44,0.00340900,2.30000000
2018-02-27 17:04:44,0.00340700,22.74000000
2018-02-27 17:04:45,0.00340900,19.55000000
2018-02-27 17:04:46,0.00340700,0.57000000
2018-02-27 17:04:47,0.00340700,14.99000000
2018-02-27 17:04:47,0.00340900,94.81000000
2018-02-27 17:04:47,0.00340900,40.20000000
2018-02-27 17:04:47,0.00340700,250.05000000
2018-02-27 17:04:47,0.00340500,9.00000000
2018-02-27 17:04:47,0.00340400,470.76000000
2018-02-27 17:04:50,0.00340900,1.30000000
2018-02-27 17:04:50,0.00341000,1.63000000
2018-02-27 17:04:50,0.00341000,23.31000000
2018-02-27 17:04:50,0.00341000,86.52000000
2018-02-27 17:04:50,0.00341100,116.49000000
2018-02-27 17:04:50,0.00341100,0.41000000
2018-02-27 17:04:51,0.00341100,15.37000000
2018-02-27 17:04:51,0.00341100,11.45000000
2018-02-27 17:04:51,0.00341100,88.27000000
2018-02-27 17:04:51,0.00341100,13.31000000
2018-02-27 17:04:51,0.00341100,68.14000000
2018-02-27 17:04:51,0.00341100,21.06000000
2018-02-27 17:04:52,0.00341100,19.24000000
2018-02-27 17:04:52,0.00341100,1.84000000
2018-02-27 17:04:53,0.00340800,4.30000000
2018-02-27 17:04:54,0.00341400,15.41000000
2018-02-27 17:04:54,0.00341400,13.94000000
2018-02-27 17:04:56,0.00340800,1.21000000
2018-02-27 17:04:57,0.00340800,0.72000000
2018-02-27 17:04:59,0.00340800,1.97000000
2018-02-27 17:04:59,0.00340800,5.60000000
2018-02-27 17:04:59,0.00340700,9.08000000
2018-02-27 17:05:00,0.00341000,10.02000000
2018-02-27 17:05:00,0.00341100,4.43000000
2018-02-27 17:05:00,0.00341100,2.05000000
2018-02-27 17:05:00,0.00341100,2.74000000
2018-02-27 17:05:00,0.00341100,11.53000000
2018-02-27 17:05:00,0.00340700,0.23000000
2018-02-27 17:05:02,0.00340700,18.11000000
2018-02-27 17:05:03,0.00341100,0.70000000
2018-02-27 17:05:04,0.00341100,0.35000000
2018-02-27 17:05:04,0.00340700,0.35000000
2018-02-27 17:05:05,0.00341100,5.00000000
2018-02-27 17:05:06,0.00340800,2.83000000
2018-02-27 17:05:06,0.00340700,20.01000000
2018-02-27 17:05:07,0.00340700,15.80000000
2018-02-27 17:05:09,0.00340700,22.77000000
2018-02-27 17:05:09,0.00340700,4.36000000
2018-02-27 17:05:10,0.00340700,20.17000000
2018-02-27 17:05:10,0.00341100,9.19000000
2018-02-27 17:05:11,0.00340700,22.91000000
2018-02-27 17:05:14,0.00340700,22.94000000
2018-02-27 17:05:15,0.00341100,5.81000000
2018-02-27 17:05:15,0.00341200,44.98000000
2018-02-27 17:05:16,0.00340700,22.74000000
2018-02-27 17:05:18,0.00340800,3.13000000
2018-02-27 17:05:21,0.00340800,0.88000000
2018-02-27 17:05:23,0.00340900,0.70000000
2018-02-27 17:05:25,0.00340900,0.07000000
2018-02-27 17:05:27,0.00340900,0.63000000
2018-02-27 17:05:28,0.00340800,1.12000000
2018-02-27 17:05:28,0.00340900,0.33000000
2018-02-27 17:05:28,0.00341000,0.62000000
2018-02-27 17:05:30,0.00341000,0.38000000
2018-02-27 17:05:30,0.00341100,3.11000000
2018-02-27 17:05:30,0.00340800,0.70000000
2018-02-27 17:05:32,0.00341100,6.01000000
2018-02-27 17:05:35,0.00340800,11.93000000
2018-02-27 17:05:38,0.00341100,5.20000000
2018-02-27 17:05:39,0.00341100,14.66000000
2018-02-27 17:05:40,0.00341200,16.97000000
2018-02-27 17:05:40,0.00341100,6.03000000
2018-02-27 17:05:41,0.00341200,4.46000000
2018-02-27 17:05:41,0.00341200,76.48000000
2018-02-27 17:05:41,0.00341100,3.58000000
2018-02-27 17:05:41,0.00341100,14.65000000
2018-02-27 17:05:42,0.00341100,1.52000000
2018-02-27 17:05:42,0.00341200,2.92000000
2018-02-27 17:05:44,0.00341100,4.00000000
2018-02-27 17:05:44,0.00341200,2.92000000
2018-02-27 17:05:46,0.00341100,3.00000000
2018-02-27 17:05:46,0.00341100,1.12000000
2018-02-27 17:05:48,0.00341200,8.44000000
2018-02-27 17:05:51,0.00341200,4.46000000
2018-02-27 17:05:52,0.00341200,1.29000000
2018-02-27 17:05:52,0.00341200,9.21000000
2018-02-27 17:05:52,0.00341200,19.06000000
2018-02-27 17:05:52,0.00341100,5.75000000
2018-02-27 17:05:54,0.00341100,10.58000000
2018-02-27 17:05:55,0.00341100,18.13000000
2018-02-27 17:05:57,0.00341000,0.93000000
2018-02-27 17:05:57,0.00341000,0.81000000
2018-02-27 17:05:58,0.00341000,4.46000000
2018-02-27 17:06:01,0.00341100,0.55000000
2018-02-27 17:06:03,0.00341100,1.93000000
2018-02-27 17:06:03,0.00341100,21.13000000
2018-02-27 17:06:04,0.00341100,108.89000000
2018-02-27 17:06:04,0.00341100,0.70000000
2018-02-27 17:06:05,0.00341100,26.57000000
2018-02-27 17:06:07,0.00341100,3.93000000
2018-02-27 17:06:07,0.00341100,7.62000000
2018-02-27 17:06:08,0.00341100,29.30000000
2018-02-27 17:06:08,0.00341100,36.27000000
2018-02-27 17:06:08,0.00341100,5.61000000
2018-02-27 17:06:09,0.00341100,1.13000000
2018-02-27 17:06:13,0.00341200,14.50000000
2018-02-27 17:06:14,0.00341200,69.37000000
2018-02-27 17:06:14,0.00341200,7.71000000
2018-02-27 17:06:15,0.00341100,27.95000000
2018-02-27 17:06:17,0.00341100,2.39000000
2018-02-27 17:06:18,0.00341500,2.80000000
2018-02-27 17:06:19,0.00341500,1.17000000
2018-02-27 17:06:19,0.00341500,1.03000000
2018-02-27 17:06:19,0.00341300,1.54000000
2018-02-27 17:06:19,0.00341100,710.19000000
2018-02-27 17:06:21,0.00341200,3.22000000
2018-02-27 17:06:22,0.00341100,0.32000000
2018-02-27 17:06:24,0.00341300,3.22000000
2018-02-27 17:06:24,0.00341400,1.60000000
2018-02-27 17:06:25,0.00341200,53.46000000
2018-02-27 17:06:29,0.00341200,81.73000000
2018-02-27 17:06:29,0.00341100,128.07000000
2018-02-27 17:06:31,0.00341200,12.29000000
2018-02-27 17:06:34,0.00341200,1.17000000
2018-02-27 17:06:34,0.00341200,155.50000000
2018-02-27 17:06:35,0.00341200,49.71000000
2018-02-27 17:06:36,0.00341200,1.17000000
2018-02-27 17:06:36,0.00341200,1.32000000
2018-02-27 17:06:36,0.00341200,5.25000000
2018-02-27 17:06:38,0.00341200,1.32000000
2018-02-27 17:06:40,0.00341300,0.46000000
2018-02-27 17:06:40,0.00341400,0.01000000
2018-02-27 17:06:40,0.00341400,3.92000000
2018-02-27 17:06:41,0.00341300,1.32000000
2018-02-27 17:06:42,0.00341300,20.74000000
2018-02-27 17:06:43,0.00341300,1.17000000
2018-02-27 17:06:45,0.00341300,2.00000000
2018-02-27 17:06:45,0.00341300,0.79000000
2018-02-27 17:06:45,0.00341300,1.17000000
2018-02-27 17:06:45,0.00341300,3.00000000
2018-02-27 17:06:45,0.00341200,17.00000000
2018-02-27 17:06:45,0.00341200,16.92000000
2018-02-27 17:06:46,0.00341200,294.81000000
2018-02-27 17:06:48,0.00341200,11.75000000
2018-02-27 17:06:48,0.00341200,8.68000000
2018-02-27 17:06:48,0.00341300,1.80000000
2018-02-27 17:06:48,0.00341300,1.17000000
2018-02-27 17:06:48,0.00341300,0.52000000
2018-02-27 17:06:50,0.00341300,2.43000000
2018-02-27 17:06:52,0.00341300,0.70000000
2018-02-27 17:06:53,0.00341400,0.75000000
2018-02-27 17:06:53,0.00341300,58.88000000
2018-02-27 17:06:54,0.00341300,0.70000000
2018-02-27 17:06:56,0.00341300,0.33000000
2018-02-27 17:06:57,0.00341300,9.20000000
2018-02-27 17:06:57,0.00341400,2.92000000
2018-02-27 17:06:57,0.00341300,7.25000000
2018-02-27 17:06:57,0.00341200,25.89000000
2018-02-27 17:06:57,0.00341200,19.89000000
2018-02-27 17:06:59,0.00341200,17.28000000
2018-02-27 17:06:59,0.00341200,15.58000000
2018-02-27 17:06:59,0.00341200,14.65000000
2018-02-27 17:07:00,0.00341200,7.25000000
2018-02-27 17:07:01,0.00341200,14.65000000
2018-02-27 17:07:01,0.00341200,8.59000000
2018-02-27 17:07:02,0.00341200,2.75000000
2018-02-27 17:07:03,0.00341300,14.65000000
2018-02-27 17:07:04,0.00341300,0.66000000
2018-02-27 17:07:04,0.00341300,2.40000000
2018-02-27 17:07:04,0.00341300,2.29000000
2018-02-27 17:07:04,0.00341200,3.77000000
2018-02-27 17:07:05,0.00341200,4.46000000
2018-02-27 17:07:05,0.00341200,10.57000000
2018-02-27 17:07:06,0.00341300,4.31000000
2018-02-27 17:07:07,0.00341300,0.70000000
2018-02-27 17:07:09,0.00341300,1.80000000
2018-02-27 17:07:11,0.00341300,0.11000000
2018-02-27 17:07:11,0.00341300,76.29000000
2018-02-27 17:07:12,0.00341200,126.33000000
2018-02-27 17:07:13,0.00341300,37.70000000
2018-02-27 17:07:13,0.00341400,10.42000000
2018-02-27 17:07:14,0.00341300,0.30000000
2018-02-27 17:07:15,0.00341300,2.53000000
2018-02-27 17:07:15,0.00341400,20.13000000
2018-02-27 17:07:16,0.00341400,5.46000000
2018-02-27 17:07:16,0.00341300,9.19000000
2018-02-27 17:07:17,0.00341500,10.38000000
2018-02-27 17:07:18,0.00341300,3.28000000
2018-02-27 17:07:19,0.00341200,294.84000000
2018-02-27 17:07:20,0.00341300,1.60000000
2018-02-27 17:07:20,0.00341500,1.37000000
2018-02-27 17:07:21,0.00341300,14.65000000
2018-02-27 17:07:22,0.00341300,14.65000000
2018-02-27 17:07:23,0.00341300,75.71000000
2018-02-27 17:07:24,0.00341300,14.65000000
2018-02-27 17:07:25,0.00341300,1.98000000
2018-02-27 17:07:27,0.00341300,14.65000000
2018-02-27 17:07:29,0.00341300,11.80000000
2018-02-27 17:07:29,0.00341400,2.92000000
2018-02-27 17:07:35,0.00341400,51.08000000
2018-02-27 17:07:36,0.00341400,7.95000000
2018-02-27 17:07:38,0.00341400,1.30000000
2018-02-27 17:07:39,0.00341400,15.35000000
2018-02-27 17:07:39,0.00341300,140.17000000
2018-02-27 17:07:45,0.00341500,5.00000000
2018-02-27 17:07:47,0.00341300,5.93000000
2018-02-27 17:07:53,0.00341300,2.00000000
2018-02-27 17:07:53,0.00341300,3.08000000
2018-02-27 17:07:54,0.00341300,294.09000000
2018-02-27 17:07:55,0.00341500,41.63000000
2018-02-27 17:07:55,0.00341500,14.73000000
2018-02-27 17:07:55,0.00341600,24.89000000
2018-02-27 17:07:55,0.00341700,13.62000000
2018-02-27 17:07:55,0.00341800,5.12000000
2018-02-27 17:07:55,0.00341300,61.65000000
2018-02-27 17:07:56,0.00341200,17.86000000
2018-02-27 17:07:57,0.00341200,13.71000000
2018-02-27 17:07:57,0.00341300,19.41000000
2018-02-27 17:07:57,0.00341200,14.40000000
2018-02-27 17:08:01,0.00341300,16.48000000
2018-02-27 17:08:04,0.00341300,4.83000000
2018-02-27 17:08:04,0.00341300,2.92000000
2018-02-27 17:08:04,0.00341300,4.83000000
2018-02-27 17:08:04,0.00341300,2.92000000
2018-02-27 17:08:04,0.00341300,1.91000000
2018-02-27 17:08:04,0.00341200,2.92000000
2018-02-27 17:08:05,0.00341300,151.91000000
2018-02-27 17:08:07,0.00341300,17.41000000
2018-02-27 17:08:07,0.00341200,28.36000000
2018-02-27 17:08:10,0.00341000,1.00000000
2018-02-27 17:08:10,0.00341200,116.12000000
2018-02-27 17:08:19,0.00341100,0.70000000
2018-02-27 17:08:27,0.00341100,4.21000000
2018-02-27 17:08:27,0.00341000,51.90000000
2018-02-27 17:08:27,0.00340900,238.16000000
2018-02-27 17:08:30,0.00341000,0.33000000
2018-02-27 17:08:36,0.00341000,102.05000000
2018-02-27 17:08:36,0.00340900,48.28000000
2018-02-27 17:08:36,0.00340800,36.92000000
2018-02-27 17:08:38,0.00340800,41.56000000
2018-02-27 17:08:41,0.00340800,3.64000000
2018-02-27 17:08:49,0.00340800,2.48000000
2018-02-27 17:08:51,0.00341000,41.60000000
2018-02-27 17:08:54,0.00340900,7.42000000
2018-02-27 17:08:54,0.00340800,37.17000000
2018-02-27 17:08:54,0.00340800,2.05000000
2018-02-27 17:08:55,0.00341000,143.02000000
2018-02-27 17:08:55,0.00341100,1.00000000
2018-02-27 17:08:55,0.00341200,47.92000000
2018-02-27 17:08:56,0.00341200,14.65000000
2018-02-27 17:08:57,0.00341200,137.93000000
2018-02-27 17:08:59,0.00341200,3.19000000
2018-02-27 17:09:02,0.00341200,1.66000000
2018-02-27 17:09:04,0.00341400,0.30000000
2018-02-27 17:09:04,0.00341500,0.21000000
2018-02-27 17:09:06,0.00341200,46.58000000
2018-02-27 17:09:06,0.00340900,24.87000000
2018-02-27 17:09:06,0.00340800,65.08000000
2018-02-27 17:09:06,0.00340800,0.73000000
2018-02-27 17:09:15,0.00340800,10.00000000
2018-02-27 17:09:15,0.00340800,0.65000000
2018-02-27 17:09:18,0.00340800,40.85000000
2018-02-27 17:09:18,0.00340700,91.56000000
2018-02-27 17:09:28,0.00340700,17.91000000
2018-02-27 17:09:37,0.00340800,14.99000000
2018-02-27 17:09:43,0.00340800,14.55000000
2018-02-27 17:09:47,0.00340800,54.87000000
2018-02-27 17:09:49,0.00340800,5.00000000
2018-02-27 17:09:49,0.00341100,2.17000000
2018-02-27 17:09:51,0.00340800,28.57000000
2018-02-27 17:09:54,0.00341100,22.70000000
2018-02-27 17:09:54,0.00341200,130.57000000
2018-02-27 17:09:56,0.00341200,0.32000000
2018-02-27 17:09:58,0.00341200,35.04000000
2018-02-27 17:09:58,0.00341300,0.43000000
2018-02-27 17:10:01,0.00341300,1.76000000
2018-02-27 17:10:04,0.00341300,366.85000000
2018-02-27 17:10:05,0.00341300,12.57000000
2018-02-27 17:10:09,0.00341400,176.33000000
2018-02-27 17:10:10,0.00341400,2.18000000
2018-02-27 17:10:10,0.00341400,105.87000000
2018-02-27 17:10:10,0.00341400,1.17000000
2018-02-27 17:10:11,0.00341400,15.96000000
2018-02-27 17:10:12,0.00341400,0.50000000
2018-02-27 17:10:13,0.00341400,7.10000000
2018-02-27 17:10:13,0.00341400,27.97000000
2018-02-27 17:10:14,0.00341400,0.59000000
2018-02-27 17:10:15,0.00341400,59.99000000
2018-02-27 17:10:15,0.00341300,87.13000000
2018-02-27 17:10:17,0.00341400,1.70000000
2018-02-27 17:10:17,0.00341300,2.00000000
2018-02-27 17:10:18,0.00341300,0.59000000
2018-02-27 17:10:19,0.00341300,2.90000000
2018-02-27 17:10:20,0.00341300,1.88000000
2018-02-27 17:10:21,0.00341300,2.90000000
2018-02-27 17:10:23,0.00341300,1.17000000
2018-02-27 17:10:26,0.00341300,1.21000000
2018-02-27 17:10:28,0.00341300,1.17000000
2018-02-27 17:10:28,0.00341400,0.30000000
2018-02-27 17:10:29,0.00341400,3.68000000
2018-02-27 17:10:30,0.00341400,1.37000000
2018-02-27 17:10:30,0.00341400,11.72000000
2018-02-27 17:10:30,0.00341500,1.39000000
2018-02-27 17:10:32,0.00341400,8.79000000
2018-02-27 17:10:33,0.00341400,3.42000000
2018-02-27 17:10:35,0.00341300,6.74000000
2018-02-27 17:10:36,0.00341300,33.64000000
2018-02-27 17:10:37,0.00341300,1.17000000
2018-02-27 17:10:38,0.00341300,9.42000000
2018-02-27 17:10:39,0.00341300,1.31000000
2018-02-27 17:10:39,0.00341300,132.41000000
2018-02-27 17:10:40,0.00341300,17.22000000
2018-02-27 17:10:40,0.00341100,1.46000000
2018-02-27 17:10:40,0.00341000,113.85000000
2018-02-27 17:10:43,0.00341000,0.74000000
2018-02-27 17:10:43,0.00341000,0.32000000
2018-02-27 17:10:45,0.00341000,0.70000000
2018-02-27 17:10:47,0.00341000,8.08000000
2018-02-27 17:10:48,0.00341100,2.40000000
2018-02-27 17:10:48,0.00341100,1.20000000
2018-02-27 17:10:48,0.00341000,11.86000000
2018-02-27 17:10:49,0.00341100,2.20000000
2018-02-27 17:10:50,0.00341000,1.48000000
2018-02-27 17:10:51,0.00341000,115.71000000
2018-02-27 17:10:53,0.00340900,25.42000000
2018-02-27 17:11:04,0.00340700,131.81000000
2018-02-27 17:11:13,0.00341100,5.45000000
2018-02-27 17:11:14,0.00341100,10.21000000
2018-02-27 17:11:19,0.00341100,1.48000000
2018-02-27 17:11:26,0.00340700,2.44000000
2018-02-27 17:11:30,0.00340700,72.03000000
2018-02-27 17:11:35,0.00341000,0.46000000
2018-02-27 17:11:36,0.00341000,0.46000000
2018-02-27 17:11:36,0.00341000,0.46000000
2018-02-27 17:11:36,0.00340700,5.86000000
2018-02-27 17:11:39,0.00341000,0.46000000
2018-02-27 17:11:45,0.00341000,0.46000000
2018-02-27 17:11:46,0.00341000,2.35000000
2018-02-27 17:11:48,0.00340900,0.46000000
2018-02-27 17:11:49,0.00340900,0.52000000
2018-02-27 17:11:51,0.00340900,0.46000000
2018-02-27 17:11:52,0.00340900,0.46000000
2018-02-27 17:11:52,0.00340800,42.43000000
2018-02-27 17:11:52,0.00340700,278.97000000
2018-02-27 17:11:52,0.00340700,4.05000000
2018-02-27 17:11:53,0.00340700,17.01000000
2018-02-27 17:11:55,0.00340600,80.85000000
2018-02-27 17:11:57,0.00340600,16.34000000
2018-02-27 17:11:57,0.00340700,1.14000000
2018-02-27 17:12:04,0.00340500,31.56000000
2018-02-27 17:12:04,0.00340500,42.42000000
2018-02-27 17:12:07,0.00340500,8.84000000
2018-02-27 17:12:09,0.00340600,2.47000000
2018-02-27 17:12:10,0.00340700,0.40000000
2018-02-27 17:12:10,0.00340600,6.17000000
2018-02-27 17:12:12,0.00340600,0.70000000
2018-02-27 17:12:14,0.00340600,0.70000000
2018-02-27 17:12:18,0.00340600,3.07000000
2018-02-27 17:12:18,0.00340600,25.00000000
2018-02-27 17:12:25,0.00340900,3.54000000
2018-02-27 17:12:25,0.00341000,0.30000000
2018-02-27 17:12:25,0.00341100,0.36000000
2018-02-27 17:12:28,0.00340600,192.09000000
2018-02-27 17:12:28,0.00340500,192.32000000
2018-02-27 17:12:30,0.00340500,27.15000000
2018-02-27 17:12:32,0.00340500,1.17000000
2018-02-27 17:12:34,0.00340500,3.60000000
2018-02-27 17:12:36,0.00340500,0.40000000
2018-02-27 17:12:36,0.00340500,3.60000000
2018-02-27 17:12:37,0.00340500,3.02000000
2018-02-27 17:12:40,0.00340500,92.29000000
2018-02-27 17:12:40,0.00340600,6.72000000
2018-02-27 17:12:41,0.00340500,153.84000000
2018-02-27 17:12:47,0.00340400,40.03000000
2018-02-27 17:12:48,0.00340400,77.07000000
2018-02-27 17:12:48,0.00340400,29.93000000
2018-02-27 17:12:52,0.00340100,10.18000000
2018-02-27 17:12:53,0.00340400,19.90000000
2018-02-27 17:12:53,0.00340100,0.90000000
2018-02-27 17:12:56,0.00340100,0.26000000
2018-02-27 17:12:57,0.00340100,1.48000000
2018-02-27 17:13:03,0.00340100,22.59000000
2018-02-27 17:13:03,0.00340000,39.85000000
2018-02-27 17:13:05,0.00340000,147.30000000
2018-02-27 17:13:06,0.00340100,0.45000000
2018-02-27 17:13:07,0.00340000,6.33000000
2018-02-27 17:13:08,0.00340100,21.37000000
2018-02-27 17:13:08,0.00340000,9.96000000
2018-02-27 17:13:11,0.00340100,42.56000000
2018-02-27 17:13:13,0.00340000,75.12000000
2018-02-27 17:13:14,0.00339700,1.55000000
2018-02-27 17:13:14,0.00339600,0.36000000
2018-02-27 17:13:14,0.00339500,1.06000000
2018-02-27 17:13:14,0.00339300,0.73000000
2018-02-27 17:13:14,0.00339200,0.39000000
2018-02-27 17:13:16,0.00339900,2.94000000
2018-02-27 17:13:18,0.00339900,2.94000000
2018-02-27 17:13:19,0.00339900,1.33000000
2018-02-27 17:13:20,0.00339900,1.59000000
2018-02-27 17:13:20,0.00340000,5.52000000
2018-02-27 17:13:21,0.00340000,13.57000000
2018-02-27 17:13:24,0.00339500,8.82000000
2018-02-27 17:13:24,0.00339500,8.92000000
2018-02-27 17:13:24,0.00339500,73.64000000
2018-02-27 17:13:24,0.00339500,3.30000000
2018-02-27 17:13:24,0.00339500,261.40000000
2018-02-27 17:13:25,0.00339500,8.82000000
2018-02-27 17:13:26,0.00339500,11.54000000
2018-02-27 17:13:26,0.00340000,3.18000000
2018-02-27 17:13:26,0.00340000,11.25000000
2018-02-27 17:13:27,0.00339800,3.68000000
2018-02-27 17:13:27,0.00339800,14.71000000
2018-02-27 17:13:28,0.00339800,1.30000000
2018-02-27 17:13:29,0.00339800,14.71000000
2018-02-27 17:13:31,0.00339800,14.71000000
2018-02-27 17:13:33,0.00339800,2.94000000
2018-02-27 17:13:33,0.00339300,3.19000000
2018-02-27 17:13:34,0.00339300,3.77000000
2018-02-27 17:13:36,0.00339800,2.94000000
2018-02-27 17:13:38,0.00339800,2.50000000
2018-02-27 17:13:38,0.00339800,2.40000000
2018-02-27 17:13:39,0.00339800,2.30000000
2018-02-27 17:13:39,0.00339800,2.40000000
2018-02-27 17:13:39,0.00339200,7.12000000
2018-02-27 17:13:40,0.00339800,2.40000000
2018-02-27 17:13:41,0.00339800,1.25000000
2018-02-27 17:13:41,0.00340000,1.05000000
2018-02-27 17:13:41,0.00339900,2.30000000
2018-02-27 17:13:42,0.00339500,2.50000000
2018-02-27 17:13:42,0.00339500,12.41000000
2018-02-27 17:13:42,0.00339900,2.40000000
2018-02-27 17:13:43,0.00339900,0.95000000
2018-02-27 17:13:43,0.00340000,1.45000000
2018-02-27 17:13:43,0.00340000,2.94000000
2018-02-27 17:13:44,0.00339300,3.02000000
2018-02-27 17:13:44,0.00339200,4.46000000
2018-02-27 17:13:44,0.00339100,5.89000000
2018-02-27 17:13:44,0.00339100,0.96000000
2018-02-27 17:13:55,0.00339900,14.71000000
2018-02-27 17:13:55,0.00339200,10.27000000
2018-02-27 17:13:56,0.00339200,1.58000000
2018-02-27 17:13:56,0.00339200,11.44000000
2018-02-27 17:13:57,0.00339900,14.72000000
2018-02-27 17:13:58,0.00339900,0.55000000
2018-02-27 17:13:59,0.00339900,14.71000000
2018-02-27 17:14:01,0.00339900,73.55000000
2018-02-27 17:14:03,0.00339900,73.55000000
2018-02-27 17:14:06,0.00339800,11.34000000
2018-02-27 17:14:06,0.00339800,67.52000000
2018-02-27 17:14:06,0.00339900,6.04000000
2018-02-27 17:14:10,0.00339200,3.47000000
2018-02-27 17:14:10,0.00339900,14.71000000
2018-02-27 17:14:12,0.00339900,14.71000000
2018-02-27 17:14:14,0.00339900,14.71000000
2018-02-27 17:14:16,0.00339900,73.55000000
2018-02-27 17:14:18,0.00339900,14.71000000
2018-02-27 17:14:20,0.00339900,14.71000000
2018-02-27 17:14:22,0.00339900,14.71000000
2018-02-27 17:14:23,0.00339900,2.00000000
2018-02-27 17:14:24,0.00339900,14.71000000
2018-02-27 17:14:26,0.00339900,14.71000000
2018-02-27 17:14:27,0.00339900,14.71000000
2018-02-27 17:14:29,0.00339900,14.71000000
2018-02-27 17:14:30,0.00339500,1.33000000
2018-02-27 17:14:31,0.00339900,14.71000000
2018-02-27 17:14:33,0.00339900,14.71000000
2018-02-27 17:14:34,0.00339500,0.31000000
2018-02-27 17:14:34,0.00339300,0.20000000
2018-02-27 17:14:36,0.00339800,14.71000000
2018-02-27 17:14:39,0.00339800,30.00000000
2018-02-27 17:14:39,0.00339800,14.23000000
2018-02-27 17:14:48,0.00339600,5.00000000
2018-02-27 17:14:49,0.00339600,1.10000000
2018-02-27 17:14:49,0.00339700,5.47000000
2018-02-27 17:14:53,0.00339300,4.40000000
2018-02-27 17:14:53,0.00339200,1.11000000
2018-02-27 17:14:54,0.00339700,1.10000000
2018-02-27 17:14:54,0.00339900,13.61000000
2018-02-27 17:14:56,0.00339900,14.71000000
2018-02-27 17:14:57,0.00339900,50.00000000
2018-02-27 17:15:02,0.00339200,14.66000000
2018-02-27 17:15:02,0.00339100,15.34000000
2018-02-27 17:15:04,0.00339700,8.84000000
2018-02-27 17:15:04,0.00339800,27.41000000
2018-02-27 17:15:11,0.00339700,5.61000000
2018-02-27 17:15:16,0.00339500,14.73000000
2018-02-27 17:15:17,0.00339500,35.05000000
2018-02-27 17:15:17,0.00339700,19.37000000
2018-02-27 17:15:17,0.00339800,8.85000000
2018-02-27 17:15:17,0.00339900,387.14000000
2018-02-27 17:15:17,0.00339900,14.73000000
2018-02-27 17:15:29,0.00339800,1.35000000
2018-02-27 17:15:29,0.00339900,144.89000000
2018-02-27 17:15:35,0.00339200,26.59000000
2018-02-27 17:15:36,0.00339200,3.54000000
2018-02-27 17:15:36,0.00339200,15.00000000
2018-02-27 17:15:36,0.00339200,13.20000000
2018-02-27 17:15:36,0.00339900,14.74000000
2018-02-27 17:15:40,0.00339800,2.94000000
2018-02-27 17:15:42,0.00339100,14.25000000
2018-02-27 17:15:49,0.00339800,1.80000000
2018-02-27 17:15:59,0.00339100,48.72000000
2018-02-27 17:16:02,0.00339700,0.35000000
2018-02-27 17:16:03,0.00339600,7.64000000
2018-02-27 17:16:03,0.00339700,83.02000000
2018-02-27 17:16:12,0.00339100,2.20000000
2018-02-27 17:16:12,0.00339600,1.00000000
2018-02-27 17:16:13,0.00339600,9.10000000
2018-02-27 17:16:14,0.00339100,4.25000000
2018-02-27 17:16:15,0.00339200,1.00000000
2018-02-27 17:16:18,0.00339100,0.50000000
2018-02-27 17:16:18,0.00339000,2.50000000
2018-02-27 17:16:20,0.00339600,27.96000000
2018-02-27 17:16:20,0.00339600,16.44000000
2018-02-27 17:16:20,0.00339600,1.07000000
2018-02-27 17:16:21,0.00339600,29.44000000
2018-02-27 17:16:21,0.00339600,160.25000000
2018-02-27 17:16:26,0.00339600,4.82000000
2018-02-27 17:16:26,0.00339600,0.36000000
2018-02-27 17:16:27,0.00339600,0.46000000
2018-02-27 17:16:30,0.00339600,0.85000000
2018-02-27 17:16:31,0.00339600,1.07000000
2018-02-27 17:16:33,0.00339700,0.93000000
2018-02-27 17:16:34,0.00339600,77.69000000
2018-02-27 17:16:36,0.00339700,0.31000000
2018-02-27 17:16:40,0.00339600,82.76000000
2018-02-27 17:16:53,0.00339600,2.79000000
2018-02-27 17:16:56,0.00339600,1.00000000
2018-02-27 17:16:59,0.00339600,1.00000000
2018-02-27 17:17:01,0.00339700,1.56000000
2018-02-27 17:17:01,0.00339800,129.25000000
2018-02-27 17:17:06,0.00339600,29.45000000
2018-02-27 17:17:07,0.00339600,3.15000000
2018-02-27 17:17:18,0.00339600,2.89000000
2018-02-27 17:17:20,0.00339600,7.49000000
2018-02-27 17:17:21,0.00339800,0.54000000
2018-02-27 17:17:21,0.00340000,39.75000000
2018-02-27 17:17:26,0.00339900,8.65000000
2018-02-27 17:17:26,0.00340000,376.06000000
2018-02-27 17:17:27,0.00340000,1.00000000
2018-02-27 17:17:27,0.00340000,0.69000000
2018-02-27 17:17:27,0.00340100,2.94000000
2018-02-27 17:17:28,0.00340100,2.66000000
2018-02-27 17:17:28,0.00340000,19.82000000
2018-02-27 17:17:29,0.00340000,78.25000000
2018-02-27 17:17:30,0.00340000,28.52000000
2018-02-27 17:17:31,0.00340100,2.94000000
2018-02-27 17:17:31,0.00340100,100.00000000
2018-02-27 17:17:32,0.00340000,5.14000000
2018-02-27 17:17:33,0.00340100,182.30000000
2018-02-27 17:17:34,0.00340000,18.39000000
2018-02-27 17:17:34,0.00340000,33.15000000
2018-02-27 17:17:49,0.00340000,8.59000000
2018-02-27 17:17:49,0.00340000,5.33000000
2018-02-27 17:17:50,0.00340000,1.09000000
2018-02-27 17:18:00,0.00340000,34.99000000
2018-02-27 17:18:02,0.00340000,1.00000000
2018-02-27 17:18:10,0.00340000,28.85000000
2018-02-27 17:18:22,0.00340000,1.17000000
2018-02-27 17:18:26,0.00339800,2.16000000
2018-02-27 17:18:32,0.00340000,85.19000000
2018-02-27 17:18:35,0.00339800,2.93000000
2018-02-27 17:18:35,0.00339800,14.36000000
2018-02-27 17:18:38,0.00339800,147.50000000
2018-02-27 17:18:51,0.00339800,19.32000000
2018-02-27 17:18:51,0.00339800,25.00000000
2018-02-27 17:18:55,0.00339700,3.00000000
2018-02-27 17:18:55,0.00339600,5.91000000
2018-02-27 17:18:59,0.00339600,0.50000000
2018-02-27 17:19:25,0.00339800,1.08000000
2018-02-27 17:19:25,0.00339900,1.86000000
2018-02-27 17:19:37,0.00339600,408.99000000
2018-02-27 17:19:41,0.00339200,1.98000000
2018-02-27 17:19:45,0.00339800,0.47000000
2018-02-27 17:19:55,0.00339200,100.15000000
2018-02-27 17:20:01,0.00339100,1.54000000
2018-02-27 17:20:04,0.00339100,7.20000000
2018-02-27 17:20:04,0.00339600,1.18000000
2018-02-27 17:20:06,0.00339100,4.57000000
2018-02-27 17:20:09,0.00339600,13.35000000
2018-02-27 17:20:17,0.00339000,13.25000000
2018-02-27 17:20:21,0.00339500,2.39000000
2018-02-27 17:20:21,0.00339600,78.72000000
2018-02-27 17:20:26,0.00339000,30.04000000
2018-02-27 17:20:27,0.00339000,8.93000000
2018-02-27 17:20:40,0.00339000,1.39000000
2018-02-27 17:20:40,0.00338900,6.00000000
2018-02-27 17:20:40,0.00338900,11.85000000
2018-02-27 17:20:43,0.00339400,2.94000000
2018-02-27 17:20:44,0.00339400,24.31000000
2018-02-27 17:20:52,0.00338900,59.91000000
2018-02-27 17:20:52,0.00339300,1.44000000
2018-02-27 17:20:54,0.00338900,13.29000000
2018-02-27 17:20:57,0.00338900,0.12000000
2018-02-27 17:20:59,0.00338700,111.64000000
2018-02-27 17:20:59,0.00338700,0.46000000
2018-02-27 17:20:59,0.00338700,2.00000000
2018-02-27 17:20:59,0.00338700,4.57000000
2018-02-27 17:20:59,0.00338700,2.16000000
2018-02-27 17:21:00,0.00338700,14.03000000
2018-02-27 17:21:00,0.00338700,2.54000000
2018-02-27 17:21:00,0.00338700,7.86000000
2018-02-27 17:21:01,0.00338700,0.46000000
2018-02-27 17:21:02,0.00338700,1.36000000
2018-02-27 17:21:03,0.00338700,3.05000000
2018-02-27 17:21:04,0.00338700,4.57000000
2018-02-27 17:21:05,0.00338700,1.46000000
2018-02-27 17:21:10,0.00338700,4.57000000
2018-02-27 17:21:13,0.00338700,6.72000000
2018-02-27 17:21:13,0.00338600,56.86000000
2018-02-27 17:21:13,0.00338500,3.46000000
2018-02-27 17:21:13,0.00338100,2.72000000
2018-02-27 17:21:13,0.00338000,27.54000000
2018-02-27 17:21:13,0.00337900,48.94000000
2018-02-27 17:21:13,0.00337900,27.26000000
2018-02-27 17:21:13,0.00337700,1.08000000
2018-02-27 17:21:13,0.00337600,21.66000000
2018-02-27 17:21:13,0.00337600,90.05000000
2018-02-27 17:21:13,0.00337500,59.94000000
2018-02-27 17:21:13,0.00337800,4.07000000
2018-02-27 17:21:14,0.00337800,5.06000000
2018-02-27 17:21:14,0.00337800,0.83000000
2018-02-27 17:21:14,0.00337800,0.83000000
2018-02-27 17:21:14,0.00337800,5.81000000
2018-02-27 17:21:14,0.00337800,2.40000000
2018-02-27 17:21:14,0.00337600,0.83000000
2018-02-27 17:21:14,0.00337800,8.83000000
2018-02-27 17:21:14,0.00337800,2.91000000
2018-02-27 17:21:14,0.00338600,46.29000000
2018-02-27 17:21:14,0.00338600,31.44000000
2018-02-27 17:21:15,0.00338600,8.82000000
2018-02-27 17:21:15,0.00338600,4.57000000
2018-02-27 17:21:16,0.00338600,7.48000000
2018-02-27 17:21:16,0.00338600,5.24000000
2018-02-27 17:21:18,0.00338600,55.13000000
2018-02-27 17:21:20,0.00338700,2.30000000
2018-02-27 17:21:20,0.00338700,3.91000000
2018-02-27 17:21:21,0.00338600,118.93000000
2018-02-27 17:21:21,0.00338700,334.46000000
2018-02-27 17:21:22,0.00338700,2.50000000
2018-02-27 17:21:23,0.00338700,2.40000000
2018-02-27 17:21:24,0.00338300,2.40000000
2018-02-27 17:21:24,0.00338100,73.53000000
2018-02-27 17:21:24,0.00338000,1.49000000
2018-02-27 17:21:24,0.00338000,4.58000000
2018-02-27 17:21:24,0.00338000,4.58000000
2018-02-27 17:21:24,0.00338000,4.58000000
2018-02-27 17:21:24,0.00338000,3.82000000
2018-02-27 17:21:24,0.00338000,4.58000000
2018-02-27 17:21:24,0.00338000,4.59000000
2018-02-27 17:21:24,0.00338000,2.40000000
2018-02-27 17:21:24,0.00338000,118.93000000
2018-02-27 17:21:25,0.00338000,15.00000000
2018-02-27 17:21:25,0.00338000,2.31000000
2018-02-27 17:21:25,0.00338000,2.40000000
2018-02-27 17:21:25,0.00338000,29.99000000
2018-02-27 17:21:25,0.00338000,7.50000000
2018-02-27 17:21:25,0.00338700,7.29000000
2018-02-27 17:21:25,0.00338700,7.29000000
2018-02-27 17:21:26,0.00338700,14.37000000
2018-02-27 17:21:26,0.00338700,59.60000000
2018-02-27 17:21:27,0.00338500,2.40000000
2018-02-27 17:21:27,0.00338000,6.63000000
2018-02-27 17:21:27,0.00337900,9.38000000
2018-02-27 17:21:27,0.00337800,30.72000000
2018-02-27 17:21:27,0.00338600,5.79000000
2018-02-27 17:21:32,0.00338200,0.80000000
2018-02-27 17:21:33,0.00338200,0.29000000
2018-02-27 17:21:33,0.00337700,8.88000000
2018-02-27 17:21:33,0.00337600,0.27000000
2018-02-27 17:21:33,0.00337500,22.19000000
2018-02-27 17:21:34,0.00338800,1.61000000
2018-02-27 17:21:36,0.00338700,0.40000000
2018-02-27 17:21:39,0.00338700,9.59000000
2018-02-27 17:21:45,0.00338700,10.00000000
2018-02-27 17:21:47,0.00338000,2.30000000
2018-02-27 17:21:48,0.00338000,2.40000000
2018-02-27 17:21:48,0.00338000,29.49000000
2018-02-27 17:21:48,0.00338000,2.50000000
2018-02-27 17:21:48,0.00338000,14.79000000
2018-02-27 17:21:49,0.00338000,0.46000000
2018-02-27 17:21:49,0.00338000,9.73000000
2018-02-27 17:21:49,0.00338000,2.50000000
2018-02-27 17:21:49,0.00338000,0.71000000
2018-02-27 17:21:50,0.00338000,2.40000000
2018-02-27 17:21:50,0.00338000,14.79000000
2018-02-27 17:21:50,0.00338000,2.40000000
2018-02-27 17:21:50,0.00338000,14.79000000
2018-02-27 17:21:51,0.00337900,8.87000000
2018-02-27 17:21:51,0.00337700,13.74000000
2018-02-27 17:21:51,0.00338000,2.40000000
2018-02-27 17:21:52,0.00338000,2.40000000
2018-02-27 17:21:52,0.00338000,14.79000000
2018-02-27 17:21:53,0.00338000,2.40000000
2018-02-27 17:21:53,0.00338000,2.76000000
2018-02-27 17:21:53,0.00338000,2.30000000
2018-02-27 17:21:54,0.00338000,2.30000000
2018-02-27 17:21:54,0.00338000,14.79000000
2018-02-27 17:21:54,0.00338000,2.50000000
2018-02-27 17:21:55,0.00338000,2.30000000
2018-02-27 17:21:55,0.00338000,2.40000000
2018-02-27 17:21:56,0.00338000,2.40000000
2018-02-27 17:21:56,0.00338000,0.93000000
2018-02-27 17:21:56,0.00338000,2.30000000
2018-02-27 17:21:56,0.00338000,14.79000000
2018-02-27 17:21:57,0.00338000,2.50000000
2018-02-27 17:21:57,0.00338000,2.40000000
2018-02-27 17:21:58,0.00338000,2.40000000
2018-02-27 17:21:58,0.00338000,20.00000000
2018-02-27 17:21:58,0.00338000,2.30000000
2018-02-27 17:21:59,0.00338000,2.40000000
2018-02-27 17:21:59,0.00338000,2.50000000
2018-02-27 17:22:00,0.00338000,1.52000000
2018-02-27 17:22:00,0.00338000,11.27000000
2018-02-27 17:22:00,0.00338000,2.40000000
2018-02-27 17:22:00,0.00338000,2.40000000
2018-02-27 17:22:01,0.00338000,2.30000000
2018-02-27 17:22:02,0.00338000,2.40000000
2018-02-27 17:22:02,0.00338000,2.30000000
2018-02-27 17:22:03,0.00338000,2.50000000
2018-02-27 17:22:03,0.00338000,14.79000000
2018-02-27 17:22:04,0.00338000,2.50000000
2018-02-27 17:22:04,0.00337700,97.86000000
2018-02-27 17:22:04,0.00337700,2.40000000
2018-02-27 17:22:04,0.00337700,8.84000000
2018-02-27 17:22:05,0.00337700,8.84000000
2018-02-27 17:22:05,0.00337700,8.84000000
2018-02-27 17:22:05,0.00337700,0.21000000
2018-02-27 17:22:05,0.00337900,2.29000000
2018-02-27 17:22:05,0.00337900,8.84000000
2018-02-27 17:22:05,0.00337900,8.84000000
2018-02-27 17:22:05,0.00337900,8.84000000
2018-02-27 17:22:05,0.00337900,8.84000000
2018-02-27 17:22:05,0.00337900,2.30000000
2018-02-27 17:22:05,0.00337900,8.84000000
2018-02-27 17:22:06,0.00337900,8.84000000
2018-02-27 17:22:06,0.00337900,209.66000000
2018-02-27 17:22:06,0.00338000,2.40000000
2018-02-27 17:22:06,0.00338000,23.07000000
2018-02-27 17:22:06,0.00338000,8.17000000
2018-02-27 17:22:07,0.00338000,2.40000000
2018-02-27 17:22:07,0.00338000,2.30000000
2018-02-27 17:22:07,0.00338000,5.85000000
2018-02-27 17:22:07,0.00338000,2.78000000
2018-02-27 17:22:07,0.00338000,2.40000000
2018-02-27 17:22:08,0.00338000,2.30000000
2018-02-27 17:22:09,0.00338000,2.40000000
2018-02-27 17:22:09,0.00338000,2.40000000
2018-02-27 17:22:09,0.00338000,78.59000000
2018-02-27 17:22:09,0.00338000,2.40000000
2018-02-27 17:22:10,0.00338000,2.28000000
2018-02-27 17:22:10,0.00338000,2.30000000
2018-02-27 17:22:11,0.00338000,2.50000000
2018-02-27 17:22:11,0.00338000,2.50000000
2018-02-27 17:22:12,0.00338000,2.40000000
2018-02-27 17:22:12,0.00338000,2.50000000
2018-02-27 17:22:13,0.00338000,2.50000000
2018-02-27 17:22:13,0.00338000,2.40000000
2018-02-27 17:22:14,0.00337900,2.30000000
2018-02-27 17:22:14,0.00337900,2.50000000
2018-02-27 17:22:15,0.00337900,2.40000000
2018-02-27 17:22:15,0.00337900,2.30000000
2018-02-27 17:22:16,0.00337900,1.29000000
2018-02-27 17:22:16,0.00337900,2.40000000
2018-02-27 17:22:17,0.00337900,2.30000000
2018-02-27 17:22:17,0.00337900,2.30000000
2018-02-27 17:22:18,0.00337900,5.90000000
2018-02-27 17:22:18,0.00337900,2.40000000
2018-02-27 17:22:18,0.00337900,2.40000000
2018-02-27 17:22:19,0.00337900,2.50000000
2018-02-27 17:22:19,0.00337900,2.40000000
2018-02-27 17:22:20,0.00337900,2.40000000
2018-02-27 17:22:20,0.00337900,2.30000000
2018-02-27 17:22:21,0.00337900,2.30000000
2018-02-27 17:22:21,0.00337900,2.40000000
2018-02-27 17:22:22,0.00337900,2.30000000
2018-02-27 17:22:23,0.00337900,2.40000000
2018-02-27 17:22:23,0.00337900,8.84000000
2018-02-27 17:22:23,0.00337900,8.84000000
2018-02-27 17:22:23,0.00337900,2.40000000
2018-02-27 17:22:24,0.00337900,1.29000000
2018-02-27 17:22:24,0.00337900,2.30000000
2018-02-27 17:22:24,0.00337900,1.00000000
2018-02-27 17:22:25,0.00337900,2.40000000
2018-02-27 17:22:25,0.00337900,28.00000000
2018-02-27 17:22:25,0.00337800,2.40000000
2018-02-27 17:22:26,0.00337800,2.30000000
2018-02-27 17:22:26,0.00337800,2.40000000
2018-02-27 17:22:27,0.00337800,2.40000000
2018-02-27 17:22:27,0.00337800,2.50000000
2018-02-27 17:22:28,0.00337800,2.40000000
2018-02-27 17:22:29,0.00337800,2.30000000
2018-02-27 17:22:29,0.00337800,2.30000000
2018-02-27 17:22:30,0.00337800,0.88000000
2018-02-27 17:22:30,0.00337800,2.50000000
2018-02-27 17:22:31,0.00337800,2.40000000
2018-02-27 17:22:31,0.00337700,118.46000000
2018-02-27 17:22:31,0.00337500,132.80000000
2018-02-27 17:22:31,0.00337300,60.63000000
2018-02-27 17:22:31,0.00337200,59.31000000
2018-02-27 17:22:31,0.00337100,14.67000000
2018-02-27 17:22:31,0.00337000,235.36000000
2018-02-27 17:22:31,0.00337000,21.63000000
2018-02-27 17:22:32,0.00337700,2.40000000
2018-02-27 17:22:32,0.00337700,2.40000000
2018-02-27 17:22:33,0.00337700,3.00000000
2018-02-27 17:22:33,0.00337700,17.73000000
2018-02-27 17:22:33,0.00337800,58.03000000
2018-02-27 17:22:33,0.00337800,1.31000000
2018-02-27 17:22:35,0.00337800,2.40000000
2018-02-27 17:22:36,0.00337800,3.00000000
2018-02-27 17:22:37,0.00337800,2.40000000
2018-02-27 17:22:38,0.00337800,5.69000000
2018-02-27 17:22:40,0.00337800,2.40000000
2018-02-27 17:22:42,0.00337800,2.30000000
2018-02-27 17:22:44,0.00337800,2.30000000
2018-02-27 17:22:46,0.00337800,0.33000000
2018-02-27 17:22:47,0.00337700,2.96000000
2018-02-27 17:22:47,0.00337000,311.01000000
2018-02-27 17:22:47,0.00337000,4.74000000
2018-02-27 17:22:47,0.00337000,48.67000000
2018-02-27 17:22:47,0.00337000,1.00000000
2018-02-27 17:22:47,0.00337000,2.50000000
2018-02-27 17:22:47,0.00337000,14.84000000
2018-02-27 17:22:47,0.00337000,7.57000000
2018-02-27 17:22:48,0.00337000,14.84000000
2018-02-27 17:22:48,0.00337000,22.50000000
2018-02-27 17:22:48,0.00337000,25.74000000
2018-02-27 17:22:49,0.00337000,19.86000000
2018-02-27 17:22:49,0.00337000,14.84000000
2018-02-27 17:22:49,0.00337000,2.50000000
2018-02-27 17:22:50,0.00337000,22.50000000
2018-02-27 17:22:50,0.00337000,14.84000000
2018-02-27 17:22:50,0.00337000,16.57000000
2018-02-27 17:22:52,0.00337000,2.50000000
2018-02-27 17:22:52,0.00337000,2.95000000
2018-02-27 17:22:53,0.00337000,0.50000000
2018-02-27 17:22:54,0.00337000,2.30000000
2018-02-27 17:22:54,0.00337000,22.87000000
2018-02-27 17:22:56,0.00337000,16.10000000
2018-02-27 17:22:56,0.00336900,9.99000000
2018-02-27 17:22:56,0.00337000,16.57000000
2018-02-27 17:22:56,0.00337000,2.50000000
2018-02-27 17:22:56,0.00337000,0.89000000
2018-02-27 17:22:57,0.00336900,43.73000000
2018-02-27 17:23:01,0.00336900,116.22000000
2018-02-27 17:23:02,0.00336900,15.70000000
2018-02-27 17:23:02,0.00337000,2.62000000
2018-02-27 17:23:03,0.00337000,32.31000000
2018-02-27 17:23:03,0.00337000,7.40000000
2018-02-27 17:23:04,0.00336900,6.35000000
2018-02-27 17:23:04,0.00336800,7.66000000
2018-02-27 17:23:04,0.00336600,1.17000000
2018-02-27 17:23:04,0.00336500,8.85000000
2018-02-27 17:23:04,0.00336300,0.69000000
2018-02-27 17:23:04,0.00336900,0.32000000
2018-02-27 17:23:04,0.00337000,0.16000000
2018-02-27 17:23:05,0.00337000,32.40000000
2018-02-27 17:23:06,0.00337000,8.10000000
2018-02-27 17:23:06,0.00336900,8.90000000
2018-02-27 17:23:07,0.00336900,7.49000000
2018-02-27 17:23:08,0.00336900,2.99000000
2018-02-27 17:23:08,0.00336900,3.00000000
2018-02-27 17:23:09,0.00336900,32.55000000
2018-02-27 17:23:10,0.00336900,7.01000000
2018-02-27 17:23:11,0.00336900,14.46000000
2018-02-27 17:23:12,0.00336900,8.90000000
2018-02-27 17:23:13,0.00336900,5.22000000
2018-02-27 17:23:13,0.00336900,1.26000000
2018-02-27 17:23:15,0.00336900,1.87000000
2018-02-27 17:23:15,0.00336900,5.12000000
2018-02-27 17:23:15,0.00336900,7.00000000
2018-02-27 17:23:18,0.00336900,5.93000000
2018-02-27 17:23:22,0.00336900,10.62000000
2018-02-27 17:23:23,0.00336900,8.64000000
2018-02-27 17:23:24,0.00336900,59.49000000
2018-02-27 17:23:25,0.00336600,63.13000000
2018-02-27 17:23:25,0.00336400,1.12000000
2018-02-27 17:23:25,0.00336300,8.92000000
2018-02-27 17:23:25,0.00336200,8.49000000
2018-02-27 17:23:25,0.00336100,113.60000000
2018-02-27 17:23:25,0.00336000,96.45000000
2018-02-27 17:23:26,0.00336700,8.92000000
2018-02-27 17:23:27,0.00336700,18.98000000
2018-02-27 17:23:27,0.00336100,11.76000000
2018-02-27 17:23:27,0.00336000,54.85000000
2018-02-27 17:23:27,0.00336700,8.87000000
2018-02-27 17:23:27,0.00336700,8.87000000
2018-02-27 17:23:27,0.00336700,14.85000000
2018-02-27 17:23:27,0.00336700,8.87000000
2018-02-27 17:23:27,0.00336700,40.00000000
2018-02-27 17:23:27,0.00336700,29.01000000
2018-02-27 17:23:27,0.00336700,2.68000000
2018-02-27 17:23:27,0.00336600,2.62000000
2018-02-27 17:23:27,0.00336600,0.86000000
2018-02-27 17:23:27,0.00336600,1.59000000
2018-02-27 17:23:28,0.00336600,3.85000000
2018-02-27 17:23:28,0.00336700,5.02000000
2018-02-27 17:23:28,0.00336700,8.87000000
2018-02-27 17:23:28,0.00336700,2.68000000
2018-02-27 17:23:28,0.00336700,11.80000000
2018-02-27 17:23:29,0.00336700,2.68000000
2018-02-27 17:23:29,0.00336700,5.27000000
2018-02-27 17:23:29,0.00336900,2.68000000
2018-02-27 17:23:29,0.00336900,5.27000000
2018-02-27 17:23:29,0.00336900,7.95000000
2018-02-27 17:23:29,0.00336900,7.95000000
2018-02-27 17:23:30,0.00336900,5.27000000
2018-02-27 17:23:30,0.00336900,7.95000000
2018-02-27 17:23:30,0.00336900,7.95000000
2018-02-27 17:23:30,0.00336900,2.96000000
2018-02-27 17:23:30,0.00336900,5.27000000
2018-02-27 17:23:30,0.00336900,5.27000000
2018-02-27 17:23:31,0.00336900,1.75000000
2018-02-27 17:23:31,0.00336900,11.85000000
2018-02-27 17:23:33,0.00336900,5.00000000
2018-02-27 17:23:33,0.00336900,0.33000000
2018-02-27 17:23:36,0.00336600,20.13000000
2018-02-27 17:23:36,0.00336600,2.29000000
2018-02-27 17:23:36,0.00336600,2.68000000
2018-02-27 17:23:37,0.00336600,14.75000000
2018-02-27 17:23:38,0.00336600,39.63000000
2018-02-27 17:23:38,0.00336200,199.83000000
2018-02-27 17:23:38,0.00336000,488.94000000
2018-02-27 17:23:38,0.00336800,17.72000000
2018-02-27 17:23:38,0.00336800,0.70000000
2018-02-27 17:23:38,0.00336800,5.00000000
2018-02-27 17:23:39,0.00336800,14.85000000
2018-02-27 17:23:39,0.00336800,2.67000000
2018-02-27 17:23:40,0.00336800,59.35000000
2018-02-27 17:23:40,0.00336800,64.99000000
2018-02-27 17:23:40,0.00336800,64.99000000
2018-02-27 17:23:40,0.00336800,180.38000000
2018-02-27 17:23:40,0.00336800,162.25000000
2018-02-27 17:23:44,0.00336900,17.04000000
2018-02-27 17:23:44,0.00336800,14.08000000
2018-02-27 17:23:45,0.00336900,30.00000000
2018-02-27 17:23:45,0.00336900,2.43000000
2018-02-27 17:23:46,0.00336900,3.86000000
2018-02-27 17:23:48,0.00337000,0.41000000
2018-02-27 17:23:48,0.00337000,6.75000000
2018-02-27 17:23:48,0.00337400,0.65000000
2018-02-27 17:23:49,0.00337000,3.06000000
2018-02-27 17:23:49,0.00337000,38.67000000
2018-02-27 17:23:51,0.00337000,0.46000000
2018-02-27 17:23:51,0.00337400,0.77000000
2018-02-27 17:23:53,0.00337400,0.33000000
2018-02-27 17:23:53,0.00337800,0.56000000
2018-02-27 17:23:56,0.00337700,0.59000000
2018-02-27 17:24:04,0.00337800,0.74000000
2018-02-27 17:24:05,0.00337800,0.62000000
2018-02-27 17:24:07,0.00337800,0.87000000
2018-02-27 17:24:10,0.00337800,0.16000000
2018-02-27 17:24:11,0.00337800,50.32000000
2018-02-27 17:24:11,0.00338000,57.24000000
2018-02-27 17:24:12,0.00337300,0.71000000
2018-02-27 17:24:12,0.00337300,0.71000000
2018-02-27 17:24:13,0.00337300,0.83000000
2018-02-27 17:24:14,0.00337600,1.11000000
2018-02-27 17:24:14,0.00337700,3.95000000
2018-02-27 17:24:23,0.00337700,1.00000000
2018-02-27 17:24:23,0.00337700,163.98000000
2018-02-27 17:24:25,0.00337500,1.12000000
2018-02-27 17:24:25,0.00337700,67.53000000
2018-02-27 17:24:33,0.00337700,25.00000000
2018-02-27 17:24:36,0.00337700,6.36000000
2018-02-27 17:24:38,0.00337700,174.35000000
2018-02-27 17:24:47,0.00337600,2.68000000
2018-02-27 17:24:53,0.00337600,1.99000000
2018-02-27 17:24:54,0.00337800,0.02000000
2018-02-27 17:25:00,0.00337600,4.21000000
2018-02-27 17:25:00,0.00337500,10.63000000
2018-02-27 17:25:03,0.00337500,14.84000000
2018-02-27 17:25:05,0.00337500,40.00000000
2018-02-27 17:25:07,0.00337600,14.84000000
2018-02-27 17:25:08,0.00337800,0.47000000
2018-02-27 17:25:08,0.00337800,0.74000000
2018-02-27 17:25:09,0.00337600,14.84000000
2018-02-27 17:25:12,0.00337600,14.84000000
2018-02-27 17:25:12,0.00337600,0.01000000
2018-02-27 17:25:12,0.00337800,8.03000000
2018-02-27 17:25:12,0.00338000,10.21000000
2018-02-27 17:25:13,0.00338000,26.03000000
2018-02-27 17:25:13,0.00338000,217.92000000
2018-02-27 17:25:17,0.00338400,2.25000000
2018-02-27 17:25:17,0.00338500,2.07000000
2018-02-27 17:25:17,0.00337800,1.18000000
2018-02-27 17:25:19,0.00337800,3.33000000
2018-02-27 17:25:20,0.00338500,2.95000000
2018-02-27 17:25:21,0.00337800,2.96000000
2018-02-27 17:25:22,0.00337800,4.18000000
2018-02-27 17:25:24,0.00337800,1.18000000
2018-02-27 17:25:26,0.00338000,1.18000000
2018-02-27 17:25:27,0.00338000,8.87000000
2018-02-27 17:25:27,0.00338000,43.50000000
2018-02-27 17:25:28,0.00338000,11.83000000
2018-02-27 17:25:31,0.00338000,11.83000000
2018-02-27 17:25:33,0.00338000,2.95000000
2018-02-27 17:25:33,0.00338000,23.83000000
2018-02-27 17:25:33,0.00338000,2.10000000
2018-02-27 17:25:35,0.00338000,2.10000000
2018-02-27 17:25:37,0.00338000,18.39000000
2018-02-27 17:25:39,0.00337800,2.96000000
2018-02-27 17:25:43,0.00338000,0.74000000
2018-02-27 17:25:43,0.00337800,2.83000000
2018-02-27 17:25:43,0.00337800,1.72000000
2018-02-27 17:25:45,0.00337800,2.96000000
2018-02-27 17:25:51,0.00337800,2.96000000
2018-02-27 17:25:56,0.00338000,5.68000000
2018-02-27 17:26:03,0.00338000,12.25000000
2018-02-27 17:26:13,0.00337800,7.65000000
2018-02-27 17:26:15,0.00337800,2.82000000
2018-02-27 17:26:17,0.00338000,76.57000000
2018-02-27 17:26:17,0.00338400,86.68000000
2018-02-27 17:26:25,0.00338400,3.21000000
2018-02-27 17:26:34,0.00338400,4.52000000
2018-02-27 17:26:34,0.00338400,7.91000000
2018-02-27 17:26:35,0.00338500,0.03000000
2018-02-27 17:26:35,0.00338400,3.95000000
2018-02-27 17:26:35,0.00338400,16.05000000
2018-02-27 17:26:36,0.00338400,1.84000000
2018-02-27 17:26:40,0.00338300,9.93000000
2018-02-27 17:26:40,0.00338500,2.88000000
2018-02-27 17:26:43,0.00338500,0.71000000
2018-02-27 17:26:44,0.00338500,19.28000000
2018-02-27 17:26:48,0.00338600,1.49000000
2018-02-27 17:26:48,0.00338800,0.48000000
2018-02-27 17:26:48,0.00338500,0.01000000
2018-02-27 17:26:48,0.00338100,14.81000000
2018-02-27 17:26:50,0.00338100,1.27000000
2018-02-27 17:26:50,0.00338500,2.00000000
2018-02-27 17:26:50,0.00338800,0.05000000
2018-02-27 17:26:50,0.00338100,14.82000000
2018-02-27 17:26:51,0.00338700,6.45000000
2018-02-27 17:26:52,0.00338100,1.18000000
2018-02-27 17:26:52,0.00338700,0.49000000
2018-02-27 17:26:52,0.00338800,8.18000000
2018-02-27 17:26:54,0.00338100,1.18000000
2018-02-27 17:26:54,0.00338500,25.53000000
2018-02-27 17:26:55,0.00338500,29.53000000
2018-02-27 17:26:55,0.00338500,21.57000000
2018-02-27 17:26:55,0.00338500,9.67000000
2018-02-27 17:26:55,0.00338500,13.70000000
2018-02-27 17:26:55,0.00338100,60.39000000
2018-02-27 17:26:58,0.00338100,1.18000000
2018-02-27 17:27:00,0.00338400,1.00000000
2018-02-27 17:27:00,0.00338200,0.18000000
2018-02-27 17:27:02,0.00338200,1.18000000
2018-02-27 17:27:03,0.00338200,14.82000000
2018-02-27 17:27:04,0.00338200,1.18000000
2018-02-27 17:27:05,0.00338200,14.82000000
2018-02-27 17:27:06,0.00338200,1.18000000
2018-02-27 17:27:07,0.00338200,14.82000000
2018-02-27 17:27:10,0.00338200,14.81000000
2018-02-27 17:27:12,0.00338300,2.96000000
2018-02-27 17:27:12,0.00338500,0.78000000
2018-02-27 17:27:14,0.00338300,2.96000000
2018-02-27 17:27:15,0.00338300,26.28000000
2018-02-27 17:27:15,0.00338200,50.34000000
2018-02-27 17:27:19,0.00338500,8.16000000
2018-02-27 17:27:19,0.00338700,24.95000000
2018-02-27 17:27:19,0.00338800,0.62000000
2018-02-27 17:27:20,0.00338300,1.69000000
2018-02-27 17:27:26,0.00338300,16.83000000
2018-02-27 17:27:27,0.00338700,8.15000000
2018-02-27 17:27:27,0.00338800,0.24000000
2018-02-27 17:27:29,0.00338700,8.12000000
2018-02-27 17:27:29,0.00338300,0.01000000
2018-02-27 17:27:30,0.00338700,2.79000000
2018-02-27 17:27:31,0.00338500,2.94000000
2018-02-27 17:27:31,0.00338500,8.71000000
2018-02-27 17:27:34,0.00338300,23.22000000
2018-02-27 17:27:38,0.00338500,2.29000000
2018-02-27 17:27:45,0.00338500,19.91000000
2018-02-27 17:27:45,0.00338700,6.70000000
2018-02-27 17:27:46,0.00338500,1.87000000
2018-02-27 17:27:49,0.00338500,2.95000000
2018-02-27 17:27:49,0.00338500,14.84000000
2018-02-27 17:27:50,0.00338500,1.41000000
2018-02-27 17:27:50,0.00338500,14.84000000
2018-02-27 17:27:50,0.00338500,14.84000000
2018-02-27 17:27:51,0.00338700,6.74000000
2018-02-27 17:27:51,0.00338800,61.40000000
2018-02-27 17:27:51,0.00338800,7.54000000
2018-02-27 17:27:51,0.00338500,7.30000000
2018-02-27 17:27:51,0.00338500,21.00000000
2018-02-27 17:27:52,0.00338500,2.96000000
2018-02-27 17:27:52,0.00338500,7.40000000
2018-02-27 17:27:52,0.00338500,7.54000000
2018-02-27 17:27:52,0.00338500,2.71000000
2018-02-27 17:27:53,0.00338500,4.83000000
2018-02-27 17:27:54,0.00338800,3.77000000
2018-02-27 17:27:55,0.00338800,14.80000000
2018-02-27 17:27:55,0.00338800,8.85000000
2018-02-27 17:27:55,0.00338800,3.08000000
2018-02-27 17:27:55,0.00338500,5.77000000
2018-02-27 17:27:56,0.00338500,14.84000000
2018-02-27 17:27:56,0.00338500,3.08000000
2018-02-27 17:27:56,0.00338500,3.08000000
2018-02-27 17:27:57,0.00338500,5.32000000
2018-02-27 17:27:57,0.00338400,6.61000000
2018-02-27 17:27:57,0.00338400,14.84000000
2018-02-27 17:27:57,0.00338400,2.96000000
2018-02-27 17:27:59,0.00338500,1.51000000
2018-02-27 17:27:59,0.00338400,0.54000000
2018-02-27 17:27:59,0.00338300,3.83000000
2018-02-27 17:28:04,0.00338500,7.23000000
2018-02-27 17:28:07,0.00338500,3.78000000
2018-02-27 17:28:08,0.00338300,1.18000000
2018-02-27 17:28:10,0.00338300,1.18000000
2018-02-27 17:28:12,0.00338300,1.08000000
2018-02-27 17:28:12,0.00338300,1.18000000
2018-02-27 17:28:14,0.00338300,1.57000000
2018-02-27 17:28:15,0.00338300,1.18000000
2018-02-27 17:28:17,0.00338300,1.18000000
2018-02-27 17:28:19,0.00338300,1.18000000
2018-02-27 17:28:19,0.00338300,2.00000000
2018-02-27 17:28:21,0.00338300,3.04000000
2018-02-27 17:28:23,0.00338300,1.18000000
2018-02-27 17:28:25,0.00338300,3.04000000
2018-02-27 17:28:26,0.00338300,2.00000000
2018-02-27 17:28:32,0.00338300,0.60000000
2018-02-27 17:28:33,0.00338400,48.74000000
2018-02-27 17:28:34,0.00338400,1.00000000
2018-02-27 17:28:42,0.00338400,14.78000000
2018-02-27 17:28:45,0.00338400,14.84000000
2018-02-27 17:28:45,0.00338400,1.55000000
2018-02-27 17:28:45,0.00338400,14.84000000
2018-02-27 17:28:46,0.00338400,10.95000000
2018-02-27 17:28:47,0.00338300,11.00000000
2018-02-27 17:28:48,0.00338300,31.05000000
2018-02-27 17:28:49,0.00338400,25.64000000
2018-02-27 17:28:49,0.00338400,13.62000000
2018-02-27 17:28:50,0.00338400,23.12000000
2018-02-27 17:28:50,0.00338300,48.20000000
2018-02-27 17:28:52,0.00338500,0.51000000
2018-02-27 17:28:57,0.00338500,2.83000000
2018-02-27 17:29:02,0.00338300,9.37000000
2018-02-27 17:29:03,0.00338500,21.20000000
2018-02-27 17:29:04,0.00338500,1.12000000
2018-02-27 17:29:04,0.00338500,9.50000000
2018-02-27 17:29:04,0.00338500,1.53000000
2018-02-27 17:29:06,0.00338500,20.58000000
2018-02-27 17:29:07,0.00338500,14.77000000
2018-02-27 17:29:07,0.00338500,10.04000000
2018-02-27 17:29:10,0.00338500,2.81000000
2018-02-27 17:29:12,0.00338500,0.79000000
2018-02-27 17:29:14,0.00338500,0.71000000
2018-02-27 17:29:17,0.00338500,0.71000000
2018-02-27 17:29:18,0.00338500,14.77000000
2018-02-27 17:29:19,0.00338500,8.46000000
2018-02-27 17:29:20,0.00338500,9.00000000
2018-02-27 17:29:21,0.00338500,2.37000000
2018-02-27 17:29:23,0.00338500,14.77000000
2018-02-27 17:29:24,0.00338500,0.71000000
2018-02-27 17:29:26,0.00338500,0.71000000
2018-02-27 17:29:27,0.00338500,14.77000000
2018-02-27 17:29:28,0.00338500,3.72000000
2018-02-27 17:29:31,0.00338400,14.79000000
2018-02-27 17:29:32,0.00338400,3.67000000
2018-02-27 17:29:32,0.00338400,4.99000000
2018-02-27 17:29:33,0.00338400,3.91000000
2018-02-27 17:29:33,0.00338300,1.09000000
2018-02-27 17:29:33,0.00338500,3.40000000
2018-02-27 17:29:33,0.00338600,1.93000000
2018-02-27 17:29:34,0.00338600,17.46000000
2018-02-27 17:29:34,0.00338600,0.86000000
2018-02-27 17:29:35,0.00338600,0.97000000
2018-02-27 17:29:35,0.00338600,14.77000000
2018-02-27 17:29:36,0.00338600,3.00000000
2018-02-27 17:29:36,0.00338600,0.71000000
2018-02-27 17:29:36,0.00338600,5.00000000
2018-02-27 17:29:37,0.00338600,5.00000000
2018-02-27 17:29:37,0.00338600,14.77000000
2018-02-27 17:29:37,0.00338600,5.00000000
2018-02-27 17:29:37,0.00338600,5.00000000
2018-02-27 17:29:39,0.00338600,1.43000000
2018-02-27 17:29:40,0.00338600,4.29000000
2018-02-27 17:29:43,0.00338500,14.77000000
2018-02-27 17:29:43,0.00338500,17.51000000
2018-02-27 17:29:43,0.00338500,1.18000000
2018-02-27 17:29:45,0.00338500,14.77000000
2018-02-27 17:29:45,0.00338500,1.18000000
2018-02-27 17:29:47,0.00338500,14.77000000
2018-02-27 17:29:47,0.00338500,4.44000000
2018-02-27 17:29:48,0.00338500,1.18000000
2018-02-27 17:29:48,0.00338500,1.99000000
2018-02-27 17:29:49,0.00338500,14.77000000
2018-02-27 17:29:50,0.00338600,5.71000000
2018-02-27 17:29:50,0.00338800,5.83000000
2018-02-27 17:29:50,0.00339000,0.43000000
2018-02-27 17:29:50,0.00338500,1.72000000
2018-02-27 17:29:52,0.00338600,1.18000000
2018-02-27 17:29:54,0.00339000,307.69000000
2018-02-27 17:29:54,0.00339100,13.59000000
2018-02-27 17:29:54,0.00339300,7.26000000
2018-02-27 17:29:54,0.00339400,60.78000000
2018-02-27 17:29:54,0.00339500,302.93000000
2018-02-27 17:29:54,0.00339700,12.00000000
2018-02-27 17:29:54,0.00339800,137.76000000
2018-02-27 17:29:54,0.00339900,10.39000000
2018-02-27 17:29:54,0.00338600,1.85000000
2018-02-27 17:29:56,0.00338800,6.00000000
2018-02-27 17:29:56,0.00338800,2.85000000
2018-02-27 17:29:56,0.00338700,3.36000000
2018-02-27 17:29:56,0.00338600,1.18000000
2018-02-27 17:29:56,0.00338600,7.00000000
2018-02-27 17:29:57,0.00338600,12.00000000
2018-02-27 17:29:57,0.00338600,4.84000000
2018-02-27 17:29:59,0.00338500,3.36000000
2018-02-27 17:30:03,0.00338600,1.45000000
2018-02-27 17:30:03,0.00338600,13.03000000
2018-02-27 17:30:04,0.00338600,1.36000000
2018-02-27 17:30:05,0.00338600,16.62000000
2018-02-27 17:30:05,0.00338600,0.01000000
2018-02-27 17:30:06,0.00338600,1.62000000
2018-02-27 17:30:07,0.00338500,3.10000000
2018-02-27 17:30:07,0.00338600,10.00000000
2018-02-27 17:30:08,0.00338600,11.23000000
2018-02-27 17:30:08,0.00338700,18.59000000
2018-02-27 17:30:08,0.00338800,25.02000000
2018-02-27 17:30:08,0.00339000,16.23000000
2018-02-27 17:30:08,0.00339000,4.16000000
2018-02-27 17:30:08,0.00339000,28.27000000
2018-02-27 17:30:09,0.00338500,8.84000000
2018-02-27 17:30:09,0.00338600,1.00000000
2018-02-27 17:30:09,0.00338500,13.75000000
2018-02-27 17:30:10,0.00338500,8.84000000
2018-02-27 17:30:27,0.00338600,22.49000000
2018-02-27 17:30:28,0.00338600,8.86000000
2018-02-27 17:30:28,0.00339000,0.91000000
2018-02-27 17:30:28,0.00338600,6.95000000
2018-02-27 17:30:28,0.00338500,1.91000000
2018-02-27 17:30:29,0.00338500,8.86000000
2018-02-27 17:30:29,0.00338500,8.86000000
2018-02-27 17:30:29,0.00338500,8.86000000
2018-02-27 17:30:30,0.00338500,8.86000000
2018-02-27 17:30:30,0.00338500,8.86000000
2018-02-27 17:30:31,0.00338500,8.86000000
2018-02-27 17:30:32,0.00338500,8.86000000
2018-02-27 17:30:32,0.00338500,8.86000000
2018-02-27 17:30:33,0.00338500,8.86000000
2018-02-27 17:30:33,0.00338500,8.86000000
2018-02-27 17:30:33,0.00338500,2.38000000
2018-02-27 17:30:34,0.00338500,8.86000000
2018-02-27 17:30:34,0.00338500,1.00000000
2018-02-27 17:30:34,0.00338500,8.86000000
2018-02-27 17:30:34,0.00338800,25.06000000
2018-02-27 17:30:34,0.00339000,21.72000000
2018-02-27 17:30:34,0.00339100,31.50000000
2018-02-27 17:30:34,0.00338500,8.86000000
2018-02-27 17:30:35,0.00338600,8.86000000
2018-02-27 17:30:35,0.00338600,8.86000000
2018-02-27 17:30:35,0.00338600,22.50000000
2018-02-27 17:30:36,0.00338600,8.86000000
2018-02-27 17:30:36,0.00338600,8.86000000
2018-02-27 17:30:37,0.00338600,8.86000000
2018-02-27 17:30:37,0.00338600,8.86000000
2018-02-27 17:30:37,0.00338600,14.24000000
2018-02-27 17:30:37,0.00338500,55.71000000
2018-02-27 17:30:38,0.00338500,8.86000000
2018-02-27 17:30:38,0.00338500,8.86000000
2018-02-27 17:30:39,0.00338500,8.86000000
2018-02-27 17:30:39,0.00338500,8.86000000
2018-02-27 17:30:40,0.00338500,8.86000000
2018-02-27 17:30:40,0.00338500,1.18000000
2018-02-27 17:30:40,0.00338400,7.68000000
2018-02-27 17:30:41,0.00338400,8.86000000
2018-02-27 17:30:44,0.00338700,8.85000000
2018-02-27 17:30:44,0.00338700,8.85000000
2018-02-27 17:30:44,0.00338700,14.82000000
2018-02-27 17:30:44,0.00338700,8.85000000
2018-02-27 17:30:45,0.00338700,22.50000000
2018-02-27 17:30:45,0.00338700,6.35000000
2018-02-27 17:30:45,0.00338400,2.50000000
2018-02-27 17:30:45,0.00338400,15.13000000
2018-02-27 17:30:45,0.00338400,8.85000000
2018-02-27 17:30:45,0.00338400,0.07000000
2018-02-27 17:30:46,0.00338300,1.00000000
2018-02-27 17:30:48,0.00338400,45.63000000
2018-02-27 17:30:57,0.00338400,0.68000000
2018-02-27 17:30:57,0.00338400,69.95000000
2018-02-27 17:30:58,0.00338400,7.46000000
2018-02-27 17:30:58,0.00338400,14.84000000
2018-02-27 17:31:03,0.00338200,7.40000000
2018-02-27 17:31:05,0.00338200,100.08000000
2018-02-27 17:31:13,0.00338200,22.52000000
2018-02-27 17:31:13,0.00338200,8.87000000
2018-02-27 17:31:13,0.00338200,8.87000000
2018-02-27 17:31:14,0.00338200,8.87000000
2018-02-27 17:31:14,0.00338200,8.87000000
2018-02-27 17:31:15,0.00338200,39.99000000
2018-02-27 17:31:15,0.00338200,8.87000000
2018-02-27 17:31:15,0.00338200,8.87000000
2018-02-27 17:31:16,0.00338200,8.87000000
2018-02-27 17:31:25,0.00338200,1.00000000
2018-02-27 17:31:28,0.00338500,3.10000000
2018-02-27 17:31:29,0.00338300,5.81000000
2018-02-27 17:31:29,0.00338500,45.22000000
2018-02-27 17:31:30,0.00338500,5.91000000
2018-02-27 17:31:39,0.00338500,4.10000000
2018-02-27 17:31:40,0.00338500,111.41000000
2018-02-27 17:31:42,0.00338700,16.80000000
2018-02-27 17:31:42,0.00338800,10.20000000
2018-02-27 17:31:48,0.00338500,58.65000000
2018-02-27 17:31:48,0.00338400,5.00000000
2018-02-27 17:31:48,0.00338200,36.73000000
2018-02-27 17:31:48,0.00338100,12.50000000
2018-02-27 17:31:48,0.00338000,13.62000000
2018-02-27 17:31:48,0.00337700,32.11000000
2018-02-27 17:31:48,0.00337500,6.01000000
2018-02-27 17:31:48,0.00337300,2.93000000
2018-02-27 17:31:48,0.00337200,6.62000000
2018-02-27 17:31:48,0.00338800,8.85000000
2018-02-27 17:31:48,0.00338900,14.86000000
2018-02-27 17:31:49,0.00338900,1.77000000
2018-02-27 17:31:49,0.00338900,4.87000000
2018-02-27 17:31:49,0.00337900,2.95000000
2018-02-27 17:31:50,0.00338800,0.30000000
2018-02-27 17:31:54,0.00338700,3.09000000
2018-02-27 17:31:58,0.00338200,23.44000000
2018-02-27 17:31:58,0.00338200,6.12000000
2018-02-27 17:31:58,0.00338700,37.43000000
2018-02-27 17:31:59,0.00338700,1.10000000
2018-02-27 17:32:10,0.00338600,5.48000000
2018-02-27 17:32:10,0.00338700,38.12000000
2018-02-27 17:32:12,0.00338700,2.71000000
2018-02-27 17:32:27,0.00337800,35.33000000
2018-02-27 17:32:38,0.00338500,0.77000000
2018-02-27 17:32:39,0.00338500,2.95000000
2018-02-27 17:32:41,0.00338000,8.05000000
2018-02-27 17:32:41,0.00338000,16.57000000
2018-02-27 17:32:46,0.00338000,3.00000000
2018-02-27 17:32:50,0.00338500,0.30000000
2018-02-27 17:32:56,0.00338500,0.48000000
2018-02-27 17:32:58,0.00338000,24.98000000
2018-02-27 17:32:58,0.00337900,35.02000000
2018-02-27 17:33:08,0.00338400,9.49000000
2018-02-27 17:33:10,0.00337900,2.29000000
2018-02-27 17:33:26,0.00338200,18.49000000
2018-02-27 17:33:26,0.00338300,0.96000000
2018-02-27 17:33:34,0.00337900,92.99000000
2018-02-27 17:33:38,0.00337800,14.32000000
2018-02-27 17:33:38,0.00337700,2.00000000
2018-02-27 17:33:38,0.00337400,10.03000000
2018-02-27 17:33:38,0.00337300,114.39000000
2018-02-27 17:33:39,0.00337900,9.52000000
2018-02-27 17:33:40,0.00337900,1.25000000
2018-02-27 17:33:40,0.00337900,32.00000000
2018-02-27 17:33:41,0.00337900,32.68000000
2018-02-27 17:33:41,0.00337900,3.60000000
2018-02-27 17:33:41,0.00337900,26.10000000
2018-02-27 17:33:42,0.00337900,0.30000000
2018-02-27 17:33:47,0.00337900,2.50000000
2018-02-27 17:33:57,0.00337800,2.76000000
2018-02-27 17:34:12,0.00337700,52.22000000
2018-02-27 17:34:22,0.00337400,2.05000000
2018-02-27 17:34:38,0.00337400,0.96000000
2018-02-27 17:34:48,0.00337700,16.76000000
2018-02-27 17:34:49,0.00337400,3.63000000
2018-02-27 17:34:52,0.00337400,14.81000000
2018-02-27 17:35:00,0.00337400,30.19000000
2018-02-27 17:35:05,0.00337300,34.68000000
2018-02-27 17:35:08,0.00337400,2.96000000
2018-02-27 17:35:10,0.00337400,0.30000000
2018-02-27 17:35:11,0.00337400,76.76000000
2018-02-27 17:35:14,0.00337400,29.63000000
2018-02-27 17:35:15,0.00337300,7.00000000
2018-02-27 17:35:17,0.00337300,1.76000000
2018-02-27 17:35:21,0.00337200,15.00000000
2018-02-27 17:35:22,0.00337200,30.00000000
2018-02-27 17:35:24,0.00337300,35.65000000
2018-02-27 17:35:24,0.00337400,14.42000000
2018-02-27 17:35:30,0.00337200,157.71000000
2018-02-27 17:35:30,0.00337000,19.30000000
2018-02-27 17:35:30,0.00336900,17.60000000
2018-02-27 17:35:30,0.00336900,8.54000000
2018-02-27 17:35:37,0.00337400,4.51000000
2018-02-27 17:35:38,0.00336900,1.51000000
2018-02-27 17:35:42,0.00337300,22.00000000
2018-02-27 17:35:43,0.00336900,301.72000000
2018-02-27 17:35:43,0.00336800,326.19000000
2018-02-27 17:35:43,0.00336800,30.67000000
2018-02-27 17:35:43,0.00336900,12.53000000
2018-02-27 17:35:44,0.00336900,9.08000000
2018-02-27 17:35:44,0.00336900,11.87000000
2018-02-27 17:35:45,0.00336900,9.31000000
2018-02-27 17:35:50,0.00337300,1.76000000
2018-02-27 17:35:55,0.00336900,42.23000000
2018-02-27 17:35:55,0.00336800,121.59000000
2018-02-27 17:35:57,0.00337200,4.12000000
2018-02-27 17:36:03,0.00337200,59.15000000
2018-02-27 17:36:03,0.00337300,93.74000000
2018-02-27 17:36:03,0.00337400,272.05000000
2018-02-27 17:36:13,0.00337400,13.47000000
2018-02-27 17:36:15,0.00337400,0.20000000
2018-02-27 17:36:26,0.00337300,2.94000000
2018-02-27 17:36:30,0.00337200,8.34000000
2018-02-27 17:36:36,0.00337200,0.55000000
2018-02-27 17:36:56,0.00337100,4.54000000
2018-02-27 17:36:58,0.00337200,0.38000000
2018-02-27 17:36:58,0.00337200,29.06000000
2018-02-27 17:36:59,0.00337100,4.36000000
2018-02-27 17:36:59,0.00337000,1.34000000
2018-02-27 17:37:04,0.00337000,29.56000000
2018-02-27 17:37:04,0.00337000,20.82000000
2018-02-27 17:37:05,0.00337000,5.93000000
2018-02-27 17:37:05,0.00337000,2.13000000
2018-02-27 17:37:09,0.00337000,5.04000000
2018-02-27 17:37:15,0.00336800,10.00000000
2018-02-27 17:37:15,0.00336800,3.12000000
2018-02-27 17:37:25,0.00337100,5.93000000
2018-02-27 17:37:28,0.00336800,41.77000000
2018-02-27 17:37:32,0.00337000,8.90000000
2018-02-27 17:37:38,0.00337000,1.01000000
2018-02-27 17:37:42,0.00337000,1.19000000
2018-02-27 17:37:44,0.00337000,1.18000000
2018-02-27 17:37:47,0.00337000,0.02000000
2018-02-27 17:37:52,0.00337000,2.81000000
2018-02-27 17:37:52,0.00337000,2.96000000
2018-02-27 17:37:52,0.00337000,1.18000000
2018-02-27 17:37:56,0.00337000,3.84000000
2018-02-27 17:37:56,0.00337100,19.42000000
2018-02-27 17:37:56,0.00337100,3.84000000
2018-02-27 17:37:57,0.00337100,10.24000000
2018-02-27 17:37:57,0.00337200,23.26000000
2018-02-27 17:37:58,0.00337400,0.20000000
2018-02-27 17:38:08,0.00337400,5.92000000
2018-02-27 17:38:15,0.00337000,4.00000000
2018-02-27 17:38:21,0.00337000,8.83000000
2018-02-27 17:38:21,0.00336900,16.37000000
2018-02-27 17:38:21,0.00336800,7.32000000
2018-02-27 17:38:22,0.00336800,3.10000000
2018-02-27 17:38:22,0.00336800,14.01000000
2018-02-27 17:38:22,0.00336800,8.90000000
2018-02-27 17:38:23,0.00336800,5.13000000
2018-02-27 17:38:23,0.00337400,0.75000000
2018-02-27 17:38:27,0.00336600,31.54000000
2018-02-27 17:38:27,0.00336500,8.46000000
2018-02-27 17:38:31,0.00336600,1.00000000
2018-02-27 17:38:34,0.00336600,4.33000000
2018-02-27 17:38:35,0.00337200,2.96000000
2018-02-27 17:38:36,0.00337200,1.25000000
2018-02-27 17:38:47,0.00337000,5.00000000
2018-02-27 17:38:57,0.00336800,8.91000000
2018-02-27 17:38:57,0.00336700,8.91000000
2018-02-27 17:38:57,0.00336600,33.55000000
2018-02-27 17:38:57,0.00336200,0.83000000
2018-02-27 17:38:57,0.00336100,13.14000000
2018-02-27 17:38:58,0.00336900,2.58000000
2018-02-27 17:39:19,0.00336900,10.35000000
2018-02-27 17:39:22,0.00336900,1.60000000
2018-02-27 17:39:33,0.00336600,8.91000000
2018-02-27 17:39:33,0.00336500,4.47000000
2018-02-27 17:39:35,0.00336900,4.76000000
2018-02-27 17:39:40,0.00336500,90.47000000
2018-02-27 17:39:42,0.00336900,1.87000000
2018-02-27 17:39:59,0.00336900,0.40000000
2018-02-27 17:39:59,0.00336500,1.52000000
2018-02-27 17:39:59,0.00336400,8.92000000
2018-02-27 17:39:59,0.00336300,8.92000000
2018-02-27 17:39:59,0.00336200,8.92000000
2018-02-27 17:39:59,0.00336100,37.34000000
2018-02-27 17:39:59,0.00336000,28.97000000
2018-02-27 17:40:00,0.00336800,8.92000000
2018-02-27 17:40:00,0.00336900,5.70000000
2018-02-27 17:40:00,0.00336900,14.61000000
2018-02-27 17:40:01,0.00336900,0.30000000
2018-02-27 17:40:02,0.00336900,14.62000000
2018-02-27 17:40:04,0.00336900,4.93000000
2018-02-27 17:40:06,0.00336900,9.33000000
2018-02-27 17:40:12,0.00337100,1.49000000
2018-02-27 17:40:23,0.00337200,19.53000000
2018-02-27 17:40:29,0.00337200,3.78000000
2018-02-27 17:40:35,0.00336900,21.01000000
2018-02-27 17:40:43,0.00336900,0.01000000
2018-02-27 17:40:43,0.00337100,4.21000000
2018-02-27 17:40:45,0.00336500,0.49000000
2018-02-27 17:40:51,0.00336900,1.10000000
2018-02-27 17:40:52,0.00336900,27.69000000
2018-02-27 17:40:58,0.00336500,19.32000000
2018-02-27 17:40:58,0.00336200,43.51000000
2018-02-27 17:41:00,0.00336500,0.58000000
2018-02-27 17:41:07,0.00336800,8.91000000
2018-02-27 17:41:07,0.00336900,14.72000000
2018-02-27 17:41:11,0.00336900,14.92000000
2018-02-27 17:41:21,0.00337000,1.00000000
2018-02-27 17:41:21,0.00337100,42.05000000
2018-02-27 17:41:21,0.00337200,14.04000000
2018-02-27 17:41:31,0.00337200,9.77000000
2018-02-27 17:41:32,0.00337200,2.96000000
2018-02-27 17:41:37,0.00337300,9.52000000
2018-02-27 17:41:38,0.00337200,14.21000000
2018-02-27 17:41:38,0.00337000,1.00000000
2018-02-27 17:41:38,0.00336900,5.54000000
2018-02-27 17:41:39,0.00337300,2.00000000
2018-02-27 17:41:40,0.00337200,16.26000000
2018-02-27 17:41:40,0.00336900,18.88000000
2018-02-27 17:41:46,0.00336900,3.23000000
2018-02-27 17:41:49,0.00336900,1.21000000
2018-02-27 17:42:03,0.00336500,2.07000000
2018-02-27 17:42:14,0.00336600,8.91000000
2018-02-27 17:42:14,0.00336500,37.50000000
2018-02-27 17:42:14,0.00336500,22.05000000
2018-02-27 17:42:14,0.00336500,6.89000000
2018-02-27 17:42:23,0.00336600,11.54000000
2018-02-27 17:42:23,0.00336500,15.57000000
2018-02-27 17:42:25,0.00336500,0.83000000
2018-02-27 17:42:27,0.00336500,0.93000000
2018-02-27 17:42:30,0.00336500,0.44000000
2018-02-27 17:42:31,0.00336500,0.68000000
2018-02-27 17:42:33,0.00336500,1.41000000
2018-02-27 17:42:35,0.00336500,36.09000000
2018-02-27 17:42:37,0.00336500,15.03000000
2018-02-27 17:42:39,0.00336500,2.80000000
2018-02-27 17:42:41,0.00336300,44.73000000
2018-02-27 17:42:41,0.00336200,1.52000000
2018-02-27 17:42:41,0.00336100,18.89000000
2018-02-27 17:42:41,0.00336000,75.29000000
2018-02-27 17:42:41,0.00335900,18.88000000
2018-02-27 17:42:42,0.00336500,91.33000000
2018-02-27 17:42:43,0.00336900,10.31000000
2018-02-27 17:42:43,0.00336500,0.79000000
2018-02-27 17:42:44,0.00336000,2.36000000
2018-02-27 17:42:44,0.00336500,2.92000000
2018-02-27 17:42:50,0.00336100,1.52000000
2018-02-27 17:42:50,0.00336000,6.56000000
2018-02-27 17:42:50,0.00336000,2.97000000
2018-02-27 17:42:50,0.00336000,3.17000000
2018-02-27 17:42:50,0.00336000,1.76000000
2018-02-27 17:42:50,0.00336000,1.76000000
2018-02-27 17:42:50,0.00336000,21.83000000
2018-02-27 17:42:53,0.00336000,88.17000000
2018-02-27 17:42:53,0.00335900,37.64000000
2018-02-27 17:42:56,0.00336500,5.99000000
2018-02-27 17:43:06,0.00336100,6.83000000
2018-02-27 17:43:22,0.00336500,4.68000000
2018-02-27 17:43:22,0.00336500,40.05000000
2018-02-27 17:43:22,0.00336600,112.87000000
2018-02-27 17:43:31,0.00336700,6.01000000
2018-02-27 17:43:31,0.00336800,20.65000000
2018-02-27 17:43:31,0.00336900,16.94000000
2018-02-27 17:43:31,0.00337000,6.97000000
2018-02-27 17:43:31,0.00336200,123.35000000
2018-02-27 17:43:33,0.00337000,2.97000000
2018-02-27 17:43:35,0.00336300,5.30000000
2018-02-27 17:43:48,0.00336300,8.92000000
2018-02-27 17:43:48,0.00336200,4.98000000
2018-02-27 17:43:53,0.00336900,8.92000000
2018-02-27 17:43:53,0.00337000,92.81000000
2018-02-27 17:44:02,0.00336400,3.00000000
2018-02-27 17:44:03,0.00337200,14.66000000
2018-02-27 17:44:08,0.00337100,0.88000000
2018-02-27 17:44:15,0.00337300,2.12000000
2018-02-27 17:44:15,0.00337400,4.40000000
2018-02-27 17:44:23,0.00337400,3.31000000
2018-02-27 17:44:27,0.00336600,4.38000000
2018-02-27 17:44:32,0.00337000,0.44000000
2018-02-27 17:44:38,0.00337000,1.20000000
2018-02-27 17:44:38,0.00337300,2.86000000
2018-02-27 17:44:50,0.00336400,3.22000000
2018-02-27 17:45:06,0.00337100,1.43000000
2018-02-27 17:45:06,0.00336500,19.76000000
2018-02-27 17:45:12,0.00337100,1.79000000
2018-02-27 17:45:12,0.00337200,9.84000000
2018-02-27 17:45:16,0.00336600,2.97000000
2018-02-27 17:45:25,0.00337100,0.83000000
2018-02-27 17:45:36,0.00337100,0.70000000
2018-02-27 17:45:37,0.00337100,21.40000000
2018-02-27 17:45:40,0.00337000,2.96000000
2018-02-27 17:45:44,0.00337000,7.33000000
2018-02-27 17:45:46,0.00337000,2.96000000
2018-02-27 17:45:46,0.00337000,50.45000000
2018-02-27 17:45:52,0.00336700,5.94000000
2018-02-27 17:45:56,0.00337000,58.73000000
2018-02-27 17:45:56,0.00337000,1.00000000
2018-02-27 17:45:57,0.00337000,21.77000000
2018-02-27 17:46:02,0.00336700,2.97000000
2018-02-27 17:46:08,0.00336700,6.00000000
2018-02-27 17:46:19,0.00337000,2.43000000
2018-02-27 17:46:21,0.00336900,5.37000000
2018-02-27 17:46:23,0.00336900,8.89000000
2018-02-27 17:46:23,0.00336900,2.00000000
2018-02-27 17:46:27,0.00336700,2.97000000
2018-02-27 17:46:33,0.00336700,5.94000000
2018-02-27 17:46:36,0.00336800,4.00000000
2018-02-27 17:46:36,0.00336700,22.56000000
2018-02-27 17:46:38,0.00336700,16.09000000
2018-02-27 17:46:41,0.00336700,11.39000000
2018-02-27 17:46:44,0.00336700,0.36000000
2018-02-27 17:46:49,0.00336700,26.03000000
2018-02-27 17:46:54,0.00336700,70.06000000
2018-02-27 17:46:58,0.00336700,58.53000000
2018-02-27 17:47:07,0.00336900,16.00000000
2018-02-27 17:47:09,0.00336900,5.32000000
2018-02-27 17:47:10,0.00336800,37.43000000
2018-02-27 17:47:11,0.00336900,14.84000000
2018-02-27 17:47:12,0.00336800,8.90000000
2018-02-27 17:47:14,0.00336800,19.32000000
2018-02-27 17:47:15,0.00336800,8.47000000
2018-02-27 17:47:17,0.00336800,0.71000000
2018-02-27 17:47:19,0.00336800,2.02000000
2018-02-27 17:47:21,0.00336800,3.18000000
2018-02-27 17:47:23,0.00336800,0.89000000
2018-02-27 17:47:24,0.00336800,0.35000000
2018-02-27 17:47:24,0.00336700,2.61000000
2018-02-27 17:47:24,0.00336900,3.75000000
2018-02-27 17:47:24,0.00336900,35.83000000
2018-02-27 17:47:26,0.00336900,8.15000000
2018-02-27 17:47:28,0.00336900,2.28000000
2018-02-27 17:47:30,0.00336900,2.28000000
2018-02-27 17:47:30,0.00336900,5.93000000
2018-02-27 17:47:30,0.00336900,2.82000000
2018-02-27 17:47:31,0.00336900,0.71000000
2018-02-27 17:47:32,0.00337000,2.96000000
2018-02-27 17:47:32,0.00336900,0.71000000
2018-02-27 17:47:33,0.00336900,0.14000000
2018-02-27 17:47:36,0.00336700,2.62000000
2018-02-27 17:47:38,0.00336700,0.73000000
2018-02-27 17:47:41,0.00336700,0.71000000
2018-02-27 17:47:47,0.00336800,5.93000000
2018-02-27 17:47:50,0.00336900,0.85000000
2018-02-27 17:47:53,0.00336900,1.39000000
2018-02-27 17:47:54,0.00336800,8.30000000
2018-02-27 17:48:01,0.00336800,1.26000000
2018-02-27 17:48:07,0.00336800,3.75000000
2018-02-27 17:48:09,0.00336800,0.01000000
2018-02-27 17:48:09,0.00336900,3.66000000
2018-02-27 17:48:09,0.00336900,15.57000000
2018-02-27 17:48:10,0.00337000,5.87000000
2018-02-27 17:48:16,0.00336800,2.73000000
2018-02-27 17:48:22,0.00336700,2.70000000
2018-02-27 17:48:25,0.00336700,3.66000000
2018-02-27 17:48:25,0.00336600,2.70000000
2018-02-27 17:48:25,0.00336600,2.38000000
2018-02-27 17:48:32,0.00336600,10.54000000
2018-02-27 17:48:38,0.00336500,1.96000000
2018-02-27 17:48:45,0.00336700,1.52000000
2018-02-27 17:48:47,0.00336700,1.96000000
2018-02-27 17:48:47,0.00336700,2.97000000
2018-02-27 17:48:47,0.00336700,2.33000000
2018-02-27 17:48:51,0.00336500,1.01000000
2018-02-27 17:48:51,0.00336700,1.52000000
2018-02-27 17:48:51,0.00336800,5.10000000
2018-02-27 17:48:53,0.00336700,11.97000000
2018-02-27 17:48:53,0.00336700,9.06000000
2018-02-27 17:48:57,0.00336700,15.24000000
2018-02-27 17:48:59,0.00336700,66.55000000
2018-02-27 17:48:59,0.00336800,10.51000000
2018-02-27 17:49:00,0.00336800,1.82000000
2018-02-27 17:49:34,0.00336800,23.47000000
2018-02-27 17:49:34,0.00336800,97.62000000
2018-02-27 17:49:36,0.00336800,167.84000000
2018-02-27 17:49:37,0.00336800,27.50000000
2018-02-27 17:49:37,0.00336800,3.94000000
2018-02-27 17:49:41,0.00336700,6.23000000
2018-02-27 17:50:06,0.00336600,35.97000000
2018-02-27 17:50:06,0.00336700,93.98000000
2018-02-27 17:50:10,0.00336700,0.96000000
2018-02-27 17:50:14,0.00336700,1.48000000
2018-02-27 17:50:25,0.00336700,15.00000000
2018-02-27 17:50:33,0.00336700,1.00000000
2018-02-27 17:50:44,0.00336700,6.98000000
2018-02-27 17:50:56,0.00336100,14.92000000
2018-02-27 17:50:58,0.00336100,18.40000000
2018-02-27 17:51:03,0.00336000,4.84000000
2018-02-27 17:51:07,0.00336000,102.37000000
2018-02-27 17:51:07,0.00336000,8.92000000
2018-02-27 17:51:08,0.00336000,22.58000000
2018-02-27 17:51:10,0.00336000,5.05000000
2018-02-27 17:51:10,0.00336000,22.57000000
2018-02-27 17:51:12,0.00336000,22.58000000
2018-02-27 17:51:14,0.00336000,22.57000000
2018-02-27 17:51:15,0.00336000,8.93000000
2018-02-27 17:51:15,0.00336000,76.66000000
2018-02-27 17:51:16,0.00336000,0.88000000
2018-02-27 17:51:16,0.00336000,22.58000000
2018-02-27 17:51:18,0.00336000,22.57000000
2018-02-27 17:51:19,0.00336000,2.93000000
2018-02-27 17:51:22,0.00336000,7.40000000
2018-02-27 17:51:23,0.00336000,8.93000000
2018-02-27 17:51:24,0.00336000,20.06000000
2018-02-27 17:51:28,0.00336000,2.35000000
2018-02-27 17:51:28,0.00336000,20.06000000
2018-02-27 17:51:31,0.00336000,0.65000000
2018-02-27 17:51:32,0.00336000,3.92000000
2018-02-27 17:51:32,0.00336000,18.00000000
2018-02-27 17:51:34,0.00336000,15.24000000
2018-02-27 17:51:34,0.00336000,20.06000000
2018-02-27 17:51:35,0.00336000,36.06000000
2018-02-27 17:51:36,0.00336000,0.82000000
2018-02-27 17:51:48,0.00336000,0.55000000
2018-02-27 17:51:56,0.00335900,19.31000000
2018-02-27 17:51:57,0.00335900,5.95000000
2018-02-27 17:51:57,0.00335900,5.41000000
2018-02-27 17:51:58,0.00336000,0.74000000
2018-02-27 17:52:00,0.00336000,2.40000000
2018-02-27 17:52:05,0.00336000,7.37000000
2018-02-27 17:52:08,0.00336000,9.95000000
2018-02-27 17:52:10,0.00336000,0.27000000
2018-02-27 17:52:20,0.00336000,12.49000000
2018-02-27 17:52:25,0.00336000,27.98000000
2018-02-27 17:52:31,0.00336300,44.61000000
2018-02-27 17:52:48,0.00336300,1.03000000
2018-02-27 17:52:48,0.00336300,1.03000000
2018-02-27 17:52:57,0.00336300,0.40000000
2018-02-27 17:52:57,0.00336600,14.35000000
2018-02-27 17:52:57,0.00336700,18.93000000
2018-02-27 17:53:12,0.00336300,3.52000000
2018-02-27 17:53:12,0.00336300,6.21000000
2018-02-27 17:53:20,0.00336400,2.90000000
2018-02-27 17:53:20,0.00336300,9.10000000
2018-02-27 17:53:32,0.00336000,9.99000000
2018-02-27 17:53:41,0.00336300,2.40000000
2018-02-27 17:53:43,0.00336300,2.30000000
2018-02-27 17:53:44,0.00336000,7.78000000
2018-02-27 17:53:45,0.00336300,2.30000000
2018-02-27 17:53:46,0.00336300,0.51000000
2018-02-27 17:53:58,0.00336000,199.45000000
2018-02-27 17:54:09,0.00336000,20.21000000
2018-02-27 17:54:16,0.00336300,10.30000000
2018-02-27 17:54:16,0.00336000,15.31000000
2018-02-27 17:54:36,0.00336300,8.24000000
2018-02-27 17:54:36,0.00336400,2.89000000
2018-02-27 17:54:36,0.00336500,6.87000000
2018-02-27 17:54:51,0.00336500,67.54000000
2018-02-27 17:55:18,0.00336300,1.48000000
2018-02-27 17:55:18,0.00336400,0.80000000
2018-02-27 17:55:28,0.00335800,3.20000000
2018-02-27 17:55:40,0.00336300,3.10000000
2018-02-27 17:55:40,0.00336400,4.24000000
2018-02-27 17:55:42,0.00336400,15.96000000
2018-02-27 17:55:46,0.00336400,1.49000000
2018-02-27 17:55:50,0.00336300,3.10000000
2018-02-27 17:56:01,0.00336400,1.13000000
2018-02-27 17:56:13,0.00336400,15.87000000
2018-02-27 17:56:23,0.00336500,2.75000000
2018-02-27 17:56:27,0.00336500,64.33000000
2018-02-27 17:56:27,0.00336600,124.56000000
2018-02-27 17:56:27,0.00336700,11.11000000
2018-02-27 17:56:33,0.00336700,32.37000000
2018-02-27 17:56:36,0.00336700,11.87000000
2018-02-27 17:56:45,0.00336800,0.49000000
2018-02-27 17:56:47,0.00336800,9.99000000
2018-02-27 17:56:49,0.00336800,11.37000000
2018-02-27 17:56:49,0.00336700,1.19000000
2018-02-27 17:56:50,0.00336800,91.47000000
2018-02-27 17:56:50,0.00336900,2.89000000
2018-02-27 17:56:50,0.00337100,0.45000000
2018-02-27 17:56:50,0.00337200,4.49000000
2018-02-27 17:56:50,0.00337300,0.70000000
2018-02-27 17:56:54,0.00336800,1.19000000
2018-02-27 17:56:57,0.00336800,8.11000000
2018-02-27 17:57:09,0.00337300,0.93000000
2018-02-27 17:57:12,0.00337800,8.23000000
2018-02-27 17:57:13,0.00337800,0.89000000
2018-02-27 17:57:14,0.00337300,1.18000000
2018-02-27 17:57:14,0.00337300,5.00000000
2018-02-27 17:57:17,0.00337300,0.35000000
2018-02-27 17:57:20,0.00337300,14.17000000
2018-02-27 17:57:20,0.00337100,4.99000000
2018-02-27 17:57:21,0.00337300,5.00000000
2018-02-27 17:57:24,0.00337300,0.59000000
2018-02-27 17:57:28,0.00337300,0.30000000
2018-02-27 17:57:30,0.00337300,2.96000000
2018-02-27 17:57:34,0.00337200,9.08000000
2018-02-27 17:57:35,0.00337200,1.04000000
2018-02-27 17:57:35,0.00337200,2.06000000
2018-02-27 17:57:36,0.00337200,9.80000000
2018-02-27 17:57:47,0.00337300,5.00000000
2018-02-27 17:57:49,0.00337300,16.63000000
2018-02-27 17:57:49,0.00337200,1.12000000
2018-02-27 17:57:54,0.00337200,29.61000000
2018-02-27 17:57:54,0.00337200,3.80000000
2018-02-27 17:58:04,0.00337100,6.74000000
2018-02-27 17:58:06,0.00337200,32.04000000
2018-02-27 17:58:06,0.00337300,275.65000000
2018-02-27 17:58:08,0.00337400,25.25000000
2018-02-27 17:58:08,0.00337300,172.74000000
2018-02-27 17:58:10,0.00337400,0.58000000
2018-02-27 17:58:10,0.00337400,23.38000000
2018-02-27 17:58:10,0.00337300,9.15000000
2018-02-27 17:58:16,0.00337300,7.45000000
2018-02-27 17:58:17,0.00337300,4.54000000
2018-02-27 17:58:17,0.00337300,40.40000000
2018-02-27 17:58:18,0.00337300,76.02000000
2018-02-27 17:58:18,0.00337300,296.73000000
2018-02-27 17:58:19,0.00337400,59.83000000
2018-02-27 17:58:20,0.00337400,2.12000000
2018-02-27 17:58:39,0.00337800,2.96000000
2018-02-27 17:58:48,0.00337400,5.92000000
2018-02-27 17:58:53,0.00337600,23.79000000
2018-02-27 17:58:53,0.00337700,4.86000000
2018-02-27 17:58:53,0.00337800,73.66000000
2018-02-27 17:58:58,0.00337400,1.00000000
2018-02-27 17:59:07,0.00337700,2.14000000
2018-02-27 17:59:08,0.00337400,1.71000000
2018-02-27 17:59:17,0.00337700,29.64000000
2018-02-27 17:59:18,0.00337400,1.37000000
2018-02-27 17:59:18,0.00337300,7.13000000
2018-02-27 17:59:32,0.00337700,2.96000000
2018-02-27 17:59:33,0.00337400,2.97000000
2018-02-27 17:59:45,0.00337400,36.79000000
2018-02-27 17:59:45,0.00337700,47.00000000
2018-02-27 17:59:46,0.00337700,29.60000000
2018-02-27 17:59:46,0.00337700,28.14000000
2018-02-27 17:59:46,0.00337700,0.01000000
2018-02-27 17:59:54,0.00337700,2.24000000
