DATE,PRICE,VOLUME
2018-02-28 22:00:02,0.00317300,3.47000000
2018-02-28 22:00:03,0.00317200,1.07000000
2018-02-28 22:00:03,0.00317300,9.38000000
2018-02-28 22:00:03,0.00317300,4.60000000
2018-02-28 22:00:04,0.00317200,2.40000000
2018-02-28 22:00:15,0.00317700,0.93000000
2018-02-28 22:00:15,0.00317000,3.11000000
2018-02-28 22:00:19,0.00317100,3.00000000
2018-02-28 22:00:23,0.00317100,1.80000000
2018-02-28 22:00:27,0.00317700,0.57000000
2018-02-28 22:00:49,0.00317700,6.00000000
2018-02-28 22:00:54,0.00317400,3.00000000
2018-02-28 22:00:54,0.00317300,0.02000000
2018-02-28 22:01:03,0.00317500,3.00000000
2018-02-28 22:01:07,0.00317500,2.50000000
2018-02-28 22:01:08,0.00317500,5.31000000
2018-02-28 22:01:08,0.00317300,1.95000000
2018-02-28 22:01:12,0.00317300,5.00000000
2018-02-28 22:01:15,0.00317700,1.41000000
2018-02-28 22:01:15,0.00317700,32.25000000
2018-02-28 22:01:16,0.00317700,2.40000000
2018-02-28 22:01:19,0.00317700,2.30000000
2018-02-28 22:01:20,0.00317300,18.19000000
2018-02-28 22:01:28,0.00317500,1.57000000
2018-02-28 22:01:29,0.00317800,2.40000000
2018-02-28 22:01:29,0.00317500,0.35000000
2018-02-28 22:01:37,0.00317800,8.00000000
2018-02-28 22:01:48,0.00317500,2.81000000
2018-02-28 22:01:49,0.00317500,3.19000000
2018-02-28 22:01:52,0.00317800,0.70000000
2018-02-28 22:01:57,0.00317600,6.54000000
2018-02-28 22:01:58,0.00317600,0.01000000
2018-02-28 22:01:58,0.00317500,0.99000000
2018-02-28 22:02:02,0.00317700,12.30000000
2018-02-28 22:02:03,0.00317700,12.30000000
2018-02-28 22:02:12,0.00317500,0.14000000
2018-02-28 22:02:18,0.00317500,8.41000000
2018-02-28 22:02:21,0.00317500,25.56000000
2018-02-28 22:02:28,0.00317500,2.00000000
2018-02-28 22:02:36,0.00317700,0.02000000
2018-02-28 22:02:36,0.00317800,7.98000000
2018-02-28 22:02:39,0.00317800,1.61000000
2018-02-28 22:02:39,0.00317900,1.53000000
2018-02-28 22:02:39,0.00317500,11.92000000
2018-02-28 22:02:41,0.00317900,3.28000000
2018-02-28 22:02:47,0.00317900,14.91000000
2018-02-28 22:02:58,0.00317900,46.21000000
2018-02-28 22:03:06,0.00317500,1.28000000
2018-02-28 22:03:11,0.00317900,0.79000000
2018-02-28 22:03:27,0.00317900,0.41000000
2018-02-28 22:03:27,0.00317500,6.61000000
2018-02-28 22:03:30,0.00317500,51.94000000
2018-02-28 22:04:06,0.00317900,6.75000000
2018-02-28 22:04:19,0.00317700,1.96000000
2018-02-28 22:04:26,0.00317700,1.96000000
2018-02-28 22:04:30,0.00317700,2.66000000
2018-02-28 22:04:35,0.00317500,0.90000000
2018-02-28 22:04:41,0.00317800,0.63000000
2018-02-28 22:04:42,0.00317500,5.43000000
2018-02-28 22:04:43,0.00317800,11.86000000
2018-02-28 22:04:51,0.00317800,13.53000000
2018-02-28 22:04:58,0.00317800,0.79000000
2018-02-28 22:04:59,0.00317500,4.18000000
2018-02-28 22:05:00,0.00317500,0.70000000
2018-02-28 22:05:03,0.00317800,2.20000000
2018-02-28 22:05:04,0.00317800,13.50000000
2018-02-28 22:05:06,0.00317800,18.80000000
2018-02-28 22:05:09,0.00317800,8.91000000
2018-02-28 22:05:10,0.00317700,10.01000000
2018-02-28 22:05:18,0.00317700,5.66000000
2018-02-28 22:05:23,0.00317700,2.22000000
2018-02-28 22:05:25,0.00317900,3.64000000
2018-02-28 22:05:25,0.00317900,3.14000000
2018-02-28 22:05:25,0.00317900,3.14000000
2018-02-28 22:05:25,0.00317900,1.04000000
2018-02-28 22:05:26,0.00317700,1.03000000
2018-02-28 22:05:28,0.00317700,2.78000000
2018-02-28 22:05:29,0.00317700,4.77000000
2018-02-28 22:05:31,0.00318000,6.00000000
2018-02-28 22:05:37,0.00318000,2.34000000
2018-02-28 22:05:39,0.00317700,1.20000000
2018-02-28 22:05:54,0.00318000,48.35000000
2018-02-28 22:05:56,0.00317700,0.68000000
2018-02-28 22:06:01,0.00317700,23.07000000
2018-02-28 22:06:02,0.00317700,20.00000000
2018-02-28 22:06:03,0.00317700,20.34000000
2018-02-28 22:06:07,0.00317700,0.91000000
2018-02-28 22:06:08,0.00317700,0.06000000
2018-02-28 22:06:09,0.00317700,17.24000000
2018-02-28 22:06:20,0.00317700,6.68000000
2018-02-28 22:06:20,0.00317700,4.92000000
2018-02-28 22:06:20,0.00317700,17.67000000
2018-02-28 22:06:21,0.00317700,6.83000000
2018-02-28 22:06:23,0.00317700,23.90000000
2018-02-28 22:06:24,0.00317700,1.00000000
2018-02-28 22:06:32,0.00317700,1.26000000
2018-02-28 22:06:34,0.00317700,1.23000000
2018-02-28 22:06:38,0.00317700,0.03000000
2018-02-28 22:06:42,0.00317500,18.48000000
2018-02-28 22:06:42,0.00317300,9.45000000
2018-02-28 22:06:42,0.00317100,1.07000000
2018-02-28 22:06:42,0.00317700,2.87000000
2018-02-28 22:06:43,0.00317700,71.23000000
2018-02-28 22:06:44,0.00317500,18.89000000
2018-02-28 22:06:47,0.00317500,2.43000000
2018-02-28 22:06:50,0.00317500,9.44000000
2018-02-28 22:06:56,0.00317500,3.14000000
2018-02-28 22:07:11,0.00317100,8.74000000
2018-02-28 22:07:17,0.00317100,6.88000000
2018-02-28 22:07:24,0.00317500,8.00000000
2018-02-28 22:07:31,0.00317500,8.00000000
2018-02-28 22:07:38,0.00317400,12.60000000
2018-02-28 22:07:42,0.00317100,3.31000000
2018-02-28 22:07:42,0.00316800,1.33000000
2018-02-28 22:07:42,0.00316700,0.63000000
2018-02-28 22:07:42,0.00316300,15.38000000
2018-02-28 22:07:43,0.00316500,3.15000000
2018-02-28 22:07:43,0.00316400,3.55000000
2018-02-28 22:07:43,0.00316300,16.67000000
2018-02-28 22:07:43,0.00316200,4.17000000
2018-02-28 22:07:44,0.00317200,3.50000000
2018-02-28 22:07:45,0.00317100,3.54000000
2018-02-28 22:07:45,0.00317100,0.01000000
2018-02-28 22:07:45,0.00317200,34.21000000
2018-02-28 22:07:45,0.00317300,8.27000000
2018-02-28 22:07:45,0.00317400,30.70000000
2018-02-28 22:07:46,0.00317400,1.33000000
2018-02-28 22:07:50,0.00317400,49.97000000
2018-02-28 22:07:51,0.00317300,1.33000000
2018-02-28 22:07:51,0.00317200,6.30000000
2018-02-28 22:07:55,0.00317200,3.35000000
2018-02-28 22:07:56,0.00317200,0.01000000
2018-02-28 22:07:59,0.00317300,8.63000000
2018-02-28 22:08:01,0.00317400,4.33000000
2018-02-28 22:08:07,0.00317400,1.38000000
2018-02-28 22:08:14,0.00316900,6.62000000
2018-02-28 22:08:21,0.00317400,0.66000000
2018-02-28 22:08:26,0.00317300,6.62000000
2018-02-28 22:08:31,0.00317400,2.84000000
2018-02-28 22:08:35,0.00317400,0.56000000
2018-02-28 22:08:39,0.00317400,1.44000000
2018-02-28 22:08:41,0.00317400,2.94000000
2018-02-28 22:08:42,0.00317400,0.36000000
2018-02-28 22:08:49,0.00317300,1.12000000
2018-02-28 22:08:56,0.00317300,11.11000000
2018-02-28 22:08:56,0.00317400,95.29000000
2018-02-28 22:08:59,0.00317900,4.45000000
2018-02-28 22:09:02,0.00317900,3.55000000
2018-02-28 22:09:13,0.00317200,0.15000000
2018-02-28 22:09:14,0.00317200,1.47000000
2018-02-28 22:09:15,0.00317900,0.56000000
2018-02-28 22:09:15,0.00317200,1.08000000
2018-02-28 22:09:20,0.00317200,4.62000000
2018-02-28 22:09:24,0.00317700,0.23000000
2018-02-28 22:09:27,0.00317300,1.28000000
2018-02-28 22:09:31,0.00317600,1.39000000
2018-02-28 22:09:31,0.00317800,0.61000000
2018-02-28 22:09:53,0.00317700,0.67000000
2018-02-28 22:09:56,0.00317700,0.72000000
2018-02-28 22:10:13,0.00317500,1.88000000
2018-02-28 22:10:13,0.00317400,4.00000000
2018-02-28 22:10:13,0.00317300,3.46000000
2018-02-28 22:10:17,0.00317400,2.00000000
2018-02-28 22:10:19,0.00317700,1.54000000
2018-02-28 22:10:23,0.00317700,3.23000000
2018-02-28 22:10:30,0.00317800,2.00000000
2018-02-28 22:10:30,0.00317900,4.01000000
2018-02-28 22:10:30,0.00318100,14.41000000
2018-02-28 22:10:33,0.00318100,5.08000000
2018-02-28 22:10:33,0.00318100,0.91000000
2018-02-28 22:10:34,0.00317700,0.54000000
2018-02-28 22:10:35,0.00318100,1.69000000
2018-02-28 22:10:35,0.00318100,15.71000000
2018-02-28 22:10:36,0.00318100,0.83000000
2018-02-28 22:10:44,0.00318100,0.84000000
2018-02-28 22:10:45,0.00317700,25.15000000
2018-02-28 22:10:47,0.00318100,4.70000000
2018-02-28 22:10:49,0.00318100,1.50000000
2018-02-28 22:10:51,0.00318000,3.00000000
2018-02-28 22:10:51,0.00318100,0.51000000
2018-02-28 22:11:04,0.00318100,3.14000000
2018-02-28 22:11:04,0.00317700,0.50000000
2018-02-28 22:11:13,0.00318100,1.97000000
2018-02-28 22:11:15,0.00317900,3.14000000
2018-02-28 22:11:17,0.00317900,2.00000000
2018-02-28 22:11:25,0.00317900,3.01000000
2018-02-28 22:11:25,0.00318000,2.99000000
2018-02-28 22:11:26,0.00318000,0.56000000
2018-02-28 22:11:27,0.00318000,6.00000000
2018-02-28 22:11:28,0.00318000,5.52000000
2018-02-28 22:11:29,0.00317700,1.39000000
2018-02-28 22:11:29,0.00318000,4.57000000
2018-02-28 22:11:30,0.00318000,4.14000000
2018-02-28 22:11:31,0.00318000,6.82000000
2018-02-28 22:11:33,0.00318000,6.82000000
2018-02-28 22:11:33,0.00318000,0.47000000
2018-02-28 22:11:34,0.00318000,6.82000000
2018-02-28 22:11:35,0.00318000,5.47000000
2018-02-28 22:11:36,0.00318000,7.06000000
2018-02-28 22:11:36,0.00317900,5.44000000
2018-02-28 22:11:36,0.00318000,4.92000000
2018-02-28 22:11:37,0.00317900,7.45000000
2018-02-28 22:11:38,0.00318000,4.32000000
2018-02-28 22:11:38,0.00318000,77.46000000
2018-02-28 22:11:41,0.00318000,0.51000000
2018-02-28 22:11:42,0.00318000,0.51000000
2018-02-28 22:11:42,0.00318000,38.85000000
2018-02-28 22:11:43,0.00318000,0.51000000
2018-02-28 22:11:44,0.00318000,25.53000000
2018-02-28 22:11:44,0.00317900,13.81000000
2018-02-28 22:11:45,0.00318100,0.83000000
2018-02-28 22:11:47,0.00318100,0.43000000
2018-02-28 22:11:47,0.00318200,6.38000000
2018-02-28 22:11:48,0.00317900,11.27000000
2018-02-28 22:11:48,0.00317900,0.54000000
2018-02-28 22:11:48,0.00318200,6.81000000
2018-02-28 22:11:48,0.00318200,0.58000000
2018-02-28 22:11:49,0.00318200,2.91000000
2018-02-28 22:11:50,0.00318000,2.74000000
2018-02-28 22:11:50,0.00317900,16.92000000
2018-02-28 22:11:52,0.00318200,0.76000000
2018-02-28 22:11:53,0.00318200,2.43000000
2018-02-28 22:11:54,0.00318200,2.06000000
2018-02-28 22:11:57,0.00318200,2.51000000
2018-02-28 22:11:58,0.00318200,36.08000000
2018-02-28 22:12:05,0.00317900,2.79000000
2018-02-28 22:12:15,0.00317800,25.69000000
2018-02-28 22:12:17,0.00318200,0.92000000
2018-02-28 22:12:27,0.00317800,12.48000000
2018-02-28 22:12:29,0.00317800,0.51000000
2018-02-28 22:12:29,0.00317800,9.93000000
2018-02-28 22:12:31,0.00317800,6.70000000
2018-02-28 22:12:32,0.00317800,0.51000000
2018-02-28 22:12:33,0.00317800,1.85000000
2018-02-28 22:12:34,0.00317800,0.51000000
2018-02-28 22:12:35,0.00317800,31.46000000
2018-02-28 22:12:35,0.00317800,30.85000000
2018-02-28 22:12:36,0.00317800,0.57000000
2018-02-28 22:12:38,0.00318200,0.73000000
2018-02-28 22:12:38,0.00318200,1.58000000
2018-02-28 22:12:39,0.00317800,0.61000000
2018-02-28 22:12:49,0.00317800,0.32000000
2018-02-28 22:12:55,0.00317800,1.46000000
2018-02-28 22:12:56,0.00317900,1.65000000
2018-02-28 22:12:56,0.00317900,9.46000000
2018-02-28 22:12:56,0.00317900,0.49000000
2018-02-28 22:12:57,0.00317900,3.50000000
2018-02-28 22:13:03,0.00318000,1.19000000
2018-02-28 22:13:07,0.00318200,54.79000000
2018-02-28 22:13:08,0.00318000,1.56000000
2018-02-28 22:13:08,0.00318000,10.68000000
2018-02-28 22:13:10,0.00318100,3.45000000
2018-02-28 22:13:14,0.00318100,9.24000000
2018-02-28 22:13:14,0.00318000,37.68000000
2018-02-28 22:13:28,0.00318000,0.50000000
2018-02-28 22:13:30,0.00318200,3.14000000
2018-02-28 22:13:33,0.00318000,17.37000000
2018-02-28 22:13:33,0.00318000,32.94000000
2018-02-28 22:13:33,0.00318000,48.53000000
2018-02-28 22:13:53,0.00318000,0.50000000
2018-02-28 22:13:55,0.00317900,4.73000000
2018-02-28 22:14:01,0.00317900,4.15000000
2018-02-28 22:14:29,0.00318000,0.37000000
2018-02-28 22:14:36,0.00317900,6.04000000
2018-02-28 22:14:38,0.00318000,0.49000000
2018-02-28 22:14:50,0.00318000,1.04000000
2018-02-28 22:14:51,0.00317900,95.80000000
2018-02-28 22:14:56,0.00317700,0.40000000
2018-02-28 22:14:57,0.00317900,0.38000000
2018-02-28 22:15:02,0.00317900,64.08000000
2018-02-28 22:15:07,0.00318000,2.26000000
2018-02-28 22:15:13,0.00318000,8.88000000
2018-02-28 22:15:39,0.00318000,1.87000000
2018-02-28 22:15:41,0.00318000,3.63000000
2018-02-28 22:15:51,0.00317900,52.53000000
2018-02-28 22:15:57,0.00317900,1.03000000
2018-02-28 22:15:58,0.00317900,10.23000000
2018-02-28 22:16:12,0.00317800,52.64000000
2018-02-28 22:16:20,0.00317700,1.60000000
2018-02-28 22:16:27,0.00317800,0.35000000
2018-02-28 22:16:29,0.00317800,1.12000000
2018-02-28 22:16:43,0.00317700,0.25000000
2018-02-28 22:17:01,0.00317700,5.96000000
2018-02-28 22:17:02,0.00317700,0.53000000
2018-02-28 22:17:09,0.00317600,1.90000000
2018-02-28 22:17:09,0.00317700,28.79000000
2018-02-28 22:17:19,0.00317700,0.80000000
2018-02-28 22:17:24,0.00317600,4.82000000
2018-02-28 22:17:34,0.00317700,8.54000000
2018-02-28 22:17:41,0.00317800,51.17000000
2018-02-28 22:17:46,0.00317800,4.86000000
2018-02-28 22:17:50,0.00317900,10.00000000
2018-02-28 22:18:00,0.00317900,81.21000000
2018-02-28 22:18:01,0.00317900,16.04000000
2018-02-28 22:18:41,0.00317900,0.50000000
2018-02-28 22:19:08,0.00317900,1.00000000
2018-02-28 22:19:10,0.00317900,0.35000000
2018-02-28 22:19:39,0.00317900,2.25000000
2018-02-28 22:19:49,0.00317800,200.47000000
2018-02-28 22:19:50,0.00317800,4.58000000
2018-02-28 22:19:52,0.00317800,4.25000000
2018-02-28 22:19:58,0.00317700,12.00000000
2018-02-28 22:19:59,0.00317800,25.45000000
2018-02-28 22:19:59,0.00317800,2.00000000
2018-02-28 22:20:10,0.00317800,13.01000000
2018-02-28 22:20:33,0.00317700,0.94000000
2018-02-28 22:20:35,0.00317800,26.57000000
2018-02-28 22:20:50,0.00317800,0.32000000
2018-02-28 22:21:01,0.00317800,3.12000000
2018-02-28 22:21:14,0.00317700,7.04000000
2018-02-28 22:21:32,0.00317700,0.02000000
2018-02-28 22:21:33,0.00317600,0.51000000
2018-02-28 22:21:33,0.00317600,0.51000000
2018-02-28 22:21:34,0.00317600,22.89000000
2018-02-28 22:21:42,0.00317600,0.01000000
2018-02-28 22:21:50,0.00317500,1.00000000
2018-02-28 22:22:01,0.00317500,31.48000000
2018-02-28 22:22:01,0.00317500,3.16000000
2018-02-28 22:22:03,0.00317500,3.35000000
2018-02-28 22:22:04,0.00317500,6.54000000
2018-02-28 22:22:07,0.00317500,18.76000000
2018-02-28 22:22:08,0.00317600,23.46000000
2018-02-28 22:22:08,0.00317700,3.12000000
2018-02-28 22:22:09,0.00317700,3.14000000
2018-02-28 22:22:09,0.00317700,12.50000000
2018-02-28 22:22:09,0.00317700,3.14000000
2018-02-28 22:22:09,0.00317700,3.14000000
2018-02-28 22:22:09,0.00317700,3.14000000
2018-02-28 22:22:10,0.00317700,4.95000000
2018-02-28 22:22:10,0.00317700,13.75000000
2018-02-28 22:22:11,0.00317700,18.35000000
2018-02-28 22:22:11,0.00317700,9.14000000
2018-02-28 22:22:11,0.00317500,4.03000000
2018-02-28 22:22:13,0.00317500,1.10000000
2018-02-28 22:22:14,0.00317400,0.63000000
2018-02-28 22:22:18,0.00317400,2.00000000
2018-02-28 22:22:24,0.00317500,21.29000000
2018-02-28 22:22:25,0.00317500,6.57000000
2018-02-28 22:22:25,0.00317800,0.43000000
2018-02-28 22:22:27,0.00317000,0.63000000
2018-02-28 22:22:27,0.00316900,1.33000000
2018-02-28 22:22:27,0.00316800,1.34000000
2018-02-28 22:22:32,0.00317400,3.24000000
2018-02-28 22:22:34,0.00317400,1.33000000
2018-02-28 22:22:35,0.00317700,3.66000000
2018-02-28 22:22:39,0.00317800,5.29000000
2018-02-28 22:22:42,0.00317700,0.01000000
2018-02-28 22:22:47,0.00317400,0.03000000
2018-02-28 22:22:52,0.00317600,2.49000000
2018-02-28 22:22:53,0.00317600,1.51000000
2018-02-28 22:22:54,0.00317400,1.30000000
2018-02-28 22:22:54,0.00317300,22.70000000
2018-02-28 22:23:01,0.00317400,0.82000000
2018-02-28 22:23:09,0.00317500,7.04000000
2018-02-28 22:23:12,0.00317500,1.36000000
2018-02-28 22:23:12,0.00317400,1.50000000
2018-02-28 22:23:23,0.00317600,2.68000000
2018-02-28 22:23:31,0.00317600,0.32000000
2018-02-28 22:23:32,0.00317600,14.00000000
2018-02-28 22:23:32,0.00317700,0.53000000
2018-02-28 22:23:42,0.00317700,0.36000000
2018-02-28 22:23:45,0.00317600,0.68000000
2018-02-28 22:23:49,0.00317600,34.99000000
2018-02-28 22:23:52,0.00317700,100.00000000
2018-02-28 22:23:52,0.00317600,1.57000000
2018-02-28 22:23:54,0.00317700,0.10000000
2018-02-28 22:23:59,0.00317700,26.84000000
2018-02-28 22:24:00,0.00317700,0.45000000
2018-02-28 22:24:01,0.00317700,8.06000000
2018-02-28 22:24:01,0.00317600,50.55000000
2018-02-28 22:24:01,0.00317600,2.47000000
2018-02-28 22:24:02,0.00317600,5.62000000
2018-02-28 22:24:02,0.00317600,92.98000000
2018-02-28 22:24:07,0.00317700,3.56000000
2018-02-28 22:24:07,0.00317700,7.73000000
2018-02-28 22:24:07,0.00317700,6.50000000
2018-02-28 22:24:14,0.00317600,0.01000000
2018-02-28 22:24:14,0.00317500,139.10000000
2018-02-28 22:24:32,0.00317500,78.01000000
2018-02-28 22:24:32,0.00317400,102.68000000
2018-02-28 22:24:32,0.00317000,1.33000000
2018-02-28 22:24:32,0.00317000,0.64000000
2018-02-28 22:24:32,0.00317000,37.18000000
2018-02-28 22:24:33,0.00317000,1.34000000
2018-02-28 22:24:33,0.00317000,6.82000000
2018-02-28 22:24:34,0.00317000,13.99000000
2018-02-28 22:24:34,0.00317000,8.43000000
2018-02-28 22:24:34,0.00317000,6.82000000
2018-02-28 22:24:34,0.00317000,7.07000000
2018-02-28 22:24:34,0.00316800,1.28000000
2018-02-28 22:24:34,0.00316500,45.89000000
2018-02-28 22:24:34,0.00316400,61.84000000
2018-02-28 22:24:34,0.00316300,92.40000000
2018-02-28 22:24:34,0.00316200,3.00000000
2018-02-28 22:24:34,0.00316100,594.33000000
2018-02-28 22:24:34,0.00316900,1.00000000
2018-02-28 22:24:35,0.00316900,18.45000000
2018-02-28 22:24:35,0.00316900,3.68000000
2018-02-28 22:24:35,0.00317000,3.14000000
2018-02-28 22:24:37,0.00317000,6.82000000
2018-02-28 22:24:38,0.00317000,6.82000000
2018-02-28 22:24:39,0.00317000,8.05000000
2018-02-28 22:24:39,0.00317000,6.82000000
2018-02-28 22:24:39,0.00316300,222.41000000
2018-02-28 22:24:39,0.00316100,1.88000000
2018-02-28 22:24:39,0.00316000,31.62000000
2018-02-28 22:24:39,0.00315800,397.12000000
2018-02-28 22:24:39,0.00315600,33.64000000
2018-02-28 22:24:39,0.00315500,2.37000000
2018-02-28 22:24:39,0.00315300,121.57000000
2018-02-28 22:24:39,0.00315200,9.00000000
2018-02-28 22:24:39,0.00315100,157.85000000
2018-02-28 22:24:39,0.00315000,313.63000000
2018-02-28 22:24:39,0.00314900,8.97000000
2018-02-28 22:24:40,0.00316900,2.90000000
2018-02-28 22:24:41,0.00316900,1.21000000
2018-02-28 22:24:41,0.00317000,8.25000000
2018-02-28 22:24:42,0.00317000,99.74000000
2018-02-28 22:24:42,0.00317000,6.82000000
2018-02-28 22:24:42,0.00316800,1.00000000
2018-02-28 22:24:43,0.00316800,0.46000000
2018-02-28 22:24:43,0.00316800,0.02000000
2018-02-28 22:24:43,0.00317000,1.46000000
2018-02-28 22:24:43,0.00317000,6.82000000
2018-02-28 22:24:43,0.00317000,1.48000000
2018-02-28 22:24:43,0.00317000,1.48000000
2018-02-28 22:24:44,0.00317000,1.48000000
2018-02-28 22:24:44,0.00317000,6.82000000
2018-02-28 22:24:46,0.00317000,6.82000000
2018-02-28 22:24:47,0.00316900,2.66000000
2018-02-28 22:24:47,0.00316900,6.82000000
2018-02-28 22:24:48,0.00316600,31.16000000
2018-02-28 22:24:48,0.00316600,5.19000000
2018-02-28 22:24:49,0.00316600,14.17000000
2018-02-28 22:24:49,0.00316600,9.43000000
2018-02-28 22:24:49,0.00316600,78.86000000
2018-02-28 22:24:49,0.00316600,27.51000000
2018-02-28 22:24:49,0.00316600,35.82000000
2018-02-28 22:24:49,0.00316600,9.43000000
2018-02-28 22:24:49,0.00316600,35.82000000
2018-02-28 22:24:49,0.00316600,44.77000000
2018-02-28 22:24:49,0.00316600,6.83000000
2018-02-28 22:24:49,0.00316600,31.16000000
2018-02-28 22:24:49,0.00316600,44.72000000
2018-02-28 22:24:49,0.00316600,12.58000000
2018-02-28 22:24:49,0.00316600,1.00000000
2018-02-28 22:24:50,0.00316600,2.37000000
2018-02-28 22:24:50,0.00316600,9.43000000
2018-02-28 22:24:50,0.00316600,3.00000000
2018-02-28 22:24:50,0.00316600,9.43000000
2018-02-28 22:24:50,0.00316600,21.27000000
2018-02-28 22:24:51,0.00316600,6.41000000
2018-02-28 22:24:51,0.00316600,9.43000000
2018-02-28 22:24:51,0.00316600,11.00000000
2018-02-28 22:24:51,0.00316600,18.25000000
2018-02-28 22:24:51,0.00316600,7.74000000
2018-02-28 22:24:51,0.00316500,0.66000000
2018-02-28 22:24:51,0.00316500,9.43000000
2018-02-28 22:24:51,0.00316500,9.44000000
2018-02-28 22:24:51,0.00316500,3.00000000
2018-02-28 22:24:52,0.00316500,9.20000000
2018-02-28 22:24:52,0.00316600,2.41000000
2018-02-28 22:24:52,0.00316600,31.06000000
2018-02-28 22:24:52,0.00316500,22.25000000
2018-02-28 22:24:52,0.00317100,5.87000000
2018-02-28 22:24:53,0.00316900,1.48000000
2018-02-28 22:24:57,0.00317000,1.57000000
2018-02-28 22:24:57,0.00317100,3.14000000
2018-02-28 22:24:58,0.00317100,4.33000000
2018-02-28 22:25:00,0.00317000,4.49000000
2018-02-28 22:25:01,0.00317000,6.83000000
2018-02-28 22:25:02,0.00317000,37.85000000
2018-02-28 22:25:02,0.00317000,6.82000000
2018-02-28 22:25:03,0.00317000,6.82000000
2018-02-28 22:25:05,0.00317000,6.82000000
2018-02-28 22:25:06,0.00317000,2.14000000
2018-02-28 22:25:08,0.00317000,1.18000000
2018-02-28 22:25:08,0.00317000,12.61000000
2018-02-28 22:25:08,0.00317000,9.44000000
2018-02-28 22:25:08,0.00317000,9.44000000
2018-02-28 22:25:08,0.00317000,6.62000000
2018-02-28 22:25:09,0.00317600,9.19000000
2018-02-28 22:25:09,0.00317100,1.00000000
2018-02-28 22:25:09,0.00317600,9.19000000
2018-02-28 22:25:09,0.00317600,9.44000000
2018-02-28 22:25:09,0.00317500,9.43000000
2018-02-28 22:25:09,0.00317500,9.19000000
2018-02-28 22:25:09,0.00317500,9.19000000
2018-02-28 22:25:10,0.00317500,9.19000000
2018-02-28 22:25:10,0.00317500,4.99000000
2018-02-28 22:25:11,0.00317500,7.90000000
2018-02-28 22:25:11,0.00317600,1.53000000
2018-02-28 22:25:11,0.00317600,9.19000000
2018-02-28 22:25:11,0.00317600,4.99000000
2018-02-28 22:25:11,0.00317600,9.19000000
2018-02-28 22:25:12,0.00317600,9.19000000
2018-02-28 22:25:12,0.00317700,5.71000000
2018-02-28 22:25:14,0.00317600,1.93000000
2018-02-28 22:25:14,0.00317600,4.99000000
2018-02-28 22:25:25,0.00317500,9.19000000
2018-02-28 22:25:25,0.00317500,1.81000000
2018-02-28 22:25:26,0.00317500,7.94000000
2018-02-28 22:25:28,0.00317500,9.44000000
2018-02-28 22:25:33,0.00317500,3.14000000
2018-02-28 22:25:37,0.00317500,4.15000000
2018-02-28 22:25:38,0.00317500,0.52000000
2018-02-28 22:25:51,0.00317500,24.26000000
2018-02-28 22:26:01,0.00317600,2.72000000
2018-02-28 22:26:13,0.00317500,1.00000000
2018-02-28 22:26:13,0.00317600,1.85000000
2018-02-28 22:26:19,0.00317500,8.82000000
2018-02-28 22:26:19,0.00317600,7.18000000
2018-02-28 22:26:20,0.00317600,16.40000000
2018-02-28 22:26:21,0.00317500,0.58000000
2018-02-28 22:26:27,0.00317500,0.53000000
2018-02-28 22:26:35,0.00317100,0.57000000
2018-02-28 22:26:37,0.00317500,1.47000000
2018-02-28 22:26:43,0.00317100,0.78000000
2018-02-28 22:26:43,0.00316900,20.71000000
2018-02-28 22:26:43,0.00316800,9.46000000
2018-02-28 22:26:43,0.00316200,28.05000000
2018-02-28 22:26:50,0.00317300,1.37000000
2018-02-28 22:26:53,0.00316700,3.15000000
2018-02-28 22:26:53,0.00316500,10.85000000
2018-02-28 22:26:55,0.00317100,0.95000000
2018-02-28 22:26:56,0.00317100,3.15000000
2018-02-28 22:26:57,0.00317100,0.68000000
2018-02-28 22:27:03,0.00317000,0.01000000
2018-02-28 22:27:04,0.00317000,3.00000000
2018-02-28 22:27:08,0.00317000,0.14000000
2018-02-28 22:27:12,0.00317500,1.00000000
2018-02-28 22:27:12,0.00317000,1.91000000
2018-02-28 22:27:12,0.00316800,21.19000000
2018-02-28 22:27:12,0.00316300,31.64000000
2018-02-28 22:27:14,0.00317000,9.46000000
2018-02-28 22:27:15,0.00317000,0.82000000
2018-02-28 22:27:17,0.00316300,1.52000000
2018-02-28 22:27:17,0.00316900,2.04000000
2018-02-28 22:27:18,0.00316800,0.94000000
2018-02-28 22:27:22,0.00316800,0.01000000
2018-02-28 22:27:22,0.00316900,2.64000000
2018-02-28 22:27:22,0.00317000,5.35000000
2018-02-28 22:27:24,0.00317000,0.49000000
2018-02-28 22:27:32,0.00317000,4.16000000
2018-02-28 22:27:32,0.00317100,1.48000000
2018-02-28 22:27:32,0.00317400,2.36000000
2018-02-28 22:27:33,0.00317400,6.30000000
2018-02-28 22:27:35,0.00316600,3.15000000
2018-02-28 22:27:35,0.00316500,9.47000000
2018-02-28 22:27:35,0.00316400,129.81000000
2018-02-28 22:27:36,0.00316400,2.36000000
2018-02-28 22:27:36,0.00316400,14.05000000
2018-02-28 22:27:36,0.00317300,3.15000000
2018-02-28 22:27:36,0.00317400,5.03000000
2018-02-28 22:27:36,0.00317400,3.16000000
2018-02-28 22:27:39,0.00316800,3.15000000
2018-02-28 22:27:39,0.00316600,0.83000000
2018-02-28 22:27:39,0.00316400,19.41000000
2018-02-28 22:27:48,0.00317000,6.30000000
2018-02-28 22:27:54,0.00317000,1.99000000
2018-02-28 22:27:56,0.00317000,1.18000000
2018-02-28 22:27:56,0.00317100,0.80000000
2018-02-28 22:27:58,0.00317100,1.98000000
2018-02-28 22:28:02,0.00317000,0.35000000
2018-02-28 22:28:04,0.00316900,2.53000000
2018-02-28 22:28:04,0.00317000,2.82000000
2018-02-28 22:28:04,0.00317100,0.37000000
2018-02-28 22:28:04,0.00317200,1.48000000
2018-02-28 22:28:04,0.00317500,0.80000000
2018-02-28 22:28:07,0.00317000,3.25000000
2018-02-28 22:28:07,0.00317000,4.47000000
2018-02-28 22:28:09,0.00317000,7.69000000
2018-02-28 22:28:10,0.00317000,1.46000000
2018-02-28 22:28:21,0.00317400,3.11000000
2018-02-28 22:28:25,0.00317000,3.13000000
2018-02-28 22:28:32,0.00317000,0.56000000
2018-02-28 22:28:37,0.00317000,3.15000000
2018-02-28 22:28:41,0.00316500,76.13000000
2018-02-28 22:28:49,0.00317000,1.76000000
2018-02-28 22:28:49,0.00317300,5.06000000
2018-02-28 22:28:50,0.00317400,6.82000000
2018-02-28 22:28:51,0.00316700,3.15000000
2018-02-28 22:28:51,0.00316600,1.48000000
2018-02-28 22:28:51,0.00316500,40.65000000
2018-02-28 22:28:51,0.00316500,6.82000000
2018-02-28 22:28:51,0.00316500,25.02000000
2018-02-28 22:28:51,0.00316500,48.87000000
2018-02-28 22:28:52,0.00317400,15.80000000
2018-02-28 22:28:52,0.00316900,3.15000000
2018-02-28 22:28:52,0.00317100,1.48000000
2018-02-28 22:28:52,0.00317400,7.88000000
2018-02-28 22:28:54,0.00317400,4.58000000
2018-02-28 22:28:55,0.00317400,9.00000000
2018-02-28 22:28:55,0.00317400,4.58000000
2018-02-28 22:28:56,0.00317400,4.58000000
2018-02-28 22:28:58,0.00317400,2.53000000
2018-02-28 22:29:12,0.00317400,15.75000000
2018-02-28 22:29:13,0.00317400,0.92000000
2018-02-28 22:29:16,0.00317000,1.92000000
2018-02-28 22:29:54,0.00317400,6.01000000
2018-02-28 22:29:57,0.00317400,5.53000000
2018-02-28 22:29:58,0.00317400,5.09000000
2018-02-28 22:29:59,0.00317400,38.86000000
2018-02-28 22:29:59,0.00317400,5.09000000
2018-02-28 22:30:00,0.00317400,5.09000000
2018-02-28 22:30:02,0.00317400,4.67000000
2018-02-28 22:30:03,0.00317400,3.87000000
2018-02-28 22:30:04,0.00317400,2.18000000
2018-02-28 22:30:06,0.00317500,5.39000000
2018-02-28 22:30:12,0.00317600,1.80000000
2018-02-28 22:30:12,0.00317700,0.17000000
2018-02-28 22:30:14,0.00317700,5.42000000
2018-02-28 22:30:15,0.00317700,4.69000000
2018-02-28 22:30:16,0.00317700,4.32000000
2018-02-28 22:30:17,0.00317000,5.29000000
2018-02-28 22:30:39,0.00317400,0.50000000
2018-02-28 22:30:41,0.00317400,0.87000000
2018-02-28 22:30:41,0.00317500,5.26000000
2018-02-28 22:30:42,0.00317500,6.00000000
2018-02-28 22:30:43,0.00317500,5.64000000
2018-02-28 22:30:45,0.00317500,1.26000000
2018-02-28 22:30:45,0.00317700,5.57000000
2018-02-28 22:30:46,0.00317700,5.59000000
2018-02-28 22:30:56,0.00317600,3.10000000
2018-02-28 22:31:15,0.00317600,4.91000000
2018-02-28 22:31:17,0.00317000,102.28000000
2018-02-28 22:31:17,0.00316900,2.45000000
2018-02-28 22:31:17,0.00316700,33.59000000
2018-02-28 22:31:17,0.00316500,8.21000000
2018-02-28 22:31:17,0.00316300,6.77000000
2018-02-28 22:31:17,0.00316200,116.92000000
2018-02-28 22:31:17,0.00317600,21.67000000
2018-02-28 22:31:19,0.00317600,9.46000000
2018-02-28 22:31:21,0.00317700,1.48000000
2018-02-28 22:31:21,0.00317800,1.10000000
2018-02-28 22:31:34,0.00317700,3.14000000
2018-02-28 22:31:38,0.00317800,9.44000000
2018-02-28 22:31:41,0.00317800,4.15000000
2018-02-28 22:31:45,0.00317700,1.58000000
2018-02-28 22:31:48,0.00317700,1.79000000
2018-02-28 22:31:48,0.00317300,0.77000000
2018-02-28 22:31:55,0.00317300,1.81000000
2018-02-28 22:31:58,0.00317700,9.00000000
2018-02-28 22:32:02,0.00317700,0.69000000
2018-02-28 22:32:06,0.00317700,5.25000000
2018-02-28 22:32:10,0.00317700,3.75000000
2018-02-28 22:32:10,0.00317700,5.00000000
2018-02-28 22:32:18,0.00317400,10.25000000
2018-02-28 22:32:18,0.00317700,18.36000000
2018-02-28 22:32:21,0.00317700,0.78000000
2018-02-28 22:32:22,0.00317400,46.30000000
2018-02-28 22:32:22,0.00317300,0.03000000
2018-02-28 22:32:22,0.00317300,1.00000000
2018-02-28 22:32:24,0.00317700,8.22000000
2018-02-28 22:32:24,0.00317700,6.29000000
2018-02-28 22:32:26,0.00317700,3.00000000
2018-02-28 22:32:29,0.00317600,1.01000000
2018-02-28 22:32:31,0.00317300,5.37000000
2018-02-28 22:32:34,0.00317600,2.75000000
2018-02-28 22:32:36,0.00317600,1.94000000
2018-02-28 22:32:36,0.00317500,4.28000000
2018-02-28 22:32:36,0.00317200,24.48000000
2018-02-28 22:32:41,0.00317200,1.00000000
2018-02-28 22:32:41,0.00317200,5.91000000
2018-02-28 22:32:41,0.00317200,55.09000000
2018-02-28 22:32:41,0.00317600,15.76000000
2018-02-28 22:32:42,0.00317600,11.71000000
2018-02-28 22:32:42,0.00317700,19.81000000
2018-02-28 22:32:42,0.00317700,13.82000000
2018-02-28 22:32:59,0.00317700,0.53000000
2018-02-28 22:32:59,0.00317200,3.20000000
2018-02-28 22:33:01,0.00317800,0.02000000
2018-02-28 22:33:04,0.00317200,7.14000000
2018-02-28 22:33:04,0.00317200,7.00000000
2018-02-28 22:33:08,0.00317800,9.77000000
2018-02-28 22:33:08,0.00317300,0.77000000
2018-02-28 22:33:12,0.00317800,14.58000000
2018-02-28 22:33:12,0.00317900,58.15000000
2018-02-28 22:33:12,0.00318000,2.42000000
2018-02-28 22:33:19,0.00318000,9.31000000
2018-02-28 22:33:39,0.00318000,55.25000000
2018-02-28 22:33:44,0.00318000,18.29000000
2018-02-28 22:33:45,0.00317800,1.24000000
2018-02-28 22:33:51,0.00317800,6.06000000
2018-02-28 22:33:51,0.00317800,4.80000000
2018-02-28 22:33:54,0.00317800,9.43000000
2018-02-28 22:33:55,0.00317800,4.98000000
2018-02-28 22:33:57,0.00317800,0.47000000
2018-02-28 22:34:06,0.00318000,0.96000000
2018-02-28 22:34:23,0.00317800,6.29000000
2018-02-28 22:34:25,0.00318000,4.46000000
2018-02-28 22:34:26,0.00318000,13.65000000
2018-02-28 22:34:30,0.00318000,1.52000000
2018-02-28 22:34:31,0.00318000,12.45000000
2018-02-28 22:34:31,0.00318000,3.14000000
2018-02-28 22:34:32,0.00318000,3.14000000
2018-02-28 22:34:35,0.00318000,1.64000000
2018-02-28 22:34:35,0.00318000,3.14000000
2018-02-28 22:34:36,0.00317800,7.72000000
2018-02-28 22:34:36,0.00317600,14.70000000
2018-02-28 22:34:39,0.00318000,41.75000000
2018-02-28 22:34:44,0.00318000,0.91000000
2018-02-28 22:34:47,0.00318000,1.32000000
2018-02-28 22:34:54,0.00317600,0.54000000
2018-02-28 22:35:07,0.00317900,1.11000000
2018-02-28 22:35:13,0.00317900,7.84000000
2018-02-28 22:35:13,0.00317900,8.00000000
2018-02-28 22:35:14,0.00317900,55.63000000
2018-02-28 22:35:14,0.00318000,34.94000000
2018-02-28 22:35:14,0.00318000,8.00000000
2018-02-28 22:35:15,0.00318000,16.07000000
2018-02-28 22:35:15,0.00318100,8.68000000
2018-02-28 22:35:20,0.00317600,13.71000000
2018-02-28 22:35:22,0.00318100,0.65000000
2018-02-28 22:35:25,0.00318000,9.58000000
2018-02-28 22:35:26,0.00318000,13.71000000
2018-02-28 22:35:41,0.00318100,2.52000000
2018-02-28 22:35:46,0.00318000,11.21000000
2018-02-28 22:35:55,0.00318100,37.45000000
2018-02-28 22:35:58,0.00318100,8.00000000
2018-02-28 22:35:58,0.00318100,10.75000000
2018-02-28 22:35:58,0.00318200,88.72000000
2018-02-28 22:35:58,0.00318300,87.23000000
2018-02-28 22:35:58,0.00318400,170.00000000
2018-02-28 22:35:59,0.00318400,1.00000000
2018-02-28 22:36:01,0.00318400,61.74000000
2018-02-28 22:36:07,0.00318000,5.32000000
2018-02-28 22:36:13,0.00318100,3.33000000
2018-02-28 22:36:14,0.00318100,4.65000000
2018-02-28 22:36:15,0.00318100,6.43000000
2018-02-28 22:36:15,0.00318000,2.57000000
2018-02-28 22:36:27,0.00318300,1.59000000
2018-02-28 22:36:27,0.00318400,0.91000000
2018-02-28 22:36:28,0.00318400,14.70000000
2018-02-28 22:36:29,0.00318400,1.61000000
2018-02-28 22:36:31,0.00318400,0.85000000
2018-02-28 22:36:35,0.00318400,3.14000000
2018-02-28 22:36:50,0.00318400,285.04000000
2018-02-28 22:36:50,0.00318500,42.47000000
2018-02-28 22:36:50,0.00318600,2.56000000
2018-02-28 22:36:50,0.00318700,24.71000000
2018-02-28 22:36:50,0.00318800,75.00000000
2018-02-28 22:36:50,0.00318900,51.84000000
2018-02-28 22:36:50,0.00319000,12.62000000
2018-02-28 22:36:50,0.00319100,66.80000000
2018-02-28 22:36:50,0.00319200,10.00000000
2018-02-28 22:36:50,0.00319300,321.04000000
2018-02-28 22:36:51,0.00318600,3.13000000
2018-02-28 22:36:51,0.00318400,48.88000000
2018-02-28 22:36:52,0.00318400,1.48000000
2018-02-28 22:36:54,0.00318800,3.13000000
2018-02-28 22:36:54,0.00319300,11.15000000
2018-02-28 22:37:19,0.00318700,60.36000000
2018-02-28 22:37:34,0.00318700,26.32000000
2018-02-28 22:37:34,0.00318800,7.29000000
2018-02-28 22:37:35,0.00318800,0.40000000
2018-02-28 22:37:39,0.00318700,1.99000000
2018-02-28 22:37:39,0.00318700,0.34000000
2018-02-28 22:37:41,0.00319100,7.10000000
2018-02-28 22:37:41,0.00319100,1.25000000
2018-02-28 22:37:47,0.00318300,0.78000000
2018-02-28 22:38:03,0.00318900,27.08000000
2018-02-28 22:38:03,0.00319100,4.33000000
2018-02-28 22:38:04,0.00319200,0.34000000
2018-02-28 22:38:05,0.00319200,1.90000000
2018-02-28 22:38:05,0.00319200,0.51000000
2018-02-28 22:38:05,0.00319200,1.46000000
2018-02-28 22:38:05,0.00319200,26.32000000
2018-02-28 22:38:06,0.00319200,1.00000000
2018-02-28 22:38:07,0.00319200,6.25000000
2018-02-28 22:38:07,0.00319300,0.94000000
2018-02-28 22:38:09,0.00319200,1.07000000
2018-02-28 22:38:09,0.00319200,5.63000000
2018-02-28 22:38:09,0.00319200,26.61000000
2018-02-28 22:38:11,0.00318500,0.63000000
2018-02-28 22:38:16,0.00318500,0.76000000
2018-02-28 22:38:21,0.00319200,7.75000000
2018-02-28 22:38:22,0.00318700,0.34000000
2018-02-28 22:38:23,0.00319200,2.56000000
2018-02-28 22:38:34,0.00318700,0.34000000
2018-02-28 22:38:35,0.00319100,0.76000000
2018-02-28 22:38:35,0.00319100,0.34000000
2018-02-28 22:38:37,0.00319200,21.68000000
2018-02-28 22:38:41,0.00319100,3.08000000
2018-02-28 22:38:41,0.00319100,9.32000000
2018-02-28 22:38:41,0.00318700,7.49000000
2018-02-28 22:38:41,0.00319100,0.34000000
2018-02-28 22:38:42,0.00319100,4.66000000
2018-02-28 22:38:43,0.00319100,2.83000000
2018-02-28 22:38:43,0.00319100,0.34000000
2018-02-28 22:38:45,0.00319100,2.23000000
2018-02-28 22:38:50,0.00319100,29.07000000
2018-02-28 22:38:51,0.00319100,64.46000000
2018-02-28 22:38:53,0.00319100,0.01000000
2018-02-28 22:39:07,0.00318500,1.28000000
2018-02-28 22:39:11,0.00318500,8.13000000
2018-02-28 22:39:11,0.00318400,10.05000000
2018-02-28 22:39:16,0.00318400,0.89000000
2018-02-28 22:39:23,0.00318400,1.00000000
2018-02-28 22:39:31,0.00318400,2.82000000
2018-02-28 22:39:43,0.00318400,2.25000000
2018-02-28 22:39:48,0.00318400,5.00000000
2018-02-28 22:39:50,0.00318800,7.51000000
2018-02-28 22:39:50,0.00318900,0.31000000
2018-02-28 22:40:17,0.00318900,9.27000000
2018-02-28 22:40:26,0.00318900,29.40000000
2018-02-28 22:40:31,0.00318400,0.46000000
2018-02-28 22:40:37,0.00318900,9.82000000
2018-02-28 22:41:06,0.00318900,7.08000000
2018-02-28 22:41:20,0.00318900,11.57000000
2018-02-28 22:41:22,0.00318900,9.98000000
2018-02-28 22:41:28,0.00318900,1.72000000
2018-02-28 22:41:46,0.00318800,26.32000000
2018-02-28 22:41:47,0.00318800,0.34000000
2018-02-28 22:41:50,0.00318800,16.00000000
2018-02-28 22:41:54,0.00318800,3.53000000
2018-02-28 22:42:07,0.00318700,0.70000000
2018-02-28 22:42:10,0.00318500,2.33000000
2018-02-28 22:42:10,0.00318400,2.75000000
2018-02-28 22:42:12,0.00318400,8.18000000
2018-02-28 22:42:12,0.00318200,26.91000000
2018-02-28 22:42:12,0.00318100,63.77000000
2018-02-28 22:42:12,0.00318000,168.07000000
2018-02-28 22:42:12,0.00317800,18.07000000
2018-02-28 22:42:15,0.00318600,9.40000000
2018-02-28 22:42:16,0.00318600,9.40000000
2018-02-28 22:42:40,0.00318100,3.30000000
2018-02-28 22:42:48,0.00318100,0.70000000
2018-02-28 22:43:09,0.00318100,1.80000000
2018-02-28 22:43:18,0.00318100,50.83000000
2018-02-28 22:43:18,0.00317700,0.62000000
2018-02-28 22:43:18,0.00317500,3.17000000
2018-02-28 22:43:18,0.00317400,11.39000000
2018-02-28 22:43:18,0.00317300,22.45000000
2018-02-28 22:43:18,0.00317200,120.00000000
2018-02-28 22:43:18,0.00317100,9.79000000
2018-02-28 22:43:18,0.00317000,24.28000000
2018-02-28 22:43:18,0.00316900,1.57000000
2018-02-28 22:43:18,0.00316800,466.75000000
2018-02-28 22:43:18,0.00316700,504.73000000
2018-02-28 22:43:18,0.00316600,90.44000000
2018-02-28 22:43:18,0.00316500,0.88000000
2018-02-28 22:43:18,0.00316400,110.12000000
2018-02-28 22:43:18,0.00316300,89.16000000
2018-02-28 22:43:18,0.00316200,0.41000000
2018-02-28 22:43:18,0.00316100,31.63000000
2018-02-28 22:43:18,0.00316000,39.64000000
2018-02-28 22:43:18,0.00315900,1.82000000
2018-02-28 22:43:18,0.00315800,105.00000000
2018-02-28 22:43:18,0.00315700,0.41000000
2018-02-28 22:43:18,0.00315600,13.10000000
2018-02-28 22:43:18,0.00315500,364.86000000
2018-02-28 22:43:18,0.00315300,0.41000000
2018-02-28 22:43:18,0.00315200,1135.90000000
2018-02-28 22:43:18,0.00315000,300.64000000
2018-02-28 22:43:18,0.00317500,31.56000000
2018-02-28 22:43:19,0.00317100,5.70000000
2018-02-28 22:43:19,0.00317100,0.90000000
2018-02-28 22:43:19,0.00318400,0.59000000
2018-02-28 22:43:20,0.00317200,0.83000000
2018-02-28 22:43:20,0.00318300,1.15000000
2018-02-28 22:43:20,0.00318200,0.32000000
2018-02-28 22:43:21,0.00318200,2.50000000
2018-02-28 22:43:21,0.00317600,4.77000000
2018-02-28 22:43:23,0.00318000,0.32000000
2018-02-28 22:43:23,0.00318000,2.54000000
2018-02-28 22:43:23,0.00317800,1.48000000
2018-02-28 22:43:23,0.00318000,1.02000000
2018-02-28 22:43:23,0.00318000,2.71000000
2018-02-28 22:43:23,0.00318100,0.62000000
2018-02-28 22:43:23,0.00317300,1.90000000
2018-02-28 22:43:24,0.00317600,17.99000000
2018-02-28 22:43:24,0.00317600,13.49000000
2018-02-28 22:43:24,0.00318200,1.24000000
2018-02-28 22:43:24,0.00318300,6.96000000
2018-02-28 22:43:24,0.00318400,9.79000000
2018-02-28 22:43:25,0.00318300,31.50000000
2018-02-28 22:43:26,0.00318100,4.31000000
2018-02-28 22:43:26,0.00318100,2.50000000
2018-02-28 22:43:26,0.00318000,31.60000000
2018-02-28 22:43:26,0.00318100,24.82000000
2018-02-28 22:43:26,0.00318300,20.52000000
2018-02-28 22:43:27,0.00317600,9.44000000
2018-02-28 22:43:27,0.00317500,26.94000000
2018-02-28 22:43:27,0.00317400,55.26000000
2018-02-28 22:43:28,0.00317400,252.12000000
2018-02-28 22:43:28,0.00317400,61.62000000
2018-02-28 22:43:28,0.00317400,31.50000000
2018-02-28 22:43:28,0.00317400,33.17000000
2018-02-28 22:43:28,0.00317700,0.51000000
2018-02-28 22:43:29,0.00317700,0.38000000
2018-02-28 22:43:29,0.00317700,1.62000000
2018-02-28 22:43:30,0.00317700,1.46000000
2018-02-28 22:43:32,0.00318200,5.76000000
2018-02-28 22:43:32,0.00317700,0.41000000
2018-02-28 22:43:34,0.00318000,2.40000000
2018-02-28 22:43:45,0.00318000,2.40000000
2018-02-28 22:43:46,0.00317800,1.13000000
2018-02-28 22:43:46,0.00317800,16.82000000
2018-02-28 22:43:46,0.00317900,1.13000000
2018-02-28 22:43:47,0.00317900,2.30000000
2018-02-28 22:43:49,0.00317900,2.40000000
2018-02-28 22:43:52,0.00317900,2.40000000
2018-02-28 22:43:52,0.00317900,1.95000000
2018-02-28 22:43:53,0.00317900,0.70000000
2018-02-28 22:43:54,0.00317900,2.40000000
2018-02-28 22:43:56,0.00317900,2.30000000
2018-02-28 22:43:58,0.00317900,2.30000000
2018-02-28 22:44:00,0.00317900,42.56000000
2018-02-28 22:44:01,0.00317900,2.40000000
2018-02-28 22:44:13,0.00317700,2.58000000
2018-02-28 22:44:13,0.00317700,0.39000000
2018-02-28 22:44:13,0.00317700,5.94000000
2018-02-28 22:44:14,0.00317500,0.70000000
2018-02-28 22:44:16,0.00317500,3.27000000
2018-02-28 22:44:16,0.00317600,36.48000000
2018-02-28 22:44:32,0.00317600,1.26000000
2018-02-28 22:44:35,0.00317600,1.08000000
2018-02-28 22:44:35,0.00317700,19.29000000
2018-02-28 22:44:37,0.00317700,1.26000000
2018-02-28 22:44:39,0.00317700,1.26000000
2018-02-28 22:44:41,0.00317700,12.59000000
2018-02-28 22:44:42,0.00317700,5.69000000
2018-02-28 22:44:44,0.00317700,12.59000000
2018-02-28 22:44:46,0.00317700,12.59000000
2018-02-28 22:44:48,0.00317700,12.14000000
2018-02-28 22:44:49,0.00317700,10.70000000
2018-02-28 22:44:50,0.00317800,3.59000000
2018-02-28 22:44:54,0.00317800,1.26000000
2018-02-28 22:44:56,0.00317800,0.14000000
2018-02-28 22:45:05,0.00318000,4.98000000
2018-02-28 22:45:25,0.00318000,0.11000000
2018-02-28 22:45:25,0.00318300,0.41000000
2018-02-28 22:45:25,0.00318400,0.18000000
2018-02-28 22:45:36,0.00318400,8.27000000
2018-02-28 22:45:41,0.00318200,15.71000000
2018-02-28 22:45:42,0.00318100,10.00000000
2018-02-28 22:45:49,0.00318200,3.37000000
2018-02-28 22:45:53,0.00318200,0.45000000
2018-02-28 22:45:56,0.00318100,0.24000000
2018-02-28 22:45:59,0.00318100,1.80000000
2018-02-28 22:46:11,0.00318200,0.34000000
2018-02-28 22:46:12,0.00318200,6.52000000
2018-02-28 22:46:12,0.00318500,130.36000000
2018-02-28 22:46:12,0.00318600,120.10000000
2018-02-28 22:46:12,0.00318700,3.34000000
2018-02-28 22:46:12,0.00318800,1.48000000
2018-02-28 22:46:12,0.00318900,2.90000000
2018-02-28 22:46:12,0.00319000,25.30000000
2018-02-28 22:46:14,0.00318300,0.34000000
2018-02-28 22:46:15,0.00318300,1.00000000
2018-02-28 22:46:23,0.00318200,1.87000000
2018-02-28 22:46:36,0.00318200,0.70000000
2018-02-28 22:46:37,0.00318600,26.35000000
2018-02-28 22:46:37,0.00318700,11.34000000
2018-02-28 22:46:37,0.00318800,4.14000000
2018-02-28 22:46:37,0.00319000,4.39000000
2018-02-28 22:46:37,0.00319000,0.59000000
2018-02-28 22:46:37,0.00319000,13.96000000
2018-02-28 22:46:37,0.00319000,2.58000000
2018-02-28 22:46:37,0.00319000,65.77000000
2018-02-28 22:46:37,0.00319000,39.99000000
2018-02-28 22:46:37,0.00319000,15.67000000
2018-02-28 22:46:37,0.00319000,0.34000000
2018-02-28 22:46:38,0.00319000,14.88000000
2018-02-28 22:46:45,0.00318500,2.20000000
2018-02-28 22:46:46,0.00318500,24.15000000
2018-02-28 22:46:50,0.00319000,6.33000000
2018-02-28 22:46:54,0.00318700,1.62000000
2018-02-28 22:47:09,0.00318500,10.00000000
2018-02-28 22:47:21,0.00318500,0.58000000
2018-02-28 22:47:35,0.00318600,1.57000000
2018-02-28 22:47:39,0.00318500,3.11000000
2018-02-28 22:47:44,0.00318500,26.35000000
2018-02-28 22:47:49,0.00318600,16.39000000
2018-02-28 22:48:00,0.00318600,33.61000000
2018-02-28 22:48:00,0.00318500,5.43000000
2018-02-28 22:48:03,0.00318500,0.66000000
2018-02-28 22:48:04,0.00317900,1.99000000
2018-02-28 22:48:21,0.00317900,7.05000000
2018-02-28 22:48:21,0.00317900,2.00000000
2018-02-28 22:48:23,0.00317900,3.22000000
2018-02-28 22:48:26,0.00317900,5.87000000
2018-02-28 22:48:38,0.00318400,5.76000000
2018-02-28 22:48:49,0.00317800,1.73000000
2018-02-28 22:48:50,0.00317800,117.62000000
2018-02-28 22:48:50,0.00317700,63.28000000
2018-02-28 22:48:50,0.00317600,7.12000000
2018-02-28 22:48:50,0.00317300,9.82000000
2018-02-28 22:48:50,0.00317200,0.70000000
2018-02-28 22:48:50,0.00317100,0.63000000
2018-02-28 22:48:50,0.00317000,20.00000000
2018-02-28 22:48:50,0.00316900,63.67000000
2018-02-28 22:48:50,0.00316800,1.97000000
2018-02-28 22:48:50,0.00316700,31.57000000
2018-02-28 22:48:50,0.00316600,31.58000000
2018-02-28 22:48:50,0.00316500,0.79000000
2018-02-28 22:48:50,0.00316300,50.90000000
2018-02-28 22:48:50,0.00317600,2.50000000
2018-02-28 22:48:52,0.00317600,10.81000000
2018-02-28 22:48:52,0.00317600,24.76000000
2018-02-28 22:48:53,0.00317600,0.54000000
2018-02-28 22:48:56,0.00317800,1.57000000
2018-02-28 22:48:57,0.00317800,9.43000000
2018-02-28 22:49:00,0.00317700,15.77000000
2018-02-28 22:49:02,0.00317700,15.80000000
2018-02-28 22:49:06,0.00317700,1.57000000
2018-02-28 22:49:06,0.00317800,0.94000000
2018-02-28 22:49:06,0.00317800,0.94000000
2018-02-28 22:49:06,0.00317800,0.94000000
2018-02-28 22:49:06,0.00317800,0.94000000
2018-02-28 22:49:09,0.00317800,3.14000000
2018-02-28 22:49:12,0.00317700,50.44000000
2018-02-28 22:49:20,0.00317700,55.79000000
2018-02-28 22:49:25,0.00317800,40.90000000
2018-02-28 22:49:25,0.00317800,8.68000000
2018-02-28 22:49:31,0.00317800,25.17000000
2018-02-28 22:49:39,0.00317800,37.75000000
2018-02-28 22:49:45,0.00317800,39.58000000
2018-02-28 22:49:46,0.00317800,39.60000000
2018-02-28 22:49:46,0.00317900,1.30000000
2018-02-28 22:49:52,0.00317700,13.31000000
2018-02-28 22:50:02,0.00317900,0.38000000
2018-02-28 22:50:03,0.00317900,2.62000000
2018-02-28 22:50:09,0.00317700,5.00000000
2018-02-28 22:50:11,0.00317800,9.43000000
2018-02-28 22:50:22,0.00317800,2.50000000
2018-02-28 22:50:23,0.00317800,1.01000000
2018-02-28 22:50:25,0.00317800,2.50000000
2018-02-28 22:50:28,0.00317700,2.78000000
2018-02-28 22:50:29,0.00317800,0.68000000
2018-02-28 22:50:29,0.00317900,1.18000000
2018-02-28 22:50:33,0.00317900,2.40000000
2018-02-28 22:50:40,0.00317900,1.32000000
2018-02-28 22:50:45,0.00317900,64.30000000
2018-02-28 22:50:48,0.00317900,1.08000000
2018-02-28 22:50:53,0.00318000,1.33000000
2018-02-28 22:50:58,0.00317400,9.17000000
2018-02-28 22:50:59,0.00317400,1.01000000
2018-02-28 22:51:00,0.00317300,0.25000000
2018-02-28 22:51:13,0.00317900,2.73000000
2018-02-28 22:51:15,0.00317900,1.26000000
2018-02-28 22:51:18,0.00317900,1.26000000
2018-02-28 22:51:19,0.00317400,1.00000000
2018-02-28 22:51:21,0.00317900,9.41000000
2018-02-28 22:51:23,0.00317900,9.41000000
2018-02-28 22:51:29,0.00317900,75.49000000
2018-02-28 22:51:31,0.00317900,116.34000000
2018-02-28 22:51:34,0.00317500,15.45000000
2018-02-28 22:51:34,0.00317400,4.83000000
2018-02-28 22:51:35,0.00317900,81.78000000
2018-02-28 22:51:36,0.00317500,11.45000000
2018-02-28 22:51:36,0.00317500,11.46000000
2018-02-28 22:51:40,0.00317500,0.72000000
2018-02-28 22:51:41,0.00317500,30.93000000
2018-02-28 22:51:41,0.00317800,3.13000000
2018-02-28 22:51:41,0.00317900,19.48000000
2018-02-28 22:52:02,0.00317900,0.68000000
2018-02-28 22:52:03,0.00317500,4.49000000
2018-02-28 22:52:06,0.00317500,16.00000000
2018-02-28 22:52:06,0.00317900,51.25000000
2018-02-28 22:52:10,0.00317500,0.72000000
2018-02-28 22:52:12,0.00317500,1.00000000
2018-02-28 22:52:13,0.00317500,3.46000000
2018-02-28 22:52:16,0.00317500,1.24000000
2018-02-28 22:52:36,0.00317500,0.02000000
2018-02-28 22:52:38,0.00317900,0.72000000
2018-02-28 22:52:45,0.00317900,0.62000000
2018-02-28 22:52:47,0.00317500,10.00000000
2018-02-28 22:53:02,0.00317600,0.77000000
2018-02-28 22:53:05,0.00317600,2.27000000
2018-02-28 22:53:13,0.00317600,14.66000000
2018-02-28 22:53:15,0.00317600,0.02000000
2018-02-28 22:53:15,0.00317500,2.98000000
2018-02-28 22:53:27,0.00317800,23.60000000
2018-02-28 22:53:28,0.00317500,0.56000000
2018-02-28 22:53:44,0.00317500,78.69000000
2018-02-28 22:53:50,0.00317500,5.31000000
2018-02-28 22:53:58,0.00317700,116.46000000
2018-02-28 22:54:12,0.00317700,1.15000000
2018-02-28 22:54:12,0.00317500,0.40000000
2018-02-28 22:54:15,0.00317500,4.38000000
2018-02-28 22:54:15,0.00317500,2.19000000
2018-02-28 22:54:16,0.00317500,0.32000000
2018-02-28 22:54:17,0.00317500,0.40000000
2018-02-28 22:54:17,0.00317500,10.19000000
2018-02-28 22:54:18,0.00317500,0.38000000
2018-02-28 22:54:18,0.00317300,0.02000000
2018-02-28 22:54:19,0.00317300,0.20000000
2018-02-28 22:54:20,0.00317700,0.04000000
2018-02-28 22:54:20,0.00317100,0.40000000
2018-02-28 22:54:23,0.00317600,72.41000000
2018-02-28 22:54:29,0.00317500,5.11000000
2018-02-28 22:54:29,0.00317500,12.83000000
2018-02-28 22:54:29,0.00317600,15.51000000
2018-02-28 22:54:32,0.00317100,0.83000000
2018-02-28 22:54:32,0.00317000,8.17000000
2018-02-28 22:54:35,0.00317500,4.50000000
2018-02-28 22:54:35,0.00317600,11.24000000
2018-02-28 22:54:41,0.00317400,4.50000000
2018-02-28 22:54:41,0.00317500,1.80000000
2018-02-28 22:54:50,0.00317400,6.30000000
2018-02-28 22:54:57,0.00317400,12.60000000
2018-02-28 22:54:58,0.00317400,6.00000000
2018-02-28 22:54:59,0.00317000,1.07000000
2018-02-28 22:54:59,0.00316900,0.62000000
2018-02-28 22:54:59,0.00316700,0.41000000
2018-02-28 22:54:59,0.00316500,0.97000000
2018-02-28 22:54:59,0.00316200,11.33000000
2018-02-28 22:54:59,0.00316000,84.32000000
2018-02-28 22:54:59,0.00317400,5.04000000
2018-02-28 22:55:01,0.00317300,1.83000000
2018-02-28 22:55:02,0.00317100,1.48000000
2018-02-28 22:55:02,0.00317300,1.02000000
2018-02-28 22:55:03,0.00316600,0.07000000
2018-02-28 22:55:05,0.00317300,3.00000000
2018-02-28 22:55:07,0.00317300,3.61000000
2018-02-28 22:55:07,0.00317400,23.98000000
2018-02-28 22:55:07,0.00317500,114.23000000
2018-02-28 22:55:10,0.00317400,1.05000000
2018-02-28 22:55:10,0.00317500,4.84000000
2018-02-28 22:55:14,0.00317500,0.01000000
2018-02-28 22:55:40,0.00317500,4.25000000
2018-02-28 22:55:47,0.00317300,3.60000000
2018-02-28 22:56:23,0.00317300,7.75000000
2018-02-28 22:56:28,0.00317300,1.26000000
2018-02-28 22:56:29,0.00316800,4.00000000
2018-02-28 22:56:30,0.00317000,1.26000000
2018-02-28 22:56:32,0.00317000,12.00000000
2018-02-28 22:56:38,0.00317000,3.00000000
2018-02-28 22:56:41,0.00317000,0.84000000
2018-02-28 22:56:41,0.00317200,2.73000000
2018-02-28 22:56:41,0.00317300,8.43000000
2018-02-28 22:56:47,0.00317000,0.76000000
2018-02-28 22:56:51,0.00317000,5.54000000
2018-02-28 22:56:53,0.00317000,1.32000000
2018-02-28 22:56:59,0.00317000,12.61000000
2018-02-28 22:57:00,0.00317000,6.14000000
2018-02-28 22:57:05,0.00317000,6.30000000
2018-02-28 22:57:13,0.00317000,1.26000000
2018-02-28 22:57:16,0.00317000,7.54000000
2018-02-28 22:57:19,0.00317000,0.25000000
2018-02-28 22:57:24,0.00317000,3.36000000
2018-02-28 22:57:24,0.00316600,86.47000000
2018-02-28 22:57:24,0.00316600,60.79000000
2018-02-28 22:57:25,0.00316500,13.62000000
2018-02-28 22:57:25,0.00317200,62.18000000
2018-02-28 22:57:26,0.00316500,0.42000000
2018-02-28 22:57:26,0.00316300,0.69000000
2018-02-28 22:57:27,0.00316300,1.54000000
2018-02-28 22:57:27,0.00316300,0.51000000
2018-02-28 22:57:27,0.00316200,29.73000000
2018-02-28 22:57:27,0.00316100,96.27000000
2018-02-28 22:57:28,0.00316300,8.73000000
2018-02-28 22:57:28,0.00317000,7.91000000
2018-02-28 22:57:29,0.00316400,0.97000000
2018-02-28 22:57:34,0.00317000,12.61000000
2018-02-28 22:57:40,0.00316900,9.46000000
2018-02-28 22:57:42,0.00316900,0.66000000
2018-02-28 22:57:46,0.00316900,6.31000000
2018-02-28 22:57:49,0.00316400,0.96000000
2018-02-28 22:57:52,0.00316900,12.35000000
2018-02-28 22:57:52,0.00317000,0.27000000
2018-02-28 22:57:57,0.00317000,1.28000000
2018-02-28 22:57:57,0.00317100,173.97000000
2018-02-28 22:57:58,0.00317100,3.43000000
2018-02-28 22:58:03,0.00317100,20.82000000
2018-02-28 22:58:11,0.00316500,28.75000000
2018-02-28 22:58:14,0.00316600,2.04000000
2018-02-28 22:58:14,0.00316600,1.11000000
2018-02-28 22:58:14,0.00316500,9.47000000
2018-02-28 22:58:14,0.00316400,8.92000000
2018-02-28 22:58:18,0.00317000,6.30000000
2018-02-28 22:58:21,0.00316500,12.99000000
2018-02-28 22:58:26,0.00316500,4.79000000
2018-02-28 22:58:29,0.00316500,2.67000000
2018-02-28 22:58:31,0.00316500,3.13000000
2018-02-28 22:58:32,0.00316500,2.42000000
2018-02-28 22:58:32,0.00316900,0.73000000
2018-02-28 22:58:32,0.00316400,80.63000000
2018-02-28 22:58:32,0.00316300,3.51000000
2018-02-28 22:58:32,0.00316100,3.37000000
2018-02-28 22:58:32,0.00316000,14.95000000
2018-02-28 22:58:32,0.00315900,107.36000000
2018-02-28 22:58:32,0.00315900,0.77000000
2018-02-28 22:58:32,0.00315900,23.00000000
2018-02-28 22:58:32,0.00315900,23.00000000
2018-02-28 22:58:32,0.00315900,3.15000000
2018-02-28 22:58:32,0.00315900,91.80000000
2018-02-28 22:58:33,0.00315900,2.30000000
2018-02-28 22:58:33,0.00315900,2.40000000
2018-02-28 22:58:35,0.00315800,1.57000000
2018-02-28 22:58:35,0.00315900,0.73000000
2018-02-28 22:58:35,0.00315900,2.30000000
2018-02-28 22:58:35,0.00315900,92.52000000
2018-02-28 22:58:36,0.00315900,174.98000000
2018-02-28 22:58:37,0.00315900,174.98000000
2018-02-28 22:58:39,0.00315900,15.82000000
2018-02-28 22:58:41,0.00315700,0.95000000
2018-02-28 22:58:41,0.00315700,2.40000000
2018-02-28 22:58:42,0.00315700,9.82000000
2018-02-28 22:58:43,0.00315700,7.08000000
2018-02-28 22:58:43,0.00315700,2.75000000
2018-02-28 22:58:43,0.00315800,0.95000000
2018-02-28 22:58:43,0.00315900,2.30000000
2018-02-28 22:58:44,0.00315900,174.98000000
2018-02-28 22:58:45,0.00315900,18.99000000
2018-02-28 22:58:45,0.00315900,10.00000000
2018-02-28 22:58:46,0.00315900,174.97000000
2018-02-28 22:58:47,0.00315900,174.97000000
2018-02-28 22:58:47,0.00315800,7.07000000
2018-02-28 22:58:47,0.00315700,11.26000000
2018-02-28 22:58:47,0.00315900,1.27000000
2018-02-28 22:58:48,0.00315900,174.97000000
2018-02-28 22:58:49,0.00315900,1.27000000
2018-02-28 22:58:50,0.00315900,174.97000000
2018-02-28 22:58:51,0.00315900,37.98000000
2018-02-28 22:58:52,0.00315900,12.66000000
2018-02-28 22:58:54,0.00316100,1.27000000
2018-02-28 22:58:56,0.00316300,6.68000000
2018-02-28 22:58:56,0.00315700,66.56000000
2018-02-28 22:58:57,0.00315700,20.28000000
2018-02-28 22:58:57,0.00316300,17.65000000
2018-02-28 22:58:58,0.00316200,1.26000000
2018-02-28 22:59:00,0.00316200,1.26000000
2018-02-28 22:59:03,0.00316200,1.26000000
2018-02-28 22:59:03,0.00316200,2.52000000
2018-02-28 22:59:03,0.00316300,0.64000000
2018-02-28 22:59:05,0.00316300,4.20000000
2018-02-28 22:59:07,0.00316300,1.26000000
2018-02-28 22:59:07,0.00316300,186.39000000
2018-02-28 22:59:09,0.00316300,9.48000000
2018-02-28 22:59:16,0.00316000,7.87000000
2018-02-28 22:59:16,0.00316200,1.62000000
2018-02-28 22:59:18,0.00316200,8.86000000
2018-02-28 22:59:20,0.00316200,5.83000000
2018-02-28 22:59:22,0.00316200,3.04000000
2018-02-28 22:59:22,0.00316300,15.93000000
2018-02-28 22:59:26,0.00316300,35.49000000
2018-02-28 22:59:28,0.00316300,11.02000000
2018-02-28 22:59:28,0.00316300,12.64000000
2018-02-28 22:59:29,0.00316300,50.59000000
2018-02-28 22:59:30,0.00316300,30.82000000
2018-02-28 22:59:31,0.00316300,12.65000000
2018-02-28 22:59:32,0.00316300,11.87000000
2018-02-28 22:59:32,0.00316300,7.78000000
2018-02-28 22:59:34,0.00316200,0.42000000
2018-02-28 22:59:34,0.00316300,12.22000000
2018-02-28 22:59:34,0.00316300,12.65000000
2018-02-28 22:59:35,0.00316300,7.49000000
2018-02-28 22:59:35,0.00316300,33.06000000
2018-02-28 22:59:36,0.00316300,12.65000000
2018-02-28 22:59:37,0.00315600,101.62000000
2018-02-28 22:59:37,0.00315600,2.72000000
2018-02-28 22:59:37,0.00315600,0.76000000
2018-02-28 22:59:37,0.00315600,2.03000000
2018-02-28 22:59:38,0.00315600,12.67000000
2018-02-28 22:59:38,0.00315600,2.22000000
2018-02-28 22:59:40,0.00315600,12.67000000
2018-02-28 22:59:40,0.00315600,8.20000000
2018-02-28 22:59:40,0.00315600,78.49000000
2018-02-28 22:59:40,0.00316300,29.29000000
2018-02-28 22:59:40,0.00316300,16.53000000
2018-02-28 22:59:40,0.00316300,47.52000000
2018-02-28 22:59:41,0.00316300,68.28000000
2018-02-28 22:59:41,0.00316300,12.65000000
2018-02-28 22:59:42,0.00316200,0.95000000
2018-02-28 22:59:43,0.00316200,8.55000000
2018-02-28 22:59:43,0.00316300,25.59000000
2018-02-28 22:59:44,0.00316300,52.45000000
2018-02-28 22:59:44,0.00316300,9.72000000
2018-02-28 22:59:46,0.00316300,26.62000000
2018-02-28 22:59:46,0.00316300,3.16000000
2018-02-28 22:59:46,0.00316300,0.76000000
2018-02-28 22:59:48,0.00316300,37.27000000
2018-02-28 22:59:48,0.00316300,0.76000000
2018-02-28 22:59:49,0.00316300,7.09000000
2018-02-28 22:59:50,0.00316300,17.79000000
2018-02-28 22:59:52,0.00316300,50.58000000
2018-02-28 22:59:53,0.00315600,13.30000000
2018-02-28 22:59:58,0.00315600,1.11000000
2018-02-28 22:59:59,0.00315600,15.84000000
2018-02-28 22:59:59,0.00315600,85.10000000
