DATE,PRICE,VOLUME
2018-02-22 14:00:00,0.00314000,9.54000000
2018-02-22 14:00:01,0.00314100,11.92000000
2018-02-22 14:00:01,0.00314100,9.55000000
2018-02-22 14:00:02,0.00314100,9.55000000
2018-02-22 14:00:02,0.00314100,8.08000000
2018-02-22 14:00:02,0.00314400,1.20000000
2018-02-22 14:00:05,0.00314200,9.53000000
2018-02-22 14:00:05,0.00314200,16.36000000
2018-02-22 14:00:06,0.00314200,0.01000000
2018-02-22 14:00:06,0.00314400,2.18000000
2018-02-22 14:00:06,0.00314400,1.00000000
2018-02-22 14:00:07,0.00314400,5.87000000
2018-02-22 14:00:08,0.00314300,6.05000000
2018-02-22 14:00:11,0.00314300,0.01000000
2018-02-22 14:00:11,0.00314400,4.76000000
2018-02-22 14:00:15,0.00314400,0.81000000
2018-02-22 14:00:15,0.00314100,0.01000000
2018-02-22 14:00:15,0.00314100,1.11000000
2018-02-22 14:00:15,0.00314100,0.64000000
2018-02-22 14:00:17,0.00314100,0.32000000
2018-02-22 14:00:19,0.00314100,0.48000000
2018-02-22 14:00:20,0.00314100,3.18000000
2018-02-22 14:00:21,0.00314100,5.48000000
2018-02-22 14:00:21,0.00314100,9.55000000
2018-02-22 14:00:21,0.00314100,1.84000000
2018-02-22 14:00:21,0.00314100,7.46000000
2018-02-22 14:00:21,0.00314100,1.58000000
2018-02-22 14:00:21,0.00314000,7.97000000
2018-02-22 14:00:22,0.00314000,1.43000000
2018-02-22 14:00:23,0.00314000,0.56000000
2018-02-22 14:00:24,0.00314000,3.88000000
2018-02-22 14:00:26,0.00314100,1.38000000
2018-02-22 14:00:26,0.00314300,2.97000000
2018-02-22 14:00:26,0.00314300,2.40000000
2018-02-22 14:00:27,0.00314300,140.09000000
2018-02-22 14:00:27,0.00314400,90.25000000
2018-02-22 14:00:27,0.00314400,3.18000000
2018-02-22 14:00:27,0.00314000,3.04000000
2018-02-22 14:00:28,0.00314400,2.40000000
2018-02-22 14:00:28,0.00314000,10.00000000
2018-02-22 14:00:29,0.00314000,10.09000000
2018-02-22 14:00:30,0.00314400,28.55000000
2018-02-22 14:00:30,0.00314400,151.19000000
2018-02-22 14:00:30,0.00314500,91.40000000
2018-02-22 14:00:30,0.00314600,1.23000000
2018-02-22 14:00:30,0.00314700,95.34000000
2018-02-22 14:00:30,0.00314700,44.65000000
2018-02-22 14:00:31,0.00314800,27.07000000
2018-02-22 14:00:32,0.00314200,2.22000000
2018-02-22 14:00:32,0.00314200,2.22000000
2018-02-22 14:00:32,0.00314400,1.24000000
2018-02-22 14:00:32,0.00314200,2.22000000
2018-02-22 14:00:32,0.00314800,2.22000000
2018-02-22 14:00:32,0.00315000,0.08000000
2018-02-22 14:00:32,0.00314300,2.40000000
2018-02-22 14:00:35,0.00314800,2.40000000
2018-02-22 14:00:36,0.00314800,2.04000000
2018-02-22 14:00:37,0.00314800,2.40000000
2018-02-22 14:00:45,0.00314800,15.00000000
2018-02-22 14:00:47,0.00314800,1.23000000
2018-02-22 14:00:47,0.00314800,9.52000000
2018-02-22 14:00:48,0.00314800,25.46000000
2018-02-22 14:00:48,0.00314800,2.04000000
2018-02-22 14:00:48,0.00315000,7.61000000
2018-02-22 14:00:48,0.00314800,1.48000000
2018-02-22 14:00:53,0.00315100,0.70000000
2018-02-22 14:00:55,0.00314800,0.53000000
2018-02-22 14:00:56,0.00315000,0.38000000
2018-02-22 14:00:56,0.00315000,0.95000000
2018-02-22 14:01:00,0.00315000,8.10000000
2018-02-22 14:01:01,0.00314800,10.00000000
2018-02-22 14:01:02,0.00315000,0.79000000
2018-02-22 14:01:03,0.00315000,106.80000000
2018-02-22 14:01:05,0.00315000,0.79000000
2018-02-22 14:01:05,0.00314900,10.05000000
2018-02-22 14:01:05,0.00314800,26.41000000
2018-02-22 14:01:08,0.00314800,28.53000000
2018-02-22 14:01:08,0.00314700,11.14000000
2018-02-22 14:01:08,0.00314500,0.32000000
2018-02-22 14:01:11,0.00314600,17.00000000
2018-02-22 14:01:11,0.00314500,45.12000000
2018-02-22 14:01:11,0.00314500,5.68000000
2018-02-22 14:01:15,0.00314900,20.55000000
2018-02-22 14:01:15,0.00314900,35.00000000
2018-02-22 14:01:15,0.00314900,33.61000000
2018-02-22 14:01:18,0.00315000,2.40000000
2018-02-22 14:01:18,0.00315100,7.53000000
2018-02-22 14:01:20,0.00314600,6.74000000
2018-02-22 14:01:20,0.00314600,15.71000000
2018-02-22 14:01:20,0.00314500,8.28000000
2018-02-22 14:01:27,0.00314900,4.77000000
2018-02-22 14:01:30,0.00314700,0.68000000
2018-02-22 14:01:31,0.00314700,0.32000000
2018-02-22 14:01:31,0.00314500,15.20000000
2018-02-22 14:01:31,0.00314400,15.93000000
2018-02-22 14:01:34,0.00314900,22.71000000
2018-02-22 14:01:34,0.00314900,34.85000000
2018-02-22 14:01:34,0.00315000,95.10000000
2018-02-22 14:01:34,0.00315000,17.62000000
2018-02-22 14:01:36,0.00315000,16.13000000
2018-02-22 14:01:38,0.00315100,4.77000000
2018-02-22 14:01:38,0.00315000,2.03000000
2018-02-22 14:01:39,0.00315100,78.73000000
2018-02-22 14:01:40,0.00315000,21.27000000
2018-02-22 14:01:45,0.00315200,1.26000000
2018-02-22 14:01:45,0.00315200,8.13000000
2018-02-22 14:01:45,0.00315100,0.75000000
2018-02-22 14:01:46,0.00315100,29.93000000
2018-02-22 14:01:49,0.00315100,3.52000000
2018-02-22 14:01:50,0.00315200,0.90000000
2018-02-22 14:01:52,0.00315100,8.25000000
2018-02-22 14:01:52,0.00315200,22.51000000
2018-02-22 14:01:52,0.00315200,23.28000000
2018-02-22 14:01:53,0.00315100,25.38000000
2018-02-22 14:01:55,0.00315100,0.35000000
2018-02-22 14:01:56,0.00315200,30.45000000
2018-02-22 14:01:56,0.00315200,4.43000000
2018-02-22 14:02:00,0.00315200,21.12000000
2018-02-22 14:02:00,0.00315100,206.74000000
2018-02-22 14:02:01,0.00315300,6.66000000
2018-02-22 14:02:03,0.00315300,9.34000000
2018-02-22 14:02:07,0.00315300,20.39000000
2018-02-22 14:02:08,0.00315400,3.25000000
2018-02-22 14:02:10,0.00315700,1.50000000
2018-02-22 14:02:11,0.00315400,4.34000000
2018-02-22 14:02:11,0.00315400,47.26000000
2018-02-22 14:02:11,0.00315300,8.76000000
2018-02-22 14:02:11,0.00315200,6.34000000
2018-02-22 14:02:11,0.00315100,72.53000000
2018-02-22 14:02:11,0.00314900,31.54000000
2018-02-22 14:02:11,0.00315200,1.00000000
2018-02-22 14:02:12,0.00315300,0.86000000
2018-02-22 14:02:12,0.00315200,27.76000000
2018-02-22 14:02:13,0.00314600,6.33000000
2018-02-22 14:02:13,0.00315200,6.34000000
2018-02-22 14:02:14,0.00315200,27.41000000
2018-02-22 14:02:17,0.00315300,3.68000000
2018-02-22 14:02:18,0.00314800,2.42000000
2018-02-22 14:02:19,0.00315300,21.94000000
2018-02-22 14:02:22,0.00315500,1.11000000
2018-02-22 14:02:25,0.00315300,5.18000000
2018-02-22 14:02:29,0.00315500,2.48000000
2018-02-22 14:02:30,0.00315500,1.33000000
2018-02-22 14:02:30,0.00315500,10.59000000
2018-02-22 14:02:30,0.00315600,2.08000000
2018-02-22 14:02:31,0.00315600,3.16000000
2018-02-22 14:02:39,0.00315600,10.00000000
2018-02-22 14:02:39,0.00315700,66.72000000
2018-02-22 14:02:39,0.00315800,38.18000000
2018-02-22 14:02:39,0.00315900,21.04000000
2018-02-22 14:02:40,0.00315600,30.84000000
2018-02-22 14:02:44,0.00315800,2.42000000
2018-02-22 14:02:44,0.00315900,5.66000000
2018-02-22 14:02:44,0.00316000,93.72000000
2018-02-22 14:02:48,0.00315600,6.01000000
2018-02-22 14:02:49,0.00315600,10.23000000
2018-02-22 14:02:56,0.00316000,0.70000000
2018-02-22 14:02:57,0.00315600,9.65000000
2018-02-22 14:02:58,0.00315800,5.95000000
2018-02-22 14:02:58,0.00315700,4.00000000
2018-02-22 14:02:58,0.00315600,2.45000000
2018-02-22 14:03:00,0.00315600,9.49000000
2018-02-22 14:03:00,0.00315600,6.31000000
2018-02-22 14:03:01,0.00315600,1.29000000
2018-02-22 14:03:02,0.00315600,31.54000000
2018-02-22 14:03:05,0.00315900,6.01000000
2018-02-22 14:03:05,0.00315900,57.48000000
2018-02-22 14:03:05,0.00315700,30.00000000
2018-02-22 14:03:11,0.00315600,52.75000000
2018-02-22 14:03:13,0.00315600,64.42000000
2018-02-22 14:03:16,0.00315600,17.30000000
2018-02-22 14:03:18,0.00315600,65.03000000
2018-02-22 14:03:18,0.00315500,6.33000000
2018-02-22 14:03:27,0.00315400,4.09000000
2018-02-22 14:03:27,0.00315300,9.02000000
2018-02-22 14:03:29,0.00315300,15.28000000
2018-02-22 14:03:38,0.00315300,3.00000000
2018-02-22 14:03:38,0.00315600,3.17000000
2018-02-22 14:03:40,0.00315600,3.17000000
2018-02-22 14:03:43,0.00315600,1.43000000
2018-02-22 14:03:52,0.00315300,13.91000000
2018-02-22 14:03:57,0.00315600,0.95000000
2018-02-22 14:03:59,0.00315300,3.00000000
2018-02-22 14:03:59,0.00315600,34.43000000
2018-02-22 14:04:02,0.00315500,3.00000000
2018-02-22 14:04:02,0.00315600,8.48000000
2018-02-22 14:04:05,0.00315500,3.59000000
2018-02-22 14:04:08,0.00315500,6.68000000
2018-02-22 14:04:09,0.00315500,10.29000000
2018-02-22 14:04:09,0.00315600,5.56000000
2018-02-22 14:04:10,0.00315600,37.26000000
2018-02-22 14:04:16,0.00315600,91.80000000
2018-02-22 14:04:19,0.00315700,30.64000000
2018-02-22 14:04:20,0.00315300,1.51000000
2018-02-22 14:04:22,0.00315300,5.70000000
2018-02-22 14:04:22,0.00315200,80.00000000
2018-02-22 14:04:22,0.00315100,42.31000000
2018-02-22 14:04:25,0.00315100,1.71000000
2018-02-22 14:04:26,0.00315100,76.24000000
2018-02-22 14:04:26,0.00315100,0.96000000
2018-02-22 14:04:28,0.00315100,55.40000000
2018-02-22 14:04:28,0.00315000,10.89000000
2018-02-22 14:04:28,0.00315000,4.79000000
2018-02-22 14:04:30,0.00315100,42.88000000
2018-02-22 14:04:30,0.00315000,94.48000000
2018-02-22 14:04:31,0.00315300,14.36000000
2018-02-22 14:04:31,0.00314900,42.59000000
2018-02-22 14:04:32,0.00315300,10.35000000
2018-02-22 14:04:34,0.00315300,11.00000000
2018-02-22 14:04:34,0.00314900,3.83000000
2018-02-22 14:04:35,0.00315300,7.25000000
2018-02-22 14:04:35,0.00315300,3.17000000
2018-02-22 14:04:41,0.00315300,0.07000000
2018-02-22 14:04:41,0.00315400,8.93000000
2018-02-22 14:04:44,0.00315300,8.32000000
2018-02-22 14:04:44,0.00315400,36.72000000
2018-02-22 14:04:46,0.00315400,61.00000000
2018-02-22 14:04:47,0.00315400,3.34000000
2018-02-22 14:04:48,0.00315000,2.00000000
2018-02-22 14:04:48,0.00315400,0.55000000
2018-02-22 14:04:48,0.00315400,1.40000000
2018-02-22 14:04:49,0.00315400,3.16000000
2018-02-22 14:04:50,0.00315400,6.76000000
2018-02-22 14:04:51,0.00315400,44.53000000
2018-02-22 14:04:52,0.00315400,63.77000000
2018-02-22 14:04:52,0.00315600,34.60000000
2018-02-22 14:04:53,0.00315300,40.89000000
2018-02-22 14:04:53,0.00315400,8.76000000
2018-02-22 14:04:54,0.00315400,1.50000000
2018-02-22 14:04:59,0.00315300,6.00000000
2018-02-22 14:05:02,0.00315300,3.17000000
2018-02-22 14:05:04,0.00315300,3.17000000
2018-02-22 14:05:06,0.00315300,3.17000000
2018-02-22 14:05:12,0.00315300,10.00000000
2018-02-22 14:05:13,0.00315300,8.35000000
2018-02-22 14:05:19,0.00315200,1.00000000
2018-02-22 14:05:21,0.00315000,24.30000000
2018-02-22 14:05:21,0.00315000,4.37000000
2018-02-22 14:05:22,0.00315000,15.87000000
2018-02-22 14:05:22,0.00315000,24.05000000
2018-02-22 14:05:22,0.00315000,44.69000000
2018-02-22 14:05:22,0.00315200,35.75000000
2018-02-22 14:05:23,0.00315200,1.34000000
2018-02-22 14:05:25,0.00315200,160.81000000
2018-02-22 14:05:25,0.00315300,97.65000000
2018-02-22 14:05:25,0.00315200,1.69000000
2018-02-22 14:05:25,0.00314800,1.69000000
2018-02-22 14:05:27,0.00314900,28.77000000
2018-02-22 14:05:27,0.00314800,62.65000000
2018-02-22 14:05:27,0.00314600,10.35000000
2018-02-22 14:05:28,0.00314700,4.10000000
2018-02-22 14:05:30,0.00315200,19.42000000
2018-02-22 14:05:31,0.00314800,339.24000000
2018-02-22 14:05:31,0.00314600,43.80000000
2018-02-22 14:05:31,0.00314500,12.00000000
2018-02-22 14:05:32,0.00314500,4.88000000
2018-02-22 14:05:32,0.00315000,4.65000000
2018-02-22 14:05:32,0.00315200,7.42000000
2018-02-22 14:05:32,0.00315200,3.17000000
2018-02-22 14:05:32,0.00315200,3.18000000
2018-02-22 14:05:36,0.00315200,1.12000000
2018-02-22 14:05:36,0.00315200,178.81000000
2018-02-22 14:05:37,0.00315000,9.55000000
2018-02-22 14:05:38,0.00314800,5.36000000
2018-02-22 14:05:38,0.00314600,6.35000000
2018-02-22 14:05:38,0.00314800,15.88000000
2018-02-22 14:05:38,0.00314800,15.87000000
2018-02-22 14:05:39,0.00314800,24.06000000
2018-02-22 14:05:39,0.00314800,9.47000000
2018-02-22 14:05:40,0.00314800,158.02000000
2018-02-22 14:05:40,0.00314800,9.47000000
2018-02-22 14:05:40,0.00314800,79.42000000
2018-02-22 14:05:41,0.00314800,9.47000000
2018-02-22 14:05:42,0.00314700,11.16000000
2018-02-22 14:05:45,0.00314800,79.42000000
2018-02-22 14:05:46,0.00314800,24.06000000
2018-02-22 14:05:46,0.00314800,92.01000000
2018-02-22 14:05:46,0.00314800,9.47000000
2018-02-22 14:05:47,0.00314800,79.42000000
2018-02-22 14:05:47,0.00314800,9.47000000
2018-02-22 14:05:50,0.00314800,79.42000000
2018-02-22 14:05:50,0.00314800,13.55000000
2018-02-22 14:05:52,0.00314800,79.42000000
2018-02-22 14:05:53,0.00314800,79.42000000
2018-02-22 14:05:53,0.00314800,24.00000000
2018-02-22 14:05:54,0.00314800,27.92000000
2018-02-22 14:05:54,0.00314800,2.22000000
2018-02-22 14:05:55,0.00314700,38.78000000
2018-02-22 14:05:55,0.00314900,18.52000000
2018-02-22 14:05:55,0.00314700,15.88000000
2018-02-22 14:05:56,0.00314700,0.33000000
2018-02-22 14:05:57,0.00314700,36.36000000
2018-02-22 14:05:57,0.00314700,15.89000000
2018-02-22 14:05:59,0.00314700,15.89000000
2018-02-22 14:06:00,0.00314700,55.09000000
2018-02-22 14:06:00,0.00314500,3.75000000
2018-02-22 14:06:00,0.00314400,39.12000000
2018-02-22 14:06:00,0.00314800,1.60000000
2018-02-22 14:06:00,0.00314800,8.40000000
2018-02-22 14:06:00,0.00314900,1.60000000
2018-02-22 14:06:00,0.00314700,15.88000000
2018-02-22 14:06:01,0.00314900,7.00000000
2018-02-22 14:06:02,0.00314600,62.50000000
2018-02-22 14:06:02,0.00314600,15.89000000
2018-02-22 14:06:02,0.00314500,2.46000000
2018-02-22 14:06:02,0.00314500,10.52000000
2018-02-22 14:06:02,0.00314600,2.41000000
2018-02-22 14:06:02,0.00314600,0.01000000
2018-02-22 14:06:03,0.00314600,22.09000000
2018-02-22 14:06:04,0.00314600,15.89000000
2018-02-22 14:06:04,0.00314600,6.21000000
2018-02-22 14:06:04,0.00314700,32.00000000
2018-02-22 14:06:05,0.00314900,1.59000000
2018-02-22 14:06:06,0.00314900,15.88000000
2018-02-22 14:06:08,0.00314900,15.88000000
2018-02-22 14:06:08,0.00314900,110.32000000
2018-02-22 14:06:10,0.00314900,15.88000000
2018-02-22 14:06:12,0.00314900,15.88000000
2018-02-22 14:06:12,0.00314700,0.64000000
2018-02-22 14:06:15,0.00314800,15.04000000
2018-02-22 14:06:15,0.00314900,0.84000000
2018-02-22 14:06:17,0.00314900,15.88000000
2018-02-22 14:06:18,0.00314900,10.01000000
2018-02-22 14:06:19,0.00314900,15.88000000
2018-02-22 14:06:20,0.00314900,17.26000000
2018-02-22 14:06:21,0.00315000,0.89000000
2018-02-22 14:06:21,0.00315300,2.29000000
2018-02-22 14:06:25,0.00315300,14.00000000
2018-02-22 14:06:35,0.00315300,10.41000000
2018-02-22 14:06:35,0.00315400,24.69000000
2018-02-22 14:06:35,0.00315600,26.30000000
2018-02-22 14:06:44,0.00315100,43.47000000
2018-02-22 14:06:44,0.00315600,15.44000000
2018-02-22 14:06:44,0.00315100,4.91000000
2018-02-22 14:06:46,0.00315500,0.70000000
2018-02-22 14:06:49,0.00315100,6.34000000
2018-02-22 14:06:49,0.00315000,6.31000000
2018-02-22 14:06:49,0.00314900,14.49000000
2018-02-22 14:06:49,0.00314800,291.78000000
2018-02-22 14:06:49,0.00314800,101.06000000
2018-02-22 14:06:49,0.00314700,31.87000000
2018-02-22 14:06:49,0.00314700,86.13000000
2018-02-22 14:06:49,0.00315200,0.70000000
2018-02-22 14:06:50,0.00315100,6.34000000
2018-02-22 14:06:50,0.00315200,7.88000000
2018-02-22 14:06:53,0.00314800,24.35000000
2018-02-22 14:06:53,0.00314700,21.63000000
2018-02-22 14:06:56,0.00314900,1.00000000
2018-02-22 14:06:58,0.00314900,0.70000000
2018-02-22 14:07:02,0.00314800,42.45000000
2018-02-22 14:07:02,0.00314700,24.35000000
2018-02-22 14:07:02,0.00314600,1.00000000
2018-02-22 14:07:03,0.00314500,0.70000000
2018-02-22 14:07:04,0.00314800,24.35000000
2018-02-22 14:07:05,0.00314900,1.00000000
2018-02-22 14:07:06,0.00314500,79.77000000
2018-02-22 14:07:06,0.00314500,92.54000000
2018-02-22 14:07:06,0.00314500,104.51000000
2018-02-22 14:07:06,0.00314500,31.65000000
2018-02-22 14:07:12,0.00314800,31.00000000
2018-02-22 14:07:15,0.00314500,4.00000000
2018-02-22 14:07:15,0.00314400,9.52000000
2018-02-22 14:07:15,0.00314400,4.46000000
2018-02-22 14:07:15,0.00314500,11.44000000
2018-02-22 14:07:16,0.00314500,17.88000000
2018-02-22 14:07:18,0.00314700,9.49000000
2018-02-22 14:07:18,0.00314700,5.38000000
2018-02-22 14:07:20,0.00314700,1.23000000
2018-02-22 14:07:21,0.00314700,0.38000000
2018-02-22 14:07:21,0.00314700,1.39000000
2018-02-22 14:07:28,0.00314600,6.35000000
2018-02-22 14:07:28,0.00314500,108.60000000
2018-02-22 14:07:29,0.00314500,9.03000000
2018-02-22 14:07:29,0.00314500,0.01000000
2018-02-22 14:07:29,0.00314700,9.02000000
2018-02-22 14:07:29,0.00314700,9.03000000
2018-02-22 14:07:30,0.00314700,1.13000000
2018-02-22 14:07:30,0.00314700,9.03000000
2018-02-22 14:07:30,0.00314700,3.00000000
2018-02-22 14:07:34,0.00314800,6.09000000
2018-02-22 14:07:34,0.00314900,3.40000000
2018-02-22 14:07:36,0.00314700,18.58000000
2018-02-22 14:07:36,0.00314700,6.35000000
2018-02-22 14:07:39,0.00314700,1.33000000
2018-02-22 14:07:47,0.00314800,14.44000000
2018-02-22 14:07:47,0.00314900,87.27000000
2018-02-22 14:07:50,0.00314800,1.00000000
2018-02-22 14:07:53,0.00314700,32.00000000
2018-02-22 14:07:54,0.00314700,9.00000000
2018-02-22 14:07:54,0.00314800,10.36000000
2018-02-22 14:07:54,0.00314700,15.00000000
2018-02-22 14:07:55,0.00314700,10.72000000
2018-02-22 14:08:04,0.00314800,70.00000000
2018-02-22 14:08:07,0.00314700,2.80000000
2018-02-22 14:08:09,0.00314800,25.85000000
2018-02-22 14:08:10,0.00314800,52.39000000
2018-02-22 14:08:16,0.00314800,2.20000000
2018-02-22 14:08:16,0.00314800,1.10000000
2018-02-22 14:08:17,0.00314700,0.99000000
2018-02-22 14:08:29,0.00314800,9.02000000
2018-02-22 14:08:29,0.00314800,4.00000000
2018-02-22 14:08:32,0.00314700,83.55000000
2018-02-22 14:08:36,0.00314700,2.36000000
2018-02-22 14:08:36,0.00314800,41.00000000
2018-02-22 14:08:41,0.00314800,0.22000000
2018-02-22 14:08:42,0.00314800,3.91000000
2018-02-22 14:08:44,0.00314800,1.27000000
2018-02-22 14:08:47,0.00314800,1.00000000
2018-02-22 14:08:49,0.00315000,2.00000000
2018-02-22 14:08:49,0.00315100,0.63000000
2018-02-22 14:08:49,0.00315200,13.37000000
2018-02-22 14:08:49,0.00315200,15.42000000
2018-02-22 14:08:49,0.00315300,21.40000000
2018-02-22 14:08:50,0.00314900,3.56000000
2018-02-22 14:08:51,0.00315300,12.20000000
2018-02-22 14:08:52,0.00315200,28.79000000
2018-02-22 14:08:54,0.00315200,0.70000000
2018-02-22 14:08:55,0.00315100,0.70000000
2018-02-22 14:08:56,0.00315100,1.27000000
2018-02-22 14:08:58,0.00315100,9.51000000
2018-02-22 14:08:58,0.00315100,9.51000000
2018-02-22 14:08:58,0.00315100,6.07000000
2018-02-22 14:08:58,0.00315000,1.23000000
2018-02-22 14:08:58,0.00314800,9.52000000
2018-02-22 14:08:59,0.00315000,14.46000000
2018-02-22 14:09:01,0.00315100,40.86000000
2018-02-22 14:09:04,0.00315000,8.99000000
2018-02-22 14:09:06,0.00315200,28.63000000
2018-02-22 14:09:06,0.00315300,43.37000000
2018-02-22 14:09:09,0.00315300,4.14000000
2018-02-22 14:09:12,0.00315200,7.35000000
2018-02-22 14:09:13,0.00315300,1307.84000000
2018-02-22 14:09:14,0.00315300,51.67000000
2018-02-22 14:09:14,0.00315600,2.49000000
2018-02-22 14:09:14,0.00315700,23.22000000
2018-02-22 14:09:14,0.00315800,4.50000000
2018-02-22 14:09:14,0.00315900,6.31000000
2018-02-22 14:09:14,0.00316000,94.45000000
2018-02-22 14:09:14,0.00316100,10.79000000
2018-02-22 14:09:14,0.00316200,18.46000000
2018-02-22 14:09:14,0.00316300,33.84000000
2018-02-22 14:09:14,0.00316400,7.50000000
2018-02-22 14:09:14,0.00316500,2.44000000
2018-02-22 14:09:14,0.00315500,4.50000000
2018-02-22 14:09:14,0.00316600,79.40000000
2018-02-22 14:09:14,0.00315500,12.57000000
2018-02-22 14:09:14,0.00315500,9.50000000
2018-02-22 14:09:14,0.00315500,9.49000000
2018-02-22 14:09:14,0.00315500,9.50000000
2018-02-22 14:09:15,0.00315600,35.00000000
2018-02-22 14:09:15,0.00315500,9.50000000
2018-02-22 14:09:15,0.00315500,9.50000000
2018-02-22 14:09:15,0.00315500,9.49000000
2018-02-22 14:09:15,0.00315500,9.50000000
2018-02-22 14:09:15,0.00315500,6.52000000
2018-02-22 14:09:15,0.00315600,4.56000000
2018-02-22 14:09:15,0.00315600,59.38000000
2018-02-22 14:09:15,0.00315500,4.56000000
2018-02-22 14:09:15,0.00315500,5.42000000
2018-02-22 14:09:15,0.00315500,2.42000000
2018-02-22 14:09:15,0.00315900,0.38000000
2018-02-22 14:09:16,0.00315900,0.88000000
2018-02-22 14:09:16,0.00315400,1.78000000
2018-02-22 14:09:17,0.00315600,1.99000000
2018-02-22 14:09:17,0.00315800,1.26000000
2018-02-22 14:09:17,0.00316500,2.85000000
2018-02-22 14:09:17,0.00316500,0.87000000
2018-02-22 14:09:17,0.00316500,0.79000000
2018-02-22 14:09:18,0.00315700,1.26000000
2018-02-22 14:09:21,0.00316400,1.78000000
2018-02-22 14:09:21,0.00316400,0.38000000
2018-02-22 14:09:21,0.00316400,0.79000000
2018-02-22 14:09:21,0.00316400,7.93000000
2018-02-22 14:09:22,0.00315700,2.22000000
2018-02-22 14:09:22,0.00315600,2.77000000
2018-02-22 14:09:22,0.00315500,10.91000000
2018-02-22 14:09:22,0.00315700,5.15000000
2018-02-22 14:09:23,0.00315800,3.56000000
2018-02-22 14:09:23,0.00315700,0.88000000
2018-02-22 14:09:24,0.00316200,2.77000000
2018-02-22 14:09:24,0.00316100,0.79000000
2018-02-22 14:09:24,0.00315700,0.63000000
2018-02-22 14:09:24,0.00315400,9.50000000
2018-02-22 14:09:24,0.00315400,156.37000000
2018-02-22 14:09:24,0.00315300,5.65000000
2018-02-22 14:09:24,0.00315200,3.85000000
2018-02-22 14:09:25,0.00315400,109.30000000
2018-02-22 14:09:25,0.00315700,5.44000000
2018-02-22 14:09:25,0.00316100,13.68000000
2018-02-22 14:09:26,0.00315500,3.85000000
2018-02-22 14:09:26,0.00316100,5.06000000
2018-02-22 14:09:27,0.00316200,0.79000000
2018-02-22 14:09:30,0.00316200,60.02000000
2018-02-22 14:09:32,0.00316300,11.63000000
2018-02-22 14:09:32,0.00315700,24.85000000
2018-02-22 14:09:33,0.00315700,2.22000000
2018-02-22 14:09:33,0.00315600,0.94000000
2018-02-22 14:09:34,0.00315700,135.78000000
2018-02-22 14:09:34,0.00315700,14.12000000
2018-02-22 14:09:34,0.00315600,5.19000000
2018-02-22 14:09:35,0.00316000,23.04000000
2018-02-22 14:09:35,0.00316100,41.66000000
2018-02-22 14:09:36,0.00316300,0.79000000
2018-02-22 14:09:37,0.00316200,35.00000000
2018-02-22 14:09:37,0.00315700,10.77000000
2018-02-22 14:09:38,0.00315700,1.00000000
2018-02-22 14:09:40,0.00316100,1.00000000
2018-02-22 14:09:40,0.00316200,6.33000000
2018-02-22 14:09:40,0.00315600,6.33000000
2018-02-22 14:09:42,0.00316200,6.33000000
2018-02-22 14:09:43,0.00316300,150.69000000
2018-02-22 14:09:43,0.00316400,79.37000000
2018-02-22 14:09:43,0.00316100,1.26000000
2018-02-22 14:09:43,0.00316800,0.40000000
2018-02-22 14:09:44,0.00316000,3.29000000
2018-02-22 14:09:44,0.00316000,3.03000000
2018-02-22 14:09:45,0.00316200,1.26000000
2018-02-22 14:09:45,0.00316100,9.13000000
2018-02-22 14:09:46,0.00316100,5.09000000
2018-02-22 14:09:47,0.00316800,1.29000000
2018-02-22 14:09:47,0.00316100,18.98000000
2018-02-22 14:09:48,0.00316100,1.27000000
2018-02-22 14:09:49,0.00316100,5.09000000
2018-02-22 14:09:49,0.00316800,0.79000000
2018-02-22 14:09:51,0.00316200,3.20000000
2018-02-22 14:09:52,0.00316200,3.46000000
2018-02-22 14:09:52,0.00316100,47.41000000
2018-02-22 14:09:52,0.00316000,28.43000000
2018-02-22 14:09:52,0.00316800,6.46000000
2018-02-22 14:09:52,0.00316900,4.18000000
2018-02-22 14:09:52,0.00316000,84.91000000
2018-02-22 14:09:53,0.00316100,23.83000000
2018-02-22 14:09:53,0.00316100,1.27000000
2018-02-22 14:09:54,0.00316100,15.81000000
2018-02-22 14:09:55,0.00316200,0.99000000
2018-02-22 14:09:55,0.00316200,3.25000000
2018-02-22 14:09:55,0.00316100,61.17000000
2018-02-22 14:09:55,0.00316600,2.08000000
2018-02-22 14:09:55,0.00316100,15.86000000
2018-02-22 14:09:56,0.00316500,78.99000000
2018-02-22 14:09:57,0.00316400,28.63000000
2018-02-22 14:09:58,0.00316500,3.14000000
2018-02-22 14:09:58,0.00316500,0.97000000
2018-02-22 14:09:58,0.00316500,4.36000000
2018-02-22 14:09:58,0.00316200,28.56000000
2018-02-22 14:09:58,0.00316100,46.39000000
2018-02-22 14:09:58,0.00316100,16.00000000
2018-02-22 14:09:58,0.00316100,3.79000000
2018-02-22 14:09:59,0.00316300,1.97000000
2018-02-22 14:09:59,0.00316200,4.77000000
2018-02-22 14:10:00,0.00316200,1.55000000
2018-02-22 14:10:00,0.00316100,14.31000000
2018-02-22 14:10:02,0.00316100,73.50000000
2018-02-22 14:10:02,0.00316100,71.35000000
2018-02-22 14:10:02,0.00316000,7.95000000
2018-02-22 14:10:03,0.00316000,36.47000000
2018-02-22 14:10:04,0.00316100,0.77000000
2018-02-22 14:10:05,0.00316100,2.14000000
2018-02-22 14:10:05,0.00316100,0.99000000
2018-02-22 14:10:06,0.00316100,6.51000000
2018-02-22 14:10:06,0.00316500,6.32000000
2018-02-22 14:10:06,0.00316100,26.44000000
2018-02-22 14:10:07,0.00316100,10.22000000
2018-02-22 14:10:07,0.00316000,5.64000000
2018-02-22 14:10:10,0.00316100,1.00000000
2018-02-22 14:10:11,0.00316500,1.90000000
2018-02-22 14:10:12,0.00316100,1.53000000
2018-02-22 14:10:13,0.00316100,54.55000000
2018-02-22 14:10:18,0.00316000,1.27000000
2018-02-22 14:10:21,0.00316000,35.11000000
2018-02-22 14:10:23,0.00316000,12.65000000
2018-02-22 14:10:23,0.00316000,4.16000000
2018-02-22 14:10:24,0.00316300,18.43000000
2018-02-22 14:10:27,0.00316000,35.00000000
2018-02-22 14:10:27,0.00316000,20.91000000
2018-02-22 14:10:30,0.00316000,158.22000000
2018-02-22 14:10:35,0.00316000,7.83000000
2018-02-22 14:10:35,0.00316300,50.68000000
2018-02-22 14:10:35,0.00316300,19.32000000
2018-02-22 14:10:35,0.00316400,21.28000000
2018-02-22 14:10:40,0.00316000,32.64000000
2018-02-22 14:10:40,0.00316400,1.01000000
2018-02-22 14:10:41,0.00316100,43.31000000
2018-02-22 14:10:41,0.00316000,26.24000000
2018-02-22 14:10:41,0.00316000,89.95000000
2018-02-22 14:10:41,0.00316000,113.18000000
2018-02-22 14:10:41,0.00315900,4.32000000
2018-02-22 14:10:42,0.00315800,0.35000000
2018-02-22 14:10:43,0.00315700,6.81000000
2018-02-22 14:10:45,0.00315400,2.11000000
2018-02-22 14:10:48,0.00315700,22.80000000
2018-02-22 14:10:51,0.00315900,9.48000000
2018-02-22 14:10:51,0.00315900,13.19000000
2018-02-22 14:10:51,0.00315900,12.73000000
2018-02-22 14:10:52,0.00315400,1.01000000
2018-02-22 14:10:52,0.00315300,1.10000000
2018-02-22 14:10:52,0.00315200,7.37000000
2018-02-22 14:10:54,0.00315400,2.54000000
2018-02-22 14:10:56,0.00315800,1.01000000
2018-02-22 14:10:57,0.00315400,2.79000000
2018-02-22 14:10:57,0.00315300,17.51000000
2018-02-22 14:10:58,0.00315900,0.79000000
2018-02-22 14:10:59,0.00315300,2.72000000
2018-02-22 14:11:00,0.00315400,10.63000000
2018-02-22 14:11:11,0.00315400,5.82000000
2018-02-22 14:11:15,0.00315700,22.85000000
2018-02-22 14:11:16,0.00315700,47.15000000
2018-02-22 14:11:16,0.00315400,0.99000000
2018-02-22 14:11:17,0.00315400,1.27000000
2018-02-22 14:11:26,0.00315400,2.20000000
2018-02-22 14:11:26,0.00315800,2.00000000
2018-02-22 14:11:26,0.00315800,3.16000000
2018-02-22 14:11:33,0.00315400,2.25000000
2018-02-22 14:11:34,0.00315800,1.00000000
2018-02-22 14:11:36,0.00315400,337.88000000
2018-02-22 14:11:36,0.00315300,15.19000000
2018-02-22 14:11:36,0.00315200,77.51000000
2018-02-22 14:11:36,0.00315800,0.12000000
2018-02-22 14:11:36,0.00315800,28.86000000
2018-02-22 14:11:43,0.00315100,1.26000000
2018-02-22 14:11:49,0.00315500,5.28000000
2018-02-22 14:11:52,0.00315500,68.38000000
2018-02-22 14:11:56,0.00315500,8.27000000
2018-02-22 14:12:05,0.00315300,1.00000000
2018-02-22 14:12:06,0.00315100,1.75000000
2018-02-22 14:12:08,0.00315300,0.76000000
2018-02-22 14:12:11,0.00315100,1.27000000
2018-02-22 14:12:11,0.00315100,0.45000000
2018-02-22 14:12:13,0.00315000,1.27000000
2018-02-22 14:12:14,0.00315100,0.82000000
2018-02-22 14:12:14,0.00315300,25.33000000
2018-02-22 14:12:26,0.00315300,1.00000000
2018-02-22 14:12:37,0.00315000,10.42000000
2018-02-22 14:12:37,0.00315000,34.65000000
2018-02-22 14:12:39,0.00315000,2.30000000
2018-02-22 14:12:42,0.00315100,0.98000000
2018-02-22 14:12:42,0.00315300,7.50000000
2018-02-22 14:12:42,0.00315400,6.12000000
2018-02-22 14:12:42,0.00315000,1.27000000
2018-02-22 14:12:52,0.00315100,30.52000000
2018-02-22 14:12:52,0.00315000,220.89000000
2018-02-22 14:12:55,0.00315100,20.00000000
2018-02-22 14:12:58,0.00315100,1.86000000
2018-02-22 14:12:58,0.00315300,2.72000000
2018-02-22 14:12:58,0.00315400,0.42000000
2018-02-22 14:13:01,0.00315000,19.43000000
2018-02-22 14:13:07,0.00315300,24.19000000
2018-02-22 14:13:07,0.00315400,70.18000000
2018-02-22 14:13:11,0.00315400,27.77000000
2018-02-22 14:13:17,0.00315300,10.82000000
2018-02-22 14:13:19,0.00315300,2.38000000
2018-02-22 14:13:22,0.00315300,13.30000000
2018-02-22 14:13:22,0.00315100,11.69000000
2018-02-22 14:13:23,0.00315100,2.17000000
2018-02-22 14:13:24,0.00315400,50.00000000
2018-02-22 14:13:24,0.00315100,5.23000000
2018-02-22 14:13:24,0.00315100,70.00000000
2018-02-22 14:13:25,0.00315400,65.30000000
2018-02-22 14:13:25,0.00315100,3.96000000
2018-02-22 14:13:25,0.00315000,66.04000000
2018-02-22 14:13:25,0.00315400,1.45000000
2018-02-22 14:13:26,0.00315100,1.17000000
2018-02-22 14:13:27,0.00315400,0.49000000
2018-02-22 14:13:28,0.00315200,4.14000000
2018-02-22 14:13:29,0.00315300,15.00000000
2018-02-22 14:13:29,0.00315200,6.81000000
2018-02-22 14:13:29,0.00315100,33.83000000
2018-02-22 14:13:29,0.00315000,0.34000000
2018-02-22 14:13:31,0.00315400,14.30000000
2018-02-22 14:13:32,0.00315200,0.57000000
2018-02-22 14:13:32,0.00315000,1.27000000
2018-02-22 14:13:34,0.00315000,1.36000000
2018-02-22 14:13:35,0.00315000,1.39000000
2018-02-22 14:13:36,0.00315000,2.30000000
2018-02-22 14:13:37,0.00315000,1.39000000
2018-02-22 14:13:38,0.00315200,25.57000000
2018-02-22 14:13:38,0.00315000,2.59000000
2018-02-22 14:13:44,0.00315400,14.23000000
2018-02-22 14:13:49,0.00315200,5.41000000
2018-02-22 14:13:50,0.00315500,11.50000000
2018-02-22 14:13:51,0.00315500,5.45000000
2018-02-22 14:13:55,0.00315400,2.92000000
2018-02-22 14:13:56,0.00315400,28.73000000
2018-02-22 14:14:00,0.00315400,126.92000000
2018-02-22 14:14:02,0.00315200,19.54000000
2018-02-22 14:14:02,0.00315100,42.55000000
2018-02-22 14:14:03,0.00315300,1.33000000
2018-02-22 14:14:04,0.00315300,0.52000000
2018-02-22 14:14:05,0.00315500,3.04000000
2018-02-22 14:14:06,0.00315500,9.66000000
2018-02-22 14:14:08,0.00315800,2.84000000
2018-02-22 14:14:08,0.00315900,22.64000000
2018-02-22 14:14:08,0.00315900,3.17000000
2018-02-22 14:14:09,0.00315900,1.91000000
2018-02-22 14:14:14,0.00315900,7.28000000
2018-02-22 14:14:14,0.00315900,0.87000000
2018-02-22 14:14:15,0.00315400,0.87000000
2018-02-22 14:14:16,0.00315500,1.10000000
2018-02-22 14:14:16,0.00315500,1.00000000
2018-02-22 14:14:20,0.00315500,1.27000000
2018-02-22 14:14:23,0.00315500,1.79000000
2018-02-22 14:14:25,0.00315500,1.27000000
2018-02-22 14:14:29,0.00315500,1.27000000
2018-02-22 14:14:30,0.00315900,7.20000000
2018-02-22 14:14:30,0.00316000,4.68000000
2018-02-22 14:14:31,0.00315500,1.27000000
2018-02-22 14:14:32,0.00316000,20.00000000
2018-02-22 14:14:34,0.00315600,1.27000000
2018-02-22 14:14:34,0.00316000,0.79000000
2018-02-22 14:14:35,0.00315900,0.80000000
2018-02-22 14:14:36,0.00316000,0.09000000
2018-02-22 14:14:43,0.00315600,4.99000000
2018-02-22 14:14:45,0.00315900,5.36000000
2018-02-22 14:14:45,0.00315500,3.63000000
2018-02-22 14:14:46,0.00315500,5.30000000
2018-02-22 14:14:47,0.00315900,0.10000000
2018-02-22 14:14:47,0.00316000,24.90000000
2018-02-22 14:14:50,0.00315600,9.44000000
2018-02-22 14:14:50,0.00315600,9.44000000
2018-02-22 14:14:50,0.00316000,4.62000000
2018-02-22 14:14:52,0.00315900,2.97000000
2018-02-22 14:14:55,0.00315500,2.50000000
2018-02-22 14:14:55,0.00315900,8.65000000
2018-02-22 14:14:55,0.00315900,1.22000000
2018-02-22 14:14:58,0.00315900,0.74000000
2018-02-22 14:14:59,0.00315900,55.13000000
2018-02-22 14:14:59,0.00315600,18.39000000
2018-02-22 14:15:00,0.00315600,9.49000000
2018-02-22 14:15:00,0.00315600,15.83000000
2018-02-22 14:15:03,0.00315600,1.28000000
2018-02-22 14:15:06,0.00315600,4.61000000
2018-02-22 14:15:06,0.00315600,3.81000000
2018-02-22 14:15:06,0.00315600,8.89000000
2018-02-22 14:15:08,0.00315600,1.29000000
2018-02-22 14:15:10,0.00315600,1.50000000
2018-02-22 14:15:10,0.00315600,2.78000000
2018-02-22 14:15:13,0.00315600,1.27000000
2018-02-22 14:15:21,0.00315600,1.79000000
2018-02-22 14:15:22,0.00315600,79.46000000
2018-02-22 14:15:22,0.00315600,81.73000000
2018-02-22 14:15:23,0.00315600,2.28000000
2018-02-22 14:15:23,0.00315500,101.23000000
2018-02-22 14:15:23,0.00315600,6.14000000
2018-02-22 14:15:25,0.00315600,10.02000000
2018-02-22 14:15:25,0.00315800,11.67000000
2018-02-22 14:15:25,0.00315500,1.27000000
2018-02-22 14:15:26,0.00315600,3.18000000
2018-02-22 14:15:28,0.00315700,1.79000000
2018-02-22 14:15:28,0.00315700,10.56000000
2018-02-22 14:15:28,0.00315700,16.43000000
2018-02-22 14:15:29,0.00315700,2.90000000
2018-02-22 14:15:29,0.00315600,0.28000000
2018-02-22 14:15:30,0.00315600,0.54000000
2018-02-22 14:15:32,0.00315500,1.79000000
2018-02-22 14:15:33,0.00315500,0.47000000
2018-02-22 14:15:34,0.00315500,1.55000000
2018-02-22 14:15:35,0.00315500,52.07000000
2018-02-22 14:15:35,0.00315500,10.15000000
2018-02-22 14:15:37,0.00315500,1.27000000
2018-02-22 14:15:37,0.00315500,50.84000000
2018-02-22 14:15:38,0.00315600,0.73000000
2018-02-22 14:15:38,0.00315700,1.27000000
2018-02-22 14:15:39,0.00315500,1.27000000
2018-02-22 14:15:39,0.00315700,3.16000000
2018-02-22 14:15:40,0.00315500,26.81000000
2018-02-22 14:15:42,0.00315500,1.79000000
2018-02-22 14:15:43,0.00315700,3.27000000
2018-02-22 14:15:44,0.00315500,1.49000000
2018-02-22 14:15:46,0.00315500,1.27000000
2018-02-22 14:15:47,0.00315500,6.00000000
2018-02-22 14:15:47,0.00315500,9.35000000
2018-02-22 14:15:47,0.00315500,4.52000000
2018-02-22 14:15:47,0.00315500,1.13000000
2018-02-22 14:15:53,0.00315500,3.17000000
2018-02-22 14:15:53,0.00315300,16.30000000
2018-02-22 14:15:54,0.00315700,2.25000000
2018-02-22 14:15:57,0.00315500,1.26000000
2018-02-22 14:15:57,0.00315500,6.96000000
2018-02-22 14:15:58,0.00315500,0.01000000
2018-02-22 14:15:59,0.00315400,1.00000000
2018-02-22 14:15:59,0.00315300,14.90000000
2018-02-22 14:16:00,0.00315400,1.26000000
2018-02-22 14:16:00,0.00315400,3.17000000
2018-02-22 14:16:00,0.00315400,60.55000000
2018-02-22 14:16:00,0.00315400,61.91000000
2018-02-22 14:16:01,0.00315400,20.00000000
2018-02-22 14:16:01,0.00315400,20.64000000
2018-02-22 14:16:01,0.00315300,3.80000000
2018-02-22 14:16:01,0.00315100,46.00000000
2018-02-22 14:16:01,0.00315000,11.10000000
2018-02-22 14:16:01,0.00315000,15.90000000
2018-02-22 14:16:06,0.00315700,46.53000000
2018-02-22 14:16:06,0.00315800,47.42000000
2018-02-22 14:16:07,0.00315800,2.86000000
2018-02-22 14:16:07,0.00315800,0.01000000
2018-02-22 14:16:07,0.00315000,2.87000000
2018-02-22 14:16:16,0.00315400,70.60000000
2018-02-22 14:16:23,0.00315400,17.71000000
2018-02-22 14:16:23,0.00315300,72.63000000
2018-02-22 14:16:23,0.00315700,3.00000000
2018-02-22 14:16:23,0.00315800,94.50000000
2018-02-22 14:16:24,0.00315400,15.93000000
2018-02-22 14:16:24,0.00315200,6.34000000
2018-02-22 14:16:24,0.00315100,10.00000000
2018-02-22 14:16:24,0.00315000,121.74000000
2018-02-22 14:16:24,0.00315200,1.26000000
2018-02-22 14:16:25,0.00315200,9.81000000
2018-02-22 14:16:26,0.00315500,15.93000000
2018-02-22 14:16:26,0.00315600,6.34000000
2018-02-22 14:16:26,0.00315700,8.86000000
2018-02-22 14:16:26,0.00315700,2.21000000
2018-02-22 14:16:26,0.00315200,8.86000000
2018-02-22 14:16:27,0.00315200,9.50000000
2018-02-22 14:16:27,0.00315200,5.57000000
2018-02-22 14:16:27,0.00315200,13.43000000
2018-02-22 14:16:27,0.00315200,2.50000000
2018-02-22 14:16:28,0.00315200,43.00000000
2018-02-22 14:16:28,0.00315200,2.00000000
2018-02-22 14:16:28,0.00315100,15.93000000
2018-02-22 14:16:28,0.00315700,2.00000000
2018-02-22 14:16:29,0.00315200,9.50000000
2018-02-22 14:16:31,0.00315500,1.36000000
2018-02-22 14:16:31,0.00315500,9.08000000
2018-02-22 14:16:36,0.00315300,32.86000000
2018-02-22 14:16:37,0.00315700,2.37000000
2018-02-22 14:16:38,0.00315400,6.33000000
2018-02-22 14:16:38,0.00315500,1.26000000
2018-02-22 14:16:38,0.00315900,1.27000000
2018-02-22 14:16:38,0.00316100,1.01000000
2018-02-22 14:16:39,0.00315600,1.26000000
2018-02-22 14:16:40,0.00315500,2.22000000
2018-02-22 14:16:40,0.00315500,2.22000000
2018-02-22 14:16:40,0.00315400,0.01000000
2018-02-22 14:16:40,0.00315300,2.24000000
2018-02-22 14:16:40,0.00315500,2.22000000
2018-02-22 14:16:41,0.00315500,2.21000000
2018-02-22 14:16:41,0.00315500,0.01000000
2018-02-22 14:16:41,0.00315300,2.20000000
2018-02-22 14:16:42,0.00315400,9.50000000
2018-02-22 14:16:42,0.00315400,9.51000000
2018-02-22 14:16:42,0.00315400,9.50000000
2018-02-22 14:16:42,0.00315400,4.51000000
2018-02-22 14:16:42,0.00315400,9.51000000
2018-02-22 14:16:42,0.00315400,9.51000000
2018-02-22 14:16:43,0.00315500,1.26000000
2018-02-22 14:16:44,0.00315400,4.00000000
2018-02-22 14:16:45,0.00315600,7.36000000
2018-02-22 14:16:45,0.00315400,0.71000000
2018-02-22 14:16:45,0.00315200,7.36000000
2018-02-22 14:16:45,0.00315400,3.99000000
2018-02-22 14:16:45,0.00315600,36.15000000
2018-02-22 14:16:45,0.00315800,10.78000000
2018-02-22 14:16:45,0.00316000,2.50000000
2018-02-22 14:16:45,0.00316100,0.84000000
2018-02-22 14:16:47,0.00315400,6.66000000
2018-02-22 14:16:47,0.00315500,0.54000000
2018-02-22 14:16:47,0.00315400,2.22000000
2018-02-22 14:16:47,0.00315800,2.39000000
2018-02-22 14:16:47,0.00315300,4.96000000
2018-02-22 14:16:48,0.00315500,1.26000000
2018-02-22 14:16:48,0.00315300,4.78000000
2018-02-22 14:16:49,0.00315400,4.96000000
2018-02-22 14:16:49,0.00315400,9.51000000
2018-02-22 14:16:49,0.00315400,1.46000000
2018-02-22 14:16:50,0.00315300,2.70000000
2018-02-22 14:16:51,0.00315400,4.95000000
2018-02-22 14:16:51,0.00315400,4.96000000
2018-02-22 14:16:51,0.00315300,1.41000000
2018-02-22 14:16:53,0.00315500,20.88000000
2018-02-22 14:16:56,0.00315300,9.50000000
2018-02-22 14:16:56,0.00315300,9.51000000
2018-02-22 14:16:56,0.00315300,56.04000000
2018-02-22 14:16:56,0.00315300,9.51000000
2018-02-22 14:16:56,0.00315300,9.51000000
2018-02-22 14:16:56,0.00315300,9.51000000
2018-02-22 14:16:56,0.00315300,2.33000000
2018-02-22 14:16:57,0.00315400,1.26000000
2018-02-22 14:16:58,0.00315300,14.34000000
2018-02-22 14:16:58,0.00315200,1.56000000
2018-02-22 14:16:59,0.00315800,0.63000000
2018-02-22 14:17:00,0.00315400,69.70000000
2018-02-22 14:17:00,0.00315400,35.40000000
2018-02-22 14:17:00,0.00315400,8.85000000
2018-02-22 14:17:00,0.00315200,9.50000000
2018-02-22 14:17:01,0.00315400,44.29000000
2018-02-22 14:17:02,0.00315300,1.26000000
2018-02-22 14:17:02,0.00315200,9.50000000
2018-02-22 14:17:04,0.00315600,1.26000000
2018-02-22 14:17:05,0.00315600,15.90000000
2018-02-22 14:17:05,0.00315600,70.64000000
2018-02-22 14:17:06,0.00315300,6.00000000
2018-02-22 14:17:06,0.00315300,6.00000000
2018-02-22 14:17:07,0.00315600,0.54000000
2018-02-22 14:17:11,0.00315400,1.53000000
2018-02-22 14:17:11,0.00315300,4.50000000
2018-02-22 14:17:12,0.00315300,7.50000000
2018-02-22 14:17:19,0.00315300,5.65000000
2018-02-22 14:17:22,0.00315300,9.50000000
2018-02-22 14:17:22,0.00315300,9.50000000
2018-02-22 14:17:22,0.00315300,20.29000000
2018-02-22 14:17:23,0.00315300,9.51000000
2018-02-22 14:17:24,0.00315600,25.00000000
2018-02-22 14:17:28,0.00315300,40.59000000
2018-02-22 14:17:28,0.00315300,50.22000000
2018-02-22 14:17:28,0.00315300,60.52000000
2018-02-22 14:17:28,0.00315300,70.35000000
2018-02-22 14:17:28,0.00315300,79.86000000
2018-02-22 14:17:28,0.00315300,94.05000000
2018-02-22 14:17:28,0.00315300,102.68000000
2018-02-22 14:17:28,0.00315300,1.73000000
2018-02-22 14:17:28,0.00315600,33.89000000
2018-02-22 14:17:31,0.00315200,2.00000000
2018-02-22 14:17:34,0.00315400,1.26000000
2018-02-22 14:17:36,0.00315300,9.50000000
2018-02-22 14:17:36,0.00315400,1.26000000
2018-02-22 14:17:36,0.00315300,6.38000000
2018-02-22 14:17:37,0.00315300,1.26000000
2018-02-22 14:17:39,0.00315300,1.26000000
2018-02-22 14:17:39,0.00315200,0.07000000
2018-02-22 14:17:39,0.00315100,3.00000000
2018-02-22 14:17:40,0.00315200,15.81000000
2018-02-22 14:17:40,0.00315300,1.26000000
2018-02-22 14:17:40,0.00315500,3.00000000
2018-02-22 14:17:40,0.00315800,10.74000000
2018-02-22 14:17:41,0.00315300,0.84000000
2018-02-22 14:17:41,0.00315700,2.65000000
2018-02-22 14:17:41,0.00315700,2.51000000
2018-02-22 14:17:42,0.00315200,0.39000000
2018-02-22 14:17:42,0.00315200,2.23000000
2018-02-22 14:17:42,0.00315200,9.51000000
2018-02-22 14:17:42,0.00315300,1.26000000
2018-02-22 14:17:42,0.00315200,3.75000000
2018-02-22 14:17:42,0.00315200,6.34000000
2018-02-22 14:17:43,0.00315200,4.76000000
2018-02-22 14:17:43,0.00315000,2.50000000
2018-02-22 14:17:44,0.00315000,3.48000000
2018-02-22 14:17:44,0.00315500,6.34000000
2018-02-22 14:17:45,0.00315500,15.88000000
2018-02-22 14:17:45,0.00315600,1.27000000
2018-02-22 14:17:46,0.00315700,7.13000000
2018-02-22 14:17:46,0.00315200,26.44000000
2018-02-22 14:17:46,0.00315200,9.51000000
2018-02-22 14:17:46,0.00315200,9.51000000
2018-02-22 14:17:46,0.00315200,9.50000000
2018-02-22 14:17:46,0.00315200,9.50000000
2018-02-22 14:17:47,0.00315300,9.51000000
2018-02-22 14:17:47,0.00315300,6.37000000
2018-02-22 14:17:47,0.00315100,6.33000000
2018-02-22 14:17:47,0.00315400,1.26000000
2018-02-22 14:17:47,0.00315200,23.39000000
2018-02-22 14:17:51,0.00315600,23.26000000
2018-02-22 14:17:53,0.00315300,6.34000000
2018-02-22 14:17:53,0.00315200,18.33000000
2018-02-22 14:17:53,0.00315100,47.01000000
2018-02-22 14:17:55,0.00315400,3.47000000
2018-02-22 14:17:56,0.00315300,0.74000000
2018-02-22 14:17:56,0.00315600,29.73000000
2018-02-22 14:17:56,0.00315700,42.45000000
2018-02-22 14:17:57,0.00315300,1.26000000
2018-02-22 14:17:57,0.00315100,58.33000000
2018-02-22 14:17:57,0.00315000,5.59000000
2018-02-22 14:17:58,0.00315100,9.52000000
2018-02-22 14:17:58,0.00315200,6.34000000
2018-02-22 14:17:59,0.00315300,1.26000000
2018-02-22 14:17:59,0.00315100,31.07000000
2018-02-22 14:18:01,0.00315100,15.88000000
2018-02-22 14:18:01,0.00315200,1.26000000
2018-02-22 14:18:05,0.00315400,100.00000000
2018-02-22 14:18:06,0.00315400,29.49000000
2018-02-22 14:18:06,0.00315400,23.87000000
2018-02-22 14:18:08,0.00315400,32.35000000
2018-02-22 14:18:08,0.00315400,6.04000000
2018-02-22 14:18:10,0.00315400,0.86000000
2018-02-22 14:18:10,0.00315400,84.97000000
2018-02-22 14:18:10,0.00315200,9.04000000
2018-02-22 14:18:11,0.00315200,9.51000000
2018-02-22 14:18:11,0.00315200,24.22000000
2018-02-22 14:18:11,0.00315200,9.51000000
2018-02-22 14:18:12,0.00315200,47.59000000
2018-02-22 14:18:12,0.00315200,9.51000000
2018-02-22 14:18:12,0.00315300,1.26000000
2018-02-22 14:18:18,0.00315600,43.00000000
2018-02-22 14:18:19,0.00315300,55.89000000
2018-02-22 14:18:22,0.00315600,33.75000000
2018-02-22 14:18:23,0.00315700,25.85000000
2018-02-22 14:18:24,0.00315700,28.86000000
2018-02-22 14:18:24,0.00315700,1.76000000
2018-02-22 14:18:25,0.00315700,1.20000000
2018-02-22 14:18:28,0.00315400,3.14000000
2018-02-22 14:18:28,0.00315700,6.00000000
2018-02-22 14:18:33,0.00315700,33.99000000
2018-02-22 14:18:33,0.00315700,109.95000000
2018-02-22 14:18:34,0.00315700,10.78000000
2018-02-22 14:18:38,0.00315700,13.41000000
2018-02-22 14:18:39,0.00315700,9.22000000
2018-02-22 14:18:39,0.00315700,7.71000000
2018-02-22 14:18:41,0.00315700,18.21000000
2018-02-22 14:18:41,0.00315700,17.31000000
2018-02-22 14:18:42,0.00315500,12.92000000
2018-02-22 14:18:44,0.00315700,1.00000000
2018-02-22 14:18:46,0.00315700,1.90000000
2018-02-22 14:18:46,0.00315700,1.90000000
2018-02-22 14:18:46,0.00315700,46.01000000
2018-02-22 14:18:46,0.00315700,1.90000000
2018-02-22 14:18:46,0.00315700,1.90000000
2018-02-22 14:18:46,0.00315700,1.90000000
2018-02-22 14:18:46,0.00315700,36.17000000
2018-02-22 14:18:47,0.00315700,1.90000000
2018-02-22 14:18:48,0.00315700,35.86000000
2018-02-22 14:18:50,0.00315600,17.36000000
2018-02-22 14:18:51,0.00315600,131.55000000
2018-02-22 14:18:51,0.00315600,152.09000000
2018-02-22 14:18:51,0.00315700,1.31000000
2018-02-22 14:18:52,0.00315600,96.82000000
2018-02-22 14:18:55,0.00315700,34.58000000
2018-02-22 14:18:55,0.00315900,2.11000000
2018-02-22 14:18:55,0.00316000,29.18000000
2018-02-22 14:18:56,0.00316000,26.89000000
2018-02-22 14:18:56,0.00316100,21.78000000
2018-02-22 14:18:57,0.00316000,40.00000000
2018-02-22 14:18:57,0.00316000,13.42000000
2018-02-22 14:18:57,0.00315600,13.28000000
2018-02-22 14:18:59,0.00316000,16.23000000
2018-02-22 14:19:01,0.00315700,26.97000000
2018-02-22 14:19:04,0.00315800,11.00000000
2018-02-22 14:19:04,0.00315700,25.91000000
2018-02-22 14:19:09,0.00315700,1.01000000
2018-02-22 14:19:11,0.00316000,0.63000000
2018-02-22 14:19:11,0.00315700,2.15000000
2018-02-22 14:19:12,0.00315700,63.35000000
2018-02-22 14:19:13,0.00315700,100.00000000
2018-02-22 14:19:14,0.00316000,10.37000000
2018-02-22 14:19:20,0.00316100,9.07000000
2018-02-22 14:19:21,0.00316100,16.78000000
2018-02-22 14:19:21,0.00316200,32.48000000
2018-02-22 14:19:21,0.00316200,20.52000000
2018-02-22 14:19:21,0.00316000,134.37000000
2018-02-22 14:19:22,0.00316200,91.82000000
2018-02-22 14:19:23,0.00316200,4.62000000
2018-02-22 14:19:24,0.00316000,283.06000000
2018-02-22 14:19:24,0.00315800,28.66000000
2018-02-22 14:19:24,0.00316200,92.72000000
2018-02-22 14:19:25,0.00316100,22.00000000
2018-02-22 14:19:26,0.00316000,21.06000000
2018-02-22 14:19:29,0.00316100,10.00000000
2018-02-22 14:19:30,0.00316000,28.43000000
2018-02-22 14:19:33,0.00316300,24.70000000
2018-02-22 14:19:38,0.00316200,4.86000000
2018-02-22 14:19:39,0.00316300,0.76000000
2018-02-22 14:19:39,0.00316300,40.88000000
2018-02-22 14:19:40,0.00316300,94.00000000
2018-02-22 14:19:41,0.00316200,17.24000000
2018-02-22 14:19:41,0.00316300,8.13000000
2018-02-22 14:19:42,0.00316300,11.00000000
2018-02-22 14:19:43,0.00316300,14.00000000
2018-02-22 14:19:44,0.00316300,5.45000000
2018-02-22 14:19:45,0.00316100,37.82000000
2018-02-22 14:19:45,0.00316300,11.00000000
2018-02-22 14:19:46,0.00316300,0.20000000
2018-02-22 14:19:47,0.00316300,4.65000000
2018-02-22 14:19:49,0.00316300,11.00000000
2018-02-22 14:19:49,0.00316200,23.09000000
2018-02-22 14:19:49,0.00316100,9.37000000
2018-02-22 14:19:50,0.00316100,9.91000000
2018-02-22 14:19:52,0.00316200,11.00000000
2018-02-22 14:19:52,0.00316300,20.60000000
2018-02-22 14:19:52,0.00316100,48.18000000
2018-02-22 14:19:52,0.00316000,19.92000000
2018-02-22 14:19:53,0.00316100,2.53000000
2018-02-22 14:19:54,0.00316200,15.00000000
2018-02-22 14:19:55,0.00316200,22.88000000
2018-02-22 14:19:55,0.00316000,25.53000000
2018-02-22 14:19:58,0.00316200,17.95000000
2018-02-22 14:19:59,0.00316100,10.08000000
2018-02-22 14:19:59,0.00316200,3.80000000
2018-02-22 14:19:59,0.00316000,0.65000000
2018-02-22 14:20:01,0.00316100,11.01000000
2018-02-22 14:20:01,0.00316000,117.08000000
2018-02-22 14:20:01,0.00316000,52.39000000
2018-02-22 14:20:01,0.00316100,1.00000000
2018-02-22 14:20:03,0.00316100,6.54000000
2018-02-22 14:20:03,0.00316000,11.45000000
2018-02-22 14:20:03,0.00316000,55.00000000
2018-02-22 14:20:04,0.00316200,6.04000000
2018-02-22 14:20:04,0.00316300,3.44000000
2018-02-22 14:20:06,0.00316300,73.77000000
2018-02-22 14:20:09,0.00316000,321.65000000
2018-02-22 14:20:09,0.00316000,2.00000000
2018-02-22 14:20:10,0.00316000,3.88000000
2018-02-22 14:20:12,0.00316000,18.27000000
2018-02-22 14:20:12,0.00315800,1.90000000
2018-02-22 14:20:12,0.00315700,49.33000000
2018-02-22 14:20:13,0.00315700,23.19000000
2018-02-22 14:20:14,0.00315600,179.81000000
2018-02-22 14:20:14,0.00315600,101.63000000
2018-02-22 14:20:15,0.00315900,9.49000000
2018-02-22 14:20:15,0.00315900,9.49000000
2018-02-22 14:20:15,0.00315800,9.49000000
2018-02-22 14:20:16,0.00315800,11.23000000
2018-02-22 14:20:16,0.00315800,7.79000000
2018-02-22 14:20:16,0.00315900,5.17000000
2018-02-22 14:20:16,0.00315900,21.95000000
2018-02-22 14:20:21,0.00315900,60.00000000
2018-02-22 14:20:24,0.00315900,18.72000000
2018-02-22 14:20:24,0.00316000,79.29000000
2018-02-22 14:20:24,0.00316300,218.14000000
2018-02-22 14:20:27,0.00315700,6.33000000
2018-02-22 14:20:27,0.00315600,4.73000000
2018-02-22 14:20:28,0.00316200,1.33000000
2018-02-22 14:20:30,0.00315800,14.00000000
2018-02-22 14:20:31,0.00315900,101.67000000
2018-02-22 14:20:31,0.00315600,26.45000000
2018-02-22 14:20:33,0.00315600,1.60000000
2018-02-22 14:20:33,0.00315500,25.47000000
2018-02-22 14:20:34,0.00315400,0.48000000
2018-02-22 14:20:34,0.00315400,2.74000000
2018-02-22 14:20:35,0.00315400,1.27000000
2018-02-22 14:20:36,0.00315400,5.44000000
2018-02-22 14:20:36,0.00315400,5.92000000
2018-02-22 14:20:36,0.00315500,103.44000000
2018-02-22 14:20:37,0.00316000,113.20000000
2018-02-22 14:20:42,0.00315900,1.45000000
2018-02-22 14:20:43,0.00316000,3.16000000
2018-02-22 14:20:45,0.00316000,0.44000000
2018-02-22 14:20:49,0.00315600,6.47000000
2018-02-22 14:20:52,0.00315600,7.44000000
2018-02-22 14:20:53,0.00315600,2.24000000
2018-02-22 14:20:57,0.00315600,4.02000000
2018-02-22 14:20:57,0.00315600,6.51000000
2018-02-22 14:21:02,0.00315600,10.00000000
2018-02-22 14:21:04,0.00315700,47.03000000
2018-02-22 14:21:05,0.00315700,1.99000000
2018-02-22 14:21:05,0.00315700,1.75000000
2018-02-22 14:21:05,0.00315700,2.00000000
2018-02-22 14:21:05,0.00315700,0.63000000
2018-02-22 14:21:05,0.00315700,2.00000000
2018-02-22 14:21:05,0.00315700,2.00000000
2018-02-22 14:21:11,0.00315600,2.00000000
2018-02-22 14:21:13,0.00315700,75.84000000
2018-02-22 14:21:13,0.00315700,16.76000000
2018-02-22 14:21:14,0.00315600,2.00000000
2018-02-22 14:21:15,0.00315600,2.00000000
2018-02-22 14:21:15,0.00315600,40.39000000
2018-02-22 14:21:15,0.00315600,2.15000000
2018-02-22 14:21:18,0.00315600,60.20000000
2018-02-22 14:21:18,0.00315500,268.95000000
2018-02-22 14:21:20,0.00315500,40.00000000
2018-02-22 14:21:23,0.00315500,3.16000000
2018-02-22 14:21:25,0.00315500,452.07000000
2018-02-22 14:21:26,0.00315500,17.40000000
2018-02-22 14:21:28,0.00315700,28.55000000
2018-02-22 14:21:28,0.00315800,4.35000000
2018-02-22 14:21:28,0.00315900,1.01000000
2018-02-22 14:21:30,0.00316000,0.35000000
2018-02-22 14:21:31,0.00315700,15.84000000
2018-02-22 14:21:33,0.00316000,9.99000000
2018-02-22 14:21:33,0.00316000,13.01000000
2018-02-22 14:21:33,0.00315700,9.46000000
2018-02-22 14:21:33,0.00315500,6.38000000
2018-02-22 14:21:33,0.00315500,9.49000000
2018-02-22 14:21:35,0.00315800,15.84000000
2018-02-22 14:21:35,0.00315800,2.16000000
2018-02-22 14:21:36,0.00315800,0.53000000
2018-02-22 14:21:36,0.00315800,0.53000000
2018-02-22 14:21:40,0.00315900,26.18000000
2018-02-22 14:21:40,0.00315900,22.22000000
2018-02-22 14:21:43,0.00316100,4.38000000
2018-02-22 14:21:47,0.00315900,1.26000000
2018-02-22 14:21:47,0.00315900,15.88000000
2018-02-22 14:21:50,0.00316000,31.96000000
2018-02-22 14:21:51,0.00315900,15.88000000
2018-02-22 14:21:53,0.00315900,15.88000000
2018-02-22 14:21:54,0.00316000,10.64000000
2018-02-22 14:21:54,0.00315900,17.05000000
2018-02-22 14:21:54,0.00316000,7.40000000
2018-02-22 14:21:56,0.00316000,15.88000000
2018-02-22 14:21:57,0.00316000,17.34000000
2018-02-22 14:21:57,0.00315900,9.96000000
2018-02-22 14:21:58,0.00315900,15.88000000
2018-02-22 14:21:58,0.00315900,82.89000000
2018-02-22 14:21:59,0.00316100,1.48000000
2018-02-22 14:21:59,0.00315900,15.82000000
2018-02-22 14:22:01,0.00315900,31.58000000
2018-02-22 14:22:02,0.00315900,3.02000000
2018-02-22 14:22:02,0.00315800,12.77000000
2018-02-22 14:22:03,0.00315800,18.11000000
2018-02-22 14:22:05,0.00315900,15.88000000
2018-02-22 14:22:06,0.00316000,5.00000000
2018-02-22 14:22:07,0.00316000,13.12000000
2018-02-22 14:22:07,0.00315900,2.76000000
2018-02-22 14:22:07,0.00315900,39.24000000
2018-02-22 14:22:09,0.00315900,15.88000000
2018-02-22 14:22:10,0.00316000,0.50000000
2018-02-22 14:22:10,0.00316000,10.66000000
2018-02-22 14:22:10,0.00315900,5.21000000
2018-02-22 14:22:12,0.00315900,20.78000000
2018-02-22 14:22:12,0.00315900,15.87000000
2018-02-22 14:22:14,0.00315900,15.87000000
2018-02-22 14:22:16,0.00315900,15.87000000
2018-02-22 14:22:16,0.00315900,0.35000000
2018-02-22 14:22:17,0.00315900,3.19000000
2018-02-22 14:22:18,0.00315900,15.87000000
2018-02-22 14:22:18,0.00315900,9.49000000
2018-02-22 14:22:19,0.00315900,6.19000000
2018-02-22 14:22:19,0.00316000,5.64000000
2018-02-22 14:22:21,0.00315900,15.87000000
2018-02-22 14:22:21,0.00315900,12.00000000
2018-02-22 14:22:22,0.00315900,0.35000000
2018-02-22 14:22:22,0.00315900,26.40000000
2018-02-22 14:22:23,0.00315900,15.87000000
2018-02-22 14:22:25,0.00315900,8.00000000
2018-02-22 14:22:28,0.00316100,4.40000000
2018-02-22 14:22:29,0.00316100,3.16000000
2018-02-22 14:22:30,0.00316100,0.51000000
2018-02-22 14:22:31,0.00316100,30.80000000
2018-02-22 14:22:32,0.00316100,0.79000000
2018-02-22 14:22:34,0.00316000,6.24000000
2018-02-22 14:22:35,0.00316100,111.12000000
2018-02-22 14:22:36,0.00316300,3.16000000
2018-02-22 14:22:36,0.00316100,15.88000000
2018-02-22 14:22:36,0.00316300,1.00000000
2018-02-22 14:22:36,0.00316100,9.49000000
2018-02-22 14:22:37,0.00316100,9.49000000
2018-02-22 14:22:37,0.00316100,9.49000000
2018-02-22 14:22:37,0.00316100,9.49000000
2018-02-22 14:22:37,0.00316100,9.49000000
2018-02-22 14:22:37,0.00316100,7.14000000
2018-02-22 14:22:37,0.00315900,2.35000000
2018-02-22 14:22:37,0.00315900,9.49000000
2018-02-22 14:22:37,0.00315900,9.49000000
2018-02-22 14:22:37,0.00315900,5.50000000
2018-02-22 14:22:37,0.00315900,5.50000000
2018-02-22 14:22:37,0.00316000,9.49000000
2018-02-22 14:22:37,0.00316000,5.50000000
2018-02-22 14:22:37,0.00316000,5.50000000
2018-02-22 14:22:37,0.00316000,5.50000000
2018-02-22 14:22:37,0.00316000,2.59000000
2018-02-22 14:22:37,0.00315900,2.91000000
2018-02-22 14:22:38,0.00315900,5.50000000
2018-02-22 14:22:38,0.00315900,5.50000000
2018-02-22 14:22:38,0.00315900,5.50000000
2018-02-22 14:22:38,0.00316100,3.16000000
2018-02-22 14:22:39,0.00315900,1.00000000
2018-02-22 14:22:42,0.00316000,8.56000000
2018-02-22 14:22:42,0.00316000,10.68000000
2018-02-22 14:22:42,0.00315900,15.48000000
2018-02-22 14:22:43,0.00315900,2.50000000
2018-02-22 14:22:43,0.00315900,25.31000000
2018-02-22 14:22:44,0.00315900,27.80000000
2018-02-22 14:22:44,0.00316000,9.34000000
2018-02-22 14:22:47,0.00316100,1.27000000
2018-02-22 14:22:48,0.00316000,8.18000000
2018-02-22 14:22:48,0.00315900,209.37000000
2018-02-22 14:23:02,0.00315800,5.17000000
2018-02-22 14:23:03,0.00315800,0.76000000
2018-02-22 14:23:03,0.00315700,39.02000000
2018-02-22 14:23:03,0.00315600,6.33000000
2018-02-22 14:23:03,0.00315500,11.52000000
2018-02-22 14:23:17,0.00315600,1.00000000
2018-02-22 14:23:21,0.00315600,5.87000000
2018-02-22 14:23:28,0.00315600,5.58000000
2018-02-22 14:23:30,0.00315600,13.27000000
2018-02-22 14:23:30,0.00315500,138.29000000
2018-02-22 14:23:42,0.00315800,34.80000000
2018-02-22 14:23:42,0.00315900,62.25000000
2018-02-22 14:23:49,0.00315800,36.98000000
2018-02-22 14:23:50,0.00315800,5.47000000
2018-02-22 14:23:52,0.00315900,0.01000000
2018-02-22 14:23:55,0.00315800,1.54000000
2018-02-22 14:23:55,0.00315600,6.46000000
2018-02-22 14:23:56,0.00315600,4.22000000
2018-02-22 14:23:56,0.00315500,185.46000000
2018-02-22 14:23:56,0.00315500,7.17000000
2018-02-22 14:23:56,0.00315400,5.05000000
2018-02-22 14:23:57,0.00315400,1.00000000
2018-02-22 14:23:57,0.00315600,1.54000000
2018-02-22 14:23:57,0.00315600,2.00000000
2018-02-22 14:23:57,0.00315600,5.70000000
2018-02-22 14:23:58,0.00315500,0.62000000
2018-02-22 14:23:58,0.00315900,52.41000000
2018-02-22 14:23:58,0.00315500,6.69000000
2018-02-22 14:23:58,0.00315400,20.46000000
2018-02-22 14:23:59,0.00315400,0.47000000
2018-02-22 14:24:03,0.00315900,51.50000000
2018-02-22 14:24:03,0.00315900,5.70000000
2018-02-22 14:24:04,0.00315900,6.32000000
2018-02-22 14:24:04,0.00315900,9.49000000
2018-02-22 14:24:04,0.00315900,9.49000000
2018-02-22 14:24:04,0.00315900,9.49000000
2018-02-22 14:24:04,0.00315900,8.01000000
2018-02-22 14:24:12,0.00315600,16.75000000
2018-02-22 14:24:14,0.00316000,67.94000000
2018-02-22 14:24:16,0.00315900,83.31000000
2018-02-22 14:24:16,0.00316000,16.69000000
2018-02-22 14:24:16,0.00316000,85.25000000
2018-02-22 14:24:20,0.00315900,0.37000000
2018-02-22 14:24:22,0.00315900,23.35000000
2018-02-22 14:24:22,0.00315900,15.86000000
2018-02-22 14:24:27,0.00316000,12.40000000
2018-02-22 14:24:29,0.00316000,10.78000000
2018-02-22 14:24:29,0.00316100,3.73000000
2018-02-22 14:24:30,0.00316200,18.61000000
2018-02-22 14:24:31,0.00316100,3.78000000
2018-02-22 14:24:31,0.00316000,12.08000000
2018-02-22 14:24:31,0.00316000,14.37000000
2018-02-22 14:24:31,0.00316400,0.35000000
2018-02-22 14:24:31,0.00316500,2.00000000
2018-02-22 14:24:31,0.00316600,0.81000000
2018-02-22 14:24:32,0.00316100,6.32000000
2018-02-22 14:24:32,0.00316000,190.20000000
2018-02-22 14:24:32,0.00315900,129.02000000
2018-02-22 14:24:32,0.00315800,37.00000000
2018-02-22 14:24:32,0.00315500,45.67000000
2018-02-22 14:24:34,0.00316000,15.89000000
2018-02-22 14:24:36,0.00316000,15.53000000
2018-02-22 14:24:36,0.00315700,0.36000000
2018-02-22 14:24:38,0.00315700,29.55000000
2018-02-22 14:24:38,0.00315600,15.89000000
2018-02-22 14:24:39,0.00316400,3.16000000
2018-02-22 14:24:40,0.00316100,8.48000000
2018-02-22 14:24:40,0.00316000,15.89000000
2018-02-22 14:24:41,0.00316000,34.11000000
2018-02-22 14:24:41,0.00315700,89.82000000
2018-02-22 14:24:42,0.00316100,20.00000000
2018-02-22 14:24:44,0.00316000,3.16000000
2018-02-22 14:24:46,0.00316100,16.31000000
2018-02-22 14:24:48,0.00316100,13.17000000
2018-02-22 14:24:48,0.00316300,1.43000000
2018-02-22 14:24:48,0.00316500,3.52000000
2018-02-22 14:24:49,0.00316400,5.34000000
2018-02-22 14:24:50,0.00316400,4.66000000
2018-02-22 14:24:50,0.00316100,11.23000000
2018-02-22 14:24:51,0.00316100,15.84000000
2018-02-22 14:24:51,0.00316100,79.87000000
2018-02-22 14:24:51,0.00316100,27.99000000
2018-02-22 14:24:51,0.00316000,11.81000000
2018-02-22 14:24:51,0.00315900,4.69000000
2018-02-22 14:24:51,0.00315800,6.12000000
2018-02-22 14:24:52,0.00316000,15.05000000
2018-02-22 14:24:53,0.00316000,9.65000000
2018-02-22 14:24:54,0.00316000,7.53000000
2018-02-22 14:24:54,0.00315800,81.88000000
2018-02-22 14:24:54,0.00315700,503.25000000
2018-02-22 14:24:54,0.00315500,13.47000000
2018-02-22 14:24:55,0.00316300,9.76000000
2018-02-22 14:24:56,0.00315800,0.35000000
2018-02-22 14:24:56,0.00315800,0.65000000
2018-02-22 14:24:57,0.00315800,27.02000000
2018-02-22 14:25:03,0.00315900,8.00000000
2018-02-22 14:25:03,0.00315900,8.00000000
2018-02-22 14:25:04,0.00315900,8.74000000
2018-02-22 14:25:04,0.00315900,0.61000000
2018-02-22 14:25:04,0.00315900,14.96000000
2018-02-22 14:25:04,0.00315900,4.08000000
2018-02-22 14:25:05,0.00315900,15.89000000
2018-02-22 14:25:05,0.00315900,14.96000000
2018-02-22 14:25:06,0.00315900,14.96000000
2018-02-22 14:25:06,0.00315900,9.50000000
2018-02-22 14:25:06,0.00315900,3.86000000
2018-02-22 14:25:06,0.00315900,14.96000000
2018-02-22 14:25:06,0.00315900,15.89000000
2018-02-22 14:25:07,0.00315900,14.96000000
2018-02-22 14:25:07,0.00315900,29.52000000
2018-02-22 14:25:07,0.00315900,9.50000000
2018-02-22 14:25:07,0.00315900,7.73000000
2018-02-22 14:25:08,0.00315900,9.50000000
2018-02-22 14:25:08,0.00315900,3.02000000
2018-02-22 14:25:08,0.00315800,25.28000000
2018-02-22 14:25:08,0.00315500,44.71000000
2018-02-22 14:25:08,0.00315500,15.89000000
2018-02-22 14:25:09,0.00315500,1.59000000
2018-02-22 14:25:09,0.00315900,6.97000000
2018-02-22 14:25:10,0.00315900,29.57000000
2018-02-22 14:25:10,0.00316000,3.00000000
2018-02-22 14:25:10,0.00316000,3.00000000
2018-02-22 14:25:11,0.00316000,6.76000000
2018-02-22 14:25:12,0.00315500,3.00000000
2018-02-22 14:25:12,0.00315500,1.00000000
2018-02-22 14:25:12,0.00315600,15.82000000
2018-02-22 14:25:12,0.00315500,40.60000000
2018-02-22 14:25:12,0.00315500,3.00000000
2018-02-22 14:25:12,0.00315600,0.32000000
2018-02-22 14:25:12,0.00315500,6.76000000
2018-02-22 14:25:13,0.00315600,1.90000000
2018-02-22 14:25:13,0.00315700,1.26000000
2018-02-22 14:25:13,0.00315600,3.04000000
2018-02-22 14:25:13,0.00315500,3.70000000
2018-02-22 14:25:13,0.00315500,15.89000000
2018-02-22 14:25:14,0.00315500,8.00000000
2018-02-22 14:25:14,0.00315500,4.00000000
2018-02-22 14:25:15,0.00315700,1.11000000
2018-02-22 14:25:15,0.00315500,15.89000000
2018-02-22 14:25:16,0.00315500,2.55000000
2018-02-22 14:25:19,0.00315500,56.47000000
2018-02-22 14:25:23,0.00315600,9.28000000
2018-02-22 14:25:23,0.00315500,7.67000000
2018-02-22 14:25:23,0.00315500,5.35000000
2018-02-22 14:25:23,0.00315500,14.10000000
2018-02-22 14:25:24,0.00315700,11.08000000
2018-02-22 14:25:30,0.00315600,3.25000000
2018-02-22 14:25:31,0.00315700,40.63000000
2018-02-22 14:25:31,0.00315800,62.54000000
2018-02-22 14:25:31,0.00315600,3.18000000
2018-02-22 14:25:31,0.00315700,35.69000000
2018-02-22 14:25:35,0.00315700,5.00000000
2018-02-22 14:25:35,0.00315700,7.23000000
2018-02-22 14:25:36,0.00315600,3.18000000
2018-02-22 14:25:38,0.00315700,7.25000000
2018-02-22 14:25:43,0.00315900,5.54000000
2018-02-22 14:25:45,0.00315700,0.63000000
2018-02-22 14:25:45,0.00315600,28.79000000
2018-02-22 14:25:46,0.00315600,9.21000000
2018-02-22 14:25:49,0.00315600,2.45000000
2018-02-22 14:25:49,0.00315500,17.12000000
2018-02-22 14:25:49,0.00315400,74.44000000
2018-02-22 14:25:49,0.00315700,0.78000000
2018-02-22 14:25:49,0.00315900,27.91000000
2018-02-22 14:25:49,0.00315400,74.90000000
2018-02-22 14:25:50,0.00315700,0.78000000
2018-02-22 14:25:53,0.00315700,0.42000000
2018-02-22 14:25:53,0.00315700,0.77000000
2018-02-22 14:25:54,0.00315700,1.19000000
2018-02-22 14:25:58,0.00315800,1.41000000
2018-02-22 14:25:58,0.00315800,16.79000000
2018-02-22 14:25:58,0.00315600,1.26000000
2018-02-22 14:25:59,0.00315400,3.55000000
2018-02-22 14:26:01,0.00315700,7.13000000
2018-02-22 14:26:01,0.00315600,10.54000000
2018-02-22 14:26:03,0.00315800,3.55000000
2018-02-22 14:26:04,0.00315700,1.26000000
2018-02-22 14:26:08,0.00315900,0.12000000
2018-02-22 14:26:12,0.00315700,134.65000000
2018-02-22 14:26:13,0.00315700,91.68000000
2018-02-22 14:26:13,0.00315800,12.99000000
2018-02-22 14:26:14,0.00315900,1.88000000
2018-02-22 14:26:14,0.00316000,5.19000000
2018-02-22 14:26:14,0.00316100,12.11000000
2018-02-22 14:26:15,0.00315900,1.05000000
2018-02-22 14:26:15,0.00316000,0.50000000
2018-02-22 14:26:15,0.00316100,4.50000000
2018-02-22 14:26:16,0.00316200,3.16000000
2018-02-22 14:26:16,0.00316200,5.00000000
2018-02-22 14:26:18,0.00315800,52.48000000
2018-02-22 14:26:18,0.00315800,81.60000000
2018-02-22 14:26:20,0.00315900,1.54000000
2018-02-22 14:26:20,0.00315700,7.29000000
2018-02-22 14:26:23,0.00315900,134.68000000
2018-02-22 14:26:23,0.00315900,0.95000000
2018-02-22 14:26:23,0.00315900,47.17000000
2018-02-22 14:26:24,0.00315800,13.00000000
2018-02-22 14:26:24,0.00315900,1.28000000
2018-02-22 14:26:24,0.00315700,16.13000000
2018-02-22 14:26:24,0.00315900,2.00000000
2018-02-22 14:26:25,0.00315900,1.28000000
2018-02-22 14:26:25,0.00315700,106.26000000
2018-02-22 14:26:25,0.00315600,6.33000000
2018-02-22 14:26:25,0.00315500,9.51000000
2018-02-22 14:26:26,0.00315500,31.78000000
2018-02-22 14:26:27,0.00315900,388.25000000
2018-02-22 14:26:27,0.00315900,160.15000000
2018-02-22 14:26:30,0.00315600,9.50000000
2018-02-22 14:26:30,0.00315400,28.32000000
2018-02-22 14:26:33,0.00315800,1.00000000
2018-02-22 14:26:33,0.00315600,23.81000000
2018-02-22 14:26:33,0.00315600,83.84000000
2018-02-22 14:26:33,0.00316200,4.11000000
2018-02-22 14:26:42,0.00316000,5.20000000
2018-02-22 14:26:47,0.00316000,0.54000000
2018-02-22 14:26:51,0.00315900,12.74000000
2018-02-22 14:26:51,0.00315900,42.12000000
2018-02-22 14:27:03,0.00315900,70.00000000
2018-02-22 14:27:03,0.00315600,52.41000000
2018-02-22 14:27:06,0.00315600,169.80000000
2018-02-22 14:27:06,0.00315500,36.86000000
2018-02-22 14:27:06,0.00315600,36.64000000
2018-02-22 14:27:07,0.00315700,20.00000000
2018-02-22 14:27:07,0.00315600,142.81000000
2018-02-22 14:27:07,0.00315500,136.97000000
2018-02-22 14:27:07,0.00315500,100.14000000
2018-02-22 14:27:07,0.00315500,70.69000000
2018-02-22 14:27:07,0.00315500,46.20000000
2018-02-22 14:27:07,0.00315500,28.69000000
2018-02-22 14:27:07,0.00315500,42.94000000
2018-02-22 14:27:09,0.00315400,5.00000000
2018-02-22 14:27:15,0.00315300,31.66000000
2018-02-22 14:27:18,0.00315400,4.05000000
2018-02-22 14:27:19,0.00315400,0.38000000
2018-02-22 14:27:20,0.00315400,21.51000000
2018-02-22 14:27:20,0.00315400,15.84000000
2018-02-22 14:27:21,0.00315400,21.94000000
2018-02-22 14:27:21,0.00315500,97.59000000
2018-02-22 14:27:21,0.00315200,10.09000000
2018-02-22 14:27:23,0.00315400,2.70000000
2018-02-22 14:27:26,0.00315400,3.16000000
2018-02-22 14:27:28,0.00315200,21.00000000
2018-02-22 14:27:32,0.00315200,22.49000000
2018-02-22 14:27:34,0.00315200,29.03000000
2018-02-22 14:27:37,0.00315200,8.42000000
2018-02-22 14:27:38,0.00315200,24.91000000
2018-02-22 14:27:39,0.00315200,5.15000000
2018-02-22 14:27:39,0.00315200,1.50000000
2018-02-22 14:27:41,0.00315200,37.62000000
2018-02-22 14:27:41,0.00315100,42.91000000
2018-02-22 14:27:45,0.00315100,3.76000000
2018-02-22 14:27:45,0.00315100,14.38000000
2018-02-22 14:27:45,0.00315000,73.15000000
2018-02-22 14:27:47,0.00315000,587.57000000
2018-02-22 14:27:48,0.00315000,408.17000000
2018-02-22 14:27:48,0.00315000,0.61000000
2018-02-22 14:27:48,0.00314900,1.27000000
2018-02-22 14:27:48,0.00314800,0.97000000
2018-02-22 14:27:48,0.00314600,1.11000000
2018-02-22 14:27:48,0.00314500,36.23000000
2018-02-22 14:27:48,0.00314500,1.15000000
2018-02-22 14:27:48,0.00314500,1.17000000
2018-02-22 14:27:48,0.00314500,1.17000000
2018-02-22 14:27:48,0.00314500,2.24000000
2018-02-22 14:27:48,0.00314300,1.17000000
2018-02-22 14:27:49,0.00314700,1.27000000
2018-02-22 14:27:49,0.00314600,2.49000000
2018-02-22 14:27:50,0.00314600,2.85000000
2018-02-22 14:27:50,0.00314600,2.85000000
2018-02-22 14:27:50,0.00314600,1.67000000
2018-02-22 14:27:50,0.00314600,2.85000000
2018-02-22 14:27:50,0.00314500,1.27000000
2018-02-22 14:27:50,0.00314300,2.85000000
2018-02-22 14:27:50,0.00314300,1.58000000
2018-02-22 14:27:51,0.00314600,4.08000000
2018-02-22 14:27:51,0.00314500,2.69000000
2018-02-22 14:27:52,0.00314500,1.00000000
2018-02-22 14:27:52,0.00314500,8.77000000
2018-02-22 14:27:52,0.00314300,0.47000000
2018-02-22 14:27:52,0.00314500,6.25000000
2018-02-22 14:27:52,0.00314600,4.00000000
2018-02-22 14:27:52,0.00314900,2.87000000
2018-02-22 14:27:57,0.00314800,3.06000000
2018-02-22 14:28:00,0.00314700,2.83000000
2018-02-22 14:28:02,0.00314700,1.58000000
2018-02-22 14:28:05,0.00314300,0.35000000
2018-02-22 14:28:05,0.00314300,26.24000000
2018-02-22 14:28:05,0.00314200,61.28000000
2018-02-22 14:28:05,0.00314100,9.21000000
2018-02-22 14:28:05,0.00314000,64.91000000
2018-02-22 14:28:05,0.00314400,61.00000000
2018-02-22 14:28:06,0.00314400,9.72000000
2018-02-22 14:28:06,0.00314600,28.46000000
2018-02-22 14:28:06,0.00314700,74.96000000
2018-02-22 14:28:08,0.00314500,3.00000000
2018-02-22 14:28:09,0.00314100,29.50000000
2018-02-22 14:28:09,0.00314000,120.45000000
2018-02-22 14:28:10,0.00314400,14.06000000
2018-02-22 14:28:10,0.00314500,1.28000000
2018-02-22 14:28:10,0.00314800,27.80000000
2018-02-22 14:28:11,0.00314400,3.14000000
2018-02-22 14:28:11,0.00314400,0.02000000
2018-02-22 14:28:11,0.00314300,2.56000000
2018-02-22 14:28:11,0.00314000,0.58000000
2018-02-22 14:28:11,0.00314000,20.89000000
2018-02-22 14:28:11,0.00314000,9.55000000
2018-02-22 14:28:12,0.00314100,9.54000000
2018-02-22 14:28:12,0.00314100,6.82000000
2018-02-22 14:28:12,0.00314100,24.37000000
2018-02-22 14:28:12,0.00314100,9.54000000
2018-02-22 14:28:12,0.00314100,9.55000000
2018-02-22 14:28:12,0.00314100,9.55000000
2018-02-22 14:28:12,0.00314100,9.55000000
2018-02-22 14:28:12,0.00314100,9.55000000
2018-02-22 14:28:12,0.00314100,9.55000000
2018-02-22 14:28:13,0.00314200,0.70000000
2018-02-22 14:28:13,0.00314200,0.57000000
2018-02-22 14:28:14,0.00314600,1.27000000
2018-02-22 14:28:14,0.00314600,14.07000000
2018-02-22 14:28:14,0.00314100,1.27000000
2018-02-22 14:28:14,0.00314700,0.81000000
2018-02-22 14:28:14,0.00314100,9.52000000
2018-02-22 14:28:17,0.00314500,1.47000000
2018-02-22 14:28:19,0.00314200,0.57000000
2018-02-22 14:28:19,0.00314500,31.00000000
2018-02-22 14:28:19,0.00314600,49.76000000
2018-02-22 14:28:21,0.00314100,12.92000000
2018-02-22 14:28:21,0.00314100,2.50000000
2018-02-22 14:28:21,0.00314200,2.52000000
2018-02-22 14:28:23,0.00314200,11.99000000
2018-02-22 14:28:23,0.00314400,1.85000000
2018-02-22 14:28:23,0.00314200,1.85000000
2018-02-22 14:28:24,0.00314300,1.27000000
2018-02-22 14:28:24,0.00314600,6.34000000
2018-02-22 14:28:24,0.00314700,12.39000000
2018-02-22 14:28:25,0.00314200,0.44000000
2018-02-22 14:28:25,0.00314200,9.53000000
2018-02-22 14:28:25,0.00314200,6.45000000
2018-02-22 14:28:25,0.00314200,6.36000000
2018-02-22 14:28:25,0.00314100,22.04000000
2018-02-22 14:28:25,0.00314100,9.55000000
2018-02-22 14:28:25,0.00314500,19.61000000
2018-02-22 14:28:25,0.00314200,1.49000000
2018-02-22 14:28:25,0.00314200,3.16000000
2018-02-22 14:28:27,0.00314200,1.27000000
2018-02-22 14:28:27,0.00314400,15.98000000
2018-02-22 14:28:27,0.00314500,0.02000000
2018-02-22 14:28:27,0.00314500,62.88000000
2018-02-22 14:28:27,0.00314200,41.18000000
2018-02-22 14:28:28,0.00314100,9.53000000
2018-02-22 14:28:28,0.00314200,8.12000000
2018-02-22 14:28:28,0.00314400,3.81000000
2018-02-22 14:28:28,0.00314400,38.71000000
2018-02-22 14:28:28,0.00314400,4.76000000
2018-02-22 14:28:28,0.00314400,20.60000000
2018-02-22 14:28:28,0.00314400,43.11000000
2018-02-22 14:28:28,0.00314400,28.37000000
2018-02-22 14:28:28,0.00314400,52.71000000
2018-02-22 14:28:28,0.00314400,1.27000000
2018-02-22 14:28:28,0.00314400,23.44000000
2018-02-22 14:28:28,0.00314400,26.92000000
2018-02-22 14:28:28,0.00314400,298.18000000
2018-02-22 14:28:28,0.00314100,51.63000000
2018-02-22 14:28:29,0.00314100,30.52000000
2018-02-22 14:28:29,0.00314100,9.53000000
2018-02-22 14:28:30,0.00314100,9.55000000
2018-02-22 14:28:32,0.00314400,3.17000000
2018-02-22 14:28:32,0.00314100,0.77000000
2018-02-22 14:28:33,0.00314400,1.02000000
2018-02-22 14:28:34,0.00314400,3.32000000
2018-02-22 14:28:34,0.00314100,9.54000000
2018-02-22 14:28:34,0.00314100,8.41000000
2018-02-22 14:28:34,0.00314100,146.14000000
2018-02-22 14:28:35,0.00314100,22.71000000
2018-02-22 14:28:35,0.00314100,321.00000000
2018-02-22 14:28:37,0.00314400,15.00000000
2018-02-22 14:28:37,0.00314100,9.53000000
2018-02-22 14:28:37,0.00314200,7.59000000
2018-02-22 14:28:37,0.00314200,9.53000000
2018-02-22 14:28:37,0.00314200,9.53000000
2018-02-22 14:28:38,0.00314200,1.27000000
2018-02-22 14:28:38,0.00314200,13.94000000
2018-02-22 14:28:38,0.00314100,2.94000000
2018-02-22 14:28:39,0.00314500,3.17000000
2018-02-22 14:28:42,0.00314200,1.27000000
2018-02-22 14:28:44,0.00314500,22.38000000
2018-02-22 14:28:45,0.00314200,1.80000000
2018-02-22 14:28:48,0.00314200,42.95000000
2018-02-22 14:28:48,0.00314200,16.38000000
2018-02-22 14:28:49,0.00314200,1.27000000
2018-02-22 14:28:49,0.00314200,10.33000000
2018-02-22 14:28:49,0.00314200,9.53000000
2018-02-22 14:28:51,0.00314200,1.27000000
2018-02-22 14:28:52,0.00314400,42.45000000
2018-02-22 14:28:52,0.00314400,22.38000000
2018-02-22 14:28:52,0.00314200,0.35000000
2018-02-22 14:28:52,0.00314200,1.08000000
2018-02-22 14:28:52,0.00314200,9.53000000
2018-02-22 14:28:53,0.00314400,1.27000000
2018-02-22 14:28:53,0.00314500,8.21000000
2018-02-22 14:28:53,0.00314500,9.48000000
2018-02-22 14:28:53,0.00314500,16.00000000
2018-02-22 14:28:54,0.00314500,9.48000000
2018-02-22 14:28:54,0.00314500,9.48000000
2018-02-22 14:28:54,0.00314500,9.48000000
2018-02-22 14:28:54,0.00314200,7.60000000
2018-02-22 14:28:54,0.00314500,9.48000000
2018-02-22 14:28:55,0.00314500,9.48000000
2018-02-22 14:28:55,0.00314500,9.48000000
2018-02-22 14:28:55,0.00314200,1.27000000
2018-02-22 14:28:56,0.00314200,2.32000000
2018-02-22 14:28:56,0.00314200,1.27000000
2018-02-22 14:28:57,0.00314200,1.25000000
2018-02-22 14:28:57,0.00314200,24.87000000
2018-02-22 14:28:57,0.00314200,9.53000000
2018-02-22 14:28:57,0.00314200,7.98000000
2018-02-22 14:28:58,0.00314200,1.23000000
2018-02-22 14:28:59,0.00314200,38.09000000
2018-02-22 14:29:01,0.00314200,0.02000000
2018-02-22 14:29:06,0.00314200,1.62000000
2018-02-22 14:29:08,0.00314000,3.00000000
2018-02-22 14:29:11,0.00314200,3.00000000
2018-02-22 14:29:11,0.00314000,4.07000000
2018-02-22 14:29:23,0.00314100,0.40000000
2018-02-22 14:29:25,0.00314100,0.94000000
2018-02-22 14:29:26,0.00314000,31.23000000
2018-02-22 14:29:26,0.00314100,68.33000000
2018-02-22 14:29:26,0.00314100,47.00000000
2018-02-22 14:29:28,0.00314200,10.00000000
2018-02-22 14:29:29,0.00314100,122.28000000
2018-02-22 14:29:31,0.00314000,19.89000000
2018-02-22 14:29:31,0.00314000,3.48000000
2018-02-22 14:29:31,0.00314000,9.53000000
2018-02-22 14:29:31,0.00314000,9.53000000
2018-02-22 14:29:31,0.00314000,0.80000000
2018-02-22 14:29:31,0.00314000,9.53000000
2018-02-22 14:29:32,0.00314000,9.53000000
2018-02-22 14:29:32,0.00314000,9.50000000
2018-02-22 14:29:32,0.00314000,4.98000000
2018-02-22 14:29:32,0.00314000,2.00000000
2018-02-22 14:29:32,0.00314000,9.50000000
2018-02-22 14:29:32,0.00314000,7.53000000
2018-02-22 14:29:32,0.00314000,9.50000000
2018-02-22 14:29:32,0.00314000,15.91000000
2018-02-22 14:29:32,0.00314000,9.53000000
2018-02-22 14:29:32,0.00314000,9.53000000
2018-02-22 14:29:32,0.00314000,9.50000000
2018-02-22 14:29:33,0.00314000,9.53000000
2018-02-22 14:29:33,0.00314000,9.50000000
2018-02-22 14:29:33,0.00314000,9.53000000
2018-02-22 14:29:33,0.00314000,21.92000000
2018-02-22 14:29:33,0.00314000,9.53000000
2018-02-22 14:29:33,0.00314000,9.53000000
2018-02-22 14:29:33,0.00314000,3.87000000
2018-02-22 14:29:33,0.00314000,9.50000000
2018-02-22 14:29:33,0.00314000,9.50000000
2018-02-22 14:29:33,0.00314000,4.05000000
2018-02-22 14:29:33,0.00314000,9.50000000
2018-02-22 14:29:34,0.00314000,9.50000000
2018-02-22 14:29:34,0.00314000,9.50000000
2018-02-22 14:29:34,0.00314000,29.38000000
2018-02-22 14:29:34,0.00314000,9.50000000
2018-02-22 14:29:34,0.00314000,4.70000000
2018-02-22 14:29:35,0.00314100,9.50000000
2018-02-22 14:29:35,0.00314000,9.50000000
2018-02-22 14:29:35,0.00314000,9.50000000
2018-02-22 14:29:35,0.00314000,9.50000000
2018-02-22 14:29:35,0.00314000,2.00000000
2018-02-22 14:29:36,0.00313900,7.80000000
2018-02-22 14:29:36,0.00314000,9.50000000
2018-02-22 14:29:36,0.00314000,6.37000000
2018-02-22 14:29:36,0.00314000,9.50000000
2018-02-22 14:29:36,0.00314000,15.92000000
2018-02-22 14:29:37,0.00314000,9.50000000
2018-02-22 14:29:37,0.00314000,9.50000000
2018-02-22 14:29:37,0.00314000,9.21000000
2018-02-22 14:29:37,0.00314100,0.29000000
2018-02-22 14:29:37,0.00314100,9.50000000
2018-02-22 14:29:38,0.00314000,9.21000000
2018-02-22 14:29:38,0.00313900,4.26000000
2018-02-22 14:29:38,0.00313700,1.50000000
2018-02-22 14:29:38,0.00313500,1.26000000
2018-02-22 14:29:38,0.00313500,21.21000000
2018-02-22 14:29:40,0.00314000,1.22000000
2018-02-22 14:29:43,0.00314000,0.34000000
2018-02-22 14:29:52,0.00313900,1.27000000
2018-02-22 14:29:54,0.00314000,3.80000000
2018-02-22 14:29:54,0.00314000,9.53000000
2018-02-22 14:29:54,0.00314000,2.16000000
2018-02-22 14:29:54,0.00314000,9.53000000
2018-02-22 14:29:55,0.00314000,3.21000000
2018-02-22 14:30:03,0.00314000,1.03000000
2018-02-22 14:30:06,0.00314000,2.78000000
2018-02-22 14:30:08,0.00314000,237.19000000
2018-02-22 14:30:08,0.00314000,2.78000000
2018-02-22 14:30:08,0.00314000,9.53000000
2018-02-22 14:30:09,0.00314000,7.77000000
2018-02-22 14:30:11,0.00314000,12.31000000
2018-02-22 14:30:12,0.00313900,9.93000000
2018-02-22 14:30:12,0.00313700,47.00000000
2018-02-22 14:30:12,0.00313500,67.26000000
2018-02-22 14:30:14,0.00314000,33.44000000
2018-02-22 14:30:14,0.00314000,9.53000000
2018-02-22 14:30:15,0.00314000,42.88000000
2018-02-22 14:30:16,0.00313800,1.08000000
2018-02-22 14:30:25,0.00313900,1.27000000
2018-02-22 14:30:26,0.00313900,1.00000000
2018-02-22 14:30:27,0.00313900,4.48000000
2018-02-22 14:30:28,0.00314100,234.15000000
2018-02-22 14:30:29,0.00314100,5.57000000
2018-02-22 14:30:32,0.00314100,155.22000000
2018-02-22 14:30:32,0.00313900,42.45000000
2018-02-22 14:30:33,0.00313900,0.38000000
2018-02-22 14:30:36,0.00313900,1.51000000
2018-02-22 14:30:36,0.00313900,6.18000000
2018-02-22 14:30:37,0.00313900,3.09000000
2018-02-22 14:30:37,0.00313900,47.21000000
2018-02-22 14:30:38,0.00313900,3.09000000
2018-02-22 14:30:38,0.00313800,0.19000000
2018-02-22 14:30:40,0.00313700,2.71000000
2018-02-22 14:30:40,0.00313700,0.89000000
2018-02-22 14:30:41,0.00313700,16.00000000
2018-02-22 14:30:42,0.00313700,9.55000000
2018-02-22 14:30:42,0.00313700,9.55000000
2018-02-22 14:30:42,0.00313700,3.75000000
2018-02-22 14:30:42,0.00313800,9.47000000
2018-02-22 14:30:47,0.00313800,52.21000000
2018-02-22 14:30:47,0.00313900,102.39000000
2018-02-22 14:30:49,0.00314200,1.42000000
2018-02-22 14:30:56,0.00314200,6.09000000
2018-02-22 14:30:56,0.00314000,42.45000000
2018-02-22 14:30:58,0.00314100,5.22000000
2018-02-22 14:30:58,0.00314000,6.34000000
2018-02-22 14:30:58,0.00313900,116.18000000
2018-02-22 14:31:02,0.00314200,8.33000000
2018-02-22 14:31:02,0.00313800,3.67000000
2018-02-22 14:31:03,0.00313800,115.05000000
2018-02-22 14:31:12,0.00314400,5.79000000
2018-02-22 14:31:23,0.00314200,0.40000000
2018-02-22 14:31:23,0.00314500,1.53000000
2018-02-22 14:31:24,0.00314600,3.67000000
2018-02-22 14:31:24,0.00314100,31.89000000
2018-02-22 14:31:31,0.00314200,8.68000000
2018-02-22 14:31:31,0.00314400,1.62000000
2018-02-22 14:31:33,0.00314100,15.00000000
2018-02-22 14:31:33,0.00314600,8.76000000
2018-02-22 14:31:34,0.00314700,14.63000000
2018-02-22 14:31:36,0.00314400,2.22000000
2018-02-22 14:31:36,0.00314400,2.22000000
2018-02-22 14:31:36,0.00314400,1.81000000
2018-02-22 14:31:40,0.00314800,0.35000000
2018-02-22 14:31:43,0.00314800,14.65000000
2018-02-22 14:31:43,0.00314900,6.34000000
2018-02-22 14:31:43,0.00315000,46.89000000
2018-02-22 14:31:43,0.00315100,8.11000000
2018-02-22 14:31:43,0.00315200,12.17000000
2018-02-22 14:31:43,0.00315300,572.13000000
2018-02-22 14:31:43,0.00315300,0.35000000
2018-02-22 14:31:44,0.00314700,1.27000000
2018-02-22 14:31:44,0.00315300,0.35000000
2018-02-22 14:31:45,0.00314700,0.60000000
2018-02-22 14:31:45,0.00314800,6.35000000
2018-02-22 14:31:45,0.00314700,15.75000000
2018-02-22 14:31:46,0.00314700,27.84000000
2018-02-22 14:31:46,0.00314700,0.99000000
2018-02-22 14:31:46,0.00314700,72.84000000
2018-02-22 14:31:47,0.00315200,16.04000000
2018-02-22 14:31:49,0.00314700,4.78000000
2018-02-22 14:31:49,0.00314600,42.45000000
2018-02-22 14:31:50,0.00314800,0.44000000
2018-02-22 14:31:50,0.00314600,119.19000000
2018-02-22 14:31:50,0.00314500,0.44000000
2018-02-22 14:31:50,0.00315200,0.86000000
2018-02-22 14:31:51,0.00314500,1.21000000
2018-02-22 14:31:51,0.00314700,1.27000000
2018-02-22 14:31:51,0.00314800,2.84000000
2018-02-22 14:31:51,0.00314500,9.93000000
2018-02-22 14:31:51,0.00314500,5.00000000
2018-02-22 14:31:51,0.00314500,5.00000000
2018-02-22 14:31:53,0.00315000,3.17000000
2018-02-22 14:31:53,0.00315000,0.76000000
2018-02-22 14:31:53,0.00314600,16.04000000
2018-02-22 14:31:58,0.00314500,9.52000000
2018-02-22 14:31:58,0.00314500,5.13000000
2018-02-22 14:32:05,0.00314500,5.19000000
2018-02-22 14:32:06,0.00314700,13.00000000
2018-02-22 14:32:12,0.00314700,7.94000000
2018-02-22 14:32:13,0.00314400,24.91000000
2018-02-22 14:32:13,0.00314700,0.95000000
2018-02-22 14:32:14,0.00314400,50.82000000
2018-02-22 14:32:14,0.00314700,27.15000000
2018-02-22 14:32:16,0.00314400,14.92000000
2018-02-22 14:32:21,0.00314400,23.67000000
2018-02-22 14:32:22,0.00314400,246.10000000
2018-02-22 14:32:22,0.00314400,117.87000000
2018-02-22 14:32:23,0.00314500,28.46000000
2018-02-22 14:32:25,0.00314500,9.84000000
2018-02-22 14:32:25,0.00314500,3.83000000
2018-02-22 14:32:25,0.00314500,4.39000000
2018-02-22 14:32:27,0.00314200,0.76000000
2018-02-22 14:32:30,0.00314200,0.76000000
2018-02-22 14:32:30,0.00314200,5.00000000
2018-02-22 14:32:30,0.00314200,3.84000000
2018-02-22 14:32:31,0.00314200,3.18000000
2018-02-22 14:32:34,0.00314500,0.35000000
2018-02-22 14:32:37,0.00314500,0.44000000
2018-02-22 14:32:39,0.00314200,4.76000000
2018-02-22 14:32:41,0.00314200,2.99000000
2018-02-22 14:32:42,0.00314200,1.10000000
2018-02-22 14:32:42,0.00314200,0.01000000
2018-02-22 14:32:42,0.00314100,1.10000000
2018-02-22 14:32:42,0.00314100,3.62000000
2018-02-22 14:32:42,0.00314100,1.11000000
2018-02-22 14:32:43,0.00314100,0.23000000
2018-02-22 14:32:43,0.00314100,0.66000000
2018-02-22 14:32:46,0.00314100,94.34000000
2018-02-22 14:32:48,0.00314100,79.36000000
2018-02-22 14:32:48,0.00314100,64.30000000
2018-02-22 14:32:48,0.00314100,10.47000000
2018-02-22 14:32:48,0.00314100,61.32000000
2018-02-22 14:32:49,0.00314000,49.63000000
2018-02-22 14:32:49,0.00314000,48.89000000
2018-02-22 14:32:50,0.00313900,2.50000000
2018-02-22 14:32:52,0.00314100,63.53000000
2018-02-22 14:32:54,0.00314000,4.78000000
2018-02-22 14:32:54,0.00314100,30.80000000
2018-02-22 14:32:54,0.00313900,95.96000000
2018-02-22 14:32:54,0.00314000,4.78000000
2018-02-22 14:32:54,0.00313900,15.22000000
2018-02-22 14:32:54,0.00313900,3.32000000
2018-02-22 14:32:56,0.00313900,4.71000000
2018-02-22 14:32:57,0.00313600,13.99000000
2018-02-22 14:32:58,0.00313900,1.00000000
2018-02-22 14:33:00,0.00313900,48.57000000
2018-02-22 14:33:01,0.00313900,1.87000000
2018-02-22 14:33:04,0.00313600,14.88000000
2018-02-22 14:33:04,0.00313600,6.05000000
2018-02-22 14:33:04,0.00313600,6.05000000
2018-02-22 14:33:04,0.00313600,80.62000000
2018-02-22 14:33:04,0.00313900,6.03000000
2018-02-22 14:33:05,0.00313900,6.53000000
2018-02-22 14:33:05,0.00313900,0.65000000
2018-02-22 14:33:05,0.00313900,0.65000000
2018-02-22 14:33:05,0.00313900,0.65000000
2018-02-22 14:33:05,0.00313900,0.65000000
2018-02-22 14:33:08,0.00313700,9.56000000
2018-02-22 14:33:08,0.00313700,6.47000000
2018-02-22 14:33:09,0.00313700,2.96000000
2018-02-22 14:33:09,0.00313700,1.28000000
2018-02-22 14:33:10,0.00313700,1.80000000
2018-02-22 14:33:10,0.00313600,1.80000000
2018-02-22 14:33:11,0.00313700,0.35000000
2018-02-22 14:33:12,0.00313600,2.10000000
2018-02-22 14:33:12,0.00313600,0.81000000
2018-02-22 14:33:13,0.00313600,1.10000000
2018-02-22 14:33:13,0.00313700,2.09000000
2018-02-22 14:33:14,0.00313500,8.00000000
2018-02-22 14:33:14,0.00313500,1.28000000
2018-02-22 14:33:14,0.00313700,1.07000000
2018-02-22 14:33:15,0.00313500,26.92000000
2018-02-22 14:33:15,0.00313500,6.36000000
2018-02-22 14:33:16,0.00313500,1.71000000
2018-02-22 14:33:16,0.00313500,0.01000000
2018-02-22 14:33:16,0.00313600,3.18000000
2018-02-22 14:33:18,0.00313600,48.33000000
2018-02-22 14:33:19,0.00313600,4.51000000
2018-02-22 14:33:19,0.00313400,1.27000000
2018-02-22 14:33:20,0.00313600,4.99000000
2018-02-22 14:33:20,0.00313600,103.91000000
2018-02-22 14:33:20,0.00313700,4.97000000
2018-02-22 14:33:20,0.00313400,25.00000000
2018-02-22 14:33:22,0.00313600,3.59000000
2018-02-22 14:33:22,0.00313700,1.46000000
2018-02-22 14:33:22,0.00313800,9.95000000
2018-02-22 14:33:22,0.00313800,0.05000000
2018-02-22 14:33:22,0.00313900,0.59000000
2018-02-22 14:33:23,0.00313900,0.01000000
2018-02-22 14:33:23,0.00313600,0.60000000
2018-02-22 14:33:24,0.00313900,16.34000000
2018-02-22 14:33:26,0.00313900,0.64000000
2018-02-22 14:33:26,0.00314100,3.18000000
2018-02-22 14:33:26,0.00313900,0.01000000
2018-02-22 14:33:29,0.00313900,1.25000000
2018-02-22 14:33:29,0.00313900,0.01000000
2018-02-22 14:33:29,0.00314100,0.90000000
2018-02-22 14:33:30,0.00313700,1.20000000
2018-02-22 14:33:31,0.00313800,4.21000000
2018-02-22 14:33:31,0.00313800,2.14000000
2018-02-22 14:33:31,0.00313900,8.19000000
2018-02-22 14:33:31,0.00313900,20.87000000
2018-02-22 14:33:31,0.00313800,0.01000000
2018-02-22 14:33:31,0.00313700,0.65000000
2018-02-22 14:33:32,0.00313900,13.18000000
2018-02-22 14:33:33,0.00313700,5.78000000
2018-02-22 14:33:33,0.00313600,3.31000000
2018-02-22 14:33:33,0.00313500,6.66000000
2018-02-22 14:33:34,0.00313500,0.31000000
2018-02-22 14:33:34,0.00313200,5.62000000
2018-02-22 14:33:34,0.00313100,2.07000000
2018-02-22 14:33:34,0.00313800,33.48000000
2018-02-22 14:33:39,0.00313600,35.00000000
2018-02-22 14:33:39,0.00313700,9.23000000
2018-02-22 14:33:40,0.00313700,1.42000000
2018-02-22 14:33:41,0.00313700,5.02000000
2018-02-22 14:33:41,0.00313700,18.92000000
2018-02-22 14:33:42,0.00313700,16.93000000
2018-02-22 14:33:45,0.00313700,101.64000000
2018-02-22 14:33:46,0.00313700,9.02000000
2018-02-22 14:33:47,0.00313800,9.79000000
2018-02-22 14:33:47,0.00314100,3.19000000
2018-02-22 14:33:47,0.00314200,6.81000000
2018-02-22 14:33:49,0.00313800,1.63000000
2018-02-22 14:33:53,0.00313800,1.32000000
2018-02-22 14:33:53,0.00313700,1.31000000
2018-02-22 14:33:53,0.00313700,0.84000000
2018-02-22 14:33:53,0.00313700,0.44000000
2018-02-22 14:33:53,0.00313600,61.53000000
2018-02-22 14:33:54,0.00313600,4.85000000
2018-02-22 14:33:55,0.00313800,1.86000000
2018-02-22 14:33:55,0.00313800,1.28000000
2018-02-22 14:33:56,0.00314100,72.03000000
2018-02-22 14:33:57,0.00313800,22.78000000
2018-02-22 14:33:57,0.00313600,224.73000000
2018-02-22 14:34:01,0.00313600,107.47000000
2018-02-22 14:34:01,0.00313500,61.24000000
2018-02-22 14:34:06,0.00313500,38.32000000
2018-02-22 14:34:06,0.00313500,1.28000000
2018-02-22 14:34:08,0.00313500,1.28000000
2018-02-22 14:34:10,0.00313500,1.28000000
2018-02-22 14:34:11,0.00313500,6.33000000
2018-02-22 14:34:12,0.00313500,18.29000000
2018-02-22 14:34:13,0.00313500,3.03000000
2018-02-22 14:34:14,0.00313500,19.13000000
2018-02-22 14:34:19,0.00313500,1.28000000
2018-02-22 14:34:23,0.00313100,48.00000000
2018-02-22 14:34:23,0.00313000,34.58000000
2018-02-22 14:34:24,0.00313400,42.45000000
2018-02-22 14:34:24,0.00313500,4.71000000
2018-02-22 14:34:26,0.00313100,6.36000000
2018-02-22 14:34:29,0.00313100,5.38000000
2018-02-22 14:34:29,0.00313100,0.01000000
2018-02-22 14:34:29,0.00313400,18.52000000
2018-02-22 14:34:29,0.00313400,22.17000000
2018-02-22 14:34:32,0.00313100,0.64000000
2018-02-22 14:34:34,0.00313400,0.69000000
2018-02-22 14:34:36,0.00313100,1.69000000
2018-02-22 14:34:36,0.00313000,170.00000000
2018-02-22 14:34:36,0.00313000,1.69000000
2018-02-22 14:34:36,0.00312900,10.11000000
2018-02-22 14:34:36,0.00312800,8.27000000
2018-02-22 14:34:37,0.00312800,1.23000000
2018-02-22 14:34:38,0.00312600,1.27000000
2018-02-22 14:34:38,0.00312400,3.68000000
2018-02-22 14:34:39,0.00312800,20.38000000
2018-02-22 14:34:39,0.00313100,1.23000000
2018-02-22 14:34:40,0.00313100,4.37000000
2018-02-22 14:34:45,0.00312500,4.61000000
2018-02-22 14:34:46,0.00312900,1.28000000
2018-02-22 14:34:46,0.00313000,3.50000000
2018-02-22 14:34:47,0.00312900,3.20000000
2018-02-22 14:34:47,0.00312500,1.29000000
2018-02-22 14:34:48,0.00312900,0.48000000
2018-02-22 14:34:48,0.00312500,0.50000000
2018-02-22 14:34:48,0.00312400,6.91000000
2018-02-22 14:34:48,0.00312300,0.69000000
2018-02-22 14:34:48,0.00312200,45.36000000
2018-02-22 14:34:48,0.00312100,19.83000000
2018-02-22 14:34:48,0.00312000,20.81000000
2018-02-22 14:34:48,0.00311800,7.58000000
2018-02-22 14:34:50,0.00312400,1.28000000
2018-02-22 14:34:50,0.00312700,4.88000000
2018-02-22 14:34:50,0.00312800,1.29000000
2018-02-22 14:34:50,0.00312900,26.66000000
2018-02-22 14:34:50,0.00312900,1.37000000
2018-02-22 14:34:53,0.00312100,16.20000000
2018-02-22 14:34:53,0.00312000,31.10000000
2018-02-22 14:34:53,0.00311900,2.32000000
2018-02-22 14:34:53,0.00312800,6.39000000
2018-02-22 14:34:53,0.00312900,10.37000000
2018-02-22 14:34:53,0.00313000,24.19000000
2018-02-22 14:34:53,0.00312200,2.22000000
2018-02-22 14:34:53,0.00312100,0.77000000
2018-02-22 14:34:54,0.00312800,0.77000000
2018-02-22 14:34:54,0.00312000,6.41000000
2018-02-22 14:34:54,0.00312000,9.79000000
2018-02-22 14:34:55,0.00312800,2.50000000
2018-02-22 14:34:56,0.00312700,1.50000000
2018-02-22 14:34:56,0.00312200,1.28000000
2018-02-22 14:34:58,0.00312700,4.91000000
2018-02-22 14:34:58,0.00312800,13.23000000
2018-02-22 14:34:58,0.00312800,10.00000000
2018-02-22 14:34:58,0.00312200,4.38000000
2018-02-22 14:34:58,0.00312200,1.72000000
2018-02-22 14:34:59,0.00312200,4.03000000
2018-02-22 14:34:59,0.00312200,9.60000000
2018-02-22 14:34:59,0.00312200,9.59000000
2018-02-22 14:34:59,0.00312200,4.84000000
2018-02-22 14:34:59,0.00312200,4.84000000
2018-02-22 14:34:59,0.00312100,4.84000000
2018-02-22 14:35:00,0.00312200,10.98000000
2018-02-22 14:35:00,0.00312500,1.72000000
2018-02-22 14:35:01,0.00312100,1.28000000
2018-02-22 14:35:02,0.00312500,1.72000000
2018-02-22 14:35:06,0.00312200,0.13000000
2018-02-22 14:35:13,0.00312200,10.60000000
2018-02-22 14:35:13,0.00312100,10.16000000
2018-02-22 14:35:13,0.00312000,6.41000000
2018-02-22 14:35:13,0.00312000,9.61000000
2018-02-22 14:35:13,0.00312000,17.41000000
2018-02-22 14:35:17,0.00312400,5.12000000
2018-02-22 14:35:24,0.00312400,1.29000000
2018-02-22 14:35:24,0.00312500,8.48000000
2018-02-22 14:35:24,0.00312500,18.78000000
2018-02-22 14:35:30,0.00312500,1.38000000
2018-02-22 14:35:30,0.00312500,1.34000000
2018-02-22 14:35:31,0.00312400,18.17000000
2018-02-22 14:35:31,0.00312500,376.84000000
2018-02-22 14:35:33,0.00312500,34.59000000
2018-02-22 14:35:39,0.00312600,2.32000000
2018-02-22 14:35:39,0.00312800,45.22000000
2018-02-22 14:35:39,0.00312800,7.66000000
2018-02-22 14:35:42,0.00312500,112.79000000
2018-02-22 14:35:43,0.00312500,1.50000000
2018-02-22 14:35:44,0.00312500,1.60000000
2018-02-22 14:35:44,0.00312500,32.24000000
2018-02-22 14:35:45,0.00312500,150.72000000
2018-02-22 14:35:46,0.00312800,2.00000000
2018-02-22 14:35:49,0.00312800,28.57000000
2018-02-22 14:35:50,0.00312400,9.60000000
2018-02-22 14:35:51,0.00312500,6.23000000
2018-02-22 14:35:52,0.00312600,1.28000000
2018-02-22 14:35:52,0.00312600,1.28000000
2018-02-22 14:35:52,0.00313000,2.70000000
2018-02-22 14:35:53,0.00312500,0.17000000
2018-02-22 14:35:54,0.00312500,9.25000000
2018-02-22 14:35:54,0.00312600,1.28000000
2018-02-22 14:35:54,0.00313000,6.23000000
2018-02-22 14:35:56,0.00312600,1.27000000
2018-02-22 14:35:56,0.00312500,2.50000000
2018-02-22 14:35:57,0.00312500,1.22000000
2018-02-22 14:35:57,0.00312600,9.59000000
2018-02-22 14:35:57,0.00312600,5.96000000
2018-02-22 14:35:57,0.00312600,3.34000000
2018-02-22 14:35:57,0.00312600,9.59000000
2018-02-22 14:35:58,0.00312600,5.45000000
2018-02-22 14:35:58,0.00312600,2.22000000
2018-02-22 14:35:59,0.00312600,19.16000000
2018-02-22 14:35:59,0.00312600,9.62000000
2018-02-22 14:35:59,0.00312500,16.21000000
2018-02-22 14:35:59,0.00312500,9.59000000
2018-02-22 14:35:59,0.00312900,22.65000000
2018-02-22 14:35:59,0.00313000,3.20000000
2018-02-22 14:36:00,0.00312700,1.27000000
2018-02-22 14:36:01,0.00312600,1.09000000
2018-02-22 14:36:02,0.00313000,1.29000000
2018-02-22 14:36:04,0.00313000,23.97000000
2018-02-22 14:36:04,0.00313000,4.75000000
2018-02-22 14:36:04,0.00312500,4.75000000
2018-02-22 14:36:04,0.00312800,4.75000000
2018-02-22 14:36:07,0.00312600,4.56000000
2018-02-22 14:36:07,0.00312600,1.83000000
2018-02-22 14:36:07,0.00312500,21.70000000
2018-02-22 14:36:07,0.00312600,6.00000000
2018-02-22 14:36:10,0.00313000,0.35000000
2018-02-22 14:36:11,0.00313000,6.04000000
2018-02-22 14:36:11,0.00313100,0.98000000
2018-02-22 14:36:11,0.00313100,2.17000000
2018-02-22 14:36:11,0.00313400,74.41000000
2018-02-22 14:36:11,0.00313500,198.42000000
2018-02-22 14:36:17,0.00313300,0.38000000
2018-02-22 14:36:17,0.00313300,1.37000000
2018-02-22 14:36:21,0.00312900,1.40000000
2018-02-22 14:36:22,0.00312900,3.87000000
2018-02-22 14:36:23,0.00312900,1.40000000
2018-02-22 14:36:24,0.00312800,1.30000000
2018-02-22 14:36:28,0.00312800,5.09000000
2018-02-22 14:36:28,0.00312700,1.30000000
2018-02-22 14:36:29,0.00312700,4.00000000
2018-02-22 14:36:30,0.00312700,114.25000000
2018-02-22 14:36:32,0.00312700,59.66000000
2018-02-22 14:36:32,0.00312700,3.44000000
2018-02-22 14:36:35,0.00312700,2.93000000
2018-02-22 14:36:40,0.00312700,55.18000000
2018-02-22 14:36:42,0.00312600,0.94000000
2018-02-22 14:36:43,0.00312600,0.18000000
2018-02-22 14:36:45,0.00312700,4.26000000
2018-02-22 14:36:46,0.00312700,10.19000000
2018-02-22 14:36:46,0.00312600,3.06000000
2018-02-22 14:36:47,0.00312600,146.50000000
2018-02-22 14:36:47,0.00312500,31.88000000
2018-02-22 14:36:47,0.00312400,7.45000000
2018-02-22 14:36:47,0.00312300,4.14000000
2018-02-22 14:36:49,0.00312600,7.99000000
2018-02-22 14:36:49,0.00312600,34.46000000
2018-02-22 14:36:54,0.00312400,22.88000000
2018-02-22 14:36:56,0.00312600,0.99000000
2018-02-22 14:37:04,0.00312400,4.76000000
2018-02-22 14:37:04,0.00312400,42.21000000
2018-02-22 14:37:04,0.00312400,9.59000000
2018-02-22 14:37:04,0.00312400,9.59000000
2018-02-22 14:37:04,0.00312400,9.59000000
2018-02-22 14:37:05,0.00312400,8.24000000
2018-02-22 14:37:05,0.00312400,27.64000000
2018-02-22 14:37:05,0.00312400,9.59000000
2018-02-22 14:37:05,0.00312300,9.59000000
2018-02-22 14:37:05,0.00312400,30.21000000
2018-02-22 14:37:06,0.00312400,2.22000000
2018-02-22 14:37:07,0.00312400,1.78000000
2018-02-22 14:37:09,0.00312400,0.44000000
2018-02-22 14:37:10,0.00312400,3.06000000
2018-02-22 14:37:15,0.00312400,139.72000000
2018-02-22 14:37:15,0.00312400,2.70000000
2018-02-22 14:37:16,0.00312400,54.87000000
2018-02-22 14:37:16,0.00312400,4.98000000
2018-02-22 14:37:17,0.00312400,2.10000000
2018-02-22 14:37:17,0.00312400,0.48000000
2018-02-22 14:37:17,0.00312400,3.25000000
2018-02-22 14:37:18,0.00312500,10.92000000
2018-02-22 14:37:19,0.00312400,3.27000000
2018-02-22 14:37:20,0.00312400,4.00000000
2018-02-22 14:37:21,0.00312400,67.92000000
2018-02-22 14:37:27,0.00312500,5.08000000
2018-02-22 14:37:27,0.00312400,18.97000000
2018-02-22 14:37:27,0.00312600,2.04000000
2018-02-22 14:37:40,0.00312500,3.83000000
2018-02-22 14:37:41,0.00312500,3.05000000
2018-02-22 14:37:44,0.00312500,0.32000000
2018-02-22 14:37:45,0.00312400,0.41000000
2018-02-22 14:37:48,0.00312400,1.28000000
2018-02-22 14:37:50,0.00312500,0.13000000
2018-02-22 14:37:51,0.00312400,10.00000000
2018-02-22 14:37:53,0.00312400,14.41000000
2018-02-22 14:37:54,0.00312400,3.28000000
2018-02-22 14:37:54,0.00312400,1.28000000
2018-02-22 14:37:57,0.00312500,0.10000000
2018-02-22 14:38:00,0.00312400,1.28000000
2018-02-22 14:38:02,0.00312400,1.21000000
2018-02-22 14:38:05,0.00312400,3.00000000
2018-02-22 14:38:05,0.00312400,87.85000000
2018-02-22 14:38:06,0.00312400,16.11000000
2018-02-22 14:38:08,0.00312500,0.67000000
2018-02-22 14:38:09,0.00312400,23.08000000
2018-02-22 14:38:09,0.00312500,40.56000000
2018-02-22 14:38:10,0.00312500,70.20000000
2018-02-22 14:38:12,0.00312600,19.82000000
2018-02-22 14:38:12,0.00312500,0.77000000
2018-02-22 14:38:13,0.00312400,1.84000000
2018-02-22 14:38:15,0.00312400,2.06000000
2018-02-22 14:38:16,0.00312400,6.27000000
2018-02-22 14:38:18,0.00312600,50.05000000
2018-02-22 14:38:24,0.00312500,0.32000000
2018-02-22 14:38:28,0.00312500,2.78000000
2018-02-22 14:38:28,0.00312500,4.34000000
2018-02-22 14:38:28,0.00312500,4.35000000
2018-02-22 14:38:28,0.00312500,4.34000000
2018-02-22 14:38:28,0.00312500,0.41000000
2018-02-22 14:38:28,0.00312400,4.34000000
2018-02-22 14:38:31,0.00312400,2.02000000
2018-02-22 14:38:31,0.00312300,4.72000000
2018-02-22 14:38:35,0.00312300,10.42000000
2018-02-22 14:38:35,0.00312000,14.58000000
2018-02-22 14:38:37,0.00312500,0.32000000
2018-02-22 14:38:42,0.00312400,1.96000000
2018-02-22 14:38:44,0.00312300,29.25000000
2018-02-22 14:38:44,0.00312400,81.68000000
2018-02-22 14:38:45,0.00312600,10.42000000
2018-02-22 14:38:45,0.00312600,2.86000000
2018-02-22 14:38:47,0.00312600,4.50000000
2018-02-22 14:38:47,0.00312600,2.29000000
2018-02-22 14:38:48,0.00312600,26.56000000
2018-02-22 14:39:00,0.00312500,3.19000000
2018-02-22 14:39:02,0.00312500,0.62000000
2018-02-22 14:39:06,0.00312500,2.12000000
2018-02-22 14:39:08,0.00312400,0.50000000
2018-02-22 14:39:09,0.00312400,4.68000000
2018-02-22 14:39:11,0.00312500,0.32000000
2018-02-22 14:39:13,0.00312500,3.00000000
2018-02-22 14:39:16,0.00312500,19.31000000
2018-02-22 14:39:19,0.00312500,2.03000000
2018-02-22 14:39:20,0.00312400,2.83000000
2018-02-22 14:39:28,0.00312700,2.49000000
2018-02-22 14:39:29,0.00312400,10.00000000
2018-02-22 14:39:37,0.00312500,29.15000000
2018-02-22 14:39:47,0.00312900,3.02000000
2018-02-22 14:39:50,0.00312900,7.14000000
2018-02-22 14:39:50,0.00312600,1.20000000
2018-02-22 14:39:54,0.00313400,0.83000000
2018-02-22 14:39:54,0.00312800,4.25000000
2018-02-22 14:39:54,0.00313400,2.04000000
2018-02-22 14:39:56,0.00312800,2.13000000
2018-02-22 14:39:58,0.00312800,0.01000000
2018-02-22 14:39:58,0.00312800,0.23000000
2018-02-22 14:39:59,0.00312800,1.04000000
2018-02-22 14:40:01,0.00312700,6.68000000
2018-02-22 14:40:02,0.00313200,2.13000000
2018-02-22 14:40:03,0.00312700,6.24000000
2018-02-22 14:40:04,0.00312800,9.59000000
2018-02-22 14:40:04,0.00312800,6.64000000
2018-02-22 14:40:04,0.00312700,9.59000000
2018-02-22 14:40:04,0.00312700,9.59000000
2018-02-22 14:40:04,0.00312700,5.74000000
2018-02-22 14:40:05,0.00313100,16.23000000
2018-02-22 14:40:06,0.00312800,9.59000000
2018-02-22 14:40:06,0.00312800,9.59000000
2018-02-22 14:40:06,0.00312800,8.85000000
2018-02-22 14:40:06,0.00312700,9.02000000
2018-02-22 14:40:06,0.00312700,1.28000000
2018-02-22 14:40:06,0.00312800,223.45000000
2018-02-22 14:40:06,0.00312800,53.82000000
2018-02-22 14:40:08,0.00312700,5.34000000
2018-02-22 14:40:10,0.00312800,1.75000000
2018-02-22 14:40:12,0.00312800,26.28000000
2018-02-22 14:40:13,0.00312800,4.42000000
2018-02-22 14:40:16,0.00312800,3.19000000
2018-02-22 14:40:16,0.00312800,4.63000000
2018-02-22 14:40:16,0.00312800,4.65000000
2018-02-22 14:40:19,0.00313200,18.57000000
2018-02-22 14:40:19,0.00313300,5.43000000
2018-02-22 14:40:23,0.00312900,9.49000000
2018-02-22 14:40:23,0.00312800,3.69000000
2018-02-22 14:40:24,0.00313300,6.39000000
2018-02-22 14:40:36,0.00313000,14.01000000
2018-02-22 14:40:39,0.00313300,42.45000000
2018-02-22 14:40:40,0.00313300,24.19000000
2018-02-22 14:40:40,0.00313400,32.62000000
2018-02-22 14:40:44,0.00313300,61.41000000
2018-02-22 14:40:44,0.00313300,0.69000000
2018-02-22 14:40:45,0.00313300,13.49000000
2018-02-22 14:40:45,0.00313300,1.60000000
2018-02-22 14:40:47,0.00313300,10.53000000
2018-02-22 14:40:50,0.00313300,6.05000000
2018-02-22 14:40:51,0.00313300,1.00000000
2018-02-22 14:40:52,0.00313400,6.64000000
2018-02-22 14:40:53,0.00313000,2.40000000
2018-02-22 14:40:58,0.00313000,8.32000000
2018-02-22 14:41:00,0.00313000,46.50000000
2018-02-22 14:41:05,0.00313400,2.46000000
2018-02-22 14:41:07,0.00313400,21.26000000
2018-02-22 14:41:11,0.00313000,1.50000000
2018-02-22 14:41:11,0.00313400,21.04000000
2018-02-22 14:41:12,0.00313000,482.29000000
2018-02-22 14:41:13,0.00313000,6.66000000
2018-02-22 14:41:13,0.00313400,0.35000000
2018-02-22 14:41:14,0.00312900,1.40000000
2018-02-22 14:41:14,0.00313400,12.83000000
2018-02-22 14:41:19,0.00313300,49.00000000
2018-02-22 14:41:19,0.00313400,1.00000000
2018-02-22 14:41:25,0.00313000,6.38000000
2018-02-22 14:41:29,0.00312900,2.35000000
2018-02-22 14:41:31,0.00312900,3.13000000
2018-02-22 14:41:32,0.00312900,1.90000000
2018-02-22 14:41:32,0.00312800,11.87000000
2018-02-22 14:41:35,0.00312700,1.28000000
2018-02-22 14:41:38,0.00312700,0.25000000
2018-02-22 14:41:40,0.00312600,6.08000000
2018-02-22 14:41:42,0.00312600,1.28000000
2018-02-22 14:41:44,0.00312600,1.28000000
2018-02-22 14:41:45,0.00312600,8.14000000
2018-02-22 14:41:47,0.00312600,8.14000000
2018-02-22 14:41:50,0.00312600,1.28000000
2018-02-22 14:41:52,0.00312600,1.38000000
2018-02-22 14:41:54,0.00312600,1.38000000
2018-02-22 14:41:56,0.00312600,1.38000000
2018-02-22 14:41:57,0.00312600,2.50000000
2018-02-22 14:41:57,0.00312600,1.50000000
2018-02-22 14:41:58,0.00312700,1.03000000
2018-02-22 14:42:03,0.00312900,9.30000000
2018-02-22 14:42:05,0.00312600,1.05000000
2018-02-22 14:42:05,0.00312500,36.04000000
2018-02-22 14:42:05,0.00312900,0.70000000
2018-02-22 14:42:07,0.00312400,13.40000000
2018-02-22 14:42:07,0.00312300,42.45000000
2018-02-22 14:42:07,0.00312300,13.35000000
2018-02-22 14:42:09,0.00312900,1.28000000
2018-02-22 14:42:14,0.00312700,12.69000000
2018-02-22 14:42:15,0.00312700,12.73000000
2018-02-22 14:42:17,0.00313000,1.20000000
2018-02-22 14:42:22,0.00312900,42.21000000
2018-02-22 14:42:22,0.00313000,6.53000000
2018-02-22 14:42:25,0.00313000,88.42000000
2018-02-22 14:42:26,0.00312500,3.73000000
2018-02-22 14:42:35,0.00313000,22.33000000
2018-02-22 14:42:37,0.00313000,130.01000000
2018-02-22 14:42:38,0.00313000,1.30000000
2018-02-22 14:42:39,0.00313000,29.25000000
2018-02-22 14:42:40,0.00313000,9.58000000
2018-02-22 14:42:40,0.00313000,67.77000000
2018-02-22 14:42:41,0.00312800,20.00000000
2018-02-22 14:42:41,0.00313100,3.73000000
2018-02-22 14:42:41,0.00313500,18.53000000
2018-02-22 14:42:43,0.00312900,6.39000000
2018-02-22 14:42:43,0.00312800,2.16000000
2018-02-22 14:42:44,0.00312900,6.40000000
2018-02-22 14:42:44,0.00313000,4.47000000
2018-02-22 14:42:44,0.00313000,3.13000000
2018-02-22 14:42:45,0.00312900,1.27000000
2018-02-22 14:42:45,0.00312900,0.38000000
2018-02-22 14:42:47,0.00313000,9.93000000
2018-02-22 14:42:47,0.00313000,15.07000000
2018-02-22 14:42:47,0.00313000,0.64000000
2018-02-22 14:42:47,0.00312800,5.21000000
2018-02-22 14:42:48,0.00312900,0.64000000
2018-02-22 14:42:48,0.00312900,15.01000000
2018-02-22 14:42:49,0.00313000,160.11000000
