DATE,PRICE,VOLUME
2018-03-01 02:00:08,0.00316000,1.53000000
2018-03-01 02:00:09,0.00316000,1.20000000
2018-03-01 02:00:10,0.00315900,1.20000000
2018-03-01 02:00:13,0.00316000,88.53000000
2018-03-01 02:00:14,0.00316000,0.62000000
2018-03-01 02:00:16,0.00315900,10.55000000
2018-03-01 02:00:28,0.00316000,0.01000000
2018-03-01 02:00:31,0.00315900,1.17000000
2018-03-01 02:00:32,0.00316000,9.20000000
2018-03-01 02:00:48,0.00316000,3.23000000
2018-03-01 02:00:51,0.00315900,1.14000000
2018-03-01 02:00:52,0.00316000,0.61000000
2018-03-01 02:00:56,0.00316000,44.45000000
2018-03-01 02:00:57,0.00316000,54.55000000
2018-03-01 02:01:08,0.00316500,3.15000000
2018-03-01 02:01:32,0.00316100,11.32000000
2018-03-01 02:01:32,0.00316300,1.09000000
2018-03-01 02:01:32,0.00316400,2.07000000
2018-03-01 02:01:41,0.00316200,3.05000000
2018-03-01 02:01:41,0.00316400,2.29000000
2018-03-01 02:01:51,0.00316300,8.09000000
2018-03-01 02:01:51,0.00316400,40.25000000
2018-03-01 02:01:55,0.00316200,1.07000000
2018-03-01 02:01:55,0.00316300,3.36000000
2018-03-01 02:01:56,0.00316300,3.19000000
2018-03-01 02:01:59,0.00316000,26.30000000
2018-03-01 02:02:13,0.00316200,1.05000000
2018-03-01 02:02:13,0.00316300,1.05000000
2018-03-01 02:02:28,0.00316300,0.95000000
2018-03-01 02:02:33,0.00316200,1.02000000
2018-03-01 02:02:33,0.00316300,2.14000000
2018-03-01 02:02:57,0.00316200,1.00000000
2018-03-01 02:03:01,0.00316300,1.08000000
2018-03-01 02:03:14,0.00316000,3.85000000
2018-03-01 02:03:15,0.00316000,2.83000000
2018-03-01 02:03:19,0.00316200,0.98000000
2018-03-01 02:03:19,0.00316300,2.38000000
2018-03-01 02:03:22,0.00316000,81.10000000
2018-03-01 02:03:29,0.00315900,28.62000000
2018-03-01 02:03:29,0.00315800,13.60000000
2018-03-01 02:03:30,0.00316200,0.96000000
2018-03-01 02:03:30,0.00316300,2.20000000
2018-03-01 02:03:44,0.00316200,7.51000000
2018-03-01 02:03:51,0.00316100,0.33000000
2018-03-01 02:04:04,0.00316100,0.93000000
2018-03-01 02:04:04,0.00316100,14.56000000
2018-03-01 02:04:05,0.00316100,5.87000000
2018-03-01 02:04:12,0.00316000,0.91000000
2018-03-01 02:04:15,0.00316100,2.00000000
2018-03-01 02:04:20,0.00316100,7.34000000
2018-03-01 02:04:29,0.00316100,11.81000000
2018-03-01 02:04:33,0.00316000,0.89000000
2018-03-01 02:04:33,0.00316100,2.27000000
2018-03-01 02:04:34,0.00316100,3.16000000
2018-03-01 02:04:44,0.00316100,4.52000000
2018-03-01 02:04:51,0.00316000,2.19000000
2018-03-01 02:04:53,0.00316000,0.38000000
2018-03-01 02:04:58,0.00316000,3.09000000
2018-03-01 02:05:09,0.00316000,0.94000000
2018-03-01 02:05:10,0.00315900,0.86000000
2018-03-01 02:05:10,0.00316000,8.35000000
2018-03-01 02:05:13,0.00316000,18.00000000
2018-03-01 02:05:13,0.00316000,11.10000000
2018-03-01 02:05:19,0.00316000,0.65000000
2018-03-01 02:05:22,0.00316000,2.29000000
2018-03-01 02:05:23,0.00316100,14.77000000
2018-03-01 02:05:23,0.00316200,3.23000000
2018-03-01 02:05:24,0.00315800,18.39000000
2018-03-01 02:05:28,0.00315800,1.61000000
2018-03-01 02:05:30,0.00315700,0.84000000
2018-03-01 02:05:32,0.00316000,18.00000000
2018-03-01 02:05:33,0.00316000,8.49000000
2018-03-01 02:05:35,0.00316000,2.20000000
2018-03-01 02:05:35,0.00316000,16.82000000
2018-03-01 02:05:42,0.00316100,2.65000000
2018-03-01 02:05:45,0.00316100,1.15000000
2018-03-01 02:05:45,0.00316200,6.24000000
2018-03-01 02:05:45,0.00316300,7.96000000
2018-03-01 02:05:49,0.00316300,12.45000000
2018-03-01 02:05:50,0.00316000,0.82000000
2018-03-01 02:05:58,0.00316300,5.29000000
2018-03-01 02:06:01,0.00316200,0.82000000
2018-03-01 02:06:01,0.00316300,1.96000000
2018-03-01 02:06:07,0.00316200,0.82000000
2018-03-01 02:06:07,0.00316300,4.53000000
2018-03-01 02:06:08,0.00316000,6.08000000
2018-03-01 02:06:12,0.00316100,0.80000000
2018-03-01 02:06:12,0.00316300,10.34000000
2018-03-01 02:06:16,0.00316300,1.15000000
2018-03-01 02:06:16,0.00316300,6.86000000
2018-03-01 02:06:17,0.00316300,10.00000000
2018-03-01 02:06:28,0.00316300,1.15000000
2018-03-01 02:06:29,0.00316300,11.48000000
2018-03-01 02:06:40,0.00316000,7.90000000
2018-03-01 02:06:47,0.00316100,0.39000000
2018-03-01 02:06:48,0.00316000,7.37000000
2018-03-01 02:06:57,0.00315800,0.28000000
2018-03-01 02:07:13,0.00315800,72.26000000
2018-03-01 02:07:17,0.00315800,2.00000000
2018-03-01 02:07:17,0.00315900,0.75000000
2018-03-01 02:07:17,0.00316000,0.52000000
2018-03-01 02:07:17,0.00316100,8.73000000
2018-03-01 02:07:17,0.00316200,0.78000000
2018-03-01 02:07:17,0.00316300,0.47000000
2018-03-01 02:07:17,0.00316400,0.48000000
2018-03-01 02:07:17,0.00316500,5.03000000
2018-03-01 02:07:27,0.00316500,0.77000000
2018-03-01 02:07:30,0.00316500,7.35000000
2018-03-01 02:07:42,0.00316400,0.37000000
2018-03-01 02:07:45,0.00316400,0.36000000
2018-03-01 02:07:45,0.00316500,0.63000000
2018-03-01 02:07:46,0.00316500,0.84000000
2018-03-01 02:07:59,0.00316300,0.71000000
2018-03-01 02:07:59,0.00316400,17.29000000
2018-03-01 02:08:10,0.00316400,16.29000000
2018-03-01 02:08:20,0.00316300,0.70000000
2018-03-01 02:08:20,0.00316400,9.16000000
2018-03-01 02:08:22,0.00316400,1.37000000
2018-03-01 02:08:33,0.00315900,2.48000000
2018-03-01 02:08:37,0.00316300,0.68000000
2018-03-01 02:08:37,0.00316400,6.84000000
2018-03-01 02:08:46,0.00316000,6.91000000
2018-03-01 02:08:46,0.00316000,4.73000000
2018-03-01 02:08:46,0.00316400,5.04000000
2018-03-01 02:09:00,0.00316300,0.67000000
2018-03-01 02:09:05,0.00316100,1.60000000
2018-03-01 02:09:05,0.00316000,56.48000000
2018-03-01 02:09:12,0.00316100,1.60000000
2018-03-01 02:09:13,0.00316100,2.35000000
2018-03-01 02:09:16,0.00316300,0.65000000
2018-03-01 02:09:19,0.00316400,0.66000000
2018-03-01 02:09:27,0.00316300,1.21000000
2018-03-01 02:09:27,0.00316400,1.95000000
2018-03-01 02:09:42,0.00316200,0.64000000
2018-03-01 02:09:42,0.00316400,5.34000000
2018-03-01 02:09:57,0.00316400,11.91000000
2018-03-01 02:10:03,0.00316100,0.47000000
2018-03-01 02:10:06,0.00316400,5.34000000
2018-03-01 02:10:10,0.00316400,9.08000000
2018-03-01 02:10:18,0.00316100,2.84000000
2018-03-01 02:10:22,0.00316400,308.65000000
2018-03-01 02:10:22,0.00316500,9.61000000
2018-03-01 02:10:23,0.00316400,1.56000000
2018-03-01 02:10:23,0.00316400,6.93000000
2018-03-01 02:10:24,0.00316400,1.15000000
2018-03-01 02:10:25,0.00316400,2.06000000
2018-03-01 02:10:27,0.00316400,31.60000000
2018-03-01 02:10:27,0.00316400,33.99000000
2018-03-01 02:10:27,0.00316500,1.26000000
2018-03-01 02:10:31,0.00316500,20.99000000
2018-03-01 02:10:32,0.00316100,11.93000000
2018-03-01 02:10:33,0.00316100,253.87000000
2018-03-01 02:10:34,0.00316100,5.00000000
2018-03-01 02:10:36,0.00316100,96.20000000
2018-03-01 02:10:38,0.00316200,19.50000000
2018-03-01 02:10:51,0.00316000,0.33000000
2018-03-01 02:10:55,0.00316100,0.91000000
2018-03-01 02:10:55,0.00316100,5.00000000
2018-03-01 02:10:56,0.00316100,8.82000000
2018-03-01 02:10:58,0.00316100,0.80000000
2018-03-01 02:11:01,0.00316100,7.87000000
2018-03-01 02:11:07,0.00316300,4.27000000
2018-03-01 02:11:09,0.00316200,25.71000000
2018-03-01 02:11:17,0.00316300,4.98000000
2018-03-01 02:11:26,0.00316100,0.02000000
2018-03-01 02:11:26,0.00316300,3.16000000
2018-03-01 02:11:27,0.00316000,0.01000000
2018-03-01 02:11:27,0.00316300,3.12000000
2018-03-01 02:11:28,0.00316000,11.41000000
2018-03-01 02:11:29,0.00316100,7.20000000
2018-03-01 02:11:31,0.00316100,9.13000000
2018-03-01 02:11:35,0.00316100,0.39000000
2018-03-01 02:11:35,0.00316100,9.99000000
2018-03-01 02:11:36,0.00316000,0.93000000
2018-03-01 02:11:36,0.00316000,1.62000000
2018-03-01 02:11:37,0.00316100,5.50000000
2018-03-01 02:11:37,0.00316100,17.61000000
2018-03-01 02:11:40,0.00316200,4.00000000
2018-03-01 02:11:52,0.00316100,0.28000000
2018-03-01 02:11:52,0.00316000,12.99000000
2018-03-01 02:11:52,0.00316000,0.80000000
2018-03-01 02:11:53,0.00316000,23.89000000
2018-03-01 02:12:15,0.00316000,0.01000000
2018-03-01 02:12:22,0.00315800,8.40000000
2018-03-01 02:12:22,0.00315600,11.24000000
2018-03-01 02:12:22,0.00315500,45.83000000
2018-03-01 02:12:23,0.00315500,1.57000000
2018-03-01 02:12:24,0.00315500,7.62000000
2018-03-01 02:12:25,0.00315500,2.38000000
2018-03-01 02:12:25,0.00315500,1.46000000
2018-03-01 02:12:40,0.00315500,14.50000000
2018-03-01 02:12:40,0.00316000,1.63000000
2018-03-01 02:12:40,0.00316200,1.69000000
2018-03-01 02:12:46,0.00316100,0.50000000
2018-03-01 02:12:46,0.00316200,0.50000000
2018-03-01 02:12:48,0.00316200,2.22000000
2018-03-01 02:12:58,0.00316200,1.48000000
2018-03-01 02:13:08,0.00316200,0.98000000
2018-03-01 02:13:21,0.00316100,0.66000000
2018-03-01 02:13:31,0.00316200,8.39000000
2018-03-01 02:13:35,0.00316200,7.10000000
2018-03-01 02:13:37,0.00316200,10.49000000
2018-03-01 02:13:43,0.00316200,3.27000000
2018-03-01 02:13:47,0.00316100,4.26000000
2018-03-01 02:13:47,0.00316100,16.72000000
2018-03-01 02:13:47,0.00316200,5.64000000
2018-03-01 02:13:47,0.00316300,11.74000000
2018-03-01 02:13:47,0.00316400,74.42000000
2018-03-01 02:13:47,0.00316500,47.87000000
2018-03-01 02:13:53,0.00316400,10.47000000
2018-03-01 02:13:59,0.00316200,8.40000000
2018-03-01 02:13:59,0.00316200,0.67000000
2018-03-01 02:14:00,0.00316200,3.42000000
2018-03-01 02:14:04,0.00316400,3.31000000
2018-03-01 02:14:07,0.00315800,0.50000000
2018-03-01 02:14:18,0.00316400,2.56000000
2018-03-01 02:14:19,0.00315800,8.99000000
2018-03-01 02:14:19,0.00315700,20.01000000
2018-03-01 02:14:21,0.00316300,0.42000000
2018-03-01 02:14:41,0.00316200,9.27000000
2018-03-01 02:14:53,0.00316000,0.86000000
2018-03-01 02:15:02,0.00315700,0.70000000
2018-03-01 02:15:02,0.00315600,7.60000000
2018-03-01 02:15:05,0.00315700,5.08000000
2018-03-01 02:15:10,0.00316200,19.61000000
2018-03-01 02:15:12,0.00316200,37.86000000
2018-03-01 02:15:12,0.00316300,12.21000000
2018-03-01 02:15:12,0.00316300,22.64000000
2018-03-01 02:15:17,0.00316300,0.95000000
2018-03-01 02:15:22,0.00315700,41.72000000
2018-03-01 02:15:22,0.00315600,290.88000000
2018-03-01 02:15:29,0.00315600,0.60000000
2018-03-01 02:15:52,0.00315600,3.78000000
2018-03-01 02:16:15,0.00315700,5.00000000
2018-03-01 02:16:15,0.00315700,20.05000000
2018-03-01 02:16:16,0.00315700,18.37000000
2018-03-01 02:16:24,0.00315700,27.22000000
2018-03-01 02:16:28,0.00316100,0.85000000
2018-03-01 02:16:30,0.00316100,17.52000000
2018-03-01 02:16:31,0.00316100,6.48000000
2018-03-01 02:16:31,0.00316100,31.62000000
2018-03-01 02:16:31,0.00316100,37.06000000
2018-03-01 02:16:38,0.00316100,0.60000000
2018-03-01 02:17:02,0.00316100,84.65000000
2018-03-01 02:17:08,0.00315500,21.95000000
2018-03-01 02:17:28,0.00316100,10.13000000
2018-03-01 02:17:33,0.00316100,14.94000000
2018-03-01 02:17:35,0.00316100,0.79000000
2018-03-01 02:17:38,0.00316100,6.79000000
2018-03-01 02:17:47,0.00316100,4.54000000
2018-03-01 02:17:57,0.00316100,3.05000000
2018-03-01 02:18:06,0.00316100,2.04000000
2018-03-01 02:18:08,0.00316100,0.85000000
2018-03-01 02:18:16,0.00316100,1.37000000
2018-03-01 02:18:27,0.00316100,0.91000000
2018-03-01 02:18:30,0.00316100,6.32000000
2018-03-01 02:18:34,0.00315900,2.14000000
2018-03-01 02:18:34,0.00315800,22.69000000
2018-03-01 02:18:37,0.00316100,0.61000000
2018-03-01 02:18:43,0.00315800,16.94000000
2018-03-01 02:18:44,0.00316100,15.21000000
2018-03-01 02:18:48,0.00315800,0.59000000
2018-03-01 02:18:53,0.00316100,17.55000000
2018-03-01 02:19:00,0.00316000,4.76000000
2018-03-01 02:19:01,0.00316000,11.75000000
2018-03-01 02:19:07,0.00315800,3.76000000
2018-03-01 02:19:10,0.00316000,7.88000000
2018-03-01 02:19:17,0.00316000,3.97000000
2018-03-01 02:19:17,0.00316100,2.42000000
2018-03-01 02:19:18,0.00315800,10.02000000
2018-03-01 02:19:24,0.00316100,113.39000000
2018-03-01 02:19:25,0.00316100,4.28000000
2018-03-01 02:19:35,0.00316100,2.86000000
2018-03-01 02:19:35,0.00315800,17.76000000
2018-03-01 02:19:35,0.00315800,3.16000000
2018-03-01 02:19:35,0.00315800,0.87000000
2018-03-01 02:19:43,0.00316100,17.09000000
2018-03-01 02:19:45,0.00316100,1.92000000
2018-03-01 02:19:51,0.00315800,57.32000000
2018-03-01 02:19:53,0.00316100,1.29000000
2018-03-01 02:19:53,0.00315600,0.68000000
2018-03-01 02:19:53,0.00315500,16.30000000
2018-03-01 02:19:58,0.00315500,34.23000000
2018-03-01 02:20:03,0.00315800,2.73000000
2018-03-01 02:20:06,0.00315500,2.00000000
2018-03-01 02:20:08,0.00315500,61.57000000
2018-03-01 02:20:12,0.00315500,1.02000000
2018-03-01 02:20:12,0.00315800,1.22000000
2018-03-01 02:20:14,0.00315800,17.78000000
2018-03-01 02:20:23,0.00316000,0.82000000
2018-03-01 02:20:32,0.00316000,0.55000000
2018-03-01 02:20:35,0.00315800,25.00000000
2018-03-01 02:20:40,0.00316100,0.37000000
2018-03-01 02:20:40,0.00315800,82.20000000
2018-03-01 02:20:43,0.00315800,2.08000000
2018-03-01 02:20:49,0.00316100,68.51000000
2018-03-01 02:20:49,0.00316300,5.11000000
2018-03-01 02:20:49,0.00316300,68.56000000
2018-03-01 02:20:49,0.00316300,68.56000000
2018-03-01 02:20:49,0.00316300,1.02000000
2018-03-01 02:20:50,0.00316300,8.24000000
2018-03-01 02:20:50,0.00316400,4.00000000
2018-03-01 02:20:50,0.00315800,72.94000000
2018-03-01 02:20:51,0.00315600,43.48000000
2018-03-01 02:20:51,0.00315500,27.27000000
2018-03-01 02:20:55,0.00316400,2.84000000
2018-03-01 02:20:56,0.00316400,0.64000000
2018-03-01 02:21:09,0.00316400,32.14000000
2018-03-01 02:21:09,0.00316400,3.15000000
2018-03-01 02:21:10,0.00316400,20.17000000
2018-03-01 02:21:10,0.00316400,6.23000000
2018-03-01 02:21:10,0.00315600,9.50000000
2018-03-01 02:21:10,0.00315500,6.33000000
2018-03-01 02:21:10,0.00315500,33.34000000
2018-03-01 02:21:11,0.00315500,28.66000000
2018-03-01 02:21:12,0.00315500,225.41000000
2018-03-01 02:21:13,0.00315500,188.14000000
2018-03-01 02:21:14,0.00315500,76.60000000
2018-03-01 02:21:16,0.00315500,2.34000000
2018-03-01 02:21:16,0.00315400,0.89000000
2018-03-01 02:21:16,0.00315100,100.33000000
2018-03-01 02:21:33,0.00315300,0.69000000
2018-03-01 02:21:33,0.00315200,0.85000000
2018-03-01 02:21:33,0.00315200,0.02000000
2018-03-01 02:21:35,0.00315500,2.38000000
2018-03-01 02:21:41,0.00315100,1.17000000
2018-03-01 02:21:45,0.00315800,32.19000000
2018-03-01 02:21:45,0.00315800,20.39000000
2018-03-01 02:22:03,0.00315900,4.55000000
2018-03-01 02:22:05,0.00315900,4.95000000
2018-03-01 02:22:06,0.00315900,85.36000000
2018-03-01 02:22:06,0.00315900,21.88000000
2018-03-01 02:22:07,0.00315900,10.95000000
2018-03-01 02:22:07,0.00315900,6.83000000
2018-03-01 02:22:12,0.00315900,1.33000000
2018-03-01 02:22:16,0.00316000,1.00000000
2018-03-01 02:22:21,0.00316000,9.36000000
2018-03-01 02:22:21,0.00315900,49.88000000
2018-03-01 02:22:22,0.00315900,59.22000000
2018-03-01 02:22:26,0.00316100,0.38000000
2018-03-01 02:22:26,0.00315900,28.89000000
2018-03-01 02:22:31,0.00315900,0.01000000
2018-03-01 02:22:32,0.00315400,9.51000000
2018-03-01 02:22:33,0.00315200,144.76000000
2018-03-01 02:22:34,0.00315200,5.80000000
2018-03-01 02:23:08,0.00315200,5.41000000
2018-03-01 02:23:19,0.00315200,3.24000000
2018-03-01 02:23:19,0.00315200,3.00000000
2018-03-01 02:23:35,0.00315200,31.19000000
2018-03-01 02:23:35,0.00315100,27.65000000
2018-03-01 02:23:36,0.00315200,6.00000000
2018-03-01 02:23:42,0.00315100,13.89000000
2018-03-01 02:24:08,0.00315200,2.40000000
2018-03-01 02:24:16,0.00315100,17.94000000
2018-03-01 02:24:17,0.00315100,2.30000000
2018-03-01 02:24:17,0.00315100,1.89000000
2018-03-01 02:24:17,0.00315200,2.30000000
2018-03-01 02:24:21,0.00315200,1.00000000
2018-03-01 02:24:21,0.00315200,0.04000000
2018-03-01 02:24:22,0.00315600,0.64000000
2018-03-01 02:24:27,0.00315600,8.87000000
2018-03-01 02:24:34,0.00315600,11.14000000
2018-03-01 02:24:43,0.00315700,1.99000000
2018-03-01 02:24:45,0.00315700,5.00000000
2018-03-01 02:24:56,0.00315700,0.53000000
2018-03-01 02:25:00,0.00315700,2.81000000
2018-03-01 02:25:07,0.00315700,5.56000000
2018-03-01 02:25:13,0.00315700,0.60000000
2018-03-01 02:25:13,0.00315700,0.19000000
2018-03-01 02:25:21,0.00315700,20.19000000
2018-03-01 02:25:23,0.00315600,3.66000000
2018-03-01 02:25:32,0.00315600,3.16000000
2018-03-01 02:25:35,0.00315600,66.40000000
2018-03-01 02:25:46,0.00315600,6.77000000
2018-03-01 02:25:47,0.00315300,19.77000000
2018-03-01 02:26:09,0.00315300,17.24000000
2018-03-01 02:26:16,0.00315300,1.00000000
2018-03-01 02:26:16,0.00315200,23.47000000
2018-03-01 02:26:17,0.00315100,6.01000000
2018-03-01 02:26:21,0.00315600,2.76000000
2018-03-01 02:26:23,0.00315600,2.40000000
2018-03-01 02:26:32,0.00315500,2.40000000
2018-03-01 02:26:34,0.00315500,2.40000000
2018-03-01 02:26:36,0.00315500,0.20000000
2018-03-01 02:26:36,0.00315600,2.20000000
2018-03-01 02:26:39,0.00315800,2.15000000
2018-03-01 02:26:39,0.00315900,0.25000000
2018-03-01 02:26:40,0.00315200,4.30000000
2018-03-01 02:26:40,0.00315100,5.21000000
2018-03-01 02:26:40,0.00315000,185.80000000
2018-03-01 02:26:40,0.00315000,26.66000000
2018-03-01 02:26:40,0.00315000,4.00000000
2018-03-01 02:26:41,0.00315600,2.50000000
2018-03-01 02:26:53,0.00315600,2.30000000
2018-03-01 02:27:03,0.00315600,1.53000000
2018-03-01 02:27:04,0.00315600,2.40000000
2018-03-01 02:27:06,0.00315600,2.40000000
2018-03-01 02:27:13,0.00315600,2.50000000
2018-03-01 02:27:20,0.00315600,2.30000000
2018-03-01 02:27:22,0.00315100,1.61000000
2018-03-01 02:27:22,0.00315000,122.35000000
2018-03-01 02:27:22,0.00315500,2.40000000
2018-03-01 02:27:28,0.00315000,1.12000000
2018-03-01 02:27:31,0.00315600,1.92000000
2018-03-01 02:27:31,0.00315600,56.06000000
2018-03-01 02:27:31,0.00315600,20.69000000
2018-03-01 02:27:32,0.00315600,6.20000000
2018-03-01 02:27:32,0.00315600,15.92000000
2018-03-01 02:27:32,0.00315600,2.64000000
2018-03-01 02:27:32,0.00315000,3.18000000
2018-03-01 02:27:33,0.00315000,18.00000000
2018-03-01 02:27:34,0.00315500,2.50000000
2018-03-01 02:27:38,0.00315500,2.40000000
2018-03-01 02:27:38,0.00315000,35.17000000
2018-03-01 02:27:41,0.00315500,1.17000000
2018-03-01 02:27:41,0.00315600,1.33000000
2018-03-01 02:27:43,0.00315600,2.30000000
2018-03-01 02:27:44,0.00315600,6.46000000
2018-03-01 02:27:45,0.00315600,2.50000000
2018-03-01 02:27:48,0.00315600,2.40000000
2018-03-01 02:27:50,0.00315600,2.30000000
2018-03-01 02:27:51,0.00315000,34.32000000
2018-03-01 02:27:53,0.00315000,72.40000000
2018-03-01 02:27:53,0.00315500,2.30000000
2018-03-01 02:27:54,0.00315000,348.10000000
2018-03-01 02:27:55,0.00315000,44.98000000
2018-03-01 02:27:55,0.00315500,2.40000000
2018-03-01 02:27:56,0.00315000,82.79000000
2018-03-01 02:27:57,0.00315000,2.30000000
2018-03-01 02:27:58,0.00314800,9.52000000
2018-03-01 02:27:58,0.00314700,0.63000000
2018-03-01 02:27:58,0.00314600,9.00000000
2018-03-01 02:27:58,0.00314500,11.98000000
2018-03-01 02:28:00,0.00315000,1.59000000
2018-03-01 02:28:00,0.00315000,2.40000000
2018-03-01 02:28:01,0.00315000,3.17000000
2018-03-01 02:28:02,0.00315000,2.40000000
2018-03-01 02:28:05,0.00315000,2.40000000
2018-03-01 02:28:07,0.00315000,6.34000000
2018-03-01 02:28:07,0.00315000,2.40000000
2018-03-01 02:28:10,0.00315000,2.50000000
2018-03-01 02:28:12,0.00315000,18.00000000
2018-03-01 02:28:12,0.00315000,2.30000000
2018-03-01 02:28:15,0.00314900,2.30000000
2018-03-01 02:28:17,0.00314900,2.50000000
2018-03-01 02:28:19,0.00314900,2.30000000
2018-03-01 02:28:22,0.00314900,0.81000000
2018-03-01 02:28:22,0.00315000,1.69000000
2018-03-01 02:28:24,0.00315000,18.00000000
2018-03-01 02:28:24,0.00315000,2.30000000
2018-03-01 02:28:26,0.00314900,4.90000000
2018-03-01 02:28:26,0.00314600,5.45000000
2018-03-01 02:28:26,0.00315000,2.40000000
2018-03-01 02:28:28,0.00315000,0.23000000
2018-03-01 02:28:29,0.00315000,2.30000000
2018-03-01 02:28:31,0.00315000,2.50000000
2018-03-01 02:28:33,0.00315000,2.30000000
2018-03-01 02:28:34,0.00315000,16.89000000
2018-03-01 02:28:35,0.00315000,2.40000000
2018-03-01 02:28:38,0.00315000,0.68000000
2018-03-01 02:28:38,0.00315000,2.40000000
2018-03-01 02:28:40,0.00315000,2.40000000
2018-03-01 02:28:42,0.00314600,38.68000000
2018-03-01 02:28:43,0.00315000,2.40000000
2018-03-01 02:28:43,0.00315000,59.28000000
2018-03-01 02:28:46,0.00315000,1.54000000
2018-03-01 02:28:53,0.00314600,0.01000000
2018-03-01 02:28:53,0.00314400,4.41000000
2018-03-01 02:29:02,0.00314400,0.02000000
2018-03-01 02:29:03,0.00314400,1.17000000
2018-03-01 02:29:04,0.00314400,0.02000000
2018-03-01 02:29:07,0.00314900,5.00000000
2018-03-01 02:29:09,0.00314900,0.79000000
2018-03-01 02:29:17,0.00314900,5.28000000
2018-03-01 02:29:19,0.00314900,1.63000000
2018-03-01 02:29:28,0.00314900,5.00000000
2018-03-01 02:29:37,0.00314800,0.92000000
2018-03-01 02:29:52,0.00314800,0.40000000
2018-03-01 02:29:53,0.00314400,59.20000000
2018-03-01 02:30:00,0.00314800,6.39000000
2018-03-01 02:30:02,0.00314800,3.45000000
2018-03-01 02:30:04,0.00314800,2.40000000
2018-03-01 02:30:05,0.00314800,0.45000000
2018-03-01 02:30:06,0.00314800,10.01000000
2018-03-01 02:30:07,0.00314800,2.30000000
2018-03-01 02:30:07,0.00314800,0.32000000
2018-03-01 02:30:09,0.00314800,0.71000000
2018-03-01 02:30:10,0.00314800,0.68000000
2018-03-01 02:30:13,0.00314800,2.00000000
2018-03-01 02:30:17,0.00314300,39.36000000
2018-03-01 02:30:18,0.00314300,19.68000000
2018-03-01 02:30:21,0.00314700,0.69000000
2018-03-01 02:30:29,0.00314300,19.69000000
2018-03-01 02:30:29,0.00314200,39.05000000
2018-03-01 02:30:34,0.00314200,41.98000000
2018-03-01 02:30:34,0.00314100,77.69000000
2018-03-01 02:30:48,0.00314100,27.58000000
2018-03-01 02:30:49,0.00314100,5.00000000
2018-03-01 02:31:01,0.00314100,30.69000000
2018-03-01 02:31:13,0.00314300,0.70000000
2018-03-01 02:31:14,0.00314300,0.30000000
2018-03-01 02:31:15,0.00314100,71.93000000
2018-03-01 02:31:20,0.00314600,0.40000000
2018-03-01 02:31:20,0.00314700,17.60000000
2018-03-01 02:31:21,0.00314100,1.92000000
2018-03-01 02:31:27,0.00314500,1.13000000
2018-03-01 02:31:31,0.00314500,0.86000000
2018-03-01 02:31:31,0.00314500,3.17000000
2018-03-01 02:31:33,0.00314500,0.91000000
2018-03-01 02:31:35,0.00314500,1.11000000
2018-03-01 02:31:39,0.00314700,0.70000000
2018-03-01 02:31:40,0.00314800,1.31000000
2018-03-01 02:31:46,0.00314800,0.53000000
2018-03-01 02:31:50,0.00314800,0.84000000
2018-03-01 02:31:59,0.00314700,0.88000000
2018-03-01 02:32:01,0.00314700,3.62000000
2018-03-01 02:32:06,0.00314700,0.68000000
2018-03-01 02:32:11,0.00314700,5.00000000
2018-03-01 02:32:12,0.00314700,1.00000000
2018-03-01 02:32:20,0.00314700,0.47000000
2018-03-01 02:32:33,0.00314700,3.17000000
2018-03-01 02:32:36,0.00314200,1.14000000
2018-03-01 02:32:37,0.00314100,20.42000000
2018-03-01 02:32:40,0.00314700,0.38000000
2018-03-01 02:32:56,0.00314200,0.57000000
2018-03-01 02:33:00,0.00314500,19.00000000
2018-03-01 02:33:03,0.00314500,0.50000000
2018-03-01 02:33:04,0.00314200,1.50000000
2018-03-01 02:33:04,0.00314200,10.47000000
2018-03-01 02:33:09,0.00314200,4.98000000
2018-03-01 02:33:10,0.00314500,1.64000000
2018-03-01 02:33:14,0.00314500,8.28000000
2018-03-01 02:33:19,0.00314200,27.66000000
2018-03-01 02:33:24,0.00314400,0.36000000
2018-03-01 02:33:29,0.00314300,0.77000000
2018-03-01 02:33:35,0.00314300,0.92000000
2018-03-01 02:33:36,0.00314300,4.30000000
2018-03-01 02:33:38,0.00314300,16.00000000
2018-03-01 02:33:53,0.00314300,1.23000000
2018-03-01 02:33:57,0.00314400,0.32000000
2018-03-01 02:33:57,0.00314400,1.50000000
2018-03-01 02:34:01,0.00314200,1.23000000
2018-03-01 02:34:08,0.00314400,18.00000000
2018-03-01 02:34:13,0.00314200,24.64000000
2018-03-01 02:34:18,0.00314400,6.51000000
2018-03-01 02:34:18,0.00314500,11.49000000
2018-03-01 02:34:21,0.00314200,7.73000000
2018-03-01 02:34:24,0.00314600,5.99000000
2018-03-01 02:34:28,0.00314600,3.22000000
2018-03-01 02:34:32,0.00314600,1.02000000
2018-03-01 02:34:33,0.00314500,2.33000000
2018-03-01 02:34:36,0.00314500,3.43000000
2018-03-01 02:34:40,0.00314500,1.16000000
2018-03-01 02:34:45,0.00314500,1.65000000
2018-03-01 02:34:49,0.00314500,7.52000000
2018-03-01 02:35:03,0.00314400,0.86000000
2018-03-01 02:35:03,0.00314500,17.14000000
2018-03-01 02:35:12,0.00314500,18.00000000
2018-03-01 02:35:15,0.00314100,7.53000000
2018-03-01 02:35:15,0.00314100,24.24000000
2018-03-01 02:35:16,0.00314100,41.20000000
2018-03-01 02:35:16,0.00314100,21.94000000
2018-03-01 02:35:16,0.00314100,9.55000000
2018-03-01 02:35:16,0.00314100,9.55000000
2018-03-01 02:35:18,0.00314100,7.47000000
2018-03-01 02:35:24,0.00314400,0.69000000
2018-03-01 02:35:27,0.00314000,4.98000000
2018-03-01 02:35:28,0.00314300,5.00000000
2018-03-01 02:35:28,0.00314400,95.00000000
2018-03-01 02:35:36,0.00314400,8.28000000
2018-03-01 02:35:37,0.00314000,143.34000000
2018-03-01 02:35:37,0.00314000,0.40000000
2018-03-01 02:35:38,0.00314000,5.00000000
2018-03-01 02:35:38,0.00314000,0.79000000
2018-03-01 02:35:41,0.00314000,3.18000000
2018-03-01 02:35:42,0.00314000,14.34000000
2018-03-01 02:35:42,0.00314000,1.05000000
2018-03-01 02:35:42,0.00314000,3.75000000
2018-03-01 02:35:47,0.00314300,2.97000000
2018-03-01 02:35:47,0.00314400,15.03000000
2018-03-01 02:35:55,0.00314400,4.60000000
2018-03-01 02:35:57,0.00314000,15.00000000
2018-03-01 02:35:57,0.00313900,13.00000000
2018-03-01 02:35:58,0.00314000,2.40000000
2018-03-01 02:35:58,0.00314000,4.33000000
2018-03-01 02:35:59,0.00313900,3.07000000
2018-03-01 02:36:02,0.00314400,2.09000000
2018-03-01 02:36:06,0.00314400,0.86000000
2018-03-01 02:36:09,0.00314200,1.57000000
2018-03-01 02:36:09,0.00314200,4.54000000
2018-03-01 02:36:09,0.00314400,1.57000000
2018-03-01 02:36:11,0.00314400,0.36000000
2018-03-01 02:36:11,0.00314300,1.02000000
2018-03-01 02:36:11,0.00314400,0.56000000
2018-03-01 02:36:12,0.00314000,6.64000000
2018-03-01 02:36:15,0.00314400,1.29000000
2018-03-01 02:36:17,0.00314000,0.09000000
2018-03-01 02:36:17,0.00313900,4.82000000
2018-03-01 02:36:24,0.00314400,0.55000000
2018-03-01 02:36:30,0.00313900,11.42000000
2018-03-01 02:36:34,0.00313900,3.12000000
2018-03-01 02:36:35,0.00314300,0.61000000
2018-03-01 02:36:38,0.00313500,4.65000000
2018-03-01 02:36:38,0.00313400,7.35000000
2018-03-01 02:36:38,0.00314300,32.44000000
2018-03-01 02:36:40,0.00314200,2.40000000
2018-03-01 02:36:42,0.00314100,2.40000000
2018-03-01 02:36:45,0.00314100,2.50000000
2018-03-01 02:36:47,0.00314100,2.40000000
2018-03-01 02:36:48,0.00314100,1.47000000
2018-03-01 02:36:49,0.00314200,4.63000000
2018-03-01 02:36:52,0.00314200,2.75000000
2018-03-01 02:36:53,0.00314200,1.00000000
2018-03-01 02:36:53,0.00314200,28.26000000
2018-03-01 02:36:56,0.00314300,4.29000000
2018-03-01 02:37:00,0.00313600,68.36000000
2018-03-01 02:37:00,0.00313500,334.57000000
2018-03-01 02:37:00,0.00313400,28.57000000
2018-03-01 02:37:00,0.00313300,4.44000000
2018-03-01 02:37:00,0.00313200,14.64000000
2018-03-01 02:37:02,0.00314200,1.68000000
2018-03-01 02:37:05,0.00314200,1.57000000
2018-03-01 02:37:05,0.00314200,0.73000000
2018-03-01 02:37:09,0.00314200,0.74000000
2018-03-01 02:37:14,0.00314000,2.30000000
2018-03-01 02:37:16,0.00314000,2.50000000
2018-03-01 02:37:18,0.00314000,0.04000000
2018-03-01 02:37:18,0.00314100,0.80000000
2018-03-01 02:37:19,0.00314100,2.40000000
2018-03-01 02:37:19,0.00313400,11.19000000
2018-03-01 02:37:19,0.00313300,123.51000000
2018-03-01 02:37:19,0.00313200,161.13000000
2018-03-01 02:37:19,0.00313100,3.18000000
2018-03-01 02:37:19,0.00313000,46.10000000
2018-03-01 02:37:21,0.00314000,2.30000000
2018-03-01 02:37:23,0.00314000,0.71000000
2018-03-01 02:37:24,0.00314000,2.50000000
2018-03-01 02:37:24,0.00314000,4.06000000
2018-03-01 02:37:24,0.00314100,2.48000000
2018-03-01 02:37:26,0.00314100,2.50000000
2018-03-01 02:37:29,0.00314100,2.40000000
2018-03-01 02:37:31,0.00314100,2.30000000
2018-03-01 02:37:34,0.00314100,2.30000000
2018-03-01 02:37:36,0.00314100,2.40000000
2018-03-01 02:37:38,0.00314100,1.38000000
2018-03-01 02:37:38,0.00314100,2.30000000
2018-03-01 02:37:41,0.00314100,2.40000000
2018-03-01 02:37:43,0.00313400,7.00000000
2018-03-01 02:37:43,0.00314100,2.40000000
2018-03-01 02:37:44,0.00314000,1.98000000
2018-03-01 02:37:45,0.00314000,6.08000000
2018-03-01 02:37:46,0.00314000,0.94000000
2018-03-01 02:37:46,0.00314100,1.46000000
2018-03-01 02:37:48,0.00314000,2.40000000
2018-03-01 02:37:49,0.00314000,8.00000000
2018-03-01 02:37:49,0.00314000,12.89000000
2018-03-01 02:37:49,0.00314100,9.51000000
2018-03-01 02:37:49,0.00314200,5.18000000
2018-03-01 02:37:49,0.00314200,4.82000000
2018-03-01 02:37:49,0.00314300,1.42000000
2018-03-01 02:37:50,0.00314000,0.85000000
2018-03-01 02:37:50,0.00314300,1.57000000
2018-03-01 02:37:52,0.00314000,2.83000000
2018-03-01 02:37:53,0.00314100,8.00000000
2018-03-01 02:37:53,0.00314000,16.30000000
2018-03-01 02:37:53,0.00314000,2.15000000
2018-03-01 02:37:53,0.00314300,0.25000000
2018-03-01 02:37:54,0.00314300,0.33000000
2018-03-01 02:37:54,0.00314400,0.10000000
2018-03-01 02:37:56,0.00314400,3.81000000
2018-03-01 02:37:56,0.00314400,16.14000000
2018-03-01 02:37:56,0.00314600,4.50000000
2018-03-01 02:37:56,0.00314700,6.45000000
2018-03-01 02:37:57,0.00314700,6.24000000
2018-03-01 02:37:57,0.00314700,1.57000000
2018-03-01 02:37:59,0.00314700,3.35000000
2018-03-01 02:38:00,0.00314700,24.40000000
2018-03-01 02:38:00,0.00314900,4.50000000
2018-03-01 02:38:00,0.00315000,18.84000000
2018-03-01 02:38:05,0.00314800,8.30000000
2018-03-01 02:38:05,0.00314900,7.11000000
2018-03-01 02:38:05,0.00314800,1.51000000
2018-03-01 02:38:08,0.00314800,0.32000000
2018-03-01 02:38:08,0.00314800,4.76000000
2018-03-01 02:38:09,0.00314800,4.76000000
2018-03-01 02:38:15,0.00314000,31.84000000
2018-03-01 02:38:16,0.00314600,0.52000000
2018-03-01 02:38:16,0.00314600,0.51000000
2018-03-01 02:38:17,0.00314600,15.52000000
2018-03-01 02:38:17,0.00314700,0.99000000
2018-03-01 02:38:17,0.00314900,3.18000000
2018-03-01 02:38:17,0.00315000,38.11000000
2018-03-01 02:38:17,0.00315200,1.48000000
2018-03-01 02:38:17,0.00315300,60.56000000
2018-03-01 02:38:18,0.00315000,0.50000000
2018-03-01 02:38:18,0.00315000,0.50000000
2018-03-01 02:38:18,0.00315000,0.50000000
2018-03-01 02:38:19,0.00314200,10.09000000
2018-03-01 02:38:22,0.00314400,1.00000000
2018-03-01 02:38:23,0.00315200,0.38000000
2018-03-01 02:38:23,0.00314400,0.48000000
2018-03-01 02:38:23,0.00314100,1.00000000
2018-03-01 02:38:24,0.00314100,1.62000000
2018-03-01 02:38:24,0.00314000,14.02000000
2018-03-01 02:38:25,0.00314100,4.45000000
2018-03-01 02:38:25,0.00314000,13.91000000
2018-03-01 02:38:25,0.00314000,5.89000000
2018-03-01 02:38:25,0.00314100,59.66000000
2018-03-01 02:38:25,0.00314100,15.61000000
2018-03-01 02:38:26,0.00314100,6.35000000
2018-03-01 02:38:26,0.00314100,16.02000000
2018-03-01 02:38:27,0.00314100,6.45000000
2018-03-01 02:38:27,0.00314100,2.40000000
2018-03-01 02:38:29,0.00314100,1.02000000
2018-03-01 02:38:29,0.00313900,19.97000000
2018-03-01 02:38:30,0.00313500,3.20000000
2018-03-01 02:38:30,0.00313700,3.18000000
2018-03-01 02:38:30,0.00313700,3.18000000
2018-03-01 02:38:30,0.00313700,3.17000000
2018-03-01 02:38:30,0.00313700,3.18000000
2018-03-01 02:38:30,0.00313700,0.56000000
2018-03-01 02:38:31,0.00313700,0.32000000
2018-03-01 02:38:31,0.00313700,24.78000000
2018-03-01 02:38:31,0.00314100,14.38000000
2018-03-01 02:38:31,0.00314500,1.48000000
2018-03-01 02:38:31,0.00314700,7.16000000
2018-03-01 02:38:41,0.00313500,1.48000000
2018-03-01 02:38:42,0.00313300,7.59000000
2018-03-01 02:38:43,0.00314000,3.50000000
2018-03-01 02:38:43,0.00314100,6.39000000
2018-03-01 02:38:44,0.00313200,3.51000000
2018-03-01 02:38:45,0.00314100,2.77000000
2018-03-01 02:38:45,0.00313200,4.02000000
2018-03-01 02:38:46,0.00313100,4.97000000
2018-03-01 02:38:49,0.00313900,4.02000000
2018-03-01 02:38:49,0.00314000,3.42000000
2018-03-01 02:38:50,0.00313200,0.09000000
2018-03-01 02:38:52,0.00314100,1.00000000
2018-03-01 02:38:57,0.00313400,9.48000000
2018-03-01 02:38:57,0.00313300,7.60000000
2018-03-01 02:38:58,0.00314100,2.30000000
2018-03-01 02:38:58,0.00313300,5.56000000
2018-03-01 02:39:00,0.00313300,2.40000000
2018-03-01 02:39:01,0.00313300,9.12000000
2018-03-01 02:39:01,0.00313900,0.38000000
2018-03-01 02:39:02,0.00313900,1.10000000
2018-03-01 02:39:02,0.00314000,9.57000000
2018-03-01 02:39:02,0.00314100,0.32000000
2018-03-01 02:39:02,0.00314300,36.88000000
2018-03-01 02:39:02,0.00313300,1.00000000
2018-03-01 02:39:04,0.00313400,3.90000000
2018-03-01 02:39:05,0.00313400,5.67000000
2018-03-01 02:39:05,0.00314200,2.40000000
2018-03-01 02:39:05,0.00314200,0.78000000
2018-03-01 02:39:05,0.00314200,1.05000000
2018-03-01 02:39:06,0.00314100,1.43000000
2018-03-01 02:39:06,0.00313300,3.18000000
2018-03-01 02:39:07,0.00314100,2.40000000
2018-03-01 02:39:09,0.00313800,2.30000000
2018-03-01 02:39:09,0.00313800,4.65000000
2018-03-01 02:39:11,0.00313900,2.40000000
2018-03-01 02:39:13,0.00313900,2.50000000
2018-03-01 02:39:15,0.00313300,0.75000000
2018-03-01 02:39:16,0.00314100,0.81000000
2018-03-01 02:39:16,0.00314300,3.37000000
2018-03-01 02:39:16,0.00314300,2.30000000
2018-03-01 02:39:17,0.00314200,32.05000000
2018-03-01 02:39:18,0.00313200,3.53000000
2018-03-01 02:39:19,0.00314100,2.40000000
2018-03-01 02:39:19,0.00314100,1.13000000
2018-03-01 02:39:22,0.00313900,0.84000000
2018-03-01 02:39:22,0.00314000,0.76000000
2018-03-01 02:39:22,0.00314000,0.95000000
2018-03-01 02:39:29,0.00313100,6.00000000
2018-03-01 02:39:30,0.00313200,3.54000000
2018-03-01 02:39:30,0.00313100,3.58000000
2018-03-01 02:39:31,0.00313900,3.13000000
2018-03-01 02:39:31,0.00313900,0.41000000
2018-03-01 02:39:31,0.00314000,0.89000000
2018-03-01 02:39:31,0.00314100,46.89000000
2018-03-01 02:39:32,0.00314000,0.66000000
2018-03-01 02:39:32,0.00313100,7.30000000
2018-03-01 02:39:32,0.00313000,8.74000000
2018-03-01 02:39:33,0.00313800,8.92000000
2018-03-01 02:39:35,0.00313000,22.05000000
2018-03-01 02:39:37,0.00313600,2.35000000
2018-03-01 02:39:38,0.00313000,9.58000000
2018-03-01 02:39:38,0.00313000,9.58000000
2018-03-01 02:39:39,0.00313000,9.58000000
2018-03-01 02:39:40,0.00313000,9.58000000
2018-03-01 02:39:40,0.00313000,5.09000000
2018-03-01 02:39:40,0.00313000,22.05000000
2018-03-01 02:39:41,0.00313000,9.58000000
2018-03-01 02:39:41,0.00313000,9.58000000
2018-03-01 02:39:42,0.00313000,9.58000000
2018-03-01 02:39:42,0.00313000,9.58000000
2018-03-01 02:39:49,0.00313600,1.20000000
2018-03-01 02:39:49,0.00314000,2.33000000
2018-03-01 02:39:50,0.00314000,10.83000000
2018-03-01 02:39:52,0.00313100,9.58000000
2018-03-01 02:39:52,0.00313000,17.12000000
2018-03-01 02:39:53,0.00313800,4.32000000
2018-03-01 02:39:54,0.00313800,5.26000000
2018-03-01 02:39:54,0.00313900,6.58000000
2018-03-01 02:39:57,0.00313100,9.58000000
2018-03-01 02:39:57,0.00313000,1.42000000
2018-03-01 02:39:57,0.00313900,1.48000000
2018-03-01 02:39:57,0.00313900,2.02000000
2018-03-01 02:39:58,0.00313000,0.06000000
2018-03-01 02:39:58,0.00312900,13.43000000
2018-03-01 02:39:59,0.00312900,38.51000000
2018-03-01 02:39:59,0.00312800,28.65000000
2018-03-01 02:39:59,0.00312700,30.99000000
2018-03-01 02:39:59,0.00312600,197.43000000
2018-03-01 02:39:59,0.00312600,188.32000000
2018-03-01 02:39:59,0.00312500,341.73000000
2018-03-01 02:39:59,0.00312500,227.80000000
2018-03-01 02:39:59,0.00312500,17.19000000
2018-03-01 02:39:59,0.00312500,7.49000000
2018-03-01 02:39:59,0.00312500,70.00000000
2018-03-01 02:39:59,0.00312500,42.90000000
2018-03-01 02:39:59,0.00312400,33.07000000
2018-03-01 02:39:59,0.00312400,4.50000000
2018-03-01 02:39:59,0.00312400,0.64000000
2018-03-01 02:40:00,0.00312400,2.40000000
2018-03-01 02:40:00,0.00312400,2.30000000
2018-03-01 02:40:00,0.00312400,31.36000000
2018-03-01 02:40:00,0.00312500,71.78000000
2018-03-01 02:40:00,0.00312500,2.64000000
2018-03-01 02:40:01,0.00312500,48.29000000
2018-03-01 02:40:01,0.00312500,34.29000000
2018-03-01 02:40:02,0.00312500,3.31000000
2018-03-01 02:40:02,0.00312500,36.00000000
2018-03-01 02:40:02,0.00312500,2.30000000
2018-03-01 02:40:02,0.00312500,2.70000000
2018-03-01 02:40:03,0.00312500,0.80000000
2018-03-01 02:40:04,0.00312500,0.63000000
2018-03-01 02:40:04,0.00312500,2.50000000
2018-03-01 02:40:05,0.00312500,1.92000000
2018-03-01 02:40:06,0.00312500,2.98000000
2018-03-01 02:40:06,0.00312300,13.93000000
2018-03-01 02:40:07,0.00312500,68.58000000
2018-03-01 02:40:07,0.00312500,0.96000000
2018-03-01 02:40:07,0.00312500,1.20000000
2018-03-01 02:40:08,0.00312500,0.96000000
2018-03-01 02:40:08,0.00312500,0.67000000
2018-03-01 02:40:11,0.00312400,1.58000000
2018-03-01 02:40:12,0.00312500,0.76000000
2018-03-01 02:40:12,0.00312500,100.00000000
2018-03-01 02:40:13,0.00312500,0.54000000
2018-03-01 02:40:17,0.00312400,15.57000000
2018-03-01 02:40:17,0.00312300,2.38000000
2018-03-01 02:40:17,0.00312200,48.98000000
2018-03-01 02:40:17,0.00312200,14.25000000
2018-03-01 02:40:17,0.00312100,43.98000000
2018-03-01 02:40:17,0.00312100,200.07000000
2018-03-01 02:40:20,0.00312100,1.22000000
2018-03-01 02:40:22,0.00312500,0.64000000
2018-03-01 02:40:23,0.00312500,0.36000000
2018-03-01 02:40:24,0.00312500,135.61000000
2018-03-01 02:40:24,0.00312500,5.08000000
2018-03-01 02:40:25,0.00313000,1.57000000
2018-03-01 02:40:26,0.00313000,30.92000000
2018-03-01 02:40:27,0.00313000,1.57000000
2018-03-01 02:40:27,0.00313000,0.77000000
2018-03-01 02:40:27,0.00313000,2.76000000
2018-03-01 02:40:27,0.00313000,0.67000000
2018-03-01 02:40:28,0.00313000,1.52000000
2018-03-01 02:40:28,0.00313000,1.18000000
2018-03-01 02:40:28,0.00313000,0.79000000
2018-03-01 02:40:29,0.00313000,4.60000000
2018-03-01 02:40:29,0.00313000,1.82000000
2018-03-01 02:40:30,0.00313000,0.80000000
2018-03-01 02:40:30,0.00313000,1.38000000
2018-03-01 02:40:30,0.00313000,0.44000000
2018-03-01 02:40:31,0.00313000,1.25000000
2018-03-01 02:40:32,0.00313000,0.92000000
2018-03-01 02:40:32,0.00313000,0.38000000
2018-03-01 02:40:32,0.00313000,1.57000000
2018-03-01 02:40:33,0.00313000,0.38000000
2018-03-01 02:40:33,0.00313000,3.17000000
2018-03-01 02:40:33,0.00313000,0.38000000
2018-03-01 02:40:35,0.00313000,61.19000000
2018-03-01 02:40:36,0.00312600,0.21000000
2018-03-01 02:40:38,0.00312900,0.74000000
2018-03-01 02:40:39,0.00312900,1.62000000
2018-03-01 02:40:40,0.00312900,0.96000000
2018-03-01 02:40:40,0.00312900,0.35000000
2018-03-01 02:40:42,0.00312900,1.60000000
2018-03-01 02:40:48,0.00312900,7.30000000
2018-03-01 02:40:48,0.00312900,1.10000000
2018-03-01 02:40:49,0.00312900,68.07000000
2018-03-01 02:40:49,0.00313000,221.45000000
2018-03-01 02:40:50,0.00313000,15.97000000
2018-03-01 02:40:50,0.00313700,0.96000000
2018-03-01 02:40:51,0.00313000,15.97000000
2018-03-01 02:40:51,0.00313600,9.58000000
2018-03-01 02:40:51,0.00313700,7.03000000
2018-03-01 02:40:53,0.00313600,1.04000000
2018-03-01 02:40:54,0.00313000,22.43000000
2018-03-01 02:40:54,0.00313000,15.97000000
2018-03-01 02:40:54,0.00313600,0.67000000
2018-03-01 02:40:54,0.00313600,0.48000000
2018-03-01 02:40:54,0.00313000,400.75000000
2018-03-01 02:40:54,0.00312900,11.06000000
2018-03-01 02:40:54,0.00313600,0.80000000
2018-03-01 02:40:54,0.00313600,0.70000000
2018-03-01 02:40:54,0.00313600,1.05000000
2018-03-01 02:40:55,0.00313000,2.55000000
2018-03-01 02:40:55,0.00313600,0.91000000
2018-03-01 02:40:55,0.00313500,0.57000000
2018-03-01 02:40:56,0.00312700,1.66000000
2018-03-01 02:40:56,0.00312600,7.48000000
2018-03-01 02:40:56,0.00312500,14.90000000
2018-03-01 02:40:56,0.00312500,19.97000000
2018-03-01 02:40:56,0.00312400,1.59000000
2018-03-01 02:40:56,0.00312200,181.80000000
2018-03-01 02:40:56,0.00312100,109.02000000
2018-03-01 02:40:58,0.00312900,2.14000000
2018-03-01 02:41:01,0.00312900,6.87000000
2018-03-01 02:41:01,0.00313000,41.14000000
2018-03-01 02:41:01,0.00313000,48.34000000
2018-03-01 02:41:09,0.00312200,9.60000000
2018-03-01 02:41:09,0.00312100,236.22000000
2018-03-01 02:41:09,0.00312100,27.63000000
2018-03-01 02:41:11,0.00312800,7.39000000
2018-03-01 02:41:12,0.00312100,15.75000000
2018-03-01 02:41:16,0.00312600,10.89000000
2018-03-01 02:41:17,0.00312600,122.09000000
2018-03-01 02:41:18,0.00312600,3.79000000
2018-03-01 02:41:18,0.00312600,1.01000000
2018-03-01 02:41:18,0.00312700,1.48000000
2018-03-01 02:41:18,0.00312900,0.02000000
2018-03-01 02:41:19,0.00312600,1.42000000
2018-03-01 02:41:19,0.00312600,62.09000000
2018-03-01 02:41:19,0.00312100,16.03000000
2018-03-01 02:41:20,0.00312100,18.95000000
2018-03-01 02:41:20,0.00312600,38.07000000
2018-03-01 02:41:20,0.00312600,0.35000000
2018-03-01 02:41:21,0.00312200,0.48000000
2018-03-01 02:41:21,0.00312200,9.12000000
2018-03-01 02:41:21,0.00312100,8.21000000
2018-03-01 02:41:21,0.00312100,2.02000000
2018-03-01 02:41:23,0.00312000,133.83000000
2018-03-01 02:41:23,0.00312000,1.14000000
2018-03-01 02:41:23,0.00312000,2.83000000
2018-03-01 02:41:23,0.00312000,17.54000000
2018-03-01 02:41:23,0.00312000,25.00000000
2018-03-01 02:41:23,0.00312000,19.66000000
2018-03-01 02:41:23,0.00312000,0.65000000
2018-03-01 02:41:23,0.00312000,150.40000000
2018-03-01 02:41:23,0.00312000,98.66000000
2018-03-01 02:41:23,0.00312000,39.63000000
2018-03-01 02:41:23,0.00312000,1.84000000
2018-03-01 02:41:23,0.00312000,113.01000000
2018-03-01 02:41:23,0.00312900,9.60000000
2018-03-01 02:41:23,0.00313000,7.72000000
2018-03-01 02:41:28,0.00312000,2.70000000
2018-03-01 02:41:28,0.00312600,0.96000000
2018-03-01 02:41:29,0.00312600,0.44000000
2018-03-01 02:41:30,0.00312100,9.61000000
2018-03-01 02:41:31,0.00312100,0.34000000
2018-03-01 02:41:31,0.00312100,37.98000000
2018-03-01 02:41:31,0.00313000,10.03000000
2018-03-01 02:41:33,0.00312900,0.78000000
2018-03-01 02:41:36,0.00312700,0.76000000
2018-03-01 02:41:37,0.00312700,0.80000000
2018-03-01 02:41:37,0.00312000,17.72000000
2018-03-01 02:41:44,0.00312900,7.27000000
2018-03-01 02:41:44,0.00313000,2.99000000
2018-03-01 02:41:48,0.00312100,2.98000000
2018-03-01 02:41:49,0.00312200,56.89000000
2018-03-01 02:41:49,0.00312000,43.11000000
2018-03-01 02:41:52,0.00312700,1.76000000
2018-03-01 02:41:54,0.00312000,102.50000000
2018-03-01 02:42:00,0.00312000,2.43000000
2018-03-01 02:42:01,0.00312000,35.82000000
2018-03-01 02:42:01,0.00312000,0.44000000
2018-03-01 02:42:02,0.00312000,14.17000000
2018-03-01 02:42:02,0.00312000,1.29000000
2018-03-01 02:42:03,0.00311900,6.28000000
2018-03-01 02:42:03,0.00311900,3.00000000
2018-03-01 02:42:03,0.00311900,39.57000000
2018-03-01 02:42:03,0.00311800,10.43000000
2018-03-01 02:42:03,0.00312000,22.90000000
2018-03-01 02:42:04,0.00312000,4.56000000
2018-03-01 02:42:05,0.00312000,0.34000000
2018-03-01 02:42:05,0.00311800,230.68000000
2018-03-01 02:42:05,0.00312000,0.80000000
2018-03-01 02:42:06,0.00311700,18.83000000
2018-03-01 02:42:07,0.00311700,15.80000000
2018-03-01 02:42:07,0.00311600,11.13000000
2018-03-01 02:42:07,0.00311500,31.03000000
2018-03-01 02:42:07,0.00311500,15.80000000
2018-03-01 02:42:07,0.00311400,29.42000000
2018-03-01 02:42:07,0.00312000,4.36000000
2018-03-01 02:42:09,0.00311400,21.79000000
2018-03-01 02:42:11,0.00312000,96.16000000
2018-03-01 02:42:11,0.00312000,0.80000000
2018-03-01 02:42:11,0.00312000,1.60000000
2018-03-01 02:42:11,0.00311900,0.83000000
2018-03-01 02:42:12,0.00311900,3.63000000
2018-03-01 02:42:15,0.00311900,38.77000000
2018-03-01 02:42:17,0.00311400,245.26000000
2018-03-01 02:42:21,0.00311900,0.61000000
2018-03-01 02:42:21,0.00311900,19.98000000
2018-03-01 02:42:23,0.00311800,30.57000000
2018-03-01 02:42:24,0.00311800,20.01000000
2018-03-01 02:42:25,0.00311800,31.56000000
2018-03-01 02:42:25,0.00311800,4.00000000
2018-03-01 02:42:25,0.00311800,1.67000000
2018-03-01 02:42:25,0.00311800,1.67000000
2018-03-01 02:42:26,0.00311500,0.59000000
2018-03-01 02:42:27,0.00311800,2.00000000
2018-03-01 02:42:27,0.00311800,89.72000000
2018-03-01 02:42:28,0.00311800,0.71000000
2018-03-01 02:42:29,0.00311800,0.85000000
2018-03-01 02:42:29,0.00311900,15.30000000
2018-03-01 02:42:29,0.00312000,30.48000000
2018-03-01 02:42:30,0.00311800,46.39000000
2018-03-01 02:42:30,0.00311500,1.06000000
2018-03-01 02:42:30,0.00311300,5.03000000
2018-03-01 02:42:30,0.00311800,1.67000000
2018-03-01 02:42:31,0.00311800,44.74000000
2018-03-01 02:42:31,0.00312000,3.35000000
2018-03-01 02:42:31,0.00312000,0.44000000
2018-03-01 02:42:32,0.00311600,12.40000000
2018-03-01 02:42:32,0.00311400,25.29000000
2018-03-01 02:42:32,0.00311400,3.22000000
2018-03-01 02:42:32,0.00311400,16.23000000
2018-03-01 02:42:32,0.00311300,0.05000000
2018-03-01 02:42:32,0.00312000,17.55000000
2018-03-01 02:42:35,0.00311300,1.92000000
2018-03-01 02:42:35,0.00311200,2.08000000
2018-03-01 02:42:37,0.00312000,16.71000000
2018-03-01 02:42:38,0.00312000,37.70000000
2018-03-01 02:42:38,0.00312000,1.64000000
2018-03-01 02:42:39,0.00311200,2.76000000
2018-03-01 02:42:41,0.00312000,1.64000000
2018-03-01 02:42:45,0.00312000,1.44000000
2018-03-01 02:42:48,0.00311800,1.09000000
2018-03-01 02:42:52,0.00311800,1.57000000
2018-03-01 02:42:53,0.00311800,5.19000000
2018-03-01 02:42:53,0.00311900,27.81000000
2018-03-01 02:42:58,0.00311900,1.41000000
2018-03-01 02:42:58,0.00311900,0.76000000
2018-03-01 02:42:59,0.00311900,74.41000000
2018-03-01 02:42:59,0.00312000,212.23000000
2018-03-01 02:43:01,0.00312000,18.00000000
2018-03-01 02:43:01,0.00312000,48.07000000
2018-03-01 02:43:01,0.00312000,0.45000000
2018-03-01 02:43:02,0.00311800,10.59000000
2018-03-01 02:43:02,0.00311400,2.41000000
2018-03-01 02:43:08,0.00311300,1.64000000
2018-03-01 02:43:08,0.00311200,30.19000000
2018-03-01 02:43:08,0.00311200,3.05000000
2018-03-01 02:43:09,0.00311900,0.64000000
2018-03-01 02:43:09,0.00311300,1.28000000
2018-03-01 02:43:09,0.00311900,1.28000000
2018-03-01 02:43:11,0.00311900,15.39000000
2018-03-01 02:43:11,0.00312000,2.61000000
2018-03-01 02:43:12,0.00311400,1.28000000
2018-03-01 02:43:14,0.00312000,36.79000000
2018-03-01 02:43:15,0.00311400,0.91000000
2018-03-01 02:43:15,0.00311400,0.37000000
2018-03-01 02:43:16,0.00312000,3.56000000
2018-03-01 02:43:17,0.00311300,4.94000000
2018-03-01 02:43:20,0.00311300,1.38000000
2018-03-01 02:43:20,0.00311900,1.74000000
2018-03-01 02:43:20,0.00312000,16.26000000
2018-03-01 02:43:22,0.00311300,1.38000000
2018-03-01 02:43:24,0.00311300,1.28000000
2018-03-01 02:43:26,0.00311300,1.28000000
2018-03-01 02:43:28,0.00311300,4.02000000
2018-03-01 02:43:30,0.00311900,0.88000000
2018-03-01 02:43:30,0.00311900,3.16000000
2018-03-01 02:43:30,0.00312000,14.84000000
2018-03-01 02:43:31,0.00311900,4.02000000
2018-03-01 02:43:31,0.00312000,44.15000000
2018-03-01 02:43:31,0.00312000,48.49000000
2018-03-01 02:43:39,0.00312000,18.00000000
2018-03-01 02:43:39,0.00312000,69.64000000
2018-03-01 02:43:47,0.00312000,0.96000000
2018-03-01 02:43:51,0.00312000,18.00000000
2018-03-01 02:43:57,0.00311600,1.19000000
2018-03-01 02:44:04,0.00312000,1.00000000
2018-03-01 02:44:05,0.00312000,18.00000000
2018-03-01 02:44:06,0.00311600,1.28000000
2018-03-01 02:44:08,0.00311600,1.28000000
2018-03-01 02:44:08,0.00312000,5.04000000
2018-03-01 02:44:08,0.00312000,0.83000000
2018-03-01 02:44:08,0.00312000,0.53000000
2018-03-01 02:44:10,0.00311600,20.00000000
2018-03-01 02:44:10,0.00312000,0.80000000
2018-03-01 02:44:10,0.00311700,0.70000000
2018-03-01 02:44:10,0.00311600,3.36000000
2018-03-01 02:44:10,0.00311600,4.41000000
2018-03-01 02:44:10,0.00312000,43.19000000
2018-03-01 02:44:11,0.00312000,149.39000000
2018-03-01 02:44:12,0.00312000,13.69000000
2018-03-01 02:44:12,0.00312000,0.80000000
2018-03-01 02:44:13,0.00311700,1.82000000
2018-03-01 02:44:15,0.00311700,8.41000000
2018-03-01 02:44:17,0.00312000,1.43000000
2018-03-01 02:44:17,0.00311700,1.28000000
2018-03-01 02:44:18,0.00312000,6.83000000
2018-03-01 02:44:19,0.00311700,1.97000000
2018-03-01 02:44:21,0.00311700,4.11000000
2018-03-01 02:44:22,0.00312000,1.66000000
2018-03-01 02:44:23,0.00311700,2.33000000
2018-03-01 02:44:24,0.00311700,0.90000000
2018-03-01 02:44:25,0.00311600,11.03000000
2018-03-01 02:44:26,0.00311600,11.58000000
2018-03-01 02:44:28,0.00311600,1.28000000
2018-03-01 02:44:30,0.00311600,2.61000000
2018-03-01 02:44:30,0.00312000,18.00000000
2018-03-01 02:44:32,0.00311700,8.04000000
2018-03-01 02:44:32,0.00312000,0.72000000
2018-03-01 02:44:34,0.00311700,2.25000000
2018-03-01 02:44:35,0.00312000,3.67000000
2018-03-01 02:44:36,0.00311700,0.87000000
2018-03-01 02:44:37,0.00311700,0.40000000
2018-03-01 02:44:38,0.00311700,0.01000000
2018-03-01 02:44:38,0.00311600,12.84000000
2018-03-01 02:44:39,0.00312000,7.05000000
2018-03-01 02:44:40,0.00311600,2.27000000
2018-03-01 02:44:43,0.00312000,1.27000000
2018-03-01 02:44:43,0.00311600,12.84000000
2018-03-01 02:44:43,0.00312000,0.78000000
2018-03-01 02:44:43,0.00312000,2.76000000
2018-03-01 02:44:44,0.00312000,8.80000000
2018-03-01 02:44:44,0.00312000,2.56000000
2018-03-01 02:44:44,0.00311900,116.83000000
2018-03-01 02:44:45,0.00311600,5.02000000
2018-03-01 02:44:47,0.00311600,4.89000000
2018-03-01 02:44:47,0.00311900,0.03000000
2018-03-01 02:44:47,0.00312000,23.64000000
2018-03-01 02:44:50,0.00311600,1.37000000
2018-03-01 02:44:50,0.00311800,0.80000000
2018-03-01 02:44:51,0.00311800,1.61000000
2018-03-01 02:44:51,0.00312000,2.06000000
2018-03-01 02:44:52,0.00311700,0.47000000
2018-03-01 02:44:52,0.00311700,5.81000000
2018-03-01 02:44:54,0.00312000,0.75000000
2018-03-01 02:44:54,0.00312000,5.50000000
2018-03-01 02:44:55,0.00311700,1.28000000
2018-03-01 02:44:57,0.00311900,11.23000000
2018-03-01 02:44:59,0.00311700,0.88000000
2018-03-01 02:45:01,0.00311700,0.40000000
2018-03-01 02:45:02,0.00311600,1.28000000
2018-03-01 02:45:05,0.00311600,1.28000000
2018-03-01 02:45:05,0.00311900,2.31000000
2018-03-01 02:45:06,0.00311900,2.15000000
2018-03-01 02:45:06,0.00311900,7.53000000
2018-03-01 02:45:07,0.00311600,1.28000000
2018-03-01 02:45:09,0.00311800,29.01000000
2018-03-01 02:45:09,0.00311600,2.94000000
2018-03-01 02:45:09,0.00311800,1.28000000
2018-03-01 02:45:10,0.00311800,1.31000000
2018-03-01 02:45:10,0.00311800,0.80000000
2018-03-01 02:45:11,0.00311600,2.64000000
2018-03-01 02:45:11,0.00311400,2.47000000
2018-03-01 02:45:11,0.00311300,9.63000000
2018-03-01 02:45:11,0.00311200,0.40000000
2018-03-01 02:45:11,0.00311100,7.80000000
2018-03-01 02:45:11,0.00311100,74.92000000
2018-03-01 02:45:11,0.00311700,1.47000000
2018-03-01 02:45:12,0.00311600,0.41000000
2018-03-01 02:45:14,0.00311100,1.29000000
2018-03-01 02:45:14,0.00311600,0.02000000
2018-03-01 02:45:14,0.00311700,5.03000000
2018-03-01 02:45:15,0.00311700,2.31000000
2018-03-01 02:45:15,0.00311700,2.29000000
2018-03-01 02:45:16,0.00311100,1.29000000
2018-03-01 02:45:18,0.00311100,1.29000000
2018-03-01 02:45:21,0.00311100,3.95000000
2018-03-01 02:45:21,0.00311800,0.87000000
2018-03-01 02:45:22,0.00311700,0.46000000
2018-03-01 02:45:22,0.00311700,3.39000000
2018-03-01 02:45:22,0.00311700,0.74000000
2018-03-01 02:45:23,0.00311100,1.29000000
2018-03-01 02:45:25,0.00311100,1.89000000
2018-03-01 02:45:26,0.00311100,5.97000000
2018-03-01 02:45:27,0.00311100,1.29000000
2018-03-01 02:45:28,0.00311100,320.86000000
2018-03-01 02:45:28,0.00311000,1107.31000000
2018-03-01 02:45:28,0.00311000,100.00000000
2018-03-01 02:45:28,0.00311000,30.12000000
2018-03-01 02:45:28,0.00311000,66.84000000
2018-03-01 02:45:28,0.00311000,31.31000000
2018-03-01 02:45:28,0.00311000,128.15000000
2018-03-01 02:45:28,0.00310900,240.18000000
2018-03-01 02:45:28,0.00310800,16.33000000
2018-03-01 02:45:28,0.00310700,1.35000000
2018-03-01 02:45:28,0.00310600,1.48000000
2018-03-01 02:45:28,0.00310500,254.47000000
2018-03-01 02:45:28,0.00310400,179.50000000
2018-03-01 02:45:28,0.00310300,123.81000000
2018-03-01 02:45:28,0.00310200,1.58000000
2018-03-01 02:45:28,0.00310100,379.85000000
2018-03-01 02:45:28,0.00310000,471.50000000
2018-03-01 02:45:28,0.00310000,27.32000000
2018-03-01 02:45:28,0.00310000,40.00000000
2018-03-01 02:45:28,0.00310000,0.78000000
2018-03-01 02:45:28,0.00310000,19.87000000
2018-03-01 02:45:28,0.00310000,98.50000000
2018-03-01 02:45:28,0.00310000,1.64000000
2018-03-01 02:45:28,0.00310000,164.99000000
2018-03-01 02:45:28,0.00310000,1.00000000
2018-03-01 02:45:28,0.00310000,5.00000000
2018-03-01 02:45:28,0.00310000,16.19000000
2018-03-01 02:45:28,0.00310000,70.57000000
2018-03-01 02:45:28,0.00310000,0.55000000
2018-03-01 02:45:28,0.00310000,1.17000000
2018-03-01 02:45:28,0.00310000,11.59000000
2018-03-01 02:45:28,0.00310000,7.36000000
2018-03-01 02:45:28,0.00310000,1.40000000
2018-03-01 02:45:28,0.00310000,10.78000000
2018-03-01 02:45:28,0.00310000,9.23000000
2018-03-01 02:45:28,0.00310000,11.26000000
2018-03-01 02:45:28,0.00310000,35.00000000
2018-03-01 02:45:28,0.00310000,37.00000000
2018-03-01 02:45:28,0.00310000,50.24000000
2018-03-01 02:45:28,0.00310000,7.99000000
2018-03-01 02:45:28,0.00310000,10.81000000
2018-03-01 02:45:28,0.00310000,0.82000000
2018-03-01 02:45:28,0.00310000,3.48000000
2018-03-01 02:45:28,0.00310000,7.15000000
2018-03-01 02:45:28,0.00310000,44.02000000
2018-03-01 02:45:28,0.00310000,232.76000000
2018-03-01 02:45:28,0.00310000,116.40000000
2018-03-01 02:45:28,0.00310000,42.00000000
2018-03-01 02:45:28,0.00310000,10.17000000
2018-03-01 02:45:28,0.00310000,38.35000000
2018-03-01 02:45:28,0.00310000,82.03000000
2018-03-01 02:45:28,0.00310000,2.99000000
2018-03-01 02:45:28,0.00310000,1.87000000
2018-03-01 02:45:28,0.00310000,3.08000000
2018-03-01 02:45:28,0.00310000,274.54000000
2018-03-01 02:45:28,0.00310000,1.00000000
2018-03-01 02:45:28,0.00310000,282.00000000
2018-03-01 02:45:28,0.00310000,135.45000000
2018-03-01 02:45:28,0.00310000,30.00000000
2018-03-01 02:45:28,0.00310000,21.67000000
2018-03-01 02:45:28,0.00310000,21.40000000
2018-03-01 02:45:28,0.00310000,4.24000000
2018-03-01 02:45:28,0.00310000,10.04000000
2018-03-01 02:45:28,0.00310000,11.39000000
2018-03-01 02:45:28,0.00310000,70.04000000
2018-03-01 02:45:28,0.00310000,30.00000000
2018-03-01 02:45:28,0.00310000,11.65000000
2018-03-01 02:45:28,0.00310000,45.54000000
2018-03-01 02:45:28,0.00310000,8.51000000
2018-03-01 02:45:28,0.00310000,74.88000000
2018-03-01 02:45:28,0.00309900,46.00000000
2018-03-01 02:45:28,0.00309800,36.27000000
2018-03-01 02:45:28,0.00309700,1.59000000
2018-03-01 02:45:28,0.00309600,95.28000000
2018-03-01 02:45:28,0.00309600,13.01000000
2018-03-01 02:45:28,0.00309600,23.56000000
2018-03-01 02:45:28,0.00309600,9.24000000
2018-03-01 02:45:28,0.00309600,46.45000000
2018-03-01 02:45:28,0.00309600,20.03000000
2018-03-01 02:45:28,0.00309800,4.00000000
2018-03-01 02:45:28,0.00309800,3.33000000
2018-03-01 02:45:28,0.00309800,3.20000000
2018-03-01 02:45:28,0.00309800,2.22000000
2018-03-01 02:45:28,0.00309800,3.34000000
2018-03-01 02:45:28,0.00309800,4.37000000
2018-03-01 02:45:28,0.00309800,78.16000000
2018-03-01 02:45:28,0.00309900,3.66000000
2018-03-01 02:45:28,0.00310000,13.27000000
2018-03-01 02:45:28,0.00310000,95.09000000
2018-03-01 02:45:28,0.00310000,3.00000000
2018-03-01 02:45:28,0.00309600,3.20000000
2018-03-01 02:45:28,0.00310000,3.19000000
2018-03-01 02:45:28,0.00310000,53.06000000
2018-03-01 02:45:28,0.00310500,4.00000000
2018-03-01 02:45:28,0.00311600,1.89000000
2018-03-01 02:45:28,0.00311700,22.25000000
2018-03-01 02:45:28,0.00311800,108.66000000
2018-03-01 02:45:28,0.00311200,0.40000000
2018-03-01 02:45:28,0.00311800,4.26000000
2018-03-01 02:45:29,0.00311200,9.60000000
2018-03-01 02:45:30,0.00311100,9.64000000
2018-03-01 02:45:30,0.00311200,0.65000000
2018-03-01 02:45:30,0.00311200,14.80000000
2018-03-01 02:45:30,0.00310400,0.96000000
2018-03-01 02:45:31,0.00311200,2.28000000
2018-03-01 02:45:31,0.00311200,3.64000000
2018-03-01 02:45:31,0.00311200,32.21000000
2018-03-01 02:45:31,0.00311200,2.27000000
2018-03-01 02:45:33,0.00311200,0.58000000
2018-03-01 02:45:34,0.00311100,2.44000000
2018-03-01 02:45:34,0.00311100,0.47000000
2018-03-01 02:45:36,0.00310400,0.23000000
2018-03-01 02:45:37,0.00311000,16.08000000
2018-03-01 02:45:38,0.00311000,8.00000000
2018-03-01 02:45:39,0.00311000,0.80000000
2018-03-01 02:45:39,0.00311000,4.50000000
2018-03-01 02:45:40,0.00311000,1.29000000
2018-03-01 02:45:40,0.00311000,3.21000000
2018-03-01 02:45:43,0.00311000,131.60000000
2018-03-01 02:45:43,0.00311000,5.82000000
2018-03-01 02:45:44,0.00311100,0.65000000
2018-03-01 02:45:45,0.00311000,1.59000000
2018-03-01 02:45:47,0.00311100,0.77000000
2018-03-01 02:45:49,0.00311200,3.02000000
2018-03-01 02:45:53,0.00311200,8.31000000
2018-03-01 02:45:54,0.00311400,1.66000000
2018-03-01 02:45:54,0.00311400,1.66000000
2018-03-01 02:45:55,0.00311200,30.77000000
2018-03-01 02:45:56,0.00311600,4.50000000
2018-03-01 02:45:56,0.00311200,1.66000000
2018-03-01 02:45:56,0.00311200,2.80000000
2018-03-01 02:45:57,0.00311200,5.45000000
2018-03-01 02:45:57,0.00311200,2.68000000
2018-03-01 02:45:57,0.00311100,2.22000000
2018-03-01 02:45:58,0.00311200,6.96000000
2018-03-01 02:45:58,0.00311200,3.13000000
2018-03-01 02:45:59,0.00311200,2.62000000
2018-03-01 02:45:59,0.00311200,0.70000000
2018-03-01 02:45:59,0.00311200,0.02000000
2018-03-01 02:46:00,0.00311800,20.00000000
2018-03-01 02:46:01,0.00311100,46.04000000
2018-03-01 02:46:01,0.00311000,7.84000000
2018-03-01 02:46:01,0.00310500,3.33000000
2018-03-01 02:46:01,0.00310400,3.05000000
2018-03-01 02:46:01,0.00310300,1.79000000
2018-03-01 02:46:01,0.00310100,31.65000000
2018-03-01 02:46:01,0.00310000,80.03000000
2018-03-01 02:46:01,0.00310000,252.12000000
2018-03-01 02:46:01,0.00310000,274.66000000
2018-03-01 02:46:01,0.00310000,5.29000000
2018-03-01 02:46:01,0.00310000,3.21000000
2018-03-01 02:46:01,0.00310000,5.00000000
2018-03-01 02:46:01,0.00309700,4.50000000
2018-03-01 02:46:01,0.00309600,3.21000000
2018-03-01 02:46:01,0.00309600,6.65000000
2018-03-01 02:46:01,0.00309600,2.59000000
2018-03-01 02:46:01,0.00309700,1.36000000
2018-03-01 02:46:01,0.00309700,3.15000000
2018-03-01 02:46:01,0.00310000,1.00000000
2018-03-01 02:46:01,0.00310000,1.48000000
2018-03-01 02:46:01,0.00310000,1.48000000
2018-03-01 02:46:01,0.00310000,87.28000000
2018-03-01 02:46:01,0.00310000,1.01000000
2018-03-01 02:46:01,0.00310000,1.47000000
2018-03-01 02:46:01,0.00310000,34.24000000
2018-03-01 02:46:01,0.00310000,3.15000000
2018-03-01 02:46:01,0.00309700,1.47000000
2018-03-01 02:46:01,0.00310000,1.70000000
2018-03-01 02:46:01,0.00310000,80.65000000
2018-03-01 02:46:01,0.00310000,49.00000000
2018-03-01 02:46:01,0.00310000,2.00000000
2018-03-01 02:46:01,0.00310000,3.15000000
2018-03-01 02:46:01,0.00310000,3.15000000
2018-03-01 02:46:02,0.00310000,3.15000000
2018-03-01 02:46:02,0.00310000,0.37000000
2018-03-01 02:46:02,0.00310000,6.57000000
2018-03-01 02:46:02,0.00310000,69.23000000
2018-03-01 02:46:02,0.00311100,1.57000000
2018-03-01 02:46:02,0.00311800,16.29000000
2018-03-01 02:46:03,0.00310100,0.80000000
2018-03-01 02:46:03,0.00310100,0.68000000
2018-03-01 02:46:03,0.00310500,6.08000000
2018-03-01 02:46:03,0.00310500,4.65000000
2018-03-01 02:46:04,0.00310500,0.94000000
2018-03-01 02:46:05,0.00310500,5.96000000
2018-03-01 02:46:05,0.00310700,0.64000000
2018-03-01 02:46:06,0.00310100,8.89000000
2018-03-01 02:46:06,0.00310000,46.54000000
2018-03-01 02:46:06,0.00309700,1.68000000
2018-03-01 02:46:06,0.00309600,4.25000000
2018-03-01 02:46:06,0.00309500,238.64000000
2018-03-01 02:46:06,0.00309500,3.40000000
2018-03-01 02:46:06,0.00309500,39.71000000
2018-03-01 02:46:06,0.00309500,26.92000000
2018-03-01 02:46:06,0.00309500,220.11000000
2018-03-01 02:46:06,0.00309400,1.60000000
2018-03-01 02:46:06,0.00309400,2.20000000
2018-03-01 02:46:07,0.00309400,2.30000000
2018-03-01 02:46:07,0.00309400,5.56000000
2018-03-01 02:46:07,0.00309400,0.98000000
2018-03-01 02:46:07,0.00309400,2.78000000
2018-03-01 02:46:07,0.00309400,2.36000000
2018-03-01 02:46:07,0.00309400,0.95000000
2018-03-01 02:46:07,0.00309400,1.33000000
2018-03-01 02:46:07,0.00309400,4.57000000
2018-03-01 02:46:07,0.00311000,1.00000000
2018-03-01 02:46:07,0.00311000,0.80000000
2018-03-01 02:46:07,0.00310900,3.23000000
2018-03-01 02:46:08,0.00310000,0.40000000
2018-03-01 02:46:08,0.00310000,4.00000000
2018-03-01 02:46:09,0.00310000,16.13000000
2018-03-01 02:46:09,0.00310000,6.61000000
2018-03-01 02:46:09,0.00310000,2.43000000
2018-03-01 02:46:09,0.00310000,54.46000000
2018-03-01 02:46:10,0.00310000,2.02000000
2018-03-01 02:46:10,0.00310000,0.95000000
2018-03-01 02:46:10,0.00310000,13.60000000
2018-03-01 02:46:10,0.00310000,16.13000000
2018-03-01 02:46:10,0.00310000,22.19000000
2018-03-01 02:46:10,0.00310000,10.00000000
2018-03-01 02:46:10,0.00310000,2.92000000
2018-03-01 02:46:10,0.00310000,1.61000000
2018-03-01 02:46:11,0.00310000,8.20000000
2018-03-01 02:46:11,0.00310300,0.98000000
2018-03-01 02:46:11,0.00310600,1.48000000
2018-03-01 02:46:11,0.00310900,1.66000000
2018-03-01 02:46:11,0.00311000,12.01000000
2018-03-01 02:46:12,0.00310900,9.00000000
2018-03-01 02:46:12,0.00311000,6.54000000
2018-03-01 02:46:13,0.00311000,0.39000000
2018-03-01 02:46:14,0.00311000,10.96000000
2018-03-01 02:46:14,0.00310500,9.25000000
2018-03-01 02:46:14,0.00310300,9.66000000
2018-03-01 02:46:14,0.00310200,3.66000000
2018-03-01 02:46:14,0.00310200,2.97000000
2018-03-01 02:46:15,0.00310200,5.48000000
2018-03-01 02:46:15,0.00310200,0.64000000
2018-03-01 02:46:15,0.00310200,3.22000000
2018-03-01 02:46:15,0.00310200,0.58000000
2018-03-01 02:46:15,0.00310200,0.96000000
2018-03-01 02:46:16,0.00310900,0.77000000
2018-03-01 02:46:16,0.00310900,3.22000000
2018-03-01 02:46:17,0.00310800,1.13000000
2018-03-01 02:46:17,0.00310800,0.64000000
2018-03-01 02:46:18,0.00310700,0.87000000
2018-03-01 02:46:18,0.00310700,1.83000000
2018-03-01 02:46:18,0.00310700,2.44000000
2018-03-01 02:46:18,0.00310700,3.22000000
2018-03-01 02:46:18,0.00310700,1.30000000
2018-03-01 02:46:18,0.00310800,1.39000000
2018-03-01 02:46:19,0.00310800,5.35000000
2018-03-01 02:46:19,0.00310800,11.04000000
2018-03-01 02:46:19,0.00310800,16.44000000
2018-03-01 02:46:19,0.00310800,1.17000000
2018-03-01 02:46:19,0.00310800,15.50000000
2018-03-01 02:46:19,0.00310800,15.55000000
2018-03-01 02:46:19,0.00310800,0.42000000
2018-03-01 02:46:19,0.00310800,5.36000000
2018-03-01 02:46:19,0.00310600,0.63000000
2018-03-01 02:46:19,0.00310600,0.18000000
2018-03-01 02:46:19,0.00310900,3.00000000
2018-03-01 02:46:20,0.00310600,0.68000000
2018-03-01 02:46:22,0.00311000,10.36000000
2018-03-01 02:46:22,0.00310200,0.77000000
2018-03-01 02:46:23,0.00310700,2.29000000
2018-03-01 02:46:24,0.00310700,0.79000000
2018-03-01 02:46:24,0.00310700,0.45000000
2018-03-01 02:46:24,0.00310700,0.79000000
2018-03-01 02:46:24,0.00310700,2.25000000
2018-03-01 02:46:25,0.00310200,1.09000000
2018-03-01 02:46:25,0.00310200,27.12000000
2018-03-01 02:46:25,0.00310000,23.22000000
2018-03-01 02:46:25,0.00309800,0.40000000
2018-03-01 02:46:25,0.00309600,1.80000000
2018-03-01 02:46:25,0.00309500,1.48000000
2018-03-01 02:46:25,0.00309400,21.18000000
2018-03-01 02:46:25,0.00309300,4.50000000
2018-03-01 02:46:25,0.00309100,1.79000000
2018-03-01 02:46:25,0.00309000,144.85000000
2018-03-01 02:46:25,0.00308900,0.64000000
2018-03-01 02:46:25,0.00308800,129.99000000
2018-03-01 02:46:25,0.00308800,3.99000000
2018-03-01 02:46:25,0.00308800,61.98000000
2018-03-01 02:46:25,0.00308700,0.64000000
2018-03-01 02:46:25,0.00308600,43.18000000
2018-03-01 02:46:25,0.00308600,11.32000000
2018-03-01 02:46:25,0.00308600,27.90000000
2018-03-01 02:46:25,0.00308500,1.17000000
2018-03-01 02:46:25,0.00308500,10.00000000
2018-03-01 02:46:25,0.00308500,4.00000000
2018-03-01 02:46:25,0.00308500,6.93000000
2018-03-01 02:46:25,0.00308700,202.11000000
2018-03-01 02:46:25,0.00308700,3.22000000
2018-03-01 02:46:25,0.00308700,132.80000000
2018-03-01 02:46:25,0.00308700,3.22000000
2018-03-01 02:46:25,0.00308900,2.30000000
2018-03-01 02:46:25,0.00308900,2.50000000
2018-03-01 02:46:25,0.00308900,5.00000000
2018-03-01 02:46:26,0.00308900,2.42000000
2018-03-01 02:46:26,0.00309000,1.20000000
2018-03-01 02:46:26,0.00309000,6.14000000
2018-03-01 02:46:26,0.00309000,2.66000000
2018-03-01 02:46:26,0.00310600,1.52000000
2018-03-01 02:46:26,0.00308900,1.57000000
2018-03-01 02:46:26,0.00310300,3.22000000
2018-03-01 02:46:26,0.00310600,12.43000000
2018-03-01 02:46:27,0.00310500,1.60000000
2018-03-01 02:46:27,0.00310600,1.35000000
2018-03-01 02:46:28,0.00310700,2.05000000
2018-03-01 02:46:28,0.00310300,3.17000000
2018-03-01 02:46:28,0.00310300,74.57000000
2018-03-01 02:46:28,0.00309000,4.83000000
2018-03-01 02:46:28,0.00310300,17.98000000
2018-03-01 02:46:29,0.00310100,1.57000000
2018-03-01 02:46:29,0.00310300,0.68000000
2018-03-01 02:46:29,0.00310200,1.55000000
2018-03-01 02:46:29,0.00310200,8.12000000
2018-03-01 02:46:29,0.00310300,4.52000000
2018-03-01 02:46:30,0.00310200,1.48000000
2018-03-01 02:46:30,0.00310300,6.34000000
2018-03-01 02:46:30,0.00310200,1.76000000
2018-03-01 02:46:32,0.00310700,2.28000000
2018-03-01 02:46:32,0.00310700,3.21000000
2018-03-01 02:46:32,0.00310700,1.52000000
2018-03-01 02:46:33,0.00310700,4.40000000
2018-03-01 02:46:34,0.00310600,0.80000000
2018-03-01 02:46:35,0.00310600,0.63000000
2018-03-01 02:46:35,0.00310600,0.80000000
2018-03-01 02:46:36,0.00310300,18.54000000
2018-03-01 02:46:36,0.00310300,2.44000000
2018-03-01 02:46:36,0.00310600,4.46000000
2018-03-01 02:46:36,0.00310200,12.93000000
2018-03-01 02:46:36,0.00310200,2.98000000
2018-03-01 02:46:38,0.00310200,0.35000000
2018-03-01 02:46:38,0.00310000,0.37000000
2018-03-01 02:46:38,0.00310000,0.40000000
2018-03-01 02:46:39,0.00310000,0.92000000
2018-03-01 02:46:39,0.00310000,0.71000000
2018-03-01 02:46:40,0.00309900,3.22000000
2018-03-01 02:46:41,0.00309900,6.45000000
2018-03-01 02:46:41,0.00310000,23.26000000
2018-03-01 02:46:41,0.00310200,43.77000000
2018-03-01 02:46:41,0.00310200,1.26000000
2018-03-01 02:46:41,0.00310200,2.30000000
2018-03-01 02:46:42,0.00310200,0.81000000
2018-03-01 02:46:42,0.00310200,2.71000000
2018-03-01 02:46:44,0.00310200,2.30000000
2018-03-01 02:46:44,0.00309400,1.37000000
2018-03-01 02:46:45,0.00310000,0.39000000
2018-03-01 02:46:45,0.00310000,2.61000000
2018-03-01 02:46:45,0.00310200,1.99000000
2018-03-01 02:46:46,0.00310200,1.86000000
2018-03-01 02:46:46,0.00310100,2.40000000
2018-03-01 02:46:46,0.00309400,8.32000000
2018-03-01 02:46:46,0.00309400,11.16000000
2018-03-01 02:46:46,0.00309400,2.47000000
2018-03-01 02:46:46,0.00309400,2.20000000
2018-03-01 02:46:47,0.00309400,4.00000000
2018-03-01 02:46:47,0.00309400,2.52000000
2018-03-01 02:46:47,0.00309400,0.01000000
2018-03-01 02:46:47,0.00310100,34.87000000
2018-03-01 02:46:48,0.00310000,8.32000000
2018-03-01 02:46:48,0.00310100,4.10000000
2018-03-01 02:46:48,0.00310100,2.30000000
2018-03-01 02:46:49,0.00310100,1.19000000
2018-03-01 02:46:50,0.00310200,6.36000000
2018-03-01 02:46:50,0.00310100,1.30000000
2018-03-01 02:46:50,0.00310100,2.30000000
2018-03-01 02:46:51,0.00310100,2.40000000
2018-03-01 02:46:52,0.00310100,9.88000000
2018-03-01 02:46:52,0.00310200,6.24000000
2018-03-01 02:46:52,0.00310100,9.88000000
2018-03-01 02:46:52,0.00310100,3.07000000
2018-03-01 02:46:53,0.00310100,2.40000000
2018-03-01 02:46:53,0.00310100,23.92000000
2018-03-01 02:46:53,0.00310100,1.55000000
2018-03-01 02:46:53,0.00310100,0.81000000
2018-03-01 02:46:55,0.00310100,3.74000000
2018-03-01 02:46:55,0.00310100,2.40000000
2018-03-01 02:46:55,0.00310100,0.92000000
2018-03-01 02:46:56,0.00310100,16.12000000
2018-03-01 02:46:56,0.00310100,3.54000000
2018-03-01 02:46:57,0.00310200,27.10000000
2018-03-01 02:46:57,0.00310200,12.58000000
2018-03-01 02:46:57,0.00310200,19.34000000
2018-03-01 02:46:57,0.00310100,2.30000000
2018-03-01 02:47:00,0.00310100,2.05000000
2018-03-01 02:47:00,0.00310100,2.20000000
2018-03-01 02:47:01,0.00310100,12.86000000
2018-03-01 02:47:01,0.00310100,3.70000000
2018-03-01 02:47:02,0.00310100,0.68000000
2018-03-01 02:47:02,0.00310100,2.20000000
2018-03-01 02:47:02,0.00310100,4.59000000
2018-03-01 02:47:03,0.00310100,12.90000000
2018-03-01 02:47:04,0.00310100,0.98000000
2018-03-01 02:47:05,0.00310100,16.12000000
2018-03-01 02:47:06,0.00310100,2.30000000
2018-03-01 02:47:07,0.00310100,13.97000000
2018-03-01 02:47:08,0.00310100,2.20000000
2018-03-01 02:47:10,0.00310100,2.30000000
2018-03-01 02:47:11,0.00310100,0.65000000
2018-03-01 02:47:11,0.00310100,1.88000000
2018-03-01 02:47:11,0.00310100,16.12000000
2018-03-01 02:47:12,0.00310100,1.36000000
2018-03-01 02:47:13,0.00310100,2.30000000
2018-03-01 02:47:13,0.00310000,2.56000000
2018-03-01 02:47:13,0.00310100,3.07000000
2018-03-01 02:47:18,0.00310100,13.41000000
2018-03-01 02:47:18,0.00310000,6.12000000
2018-03-01 02:47:18,0.00310000,0.01000000
2018-03-01 02:47:18,0.00310000,0.79000000
2018-03-01 02:47:18,0.00310100,0.50000000
2018-03-01 02:47:18,0.00310100,2.20000000
2018-03-01 02:47:21,0.00310100,0.91000000
2018-03-01 02:47:23,0.00310100,1.32000000
2018-03-01 02:47:23,0.00310100,132.21000000
2018-03-01 02:47:23,0.00310100,12.26000000
2018-03-01 02:47:28,0.00310100,2.35000000
2018-03-01 02:47:29,0.00310000,9.63000000
2018-03-01 02:47:29,0.00310100,61.27000000
2018-03-01 02:47:33,0.00310100,7.37000000
2018-03-01 02:47:34,0.00310100,22.94000000
2018-03-01 02:47:35,0.00310100,25.79000000
2018-03-01 02:47:35,0.00310200,17.28000000
2018-03-01 02:47:35,0.00310200,0.61000000
2018-03-01 02:47:37,0.00310200,7.37000000
2018-03-01 02:47:38,0.00310100,36.11000000
2018-03-01 02:47:40,0.00310200,29.96000000
2018-03-01 02:47:41,0.00310800,5.18000000
2018-03-01 02:47:43,0.00310700,1.69000000
2018-03-01 02:47:43,0.00310700,0.40000000
2018-03-01 02:47:43,0.00310200,13.71000000
2018-03-01 02:47:44,0.00310200,1.50000000
2018-03-01 02:47:44,0.00310200,0.73000000
2018-03-01 02:47:44,0.00310200,4.28000000
2018-03-01 02:47:45,0.00310200,0.80000000
2018-03-01 02:47:45,0.00310100,9.67000000
2018-03-01 02:47:45,0.00310100,9.67000000
2018-03-01 02:47:45,0.00310200,5.53000000
2018-03-01 02:47:45,0.00310200,1.61000000
2018-03-01 02:47:45,0.00310200,1.45000000
2018-03-01 02:47:45,0.00310100,9.67000000
2018-03-01 02:47:46,0.00310700,0.84000000
2018-03-01 02:47:46,0.00310100,9.67000000
2018-03-01 02:47:46,0.00310700,1.09000000
2018-03-01 02:47:46,0.00310100,9.67000000
2018-03-01 02:47:46,0.00310100,22.26000000
2018-03-01 02:47:46,0.00310100,7.27000000
2018-03-01 02:47:46,0.00310000,2.40000000
2018-03-01 02:47:47,0.00310100,9.25000000
2018-03-01 02:47:47,0.00310000,9.67000000
2018-03-01 02:47:47,0.00310100,15.31000000
2018-03-01 02:47:47,0.00310600,25.77000000
2018-03-01 02:47:47,0.00310200,9.67000000
2018-03-01 02:47:47,0.00310200,9.67000000
2018-03-01 02:47:48,0.00310200,13.35000000
2018-03-01 02:47:48,0.00310200,9.67000000
2018-03-01 02:47:48,0.00310600,0.68000000
2018-03-01 02:47:49,0.00310200,1.04000000
2018-03-01 02:47:49,0.00310200,9.67000000
2018-03-01 02:47:49,0.00310200,9.67000000
2018-03-01 02:47:50,0.00310200,0.56000000
2018-03-01 02:47:50,0.00310200,37.17000000
2018-03-01 02:47:50,0.00310100,5.34000000
2018-03-01 02:47:51,0.00310100,7.33000000
2018-03-01 02:47:51,0.00310100,2.07000000
2018-03-01 02:47:52,0.00310100,3.22000000
2018-03-01 02:47:53,0.00310100,3.41000000
2018-03-01 02:47:58,0.00310200,16.11000000
2018-03-01 02:47:58,0.00310100,4.03000000
2018-03-01 02:47:59,0.00310200,14.66000000
2018-03-01 02:48:00,0.00310100,1.29000000
2018-03-01 02:48:01,0.00310200,87.78000000
2018-03-01 02:48:02,0.00310200,29.28000000
2018-03-01 02:48:02,0.00310100,6.29000000
2018-03-01 02:48:05,0.00310200,23.03000000
2018-03-01 02:48:05,0.00310200,10.67000000
2018-03-01 02:48:09,0.00310100,1.76000000
2018-03-01 02:48:11,0.00310100,1.29000000
2018-03-01 02:48:12,0.00310100,303.28000000
2018-03-01 02:48:12,0.00310000,85.29000000
2018-03-01 02:48:14,0.00310100,1.29000000
2018-03-01 02:48:14,0.00310200,28.03000000
2018-03-01 02:48:15,0.00309900,1.29000000
2018-03-01 02:48:17,0.00309900,1.29000000
2018-03-01 02:48:17,0.00309900,8.77000000
2018-03-01 02:48:17,0.00309900,1.00000000
2018-03-01 02:48:18,0.00309900,13.08000000
2018-03-01 02:48:19,0.00310000,2.14000000
2018-03-01 02:48:19,0.00310000,22.26000000
2018-03-01 02:48:20,0.00310000,4.92000000
2018-03-01 02:48:20,0.00309900,13.25000000
2018-03-01 02:48:21,0.00309900,4.92000000
2018-03-01 02:48:22,0.00309700,8.93000000
2018-03-01 02:48:22,0.00309700,3.24000000
2018-03-01 02:48:23,0.00309900,1.57000000
2018-03-01 02:48:24,0.00309800,1.29000000
2018-03-01 02:48:26,0.00309800,2.70000000
2018-03-01 02:48:26,0.00309800,25.33000000
2018-03-01 02:48:26,0.00309700,59.76000000
2018-03-01 02:48:26,0.00309500,6.78000000
2018-03-01 02:48:26,0.00309400,6.53000000
2018-03-01 02:48:27,0.00309100,11.00000000
2018-03-01 02:48:27,0.00309100,19.10000000
2018-03-01 02:48:27,0.00309000,15.62000000
2018-03-01 02:48:27,0.00308900,8.64000000
2018-03-01 02:48:27,0.00308600,4.83000000
2018-03-01 02:48:27,0.00308500,200.82000000
2018-03-01 02:48:27,0.00308400,1.48000000
2018-03-01 02:48:27,0.00308300,52.02000000
2018-03-01 02:48:27,0.00308300,28.63000000
2018-03-01 02:48:27,0.00308300,4.72000000
2018-03-01 02:48:27,0.00308300,18.89000000
2018-03-01 02:48:27,0.00308300,13.90000000
2018-03-01 02:48:27,0.00308300,10.00000000
2018-03-01 02:48:27,0.00308200,71.97000000
2018-03-01 02:48:28,0.00309700,9.67000000
2018-03-01 02:48:28,0.00309800,19.65000000
2018-03-01 02:48:28,0.00308200,0.06000000
2018-03-01 02:48:28,0.00308100,18.49000000
2018-03-01 02:48:28,0.00308000,143.22000000
2018-03-01 02:48:28,0.00308100,17.86000000
2018-03-01 02:48:28,0.00308100,27.08000000
2018-03-01 02:48:28,0.00308100,20.06000000
2018-03-01 02:48:28,0.00308000,143.61000000
2018-03-01 02:48:28,0.00308000,18.66000000
2018-03-01 02:48:28,0.00308000,50.00000000
2018-03-01 02:48:28,0.00308000,11.64000000
2018-03-01 02:48:28,0.00308000,15.00000000
2018-03-01 02:48:28,0.00308000,23.48000000
2018-03-01 02:48:28,0.00308000,12.17000000
2018-03-01 02:48:28,0.00308000,53.27000000
2018-03-01 02:48:28,0.00308000,329.46000000
2018-03-01 02:48:28,0.00307900,38.69000000
2018-03-01 02:48:28,0.00307800,12.10000000
2018-03-01 02:48:28,0.00307800,26.35000000
2018-03-01 02:48:28,0.00307600,519.65000000
2018-03-01 02:48:28,0.00307500,36.19000000
2018-03-01 02:48:28,0.00307500,56.54000000
2018-03-01 02:48:28,0.00307600,1.15000000
2018-03-01 02:48:28,0.00307600,3.00000000
2018-03-01 02:48:28,0.00307600,20.85000000
2018-03-01 02:48:28,0.00307500,47.41000000
2018-03-01 02:48:28,0.00307500,33.78000000
2018-03-01 02:48:28,0.00307900,0.65000000
2018-03-01 02:48:28,0.00308100,0.81000000
2018-03-01 02:48:28,0.00308100,1.28000000
2018-03-01 02:48:28,0.00308100,0.81000000
2018-03-01 02:48:28,0.00308100,0.81000000
2018-03-01 02:48:28,0.00308100,0.65000000
2018-03-01 02:48:28,0.00308100,2.30000000
2018-03-01 02:48:28,0.00308100,2.40000000
2018-03-01 02:48:29,0.00308100,3.24000000
2018-03-01 02:48:29,0.00308100,0.81000000
2018-03-01 02:48:29,0.00308100,16.11000000
2018-03-01 02:48:29,0.00308000,3.60000000
2018-03-01 02:48:29,0.00308000,1.62000000
2018-03-01 02:48:29,0.00308000,4.51000000
2018-03-01 02:48:29,0.00308100,2.43000000
2018-03-01 02:48:29,0.00309100,7.44000000
2018-03-01 02:48:29,0.00309300,1.48000000
2018-03-01 02:48:29,0.00309400,7.30000000
2018-03-01 02:48:30,0.00309000,1.00000000
2018-03-01 02:48:30,0.00308100,6.13000000
2018-03-01 02:48:30,0.00307900,2.62000000
2018-03-01 02:48:30,0.00308000,3.60000000
2018-03-01 02:48:30,0.00308000,6.14000000
2018-03-01 02:48:30,0.00307900,8.00000000
2018-03-01 02:48:30,0.00308000,3.59000000
2018-03-01 02:48:31,0.00308200,2.30000000
2018-03-01 02:48:31,0.00308200,9.07000000
2018-03-01 02:48:31,0.00308200,3.25000000
2018-03-01 02:48:31,0.00308200,5.02000000
2018-03-01 02:48:32,0.00308600,1.48000000
2018-03-01 02:48:32,0.00308900,0.65000000
2018-03-01 02:48:32,0.00309200,0.81000000
2018-03-01 02:48:32,0.00309300,1.77000000
2018-03-01 02:48:32,0.00309400,4.35000000
2018-03-01 02:48:32,0.00308500,2.20000000
2018-03-01 02:48:32,0.00308200,1.40000000
2018-03-01 02:48:33,0.00309400,13.57000000
2018-03-01 02:48:33,0.00309400,8.94000000
2018-03-01 02:48:34,0.00308300,3.60000000
2018-03-01 02:48:34,0.00308200,25.29000000
2018-03-01 02:48:34,0.00308100,4.08000000
2018-03-01 02:48:34,0.00308000,48.83000000
2018-03-01 02:48:34,0.00307900,3.24000000
2018-03-01 02:48:34,0.00307600,1.48000000
2018-03-01 02:48:34,0.00307500,39.73000000
2018-03-01 02:48:34,0.00309300,0.39000000
2018-03-01 02:48:35,0.00309200,3.23000000
2018-03-01 02:48:35,0.00308400,18.54000000
2018-03-01 02:48:35,0.00307500,5.21000000
2018-03-01 02:48:35,0.00309100,4.79000000
2018-03-01 02:48:35,0.00309200,0.37000000
2018-03-01 02:48:35,0.00309300,5.80000000
2018-03-01 02:48:35,0.00307700,0.81000000
2018-03-01 02:48:35,0.00309100,0.81000000
2018-03-01 02:48:35,0.00309100,0.48000000
2018-03-01 02:48:36,0.00307800,2.15000000
2018-03-01 02:48:36,0.00307800,1.46000000
2018-03-01 02:48:36,0.00307700,1.80000000
2018-03-01 02:48:36,0.00307600,4.54000000
2018-03-01 02:48:36,0.00307600,0.14000000
2018-03-01 02:48:36,0.00307500,7.65000000
2018-03-01 02:48:36,0.00309100,0.79000000
2018-03-01 02:48:36,0.00309100,0.71000000
2018-03-01 02:48:36,0.00309100,0.81000000
2018-03-01 02:48:36,0.00309100,1.62000000
2018-03-01 02:48:36,0.00309100,0.45000000
2018-03-01 02:48:36,0.00307500,1.85000000
2018-03-01 02:48:36,0.00309100,5.08000000
2018-03-01 02:48:36,0.00309000,0.48000000
2018-03-01 02:48:37,0.00309000,3.13000000
2018-03-01 02:48:37,0.00309100,2.73000000
2018-03-01 02:48:37,0.00309100,0.63000000
2018-03-01 02:48:37,0.00309000,0.64000000
2018-03-01 02:48:37,0.00309000,2.50000000
2018-03-01 02:48:37,0.00309000,1.38000000
2018-03-01 02:48:37,0.00309000,1.64000000
2018-03-01 02:48:37,0.00309100,0.90000000
2018-03-01 02:48:37,0.00309100,0.39000000
2018-03-01 02:48:37,0.00307800,1.70000000
2018-03-01 02:48:37,0.00307800,1.16000000
2018-03-01 02:48:37,0.00307800,0.68000000
2018-03-01 02:48:37,0.00307800,11.50000000
2018-03-01 02:48:37,0.00307800,3.63000000
2018-03-01 02:48:37,0.00307800,4.73000000
2018-03-01 02:48:38,0.00307800,1.33000000
2018-03-01 02:48:38,0.00307800,32.49000000
2018-03-01 02:48:38,0.00307800,0.39000000
2018-03-01 02:48:38,0.00307800,52.10000000
2018-03-01 02:48:38,0.00307800,0.46000000
2018-03-01 02:48:38,0.00307800,3.04000000
2018-03-01 02:48:38,0.00307800,1.19000000
2018-03-01 02:48:38,0.00307800,3.02000000
2018-03-01 02:48:38,0.00307800,0.74000000
2018-03-01 02:48:38,0.00307800,3.15000000
2018-03-01 02:48:39,0.00307800,36.35000000
2018-03-01 02:48:39,0.00307800,28.00000000
2018-03-01 02:48:39,0.00307800,5.36000000
2018-03-01 02:48:39,0.00307800,6.40000000
2018-03-01 02:48:39,0.00307800,0.95000000
2018-03-01 02:48:39,0.00307800,16.24000000
2018-03-01 02:48:39,0.00307800,26.61000000
2018-03-01 02:48:39,0.00307700,1.17000000
2018-03-01 02:48:40,0.00307800,23.60000000
2018-03-01 02:48:40,0.00307700,11.24000000
2018-03-01 02:48:40,0.00307800,3.88000000
2018-03-01 02:48:40,0.00307700,14.42000000
2018-03-01 02:48:40,0.00307700,2.39000000
2018-03-01 02:48:40,0.00307700,14.71000000
2018-03-01 02:48:40,0.00307700,0.93000000
2018-03-01 02:48:40,0.00307700,0.05000000
2018-03-01 02:48:40,0.00307800,7.35000000
2018-03-01 02:48:40,0.00307800,0.78000000
2018-03-01 02:48:40,0.00307800,0.97000000
2018-03-01 02:48:40,0.00307800,0.84000000
2018-03-01 02:48:40,0.00307800,1.26000000
2018-03-01 02:48:40,0.00307800,3.25000000
2018-03-01 02:48:40,0.00307800,0.39000000
2018-03-01 02:48:41,0.00307600,5.62000000
2018-03-01 02:48:41,0.00307800,19.36000000
2018-03-01 02:48:41,0.00307800,18.18000000
2018-03-01 02:48:41,0.00307800,4.98000000
2018-03-01 02:48:41,0.00307800,10.00000000
2018-03-01 02:48:41,0.00307800,16.24000000
2018-03-01 02:48:42,0.00308000,1.61000000
2018-03-01 02:48:42,0.00308100,2.89000000
2018-03-01 02:48:42,0.00308400,5.11000000
2018-03-01 02:48:42,0.00308500,27.63000000
2018-03-01 02:48:42,0.00308800,24.81000000
2018-03-01 02:48:42,0.00307600,0.32000000
2018-03-01 02:48:43,0.00307800,8.00000000
2018-03-01 02:48:44,0.00307800,1.74000000
2018-03-01 02:48:44,0.00307700,2.36000000
2018-03-01 02:48:44,0.00307700,11.90000000
2018-03-01 02:48:44,0.00308700,1.57000000
2018-03-01 02:48:44,0.00308800,7.65000000
2018-03-01 02:48:44,0.00308900,7.84000000
2018-03-01 02:48:44,0.00308900,25.25000000
2018-03-01 02:48:44,0.00309000,1.48000000
2018-03-01 02:48:44,0.00309100,16.29000000
2018-03-01 02:48:44,0.00309100,7.94000000
2018-03-01 02:48:45,0.00307900,3.63000000
2018-03-01 02:48:45,0.00307700,3.24000000
2018-03-01 02:48:45,0.00307700,1.13000000
2018-03-01 02:48:45,0.00308700,0.86000000
2018-03-01 02:48:46,0.00308600,3.63000000
2018-03-01 02:48:46,0.00308700,7.31000000
2018-03-01 02:48:46,0.00307800,5.50000000
2018-03-01 02:48:46,0.00308700,0.39000000
2018-03-01 02:48:46,0.00308700,0.60000000
2018-03-01 02:48:46,0.00308700,6.22000000
2018-03-01 02:48:46,0.00308700,1.55000000
2018-03-01 02:48:47,0.00308700,2.24000000
2018-03-01 02:48:47,0.00308600,4.24000000
2018-03-01 02:48:47,0.00308600,0.53000000
2018-03-01 02:48:47,0.00308600,1.46000000
2018-03-01 02:48:47,0.00308000,1.48000000
2018-03-01 02:48:47,0.00307800,6.96000000
2018-03-01 02:48:47,0.00307700,2.56000000
2018-03-01 02:48:47,0.00308600,1.56000000
2018-03-01 02:48:47,0.00308600,0.81000000
2018-03-01 02:48:47,0.00308600,1.26000000
2018-03-01 02:48:48,0.00307700,1.19000000
2018-03-01 02:48:48,0.00307600,0.92000000
2018-03-01 02:48:48,0.00308600,0.65000000
2018-03-01 02:48:48,0.00308600,1.48000000
2018-03-01 02:48:48,0.00308700,1.29000000
2018-03-01 02:48:48,0.00308700,0.70000000
2018-03-01 02:48:48,0.00307600,94.63000000
2018-03-01 02:48:48,0.00308700,8.64000000
2018-03-01 02:48:48,0.00308700,0.80000000
2018-03-01 02:48:48,0.00308700,3.44000000
2018-03-01 02:48:49,0.00308700,4.12000000
2018-03-01 02:48:50,0.00308000,1.48000000
2018-03-01 02:48:50,0.00308700,1.20000000
2018-03-01 02:48:50,0.00308700,1.90000000
2018-03-01 02:48:50,0.00308700,0.71000000
2018-03-01 02:48:50,0.00307700,9.74000000
2018-03-01 02:48:50,0.00307600,95.25000000
2018-03-01 02:48:51,0.00307800,8.00000000
2018-03-01 02:48:51,0.00308700,0.59000000
2018-03-01 02:48:51,0.00308700,0.75000000
2018-03-01 02:48:51,0.00308700,0.74000000
2018-03-01 02:48:52,0.00308500,2.11000000
2018-03-01 02:48:52,0.00308600,3.24000000
2018-03-01 02:48:52,0.00308700,0.06000000
2018-03-01 02:48:52,0.00308700,0.65000000
2018-03-01 02:48:52,0.00307800,10.47000000
2018-03-01 02:48:53,0.00308600,0.97000000
2018-03-01 02:48:53,0.00308600,3.56000000
2018-03-01 02:48:53,0.00308600,5.21000000
2018-03-01 02:48:53,0.00308700,18.83000000
2018-03-01 02:48:54,0.00307800,2.04000000
2018-03-01 02:48:54,0.00307800,2.04000000
2018-03-01 02:48:54,0.00308700,0.80000000
2018-03-01 02:48:54,0.00308700,25.45000000
2018-03-01 02:48:54,0.00307800,2.04000000
2018-03-01 02:48:55,0.00308700,10.65000000
2018-03-01 02:48:55,0.00309100,1.42000000
2018-03-01 02:48:55,0.00308700,9.74000000
2018-03-01 02:48:56,0.00308700,1.76000000
2018-03-01 02:48:56,0.00308000,1.48000000
2018-03-01 02:48:56,0.00307900,9.74000000
2018-03-01 02:48:56,0.00307800,93.75000000
2018-03-01 02:48:56,0.00308400,2.97000000
2018-03-01 02:48:57,0.00308400,0.74000000
2018-03-01 02:48:57,0.00308400,1.54000000
2018-03-01 02:48:57,0.00308400,6.60000000
2018-03-01 02:48:57,0.00308600,7.38000000
2018-03-01 02:48:57,0.00308700,77.32000000
2018-03-01 02:48:57,0.00309000,1.23000000
2018-03-01 02:48:57,0.00309000,0.47000000
2018-03-01 02:48:57,0.00309000,2.91000000
2018-03-01 02:48:57,0.00309000,1.62000000
2018-03-01 02:48:57,0.00309000,0.39000000
2018-03-01 02:48:57,0.00308700,4.00000000
2018-03-01 02:48:58,0.00309000,2.08000000
2018-03-01 02:48:58,0.00308700,68.78000000
2018-03-01 02:48:58,0.00309000,2.26000000
2018-03-01 02:48:58,0.00309000,2.20000000
2018-03-01 02:48:58,0.00308000,2.11000000
2018-03-01 02:48:58,0.00308300,10.55000000
2018-03-01 02:48:58,0.00308300,0.68000000
2018-03-01 02:48:58,0.00308300,48.54000000
2018-03-01 02:48:59,0.00308300,0.80000000
2018-03-01 02:48:59,0.00308300,0.40000000
2018-03-01 02:48:59,0.00308300,6.49000000
2018-03-01 02:48:59,0.00308200,0.98000000
2018-03-01 02:48:59,0.00308200,0.79000000
2018-03-01 02:48:59,0.00308000,6.88000000
2018-03-01 02:49:00,0.00308200,7.74000000
2018-03-01 02:49:00,0.00308000,2.00000000
2018-03-01 02:49:01,0.00308200,1.31000000
2018-03-01 02:49:01,0.00308300,0.14000000
2018-03-01 02:49:01,0.00308300,0.81000000
2018-03-01 02:49:01,0.00308000,5.14000000
2018-03-01 02:49:02,0.00308300,1.12000000
2018-03-01 02:49:02,0.00308000,150.00000000
2018-03-01 02:49:03,0.00308300,11.50000000
2018-03-01 02:49:03,0.00308300,21.03000000
2018-03-01 02:49:04,0.00308300,0.69000000
2018-03-01 02:49:04,0.00308100,8.52000000
2018-03-01 02:49:04,0.00308100,8.52000000
2018-03-01 02:49:04,0.00308300,77.96000000
2018-03-01 02:49:05,0.00308100,5.84000000
2018-03-01 02:49:05,0.00308300,3.26000000
2018-03-01 02:49:05,0.00308300,24.66000000
2018-03-01 02:49:05,0.00308300,4.40000000
2018-03-01 02:49:07,0.00308700,8.30000000
2018-03-01 02:49:07,0.00308700,0.40000000
2018-03-01 02:49:07,0.00308700,0.58000000
2018-03-01 02:49:08,0.00308100,5.99000000
2018-03-01 02:49:08,0.00308700,0.81000000
2018-03-01 02:49:09,0.00308100,3.57000000
2018-03-01 02:49:09,0.00308700,0.39000000
2018-03-01 02:49:09,0.00308100,10.01000000
2018-03-01 02:49:10,0.00308500,6.05000000
2018-03-01 02:49:10,0.00308100,8.52000000
2018-03-01 02:49:10,0.00308500,0.78000000
2018-03-01 02:49:10,0.00308500,3.59000000
2018-03-01 02:49:10,0.00308700,62.30000000
2018-03-01 02:49:10,0.00308700,25.13000000
2018-03-01 02:49:11,0.00308700,53.91000000
2018-03-01 02:49:11,0.00308300,16.23000000
2018-03-01 02:49:11,0.00308600,3.11000000
2018-03-01 02:49:12,0.00308600,1.62000000
2018-03-01 02:49:12,0.00308600,2.59000000
2018-03-01 02:49:12,0.00308600,1.43000000
2018-03-01 02:49:12,0.00308500,6.64000000
2018-03-01 02:49:12,0.00308200,23.70000000
2018-03-01 02:49:12,0.00308100,15.55000000
2018-03-01 02:49:12,0.00308000,76.92000000
2018-03-01 02:49:12,0.00308100,0.81000000
2018-03-01 02:49:13,0.00308000,32.99000000
2018-03-01 02:49:13,0.00308100,1.04000000
2018-03-01 02:49:13,0.00308100,5.97000000
2018-03-01 02:49:14,0.00308500,1.57000000
2018-03-01 02:49:14,0.00308100,8.52000000
2018-03-01 02:49:14,0.00308100,35.67000000
2018-03-01 02:49:14,0.00308000,3.44000000
2018-03-01 02:49:16,0.00308400,1.55000000
2018-03-01 02:49:18,0.00308000,20.00000000
2018-03-01 02:49:18,0.00308000,1.00000000
2018-03-01 02:49:19,0.00308000,30.00000000
2018-03-01 02:49:19,0.00308100,8.52000000
2018-03-01 02:49:19,0.00308100,1.21000000
2018-03-01 02:49:19,0.00308000,28.79000000
2018-03-01 02:49:20,0.00308100,14.82000000
2018-03-01 02:49:20,0.00308000,15.18000000
2018-03-01 02:49:20,0.00308000,69.64000000
2018-03-01 02:49:20,0.00308000,30.00000000
2018-03-01 02:49:21,0.00308000,1.20000000
2018-03-01 02:49:21,0.00308000,24.71000000
2018-03-01 02:49:21,0.00308000,7.12000000
2018-03-01 02:49:21,0.00308000,0.65000000
2018-03-01 02:49:21,0.00308000,17.52000000
2018-03-01 02:49:21,0.00308200,9.92000000
2018-03-01 02:49:21,0.00307700,0.98000000
2018-03-01 02:49:21,0.00307600,115.44000000
2018-03-01 02:49:21,0.00307500,22.30000000
2018-03-01 02:49:22,0.00308000,2.03000000
2018-03-01 02:49:23,0.00308000,17.57000000
2018-03-01 02:49:23,0.00308000,3.14000000
2018-03-01 02:49:23,0.00308000,3.14000000
2018-03-01 02:49:23,0.00308000,3.14000000
2018-03-01 02:49:23,0.00308000,2.09000000
2018-03-01 02:49:23,0.00308000,1.57000000
2018-03-01 02:49:23,0.00307800,2.59000000
2018-03-01 02:49:23,0.00307700,3.24000000
2018-03-01 02:49:23,0.00307500,7.19000000
2018-03-01 02:49:24,0.00307600,7.41000000
2018-03-01 02:49:24,0.00307500,2.11000000
2018-03-01 02:49:24,0.00307600,2.59000000
2018-03-01 02:49:24,0.00307600,0.64000000
2018-03-01 02:49:24,0.00307600,102.78000000
2018-03-01 02:49:24,0.00307600,2.99000000
2018-03-01 02:49:26,0.00307700,8.02000000
2018-03-01 02:49:27,0.00307500,7.12000000
2018-03-01 02:49:28,0.00307700,10.63000000
2018-03-01 02:49:28,0.00307500,426.47000000
2018-03-01 02:49:28,0.00307400,6.33000000
2018-03-01 02:49:28,0.00307300,1.00000000
2018-03-01 02:49:28,0.00307200,4.93000000
2018-03-01 02:49:28,0.00307200,7.32000000
2018-03-01 02:49:28,0.00307200,15.17000000
2018-03-01 02:49:28,0.00307100,59.16000000
2018-03-01 02:49:28,0.00307000,16.37000000
2018-03-01 02:49:28,0.00306900,10.20000000
2018-03-01 02:49:28,0.00306900,1.00000000
2018-03-01 02:49:28,0.00306900,8.80000000
2018-03-01 02:49:28,0.00306800,2.30000000
2018-03-01 02:49:28,0.00306800,39.11000000
2018-03-01 02:49:28,0.00306800,1.34000000
2018-03-01 02:49:28,0.00306900,2.05000000
2018-03-01 02:49:28,0.00307000,0.69000000
2018-03-01 02:49:28,0.00306800,9.50000000
2018-03-01 02:49:29,0.00307000,32.59000000
2018-03-01 02:49:29,0.00307000,26.48000000
2018-03-01 02:49:29,0.00307000,15.52000000
2018-03-01 02:49:30,0.00307000,9.66000000
2018-03-01 02:49:30,0.00307000,3.22000000
2018-03-01 02:49:30,0.00307000,16.01000000
2018-03-01 02:49:30,0.00307000,16.01000000
2018-03-01 02:49:30,0.00307000,2.14000000
2018-03-01 02:49:30,0.00307000,3.24000000
2018-03-01 02:49:31,0.00307000,5.19000000
2018-03-01 02:49:31,0.00307000,32.59000000
2018-03-01 02:49:31,0.00307000,15.21000000
2018-03-01 02:49:31,0.00307000,3.95000000
2018-03-01 02:49:32,0.00307000,9.97000000
2018-03-01 02:49:32,0.00306800,0.57000000
2018-03-01 02:49:33,0.00306800,0.49000000
2018-03-01 02:49:33,0.00307000,6.82000000
2018-03-01 02:49:33,0.00307000,1.60000000
2018-03-01 02:49:34,0.00306900,4.04000000
2018-03-01 02:49:34,0.00306900,0.51000000
2018-03-01 02:49:34,0.00306900,0.66000000
2018-03-01 02:49:34,0.00306800,5.53000000
2018-03-01 02:49:34,0.00306900,4.56000000
2018-03-01 02:49:34,0.00307000,142.33000000
2018-03-01 02:49:35,0.00306900,3.00000000
2018-03-01 02:49:35,0.00306800,10.00000000
2018-03-01 02:49:36,0.00306800,70.00000000
2018-03-01 02:49:36,0.00306800,33.68000000
2018-03-01 02:49:37,0.00306900,30.00000000
2018-03-01 02:49:38,0.00306800,74.28000000
2018-03-01 02:49:38,0.00306700,7.69000000
2018-03-01 02:49:38,0.00306700,1.33000000
2018-03-01 02:49:39,0.00306800,0.62000000
2018-03-01 02:49:39,0.00306900,29.38000000
2018-03-01 02:49:39,0.00306900,16.49000000
2018-03-01 02:49:39,0.00306900,0.94000000
2018-03-01 02:49:40,0.00306900,27.10000000
2018-03-01 02:49:41,0.00306700,0.92000000
2018-03-01 02:49:41,0.00306600,2.16000000
2018-03-01 02:49:41,0.00306600,0.68000000
2018-03-01 02:49:41,0.00306500,8.76000000
2018-03-01 02:49:41,0.00306500,1.60000000
2018-03-01 02:49:42,0.00306400,0.57000000
2018-03-01 02:49:42,0.00306400,2.54000000
2018-03-01 02:49:43,0.00306400,11.26000000
2018-03-01 02:49:43,0.00306500,13.80000000
2018-03-01 02:49:45,0.00306500,2.61000000
2018-03-01 02:49:45,0.00306400,70.00000000
2018-03-01 02:49:46,0.00306400,208.29000000
2018-03-01 02:49:47,0.00306400,0.35000000
2018-03-01 02:49:48,0.00306400,3.95000000
2018-03-01 02:49:48,0.00306400,26.56000000
2018-03-01 02:49:49,0.00306300,70.78000000
2018-03-01 02:49:49,0.00306300,0.72000000
2018-03-01 02:49:50,0.00306100,4.18000000
2018-03-01 02:49:50,0.00306100,34.59000000
2018-03-01 02:49:50,0.00306400,0.79000000
2018-03-01 02:49:50,0.00306400,4.02000000
2018-03-01 02:49:50,0.00306400,11.03000000
2018-03-01 02:49:50,0.00306400,0.67000000
2018-03-01 02:49:50,0.00306400,3.07000000
2018-03-01 02:49:50,0.00306400,4.56000000
2018-03-01 02:49:50,0.00306500,2.55000000
2018-03-01 02:49:51,0.00306500,8.28000000
2018-03-01 02:49:52,0.00306500,3.00000000
2018-03-01 02:49:52,0.00306800,0.94000000
2018-03-01 02:49:53,0.00306800,0.67000000
2018-03-01 02:49:53,0.00306800,2.39000000
2018-03-01 02:49:53,0.00307000,0.48000000
2018-03-01 02:49:53,0.00306500,1.61000000
2018-03-01 02:49:53,0.00306400,4.54000000
2018-03-01 02:49:53,0.00306100,177.33000000
2018-03-01 02:49:53,0.00306000,776.75000000
2018-03-01 02:49:53,0.00306000,24.52000000
2018-03-01 02:49:53,0.00305900,15.00000000
2018-03-01 02:49:53,0.00305800,1.40000000
2018-03-01 02:49:53,0.00305800,39.76000000
2018-03-01 02:49:53,0.00305600,63.58000000
2018-03-01 02:49:53,0.00305600,1.69000000
2018-03-01 02:49:53,0.00305600,8.40000000
2018-03-01 02:49:53,0.00305500,14.60000000
2018-03-01 02:49:53,0.00305500,12.17000000
2018-03-01 02:49:53,0.00305500,16.05000000
2018-03-01 02:49:53,0.00305500,20.19000000
2018-03-01 02:49:53,0.00305500,2.21000000
2018-03-01 02:49:54,0.00306900,0.72000000
2018-03-01 02:49:54,0.00306900,6.64000000
2018-03-01 02:49:54,0.00306900,0.80000000
2018-03-01 02:49:55,0.00306900,1.57000000
2018-03-01 02:49:55,0.00307000,7.61000000
2018-03-01 02:49:55,0.00307000,7.35000000
2018-03-01 02:49:55,0.00307000,2.70000000
2018-03-01 02:49:56,0.00307000,2.36000000
2018-03-01 02:49:56,0.00307000,6.94000000
2018-03-01 02:49:56,0.00307000,2.36000000
2018-03-01 02:49:56,0.00307000,0.49000000
2018-03-01 02:49:56,0.00307000,5.52000000
2018-03-01 02:49:56,0.00307000,3.12000000
2018-03-01 02:49:57,0.00307000,2.35000000
2018-03-01 02:49:57,0.00307000,0.98000000
2018-03-01 02:49:57,0.00305900,6.48000000
2018-03-01 02:49:57,0.00307000,13.47000000
2018-03-01 02:49:57,0.00307000,0.78000000
2018-03-01 02:49:57,0.00307000,2.81000000
2018-03-01 02:49:57,0.00307000,0.67000000
2018-03-01 02:49:57,0.00307000,9.27000000
2018-03-01 02:49:58,0.00306900,6.37000000
2018-03-01 02:49:58,0.00306000,3.30000000
2018-03-01 02:49:58,0.00305900,3.69000000
2018-03-01 02:49:58,0.00305800,9.81000000
2018-03-01 02:49:58,0.00306900,0.78000000
2018-03-01 02:49:58,0.00306900,2.88000000
2018-03-01 02:49:58,0.00306500,3.05000000
2018-03-01 02:49:58,0.00306900,2.47000000
2018-03-01 02:49:59,0.00306700,3.69000000
2018-03-01 02:49:59,0.00306800,2.09000000
2018-03-01 02:49:59,0.00306900,3.00000000
2018-03-01 02:49:59,0.00306900,0.79000000
2018-03-01 02:49:59,0.00306900,13.56000000
2018-03-01 02:49:59,0.00306800,7.80000000
2018-03-01 02:49:59,0.00306900,4.88000000
2018-03-01 02:50:00,0.00306900,5.52000000
2018-03-01 02:50:00,0.00306900,7.68000000
2018-03-01 02:50:00,0.00306900,1.00000000
2018-03-01 02:50:00,0.00306900,1.30000000
2018-03-01 02:50:00,0.00306900,17.51000000
2018-03-01 02:50:00,0.00306900,5.32000000
2018-03-01 02:50:00,0.00306900,0.88000000
2018-03-01 02:50:01,0.00306900,3.88000000
2018-03-01 02:50:01,0.00306900,0.73000000
2018-03-01 02:50:01,0.00305900,3.69000000
2018-03-01 02:50:01,0.00305800,6.49000000
2018-03-01 02:50:01,0.00306900,3.28000000
2018-03-01 02:50:01,0.00306900,5.46000000
2018-03-01 02:50:02,0.00306800,3.36000000
2018-03-01 02:50:02,0.00306800,0.33000000
2018-03-01 02:50:02,0.00306900,13.69000000
2018-03-01 02:50:02,0.00306900,13.44000000
2018-03-01 02:50:02,0.00306900,1.10000000
2018-03-01 02:50:03,0.00306900,0.94000000
2018-03-01 02:50:03,0.00306900,5.28000000
2018-03-01 02:50:03,0.00306900,0.78000000
2018-03-01 02:50:03,0.00306800,1.48000000
2018-03-01 02:50:03,0.00306800,1.90000000
2018-03-01 02:50:03,0.00306800,1.14000000
2018-03-01 02:50:03,0.00306800,1.97000000
2018-03-01 02:50:03,0.00306900,2.43000000
2018-03-01 02:50:03,0.00306900,0.81000000
2018-03-01 02:50:03,0.00306900,0.41000000
2018-03-01 02:50:04,0.00306900,20.77000000
2018-03-01 02:50:04,0.00306900,0.33000000
2018-03-01 02:50:04,0.00306900,0.41000000
2018-03-01 02:50:04,0.00306900,0.33000000
2018-03-01 02:50:05,0.00306900,0.80000000
2018-03-01 02:50:06,0.00306900,1.69000000
2018-03-01 02:50:06,0.00306800,9.79000000
2018-03-01 02:50:06,0.00306800,0.95000000
2018-03-01 02:50:07,0.00306800,0.81000000
2018-03-01 02:50:07,0.00306800,0.80000000
2018-03-01 02:50:07,0.00306800,0.73000000
2018-03-01 02:50:07,0.00306800,1.50000000
2018-03-01 02:50:07,0.00306800,8.18000000
2018-03-01 02:50:07,0.00306800,0.81000000
2018-03-01 02:50:07,0.00306800,1.24000000
2018-03-01 02:50:07,0.00306800,8.14000000
2018-03-01 02:50:08,0.00306800,0.94000000
2018-03-01 02:50:08,0.00306800,0.53000000
2018-03-01 02:50:09,0.00306800,0.33000000
2018-03-01 02:50:09,0.00306800,0.69000000
2018-03-01 02:50:09,0.00306800,10.70000000
2018-03-01 02:50:09,0.00306900,19.68000000
2018-03-01 02:50:10,0.00306300,6.73000000
2018-03-01 02:50:10,0.00306900,16.32000000
2018-03-01 02:50:10,0.00306700,0.46000000
2018-03-01 02:50:11,0.00306700,0.60000000
2018-03-01 02:50:11,0.00306700,8.89000000
2018-03-01 02:50:11,0.00306700,1.40000000
2018-03-01 02:50:11,0.00306300,14.77000000
2018-03-01 02:50:11,0.00306200,0.81000000
2018-03-01 02:50:11,0.00306300,2.61000000
2018-03-01 02:50:11,0.00306300,0.89000000
2018-03-01 02:50:12,0.00306300,5.52000000
2018-03-01 02:50:12,0.00306300,0.92000000
2018-03-01 02:50:12,0.00306300,4.83000000
2018-03-01 02:50:13,0.00306700,0.49000000
2018-03-01 02:50:14,0.00306200,0.78000000
2018-03-01 02:50:14,0.00306200,1.31000000
2018-03-01 02:50:15,0.00306200,1.46000000
2018-03-01 02:50:16,0.00306200,2.14000000
2018-03-01 02:50:16,0.00306100,0.82000000
2018-03-01 02:50:18,0.00306200,1.28000000
2018-03-01 02:50:19,0.00305900,3.46000000
2018-03-01 02:50:21,0.00305700,3.56000000
2018-03-01 02:50:21,0.00306200,0.03000000
2018-03-01 02:50:22,0.00306600,5.63000000
2018-03-01 02:50:22,0.00306600,1.69000000
2018-03-01 02:50:22,0.00306700,5.10000000
2018-03-01 02:50:24,0.00305800,10.63000000
2018-03-01 02:50:24,0.00305700,2.39000000
2018-03-01 02:50:25,0.00305800,1.31000000
2018-03-01 02:50:25,0.00306200,4.21000000
2018-03-01 02:50:26,0.00305700,1.31000000
2018-03-01 02:50:27,0.00305700,25.41000000
2018-03-01 02:50:27,0.00306200,7.07000000
2018-03-01 02:50:27,0.00305700,0.64000000
2018-03-01 02:50:27,0.00305700,1472.39000000
2018-03-01 02:50:27,0.00305600,14.00000000
2018-03-01 02:50:27,0.00305500,523.14000000
2018-03-01 02:50:27,0.00305400,62.68000000
2018-03-01 02:50:27,0.00305300,80.22000000
2018-03-01 02:50:27,0.00305200,15.97000000
2018-03-01 02:50:27,0.00305100,21.54000000
2018-03-01 02:50:27,0.00305100,15.35000000
2018-03-01 02:50:29,0.00305400,1.75000000
2018-03-01 02:50:29,0.00306100,3.26000000
2018-03-01 02:50:29,0.00305400,3.74000000
2018-03-01 02:50:30,0.00306100,4.80000000
2018-03-01 02:50:31,0.00305400,21.01000000
2018-03-01 02:50:33,0.00306000,1.00000000
2018-03-01 02:50:33,0.00306000,1.61000000
2018-03-01 02:50:33,0.00306100,1.74000000
2018-03-01 02:50:33,0.00306200,8.42000000
2018-03-01 02:50:35,0.00306300,6.17000000
2018-03-01 02:50:35,0.00306000,6.53000000
2018-03-01 02:50:35,0.00305500,1.48000000
2018-03-01 02:50:35,0.00305200,4.52000000
2018-03-01 02:50:35,0.00306000,27.17000000
2018-03-01 02:50:35,0.00306000,0.65000000
2018-03-01 02:50:36,0.00305900,1.40000000
2018-03-01 02:50:38,0.00305900,3.81000000
2018-03-01 02:50:38,0.00306000,11.38000000
2018-03-01 02:50:39,0.00306000,2.24000000
2018-03-01 02:50:40,0.00305800,2.15000000
2018-03-01 02:50:40,0.00305800,2.15000000
2018-03-01 02:50:40,0.00305800,0.12000000
2018-03-01 02:50:41,0.00306000,3.13000000
2018-03-01 02:50:42,0.00306000,13.28000000
2018-03-01 02:50:42,0.00306000,0.01000000
2018-03-01 02:50:42,0.00306400,6.52000000
2018-03-01 02:50:43,0.00306400,3.26000000
2018-03-01 02:50:46,0.00306600,0.38000000
2018-03-01 02:50:46,0.00306400,1.16000000
2018-03-01 02:50:46,0.00305900,7.60000000
2018-03-01 02:50:47,0.00306600,4.18000000
2018-03-01 02:50:47,0.00306600,0.96000000
2018-03-01 02:50:47,0.00306600,0.84000000
2018-03-01 02:50:47,0.00306600,15.05000000
2018-03-01 02:50:48,0.00306600,0.69000000
2018-03-01 02:50:48,0.00306500,7.60000000
2018-03-01 02:50:48,0.00306600,47.84000000
2018-03-01 02:50:49,0.00306600,0.82000000
2018-03-01 02:50:49,0.00306000,37.87000000
2018-03-01 02:50:49,0.00305900,3.49000000
2018-03-01 02:50:49,0.00305800,9.81000000
2018-03-01 02:50:49,0.00305400,18.25000000
2018-03-01 02:50:49,0.00305300,5.28000000
2018-03-01 02:50:49,0.00305200,9.01000000
2018-03-01 02:50:49,0.00306600,2.15000000
2018-03-01 02:50:49,0.00306600,15.57000000
2018-03-01 02:50:49,0.00306600,0.98000000
2018-03-01 02:50:50,0.00306600,0.33000000
2018-03-01 02:50:50,0.00306600,3.80000000
2018-03-01 02:50:50,0.00306600,6.29000000
2018-03-01 02:50:51,0.00306000,29.64000000
2018-03-01 02:50:51,0.00306600,5.55000000
2018-03-01 02:50:51,0.00306600,1.32000000
2018-03-01 02:50:52,0.00306600,3.38000000
2018-03-01 02:50:52,0.00306600,2.32000000
2018-03-01 02:50:52,0.00306600,4.00000000
2018-03-01 02:50:53,0.00306600,2.61000000
2018-03-01 02:50:54,0.00306200,1.81000000
2018-03-01 02:50:54,0.00306600,7.97000000
2018-03-01 02:50:55,0.00306000,15.64000000
2018-03-01 02:50:59,0.00306700,1.38000000
2018-03-01 02:51:00,0.00306700,3.22000000
2018-03-01 02:51:00,0.00306700,48.90000000
2018-03-01 02:51:02,0.00306700,2.48000000
2018-03-01 02:51:02,0.00306700,4.72000000
2018-03-01 02:51:03,0.00306200,6.47000000
2018-03-01 02:51:04,0.00306700,65.84000000
2018-03-01 02:51:04,0.00306700,7.28000000
2018-03-01 02:51:05,0.00306700,1.48000000
2018-03-01 02:51:05,0.00306700,0.78000000
2018-03-01 02:51:05,0.00306700,0.70000000
2018-03-01 02:51:05,0.00306700,21.23000000
2018-03-01 02:51:06,0.00306900,3.22000000
2018-03-01 02:51:06,0.00307000,6.56000000
2018-03-01 02:51:06,0.00307000,10.00000000
2018-03-01 02:51:09,0.00307000,0.91000000
2018-03-01 02:51:09,0.00307000,1.56000000
2018-03-01 02:51:09,0.00307000,1.62000000
2018-03-01 02:51:09,0.00307000,0.78000000
2018-03-01 02:51:09,0.00307000,0.78000000
2018-03-01 02:51:09,0.00307000,1.79000000
2018-03-01 02:51:10,0.00307000,43.84000000
2018-03-01 02:51:10,0.00307000,0.98000000
2018-03-01 02:51:10,0.00306700,1.30000000
2018-03-01 02:51:11,0.00307000,1.28000000
2018-03-01 02:51:11,0.00306700,34.95000000
