DATE,PRICE,VOLUME
2018-02-28 15:00:03,0.00323900,0.89000000
2018-02-28 15:00:04,0.00323200,1.74000000
2018-02-28 15:00:04,0.00323100,0.91000000
2018-02-28 15:00:07,0.00323300,1.62000000
2018-02-28 15:00:08,0.00323800,0.62000000
2018-02-28 15:00:08,0.00323800,2.29000000
2018-02-28 15:00:08,0.00323300,1.93000000
2018-02-28 15:00:11,0.00323800,0.90000000
2018-02-28 15:00:19,0.00323400,8.19000000
2018-02-28 15:00:27,0.00323500,13.36000000
2018-02-28 15:00:29,0.00323700,0.89000000
2018-02-28 15:00:32,0.00323500,20.90000000
2018-02-28 15:00:32,0.00323400,1.81000000
2018-02-28 15:00:32,0.00323200,26.05000000
2018-02-28 15:00:32,0.00323100,46.79000000
2018-02-28 15:00:33,0.00323100,55.71000000
2018-02-28 15:00:33,0.00323100,1.52000000
2018-02-28 15:00:34,0.00323100,3.12000000
2018-02-28 15:00:34,0.00323100,30.94000000
2018-02-28 15:00:34,0.00323100,3.54000000
2018-02-28 15:00:34,0.00323100,0.01000000
2018-02-28 15:00:42,0.00323600,6.03000000
2018-02-28 15:00:44,0.00323600,1.69000000
2018-02-28 15:00:45,0.00323000,0.01000000
2018-02-28 15:00:47,0.00323600,0.66000000
2018-02-28 15:00:49,0.00323700,4.20000000
2018-02-28 15:00:51,0.00323700,18.48000000
2018-02-28 15:00:51,0.00323900,33.79000000
2018-02-28 15:00:53,0.00323700,5.09000000
2018-02-28 15:00:54,0.00323700,1.08000000
2018-02-28 15:00:57,0.00323600,0.58000000
2018-02-28 15:00:57,0.00323200,9.28000000
2018-02-28 15:00:57,0.00323100,21.12000000
2018-02-28 15:01:04,0.00323700,1.00000000
2018-02-28 15:01:20,0.00323700,0.41000000
2018-02-28 15:01:21,0.00323700,24.34000000
2018-02-28 15:01:26,0.00323700,14.20000000
2018-02-28 15:01:26,0.00323100,13.64000000
2018-02-28 15:01:27,0.00324000,0.80000000
2018-02-28 15:01:28,0.00324000,5.01000000
2018-02-28 15:01:28,0.00324000,10.00000000
2018-02-28 15:01:37,0.00324000,1.54000000
2018-02-28 15:01:37,0.00324000,30.41000000
2018-02-28 15:01:52,0.00323900,2.49000000
2018-02-28 15:01:52,0.00324000,29.99000000
2018-02-28 15:01:54,0.00324000,1.00000000
2018-02-28 15:02:01,0.00324100,3.46000000
2018-02-28 15:02:11,0.00324200,0.97000000
2018-02-28 15:02:13,0.00324600,1.14000000
2018-02-28 15:02:14,0.00324200,12.25000000
2018-02-28 15:02:14,0.00324600,0.34000000
2018-02-28 15:02:14,0.00324600,0.77000000
2018-02-28 15:02:17,0.00324600,0.39000000
2018-02-28 15:02:25,0.00324200,5.71000000
2018-02-28 15:02:27,0.00324600,5.01000000
2018-02-28 15:02:27,0.00324700,5.53000000
2018-02-28 15:02:29,0.00324700,1.54000000
2018-02-28 15:02:29,0.00324700,20.00000000
2018-02-28 15:02:33,0.00324700,21.11000000
2018-02-28 15:02:33,0.00324700,0.34000000
2018-02-28 15:02:38,0.00324200,6.16000000
2018-02-28 15:02:39,0.00324700,3.61000000
2018-02-28 15:02:42,0.00324200,7.78000000
2018-02-28 15:02:42,0.00324100,7.72000000
2018-02-28 15:03:02,0.00324100,12.04000000
2018-02-28 15:03:04,0.00324100,26.26000000
2018-02-28 15:03:05,0.00324000,206.68000000
2018-02-28 15:03:06,0.00324000,14.16000000
2018-02-28 15:03:07,0.00324000,0.45000000
2018-02-28 15:03:08,0.00324000,3.08000000
2018-02-28 15:03:09,0.00324000,1.41000000
2018-02-28 15:03:09,0.00324000,2.79000000
2018-02-28 15:03:09,0.00323400,1.32000000
2018-02-28 15:03:09,0.00323300,9.27000000
2018-02-28 15:03:09,0.00323200,8.66000000
2018-02-28 15:03:09,0.00323100,15.58000000
2018-02-28 15:03:09,0.00323000,4.28000000
2018-02-28 15:03:09,0.00322400,31.01000000
2018-02-28 15:03:09,0.00322300,5.61000000
2018-02-28 15:03:10,0.00323300,1.55000000
2018-02-28 15:03:10,0.00323300,29.46000000
2018-02-28 15:03:23,0.00323900,0.29000000
2018-02-28 15:03:25,0.00323400,7.87000000
2018-02-28 15:03:35,0.00323400,31.03000000
2018-02-28 15:03:39,0.00323900,2.30000000
2018-02-28 15:03:40,0.00323900,1.54000000
2018-02-28 15:03:46,0.00323500,15.99000000
2018-02-28 15:03:47,0.00323500,8.33000000
2018-02-28 15:03:49,0.00323500,42.23000000
2018-02-28 15:03:53,0.00323900,1.67000000
2018-02-28 15:03:58,0.00323500,5.50000000
2018-02-28 15:04:00,0.00323500,1.50000000
2018-02-28 15:04:05,0.00323500,12.05000000
2018-02-28 15:04:08,0.00323800,1.25000000
2018-02-28 15:04:11,0.00323900,52.01000000
2018-02-28 15:04:12,0.00323600,0.98000000
2018-02-28 15:04:12,0.00323700,1.38000000
2018-02-28 15:04:12,0.00323900,123.70000000
2018-02-28 15:04:14,0.00324000,19.60000000
2018-02-28 15:04:16,0.00324100,50.51000000
2018-02-28 15:04:27,0.00324500,0.61000000
2018-02-28 15:04:27,0.00324600,0.59000000
2018-02-28 15:04:28,0.00324300,27.90000000
2018-02-28 15:04:37,0.00324200,1.05000000
2018-02-28 15:04:44,0.00324300,0.77000000
2018-02-28 15:04:46,0.00324300,19.13000000
2018-02-28 15:04:46,0.00324200,23.72000000
2018-02-28 15:04:49,0.00324200,18.46000000
2018-02-28 15:04:52,0.00324300,25.08000000
2018-02-28 15:04:54,0.00324300,28.51000000
2018-02-28 15:04:58,0.00324300,0.50000000
2018-02-28 15:04:58,0.00324300,0.50000000
2018-02-28 15:04:58,0.00324300,0.50000000
2018-02-28 15:04:59,0.00324200,0.50000000
2018-02-28 15:05:00,0.00324200,11.28000000
2018-02-28 15:05:00,0.00323900,30.96000000
2018-02-28 15:05:07,0.00324300,0.50000000
2018-02-28 15:05:08,0.00324300,15.00000000
2018-02-28 15:05:11,0.00324300,4.73000000
2018-02-28 15:05:12,0.00323900,111.74000000
2018-02-28 15:05:13,0.00323900,15.00000000
2018-02-28 15:05:13,0.00323900,7.11000000
2018-02-28 15:05:14,0.00323900,15.00000000
2018-02-28 15:05:14,0.00323900,15.00000000
2018-02-28 15:05:15,0.00323900,15.00000000
2018-02-28 15:05:16,0.00323900,4.00000000
2018-02-28 15:05:17,0.00323900,30.94000000
2018-02-28 15:05:20,0.00323900,136.27000000
2018-02-28 15:05:22,0.00323900,2.09000000
2018-02-28 15:05:24,0.00323900,0.74000000
2018-02-28 15:05:24,0.00323900,0.07000000
2018-02-28 15:05:24,0.00324300,1.07000000
2018-02-28 15:05:24,0.00324300,0.50000000
2018-02-28 15:05:29,0.00324600,2.27000000
2018-02-28 15:05:34,0.00324500,3.08000000
2018-02-28 15:05:43,0.00324500,14.11000000
2018-02-28 15:05:44,0.00324500,21.73000000
2018-02-28 15:05:44,0.00324500,1.81000000
2018-02-28 15:05:45,0.00324500,10.83000000
2018-02-28 15:05:51,0.00324500,93.87000000
2018-02-28 15:05:51,0.00324600,210.12000000
2018-02-28 15:05:51,0.00324700,90.55000000
2018-02-28 15:05:51,0.00324800,910.65000000
2018-02-28 15:05:52,0.00324000,3.58000000
2018-02-28 15:05:53,0.00324800,7.70000000
2018-02-28 15:06:12,0.00324700,3.58000000
2018-02-28 15:06:12,0.00324800,13.32000000
2018-02-28 15:06:15,0.00324000,15.26000000
2018-02-28 15:06:29,0.00324700,0.29000000
2018-02-28 15:06:30,0.00324700,28.33000000
2018-02-28 15:06:34,0.00324700,3.07000000
2018-02-28 15:06:36,0.00324700,1.68000000
2018-02-28 15:06:36,0.00324700,18.44000000
2018-02-28 15:06:36,0.00324800,51.06000000
2018-02-28 15:06:38,0.00324700,9.23000000
2018-02-28 15:06:39,0.00324800,1.66000000
2018-02-28 15:06:53,0.00324800,17.40000000
2018-02-28 15:06:54,0.00324800,1.26000000
2018-02-28 15:06:56,0.00324500,2.34000000
2018-02-28 15:06:56,0.00324300,6.89000000
2018-02-28 15:06:58,0.00324800,41.93000000
2018-02-28 15:06:59,0.00324800,17.38000000
2018-02-28 15:07:02,0.00324300,1.00000000
2018-02-28 15:07:17,0.00324400,1.00000000
2018-02-28 15:07:20,0.00324700,30.78000000
2018-02-28 15:07:27,0.00324700,0.94000000
2018-02-28 15:07:31,0.00324700,17.05000000
2018-02-28 15:07:37,0.00324600,9.39000000
2018-02-28 15:07:46,0.00324400,4.61000000
2018-02-28 15:07:55,0.00324400,0.10000000
2018-02-28 15:07:59,0.00324300,3.41000000
2018-02-28 15:08:06,0.00324400,2.42000000
2018-02-28 15:08:09,0.00324300,0.61000000
2018-02-28 15:08:11,0.00324300,25.00000000
2018-02-28 15:08:18,0.00324300,0.01000000
2018-02-28 15:08:23,0.00324300,3.72000000
2018-02-28 15:08:31,0.00324400,2.25000000
2018-02-28 15:08:33,0.00324300,1.81000000
2018-02-28 15:09:10,0.00324300,5.40000000
2018-02-28 15:09:11,0.00324400,0.01000000
2018-02-28 15:09:28,0.00324600,1.57000000
2018-02-28 15:09:29,0.00324500,5.00000000
2018-02-28 15:09:29,0.00324400,40.82000000
2018-02-28 15:09:34,0.00324600,3.08000000
2018-02-28 15:09:42,0.00324600,53.55000000
2018-02-28 15:09:44,0.00324600,37.66000000
2018-02-28 15:09:44,0.00324700,0.95000000
2018-02-28 15:09:44,0.00324800,24.19000000
2018-02-28 15:09:51,0.00324600,8.00000000
2018-02-28 15:09:51,0.00324800,47.64000000
2018-02-28 15:09:51,0.00324800,26.09000000
2018-02-28 15:09:52,0.00324800,0.58000000
2018-02-28 15:09:52,0.00324800,70.00000000
2018-02-28 15:09:52,0.00324600,0.90000000
2018-02-28 15:09:53,0.00324600,20.45000000
2018-02-28 15:09:53,0.00324600,37.10000000
2018-02-28 15:09:54,0.00324600,64.66000000
2018-02-28 15:09:54,0.00324800,373.56000000
2018-02-28 15:09:57,0.00324800,189.29000000
2018-02-28 15:09:58,0.00324800,15.81000000
2018-02-28 15:10:00,0.00324800,17.32000000
2018-02-28 15:10:01,0.00324800,172.04000000
2018-02-28 15:10:01,0.00324800,55.10000000
2018-02-28 15:10:02,0.00324800,70.00000000
2018-02-28 15:10:02,0.00324800,83.39000000
2018-02-28 15:10:03,0.00324800,16.40000000
2018-02-28 15:10:04,0.00324800,45.24000000
2018-02-28 15:10:06,0.00324800,257.10000000
2018-02-28 15:10:06,0.00324800,12.77000000
2018-02-28 15:10:08,0.00324800,5.00000000
2018-02-28 15:10:15,0.00324800,18.96000000
2018-02-28 15:10:15,0.00324800,263.00000000
2018-02-28 15:10:16,0.00324800,497.34000000
2018-02-28 15:10:20,0.00324900,0.70000000
2018-02-28 15:10:20,0.00325000,22.22000000
2018-02-28 15:10:20,0.00325000,13.74000000
2018-02-28 15:10:20,0.00325000,16.54000000
2018-02-28 15:10:22,0.00325000,1.11000000
2018-02-28 15:10:22,0.00325000,0.62000000
2018-02-28 15:10:23,0.00325000,88.87000000
2018-02-28 15:10:25,0.00325000,57.90000000
2018-02-28 15:10:26,0.00325300,4.91000000
2018-02-28 15:10:28,0.00325300,5.75000000
2018-02-28 15:10:28,0.00325400,1.56000000
2018-02-28 15:10:29,0.00325400,1.70000000
2018-02-28 15:10:29,0.00325400,4.28000000
2018-02-28 15:10:30,0.00325400,1.78000000
2018-02-28 15:10:30,0.00325400,2.13000000
2018-02-28 15:10:30,0.00325400,3.74000000
2018-02-28 15:10:31,0.00325400,1.06000000
2018-02-28 15:10:31,0.00325400,0.35000000
2018-02-28 15:10:31,0.00325400,1.06000000
2018-02-28 15:10:32,0.00325400,5.00000000
2018-02-28 15:10:32,0.00325400,3.08000000
2018-02-28 15:10:32,0.00325400,2.42000000
2018-02-28 15:10:33,0.00325400,1.21000000
2018-02-28 15:10:33,0.00325400,5.00000000
2018-02-28 15:10:34,0.00325400,0.60000000
2018-02-28 15:10:34,0.00325400,5.00000000
2018-02-28 15:10:34,0.00325400,0.60000000
2018-02-28 15:10:35,0.00325400,2.33000000
2018-02-28 15:10:35,0.00325500,0.87000000
2018-02-28 15:10:35,0.00325500,24.13000000
2018-02-28 15:10:36,0.00325500,0.50000000
2018-02-28 15:10:36,0.00325500,1.16000000
2018-02-28 15:10:36,0.00325500,1.16000000
2018-02-28 15:10:37,0.00325600,2.60000000
2018-02-28 15:10:37,0.00325700,1.12000000
2018-02-28 15:10:37,0.00325700,6.60000000
2018-02-28 15:10:37,0.00325700,3.52000000
2018-02-28 15:10:38,0.00325700,7.32000000
2018-02-28 15:10:38,0.00325700,47.00000000
2018-02-28 15:10:38,0.00325700,1.76000000
2018-02-28 15:10:38,0.00325700,34.10000000
2018-02-28 15:10:38,0.00325700,5.76000000
2018-02-28 15:10:39,0.00325700,0.87000000
2018-02-28 15:10:39,0.00325700,0.87000000
2018-02-28 15:10:40,0.00325700,51.43000000
2018-02-28 15:10:40,0.00325500,0.32000000
2018-02-28 15:10:40,0.00325500,2.73000000
2018-02-28 15:10:40,0.00325800,1.70000000
2018-02-28 15:10:40,0.00326000,9.58000000
2018-02-28 15:10:40,0.00326000,13.83000000
2018-02-28 15:10:40,0.00326100,1.53000000
2018-02-28 15:10:41,0.00326100,15.40000000
2018-02-28 15:10:41,0.00326100,9.20000000
2018-02-28 15:10:41,0.00326100,25.58000000
2018-02-28 15:10:41,0.00326000,15.38000000
2018-02-28 15:10:42,0.00326000,44.03000000
2018-02-28 15:10:42,0.00326000,58.88000000
2018-02-28 15:10:42,0.00325400,1.00000000
2018-02-28 15:10:43,0.00326200,0.61000000
2018-02-28 15:10:43,0.00326500,0.10000000
2018-02-28 15:10:43,0.00325400,5.24000000
2018-02-28 15:10:44,0.00326200,3.08000000
2018-02-28 15:10:44,0.00326200,0.23000000
2018-02-28 15:10:45,0.00325400,30.64000000
2018-02-28 15:10:45,0.00325300,115.13000000
2018-02-28 15:10:45,0.00325200,0.22000000
2018-02-28 15:10:46,0.00325400,1.23000000
2018-02-28 15:10:46,0.00325700,11.62000000
2018-02-28 15:10:46,0.00326100,1.67000000
2018-02-28 15:10:46,0.00326100,2.86000000
2018-02-28 15:10:47,0.00326100,32.87000000
2018-02-28 15:10:47,0.00325200,3.08000000
2018-02-28 15:10:48,0.00325800,9.21000000
2018-02-28 15:10:48,0.00325900,28.08000000
2018-02-28 15:10:50,0.00325200,62.26000000
2018-02-28 15:10:50,0.00325100,50.89000000
2018-02-28 15:10:53,0.00325600,9.38000000
2018-02-28 15:10:59,0.00325600,2.54000000
2018-02-28 15:11:01,0.00325600,3.78000000
2018-02-28 15:11:01,0.00325600,10.64000000
2018-02-28 15:11:06,0.00326100,11.95000000
2018-02-28 15:11:08,0.00326100,14.85000000
2018-02-28 15:11:09,0.00326100,1.57000000
2018-02-28 15:11:13,0.00326100,25.93000000
2018-02-28 15:11:13,0.00326100,1.00000000
2018-02-28 15:11:13,0.00326100,24.48000000
2018-02-28 15:11:15,0.00326000,1.53000000
2018-02-28 15:11:22,0.00325700,4.92000000
2018-02-28 15:11:24,0.00325900,5.00000000
2018-02-28 15:11:24,0.00325700,1.00000000
2018-02-28 15:11:28,0.00325900,3.11000000
2018-02-28 15:11:29,0.00325900,4.39000000
2018-02-28 15:11:29,0.00325700,3.52000000
2018-02-28 15:11:33,0.00325800,1.00000000
2018-02-28 15:11:33,0.00325800,3.08000000
2018-02-28 15:11:33,0.00325800,9.20000000
2018-02-28 15:11:34,0.00325900,3.06000000
2018-02-28 15:11:35,0.00325800,2.81000000
2018-02-28 15:11:37,0.00325900,21.63000000
2018-02-28 15:11:37,0.00325800,3.07000000
2018-02-28 15:11:41,0.00325900,1.56000000
2018-02-28 15:11:43,0.00325900,120.87000000
2018-02-28 15:11:43,0.00326000,1.24000000
2018-02-28 15:11:43,0.00326000,6.13000000
2018-02-28 15:11:45,0.00326000,51.10000000
2018-02-28 15:11:45,0.00326000,4.04000000
2018-02-28 15:11:46,0.00326000,15.34000000
2018-02-28 15:11:47,0.00326000,105.11000000
2018-02-28 15:11:48,0.00326000,15.34000000
2018-02-28 15:11:48,0.00326000,33.79000000
2018-02-28 15:11:49,0.00326000,24.53000000
2018-02-28 15:11:49,0.00326000,69.77000000
2018-02-28 15:11:49,0.00326000,9.05000000
2018-02-28 15:11:49,0.00326000,8.52000000
2018-02-28 15:11:50,0.00326000,15.34000000
2018-02-28 15:11:52,0.00326100,9.15000000
2018-02-28 15:11:52,0.00326100,15.34000000
2018-02-28 15:11:53,0.00326100,6.16000000
2018-02-28 15:11:54,0.00326100,3.14000000
2018-02-28 15:11:54,0.00326100,17.19000000
2018-02-28 15:11:54,0.00326100,2.81000000
2018-02-28 15:11:54,0.00326100,15.33000000
2018-02-28 15:11:56,0.00326100,0.86000000
2018-02-28 15:11:56,0.00326000,6.17000000
2018-02-28 15:11:56,0.00326000,0.75000000
2018-02-28 15:11:56,0.00326000,15.34000000
2018-02-28 15:11:57,0.00326200,9.22000000
2018-02-28 15:11:58,0.00326200,15.36000000
2018-02-28 15:11:59,0.00326200,10.28000000
2018-02-28 15:12:00,0.00326200,15.36000000
2018-02-28 15:12:00,0.00326200,1.98000000
2018-02-28 15:12:02,0.00326300,8.17000000
2018-02-28 15:12:02,0.00326500,5.83000000
2018-02-28 15:12:02,0.00326200,3.07000000
2018-02-28 15:12:04,0.00326200,3.07000000
2018-02-28 15:12:04,0.00326200,0.98000000
2018-02-28 15:12:06,0.00326100,1.54000000
2018-02-28 15:12:06,0.00326100,3.07000000
2018-02-28 15:12:08,0.00326100,3.07000000
2018-02-28 15:12:10,0.00326200,1.00000000
2018-02-28 15:12:10,0.00326100,1.23000000
2018-02-28 15:12:12,0.00326100,1.53000000
2018-02-28 15:12:13,0.00326100,1.23000000
2018-02-28 15:12:13,0.00326200,0.61000000
2018-02-28 15:12:13,0.00326400,8.58000000
2018-02-28 15:12:13,0.00326400,38.27000000
2018-02-28 15:12:15,0.00326100,1.23000000
2018-02-28 15:12:16,0.00326100,1.31000000
2018-02-28 15:12:16,0.00326100,1.23000000
2018-02-28 15:12:16,0.00326400,2.14000000
2018-02-28 15:12:17,0.00326100,1.91000000
2018-02-28 15:12:18,0.00326400,30.00000000
2018-02-28 15:12:19,0.00326100,1.91000000
2018-02-28 15:12:20,0.00326100,1.00000000
2018-02-28 15:12:22,0.00326100,1.91000000
2018-02-28 15:12:22,0.00326100,1.91000000
2018-02-28 15:12:24,0.00326100,1.91000000
2018-02-28 15:12:26,0.00326100,1.23000000
2018-02-28 15:12:26,0.00326100,0.31000000
2018-02-28 15:12:27,0.00326100,5.65000000
2018-02-28 15:12:28,0.00326100,1.23000000
2018-02-28 15:12:28,0.00326400,4.00000000
2018-02-28 15:12:28,0.00326200,1.23000000
2018-02-28 15:12:30,0.00326200,3.85000000
2018-02-28 15:12:30,0.00326100,9.60000000
2018-02-28 15:12:30,0.00326100,25.18000000
2018-02-28 15:12:31,0.00326400,13.02000000
2018-02-28 15:12:34,0.00326400,34.82000000
2018-02-28 15:12:35,0.00326400,15.32000000
2018-02-28 15:12:35,0.00326400,8.15000000
2018-02-28 15:12:36,0.00326400,20.77000000
2018-02-28 15:12:36,0.00326400,8.15000000
2018-02-28 15:12:36,0.00326400,13.32000000
2018-02-28 15:12:36,0.00326400,15.30000000
2018-02-28 15:12:36,0.00326400,13.00000000
2018-02-28 15:12:37,0.00326400,3.07000000
2018-02-28 15:12:37,0.00326400,2.33000000
2018-02-28 15:12:40,0.00326100,0.74000000
2018-02-28 15:12:43,0.00326100,5.55000000
2018-02-28 15:12:45,0.00326100,3.08000000
2018-02-28 15:12:46,0.00326500,9.96000000
2018-02-28 15:12:46,0.00326900,1.17000000
2018-02-28 15:12:46,0.00327000,1.14000000
2018-02-28 15:12:46,0.00327100,23.36000000
2018-02-28 15:12:46,0.00327200,107.04000000
2018-02-28 15:12:49,0.00326500,10.10000000
2018-02-28 15:12:49,0.00326800,1.70000000
2018-02-28 15:12:49,0.00327000,1.53000000
2018-02-28 15:12:49,0.00327100,36.39000000
2018-02-28 15:12:49,0.00327200,127.43000000
2018-02-28 15:12:49,0.00327200,2.00000000
2018-02-28 15:12:49,0.00327200,40.00000000
2018-02-28 15:12:49,0.00327200,70.00000000
2018-02-28 15:12:49,0.00327200,75.50000000
2018-02-28 15:12:49,0.00327200,0.76000000
2018-02-28 15:12:49,0.00327200,15.37000000
2018-02-28 15:12:49,0.00327200,5.19000000
2018-02-28 15:12:50,0.00327200,9.16000000
2018-02-28 15:12:50,0.00327200,66.56000000
2018-02-28 15:12:50,0.00326500,9.16000000
2018-02-28 15:12:50,0.00326500,5.24000000
2018-02-28 15:12:50,0.00326500,3.97000000
2018-02-28 15:12:50,0.00326400,76.99000000
2018-02-28 15:12:50,0.00326400,16.79000000
2018-02-28 15:12:50,0.00326400,7.42000000
2018-02-28 15:12:51,0.00326400,15.35000000
2018-02-28 15:12:51,0.00326400,23.72000000
2018-02-28 15:12:52,0.00326400,15.35000000
2018-02-28 15:12:53,0.00326400,23.72000000
2018-02-28 15:12:53,0.00326500,36.64000000
2018-02-28 15:12:54,0.00326500,1.23000000
2018-02-28 15:12:54,0.00326500,15.35000000
2018-02-28 15:12:56,0.00326500,15.31000000
2018-02-28 15:12:57,0.00326500,1.23000000
2018-02-28 15:12:58,0.00326500,19.18000000
2018-02-28 15:12:58,0.00326400,44.61000000
2018-02-28 15:12:58,0.00326200,54.25000000
2018-02-28 15:12:58,0.00326100,235.84000000
2018-02-28 15:12:58,0.00326000,40.09000000
2018-02-28 15:12:58,0.00325700,5.40000000
2018-02-28 15:12:58,0.00325500,2.94000000
2018-02-28 15:12:58,0.00325400,0.97000000
2018-02-28 15:12:58,0.00325300,46.50000000
2018-02-28 15:12:58,0.00325200,60.10000000
2018-02-28 15:12:58,0.00325100,55.18000000
2018-02-28 15:12:58,0.00326000,2.29000000
2018-02-28 15:12:58,0.00325900,15.32000000
2018-02-28 15:12:58,0.00326000,20.60000000
2018-02-28 15:12:59,0.00326000,7.83000000
2018-02-28 15:12:59,0.00325900,0.62000000
2018-02-28 15:12:59,0.00326000,4.00000000
2018-02-28 15:13:00,0.00326000,36.64000000
2018-02-28 15:13:00,0.00326000,0.72000000
2018-02-28 15:13:03,0.00325900,36.71000000
2018-02-28 15:13:07,0.00326500,9.16000000
2018-02-28 15:13:09,0.00326700,26.17000000
2018-02-28 15:13:12,0.00326600,1.45000000
2018-02-28 15:13:27,0.00326200,0.05000000
2018-02-28 15:13:29,0.00326400,1.54000000
2018-02-28 15:13:33,0.00326400,15.32000000
2018-02-28 15:13:33,0.00326400,37.36000000
2018-02-28 15:13:35,0.00326500,1.23000000
2018-02-28 15:13:35,0.00326500,12.42000000
2018-02-28 15:13:37,0.00326500,1.23000000
2018-02-28 15:13:38,0.00326900,5.00000000
2018-02-28 15:13:39,0.00326500,8.07000000
2018-02-28 15:13:39,0.00326500,3.14000000
2018-02-28 15:13:41,0.00326500,8.19000000
2018-02-28 15:13:41,0.00326500,6.28000000
2018-02-28 15:13:42,0.00326500,6.28000000
2018-02-28 15:13:42,0.00326500,9.19000000
2018-02-28 15:13:43,0.00326500,9.19000000
2018-02-28 15:13:43,0.00326500,25.26000000
2018-02-28 15:13:44,0.00326400,9.19000000
2018-02-28 15:13:45,0.00326600,22.54000000
2018-02-28 15:13:45,0.00326600,9.19000000
2018-02-28 15:13:46,0.00326600,3.21000000
2018-02-28 15:13:46,0.00326600,9.19000000
2018-02-28 15:13:46,0.00326600,2.26000000
2018-02-28 15:13:46,0.00326400,8.74000000
2018-02-28 15:13:47,0.00326400,48.98000000
2018-02-28 15:13:47,0.00326800,0.77000000
2018-02-28 15:13:48,0.00326400,1.07000000
2018-02-28 15:13:49,0.00326100,6.65000000
2018-02-28 15:13:51,0.00326100,12.26000000
2018-02-28 15:13:51,0.00326400,1.23000000
2018-02-28 15:13:51,0.00326500,14.96000000
2018-02-28 15:13:51,0.00326500,12.89000000
2018-02-28 15:13:51,0.00326100,1.08000000
2018-02-28 15:13:53,0.00326100,15.00000000
2018-02-28 15:13:58,0.00326300,1.56000000
2018-02-28 15:13:58,0.00326200,31.67000000
2018-02-28 15:13:59,0.00326200,12.04000000
2018-02-28 15:14:00,0.00326200,29.71000000
2018-02-28 15:14:00,0.00326100,9.20000000
2018-02-28 15:14:02,0.00326100,9.20000000
2018-02-28 15:14:05,0.00326300,30.46000000
2018-02-28 15:14:07,0.00326300,9.55000000
2018-02-28 15:14:07,0.00326200,1.00000000
2018-02-28 15:14:07,0.00326100,6.63000000
2018-02-28 15:14:11,0.00326100,1.53000000
2018-02-28 15:14:12,0.00326100,14.96000000
2018-02-28 15:14:19,0.00326100,3.78000000
2018-02-28 15:14:21,0.00326100,1.23000000
2018-02-28 15:14:23,0.00326100,1.34000000
2018-02-28 15:14:24,0.00326100,47.63000000
2018-02-28 15:14:25,0.00326100,23.37000000
2018-02-28 15:14:25,0.00326100,13.84000000
2018-02-28 15:14:25,0.00326000,3.41000000
2018-02-28 15:14:25,0.00326000,1.29000000
2018-02-28 15:14:25,0.00326000,18.72000000
2018-02-28 15:14:25,0.00326000,17.41000000
2018-02-28 15:14:25,0.00325900,4.67000000
2018-02-28 15:14:26,0.00326000,12.66000000
2018-02-28 15:14:26,0.00325800,26.41000000
2018-02-28 15:14:26,0.00326100,6.45000000
2018-02-28 15:14:27,0.00326100,15.57000000
2018-02-28 15:14:27,0.00326300,14.24000000
2018-02-28 15:14:27,0.00326100,15.57000000
2018-02-28 15:14:27,0.00326000,13.34000000
2018-02-28 15:14:28,0.00326100,30.67000000
2018-02-28 15:14:28,0.00326100,12.07000000
2018-02-28 15:14:28,0.00326100,9.38000000
2018-02-28 15:14:33,0.00326100,4.41000000
2018-02-28 15:14:38,0.00326200,2.00000000
2018-02-28 15:14:42,0.00326100,26.64000000
2018-02-28 15:14:42,0.00326000,101.21000000
2018-02-28 15:14:42,0.00325900,1.69000000
2018-02-28 15:14:42,0.00325800,2.85000000
2018-02-28 15:14:45,0.00326200,0.18000000
2018-02-28 15:14:45,0.00326300,7.43000000
2018-02-28 15:14:51,0.00326400,10.23000000
2018-02-28 15:14:53,0.00326100,4.27000000
2018-02-28 15:14:54,0.00326100,0.31000000
2018-02-28 15:14:54,0.00326100,1.11000000
2018-02-28 15:14:55,0.00326100,5.00000000
2018-02-28 15:14:57,0.00326100,0.31000000
2018-02-28 15:15:01,0.00326100,0.70000000
2018-02-28 15:15:11,0.00326200,6.64000000
2018-02-28 15:15:12,0.00326200,1.54000000
2018-02-28 15:15:13,0.00326200,2.39000000
2018-02-28 15:15:15,0.00326200,0.86000000
2018-02-28 15:15:18,0.00326200,1.54000000
2018-02-28 15:15:20,0.00326400,1.84000000
2018-02-28 15:15:21,0.00326200,0.34000000
2018-02-28 15:15:35,0.00326400,0.41000000
2018-02-28 15:15:39,0.00326400,1.00000000
2018-02-28 15:15:39,0.00326500,3.02000000
2018-02-28 15:15:39,0.00326600,14.66000000
2018-02-28 15:15:39,0.00326900,13.41000000
2018-02-28 15:15:45,0.00326700,1.03000000
2018-02-28 15:15:45,0.00326700,3.06000000
2018-02-28 15:15:49,0.00326300,0.47000000
2018-02-28 15:15:49,0.00326700,9.98000000
2018-02-28 15:15:49,0.00326800,16.89000000
2018-02-28 15:15:54,0.00326200,23.35000000
2018-02-28 15:15:55,0.00326200,28.52000000
2018-02-28 15:15:55,0.00326100,23.35000000
2018-02-28 15:15:57,0.00326100,13.31000000
2018-02-28 15:15:57,0.00325800,8.00000000
2018-02-28 15:16:01,0.00326100,0.85000000
2018-02-28 15:16:02,0.00326100,6.75000000
2018-02-28 15:16:14,0.00325700,1.70000000
2018-02-28 15:16:14,0.00325500,17.37000000
2018-02-28 15:16:14,0.00325400,2.26000000
2018-02-28 15:16:22,0.00326000,1.84000000
2018-02-28 15:16:35,0.00325600,85.55000000
2018-02-28 15:16:38,0.00326000,1.34000000
2018-02-28 15:16:41,0.00325700,1.70000000
2018-02-28 15:16:41,0.00325500,3.77000000
2018-02-28 15:16:42,0.00325500,28.51000000
2018-02-28 15:16:47,0.00325900,1.23000000
2018-02-28 15:16:52,0.00325600,0.40000000
2018-02-28 15:16:53,0.00325500,0.75000000
2018-02-28 15:16:54,0.00325900,1.84000000
2018-02-28 15:16:58,0.00325900,10.66000000
2018-02-28 15:16:59,0.00325900,1.01000000
2018-02-28 15:17:01,0.00325900,18.30000000
2018-02-28 15:17:05,0.00325900,2.41000000
2018-02-28 15:17:11,0.00325600,17.40000000
2018-02-28 15:17:14,0.00325700,0.50000000
2018-02-28 15:17:15,0.00325600,2.66000000
2018-02-28 15:17:16,0.00325600,5.05000000
2018-02-28 15:17:16,0.00325600,17.37000000
2018-02-28 15:17:17,0.00325600,10.08000000
2018-02-28 15:17:17,0.00325600,7.73000000
2018-02-28 15:17:19,0.00325700,0.50000000
2018-02-28 15:17:19,0.00325700,9.26000000
2018-02-28 15:17:20,0.00325700,3.10000000
2018-02-28 15:17:21,0.00325700,0.56000000
2018-02-28 15:17:22,0.00325700,0.50000000
2018-02-28 15:17:22,0.00325700,9.09000000
2018-02-28 15:17:24,0.00325700,0.50000000
2018-02-28 15:17:24,0.00325600,6.10000000
2018-02-28 15:17:25,0.00325600,20.74000000
2018-02-28 15:17:25,0.00325500,62.57000000
2018-02-28 15:17:28,0.00325700,1.84000000
2018-02-28 15:17:29,0.00325500,52.14000000
2018-02-28 15:17:30,0.00325700,1.82000000
2018-02-28 15:17:34,0.00325700,3.07000000
2018-02-28 15:17:38,0.00325700,6.62000000
2018-02-28 15:17:39,0.00325700,4.01000000
2018-02-28 15:17:39,0.00325500,5.71000000
2018-02-28 15:17:40,0.00325700,29.53000000
2018-02-28 15:17:40,0.00325700,78.28000000
2018-02-28 15:17:42,0.00325700,30.71000000
2018-02-28 15:17:42,0.00325700,12.27000000
2018-02-28 15:17:43,0.00325700,0.34000000
2018-02-28 15:17:43,0.00325700,50.96000000
2018-02-28 15:17:44,0.00325700,34.01000000
2018-02-28 15:17:44,0.00325700,5.53000000
2018-02-28 15:17:44,0.00325700,1.93000000
2018-02-28 15:17:45,0.00325500,18.98000000
2018-02-28 15:17:48,0.00325700,3.54000000
2018-02-28 15:17:49,0.00325500,87.99000000
2018-02-28 15:17:49,0.00325400,168.85000000
2018-02-28 15:17:51,0.00325300,16.61000000
2018-02-28 15:17:52,0.00325300,0.02000000
2018-02-28 15:17:53,0.00325700,3.00000000
2018-02-28 15:17:57,0.00325300,2.49000000
2018-02-28 15:18:00,0.00325300,3.95000000
2018-02-28 15:18:03,0.00325500,1.84000000
2018-02-28 15:18:06,0.00325500,8.34000000
2018-02-28 15:18:21,0.00325300,32.49000000
2018-02-28 15:18:21,0.00325200,193.33000000
2018-02-28 15:18:21,0.00325100,234.01000000
2018-02-28 15:18:21,0.00325000,94.58000000
2018-02-28 15:18:21,0.00324900,2.68000000
2018-02-28 15:18:22,0.00324900,0.92000000
2018-02-28 15:18:22,0.00324800,0.61000000
2018-02-28 15:18:23,0.00324800,1.71000000
2018-02-28 15:18:23,0.00324900,0.34000000
2018-02-28 15:18:23,0.00324900,1.16000000
2018-02-28 15:18:23,0.00325000,3.07000000
2018-02-28 15:18:24,0.00325000,75.56000000
2018-02-28 15:18:26,0.00325400,6.42000000
2018-02-28 15:18:26,0.00325500,293.58000000
2018-02-28 15:18:28,0.00324800,3.07000000
2018-02-28 15:18:28,0.00324600,0.58000000
2018-02-28 15:18:28,0.00324500,9.37000000
2018-02-28 15:18:28,0.00324600,23.80000000
2018-02-28 15:18:28,0.00324500,15.09000000
2018-02-28 15:18:28,0.00324400,23.85000000
2018-02-28 15:18:32,0.00325300,3.07000000
2018-02-28 15:18:37,0.00325100,1.85000000
2018-02-28 15:18:38,0.00325000,13.81000000
2018-02-28 15:18:38,0.00324900,2.03000000
2018-02-28 15:18:39,0.00324900,7.61000000
2018-02-28 15:18:39,0.00325100,4.28000000
2018-02-28 15:18:40,0.00325100,4.96000000
2018-02-28 15:18:40,0.00325200,3.07000000
2018-02-28 15:18:40,0.00325400,5.08000000
2018-02-28 15:18:40,0.00325500,0.74000000
2018-02-28 15:18:45,0.00324900,12.27000000
2018-02-28 15:18:45,0.00325000,41.27000000
2018-02-28 15:18:45,0.00325500,4.32000000
2018-02-28 15:18:45,0.00325600,2.83000000
2018-02-28 15:18:47,0.00325600,15.16000000
2018-02-28 15:18:49,0.00325500,5.05000000
2018-02-28 15:18:50,0.00325500,1.28000000
2018-02-28 15:18:55,0.00325500,15.23000000
2018-02-28 15:19:03,0.00324900,7.43000000
2018-02-28 15:19:07,0.00324900,0.66000000
2018-02-28 15:19:10,0.00324900,3.69000000
2018-02-28 15:19:11,0.00325300,1.84000000
2018-02-28 15:19:11,0.00324900,1.00000000
2018-02-28 15:19:16,0.00324900,0.85000000
2018-02-28 15:19:16,0.00324500,1.14000000
2018-02-28 15:19:20,0.00325200,1.14000000
2018-02-28 15:19:20,0.00325300,6.19000000
2018-02-28 15:19:24,0.00324900,2.35000000
2018-02-28 15:19:24,0.00324900,13.08000000
2018-02-28 15:19:25,0.00325300,2.35000000
2018-02-28 15:19:28,0.00325300,0.11000000
2018-02-28 15:19:34,0.00325000,1.35000000
2018-02-28 15:19:35,0.00325000,91.74000000
2018-02-28 15:19:43,0.00325300,1.27000000
2018-02-28 15:19:47,0.00325000,13.39000000
2018-02-28 15:19:48,0.00324900,1.00000000
2018-02-28 15:19:49,0.00325000,3.14000000
2018-02-28 15:19:51,0.00324900,0.01000000
2018-02-28 15:19:51,0.00324600,1.14000000
2018-02-28 15:19:51,0.00324500,8.85000000
2018-02-28 15:19:56,0.00324500,25.45000000
2018-02-28 15:19:58,0.00324500,1.00000000
2018-02-28 15:20:02,0.00325100,1.00000000
2018-02-28 15:20:07,0.00325100,3.89000000
2018-02-28 15:20:20,0.00325100,1.44000000
2018-02-28 15:20:21,0.00324600,0.50000000
2018-02-28 15:20:21,0.00324400,0.50000000
2018-02-28 15:20:22,0.00324400,12.55000000
2018-02-28 15:20:23,0.00324400,8.16000000
2018-02-28 15:20:24,0.00324400,9.29000000
2018-02-28 15:20:25,0.00325100,6.15000000
2018-02-28 15:20:26,0.00325100,3.08000000
2018-02-28 15:20:26,0.00325100,1.93000000
2018-02-28 15:20:30,0.00324400,9.29000000
2018-02-28 15:20:32,0.00324500,9.93000000
2018-02-28 15:20:32,0.00324400,22.53000000
2018-02-28 15:20:32,0.00324400,158.36000000
2018-02-28 15:20:32,0.00324400,2.00000000
2018-02-28 15:20:32,0.00324400,17.43000000
2018-02-28 15:20:32,0.00324400,10.32000000
2018-02-28 15:20:33,0.00324400,77.07000000
2018-02-28 15:20:33,0.00324400,15.41000000
2018-02-28 15:20:33,0.00324400,4.00000000
2018-02-28 15:20:33,0.00324400,0.68000000
2018-02-28 15:20:33,0.00324400,1.15000000
2018-02-28 15:20:33,0.00324400,12.63000000
2018-02-28 15:20:33,0.00324400,85.04000000
2018-02-28 15:20:33,0.00324400,21.30000000
2018-02-28 15:20:33,0.00324400,18.36000000
2018-02-28 15:20:33,0.00324400,10.42000000
2018-02-28 15:20:34,0.00324400,21.30000000
2018-02-28 15:20:34,0.00324400,0.61000000
2018-02-28 15:20:35,0.00324400,10.99000000
2018-02-28 15:20:35,0.00324300,3.89000000
2018-02-28 15:20:39,0.00324400,1.96000000
2018-02-28 15:20:40,0.00324400,3.96000000
2018-02-28 15:20:42,0.00324400,1.77000000
2018-02-28 15:20:44,0.00324400,4.94000000
2018-02-28 15:20:44,0.00324400,15.85000000
2018-02-28 15:20:44,0.00324400,1.85000000
2018-02-28 15:20:47,0.00324400,3.67000000
2018-02-28 15:20:47,0.00324300,12.53000000
2018-02-28 15:20:48,0.00324300,13.73000000
2018-02-28 15:20:48,0.00324300,3.73000000
2018-02-28 15:20:49,0.00324300,0.50000000
2018-02-28 15:20:49,0.00324300,17.39000000
2018-02-28 15:20:49,0.00324300,3.66000000
2018-02-28 15:20:50,0.00324300,7.66000000
2018-02-28 15:20:50,0.00324400,6.37000000
2018-02-28 15:20:54,0.00324400,117.42000000
2018-02-28 15:20:54,0.00324400,3.01000000
2018-02-28 15:20:54,0.00324400,32.37000000
2018-02-28 15:20:55,0.00324400,3.08000000
2018-02-28 15:20:56,0.00324400,0.56000000
2018-02-28 15:20:56,0.00324400,12.33000000
2018-02-28 15:20:57,0.00324300,40.03000000
2018-02-28 15:20:59,0.00324300,1.00000000
2018-02-28 15:21:00,0.00324300,1.13000000
2018-02-28 15:21:00,0.00324100,1.31000000
2018-02-28 15:21:00,0.00324400,3.94000000
2018-02-28 15:21:06,0.00324100,2.54000000
2018-02-28 15:21:10,0.00324100,11.55000000
2018-02-28 15:21:10,0.00324100,2.00000000
2018-02-28 15:21:10,0.00324100,29.90000000
2018-02-28 15:21:10,0.00324100,15.00000000
2018-02-28 15:21:10,0.00324100,19.10000000
2018-02-28 15:21:10,0.00324100,6.52000000
2018-02-28 15:21:11,0.00324300,10.00000000
2018-02-28 15:21:11,0.00324400,5.43000000
2018-02-28 15:21:11,0.00324300,9.92000000
2018-02-28 15:21:11,0.00324400,52.16000000
2018-02-28 15:21:12,0.00324400,73.53000000
2018-02-28 15:21:13,0.00324100,7.72000000
2018-02-28 15:21:13,0.00324400,15.93000000
2018-02-28 15:21:13,0.00324400,1.33000000
2018-02-28 15:21:14,0.00324300,0.55000000
2018-02-28 15:21:15,0.00324300,45.39000000
2018-02-28 15:21:16,0.00324300,13.26000000
2018-02-28 15:21:17,0.00324400,0.56000000
2018-02-28 15:21:19,0.00324300,1.00000000
2018-02-28 15:21:20,0.00324300,3.74000000
2018-02-28 15:21:20,0.00324100,13.85000000
2018-02-28 15:21:20,0.00324400,0.90000000
2018-02-28 15:21:25,0.00324300,0.46000000
2018-02-28 15:21:26,0.00324300,29.84000000
2018-02-28 15:21:27,0.00324300,0.34000000
2018-02-28 15:21:28,0.00324300,14.52000000
2018-02-28 15:21:28,0.00324300,3.08000000
2018-02-28 15:21:32,0.00324400,45.12000000
2018-02-28 15:21:35,0.00324400,0.56000000
2018-02-28 15:21:36,0.00324100,2.10000000
2018-02-28 15:21:38,0.00324200,1.00000000
2018-02-28 15:21:44,0.00324400,102.90000000
2018-02-28 15:21:45,0.00324200,1.00000000
2018-02-28 15:21:46,0.00324200,1.30000000
2018-02-28 15:21:47,0.00324400,0.74000000
2018-02-28 15:21:49,0.00324400,0.74000000
2018-02-28 15:21:50,0.00324400,10.46000000
2018-02-28 15:21:51,0.00324400,0.74000000
2018-02-28 15:21:52,0.00324200,1.00000000
2018-02-28 15:21:54,0.00324400,0.74000000
2018-02-28 15:21:56,0.00324200,1.99000000
2018-02-28 15:21:56,0.00324400,0.74000000
2018-02-28 15:21:58,0.00324400,2.09000000
2018-02-28 15:21:59,0.00324400,0.74000000
2018-02-28 15:22:01,0.00324400,0.74000000
2018-02-28 15:22:01,0.00324400,4.37000000
2018-02-28 15:22:01,0.00324200,1.00000000
2018-02-28 15:22:03,0.00324400,0.74000000
2018-02-28 15:22:06,0.00324400,0.74000000
2018-02-28 15:22:06,0.00324200,31.21000000
2018-02-28 15:22:06,0.00324200,0.35000000
2018-02-28 15:22:06,0.00324200,14.41000000
2018-02-28 15:22:06,0.00324200,6.83000000
2018-02-28 15:22:07,0.00324200,2.95000000
2018-02-28 15:22:07,0.00324200,0.01000000
2018-02-28 15:22:07,0.00324400,9.48000000
2018-02-28 15:22:08,0.00324400,0.74000000
2018-02-28 15:22:10,0.00324400,0.74000000
2018-02-28 15:22:12,0.00324200,2.00000000
2018-02-28 15:22:12,0.00324400,0.74000000
2018-02-28 15:22:15,0.00324400,10.76000000
2018-02-28 15:22:18,0.00324400,3.02000000
2018-02-28 15:22:19,0.00324400,1.15000000
2018-02-28 15:22:20,0.00324400,0.02000000
2018-02-28 15:22:22,0.00324400,0.72000000
2018-02-28 15:22:22,0.00324200,2.28000000
2018-02-28 15:22:27,0.00324500,7.05000000
2018-02-28 15:22:30,0.00324500,3.00000000
2018-02-28 15:22:31,0.00324800,3.07000000
2018-02-28 15:22:40,0.00324400,2.00000000
2018-02-28 15:22:40,0.00324400,26.93000000
2018-02-28 15:22:49,0.00324400,5.28000000
2018-02-28 15:22:53,0.00324400,0.22000000
2018-02-28 15:22:54,0.00324400,1.31000000
2018-02-28 15:22:54,0.00324900,6.17000000
2018-02-28 15:22:54,0.00325100,7.47000000
2018-02-28 15:22:54,0.00325300,1.44000000
2018-02-28 15:22:54,0.00325400,19.50000000
2018-02-28 15:22:54,0.00325700,1.22000000
2018-02-28 15:22:54,0.00325900,19.53000000
2018-02-28 15:22:54,0.00326000,1.85000000
2018-02-28 15:22:54,0.00326100,5.71000000
2018-02-28 15:22:54,0.00326200,20.77000000
2018-02-28 15:22:54,0.00326300,5.44000000
2018-02-28 15:22:54,0.00326500,1.85000000
2018-02-28 15:22:54,0.00326600,4.18000000
2018-02-28 15:22:54,0.00326700,121.85000000
2018-02-28 15:22:54,0.00326800,21.72000000
2018-02-28 15:22:54,0.00326900,10.80000000
2018-02-28 15:22:55,0.00324800,9.24000000
2018-02-28 15:22:57,0.00324900,10.00000000
2018-02-28 15:22:57,0.00326300,1.92000000
2018-02-28 15:22:57,0.00324800,5.72000000
2018-02-28 15:23:13,0.00325000,59.70000000
2018-02-28 15:23:13,0.00324900,30.82000000
2018-02-28 15:23:13,0.00324500,27.44000000
2018-02-28 15:23:13,0.00324300,124.38000000
2018-02-28 15:23:13,0.00324200,7.83000000
2018-02-28 15:23:13,0.00324200,2.91000000
2018-02-28 15:23:13,0.00324200,6.92000000
2018-02-28 15:23:15,0.00325000,5.72000000
2018-02-28 15:23:15,0.00325100,0.79000000
2018-02-28 15:23:15,0.00325100,38.00000000
2018-02-28 15:23:15,0.00325100,19.56000000
2018-02-28 15:23:17,0.00325100,1.05000000
2018-02-28 15:23:21,0.00325000,2.00000000
2018-02-28 15:23:21,0.00325200,9.03000000
2018-02-28 15:23:21,0.00325200,0.85000000
2018-02-28 15:23:24,0.00325300,8.69000000
2018-02-28 15:23:26,0.00325200,0.34000000
2018-02-28 15:23:30,0.00325200,3.33000000
2018-02-28 15:23:31,0.00325300,3.07000000
2018-02-28 15:23:32,0.00325200,1.32000000
2018-02-28 15:23:36,0.00325300,3.36000000
2018-02-28 15:23:39,0.00325300,0.59000000
2018-02-28 15:23:40,0.00325300,2.76000000
2018-02-28 15:23:40,0.00325200,0.31000000
2018-02-28 15:23:42,0.00325300,1.71000000
2018-02-28 15:23:42,0.00325400,9.43000000
2018-02-28 15:23:43,0.00325200,0.38000000
2018-02-28 15:23:43,0.00325200,1.31000000
2018-02-28 15:23:48,0.00325400,82.72000000
2018-02-28 15:23:57,0.00325200,0.68000000
2018-02-28 15:23:58,0.00325300,5.00000000
2018-02-28 15:23:59,0.00325300,3.00000000
2018-02-28 15:24:00,0.00325200,2.50000000
2018-02-28 15:24:03,0.00325200,18.26000000
2018-02-28 15:24:12,0.00325200,0.65000000
2018-02-28 15:24:16,0.00325300,1.81000000
2018-02-28 15:24:16,0.00325200,20.00000000
2018-02-28 15:24:29,0.00325300,1.37000000
2018-02-28 15:24:29,0.00325300,4.47000000
2018-02-28 15:24:34,0.00325200,1.50000000
2018-02-28 15:24:35,0.00325300,2.18000000
2018-02-28 15:24:37,0.00325300,14.87000000
2018-02-28 15:24:38,0.00325900,2.43000000
2018-02-28 15:24:38,0.00326100,0.64000000
2018-02-28 15:24:40,0.00325200,0.32000000
2018-02-28 15:24:43,0.00325200,0.81000000
2018-02-28 15:24:43,0.00325200,14.87000000
2018-02-28 15:24:48,0.00325200,23.78000000
2018-02-28 15:24:48,0.00325100,0.91000000
2018-02-28 15:24:49,0.00325100,6.59000000
2018-02-28 15:24:52,0.00324600,1.72000000
2018-02-28 15:24:52,0.00324300,1.23000000
2018-02-28 15:24:58,0.00324800,0.75000000
2018-02-28 15:24:58,0.00324300,1.24000000
2018-02-28 15:25:02,0.00324500,10.00000000
2018-02-28 15:25:02,0.00324400,51.90000000
2018-02-28 15:25:02,0.00324300,31.17000000
2018-02-28 15:25:02,0.00324300,1.31000000
2018-02-28 15:25:02,0.00324300,6.06000000
2018-02-28 15:25:02,0.00324600,7.05000000
2018-02-28 15:25:11,0.00324600,4.00000000
2018-02-28 15:25:12,0.00324600,40.99000000
2018-02-28 15:25:14,0.00324600,6.89000000
2018-02-28 15:25:14,0.00324500,1.33000000
2018-02-28 15:25:14,0.00324500,0.47000000
2018-02-28 15:25:24,0.00325000,0.13000000
2018-02-28 15:25:24,0.00325100,0.26000000
2018-02-28 15:25:26,0.00325100,1.19000000
2018-02-28 15:25:26,0.00325100,1.65000000
2018-02-28 15:25:27,0.00325100,0.38000000
2018-02-28 15:25:28,0.00325100,12.47000000
2018-02-28 15:25:29,0.00325100,0.86000000
2018-02-28 15:25:30,0.00325100,1.00000000
2018-02-28 15:25:34,0.00324800,1.71000000
2018-02-28 15:25:34,0.00324700,1.56000000
2018-02-28 15:25:35,0.00325100,3.07000000
2018-02-28 15:25:56,0.00324700,18.43000000
2018-02-28 15:25:57,0.00324700,31.86000000
2018-02-28 15:25:57,0.00324600,49.55000000
2018-02-28 15:25:59,0.00325100,0.50000000
2018-02-28 15:26:01,0.00325100,0.82000000
2018-02-28 15:26:01,0.00325200,9.90000000
2018-02-28 15:26:01,0.00325700,7.62000000
2018-02-28 15:26:09,0.00325900,6.39000000
2018-02-28 15:26:10,0.00325200,2.94000000
2018-02-28 15:26:10,0.00325900,46.82000000
2018-02-28 15:26:11,0.00325900,9.51000000
2018-02-28 15:26:11,0.00325900,0.02000000
2018-02-28 15:26:11,0.00325300,3.06000000
2018-02-28 15:26:16,0.00325300,6.16000000
2018-02-28 15:26:16,0.00325200,3.39000000
2018-02-28 15:26:16,0.00325000,67.45000000
2018-02-28 15:26:24,0.00325100,0.59000000
2018-02-28 15:26:26,0.00325000,16.44000000
2018-02-28 15:26:28,0.00324900,106.02000000
2018-02-28 15:26:41,0.00324900,1.07000000
2018-02-28 15:26:43,0.00324900,1.13000000
2018-02-28 15:26:44,0.00324900,1.54000000
2018-02-28 15:26:45,0.00324900,0.54000000
2018-02-28 15:26:45,0.00324900,9.90000000
2018-02-28 15:26:45,0.00324900,2.42000000
2018-02-28 15:26:48,0.00324900,160.95000000
2018-02-28 15:26:48,0.00324900,4.97000000
2018-02-28 15:26:57,0.00324800,0.03000000
2018-02-28 15:27:06,0.00325400,4.61000000
2018-02-28 15:27:17,0.00325400,1.52000000
2018-02-28 15:27:26,0.00325400,3.09000000
2018-02-28 15:27:26,0.00325500,0.69000000
2018-02-28 15:27:26,0.00325900,8.49000000
2018-02-28 15:27:39,0.00325500,1.08000000
2018-02-28 15:27:39,0.00325400,10.19000000
2018-02-28 15:27:39,0.00325000,3.11000000
2018-02-28 15:27:58,0.00325600,7.75000000
2018-02-28 15:27:58,0.00325800,3.11000000
2018-02-28 15:27:58,0.00325900,0.27000000
2018-02-28 15:28:02,0.00325200,3.11000000
2018-02-28 15:28:02,0.00325100,6.11000000
2018-02-28 15:28:02,0.00325000,2.73000000
2018-02-28 15:28:13,0.00325200,5.70000000
2018-02-28 15:28:13,0.00325100,0.21000000
2018-02-28 15:28:14,0.00325200,1.58000000
2018-02-28 15:28:16,0.00325800,6.79000000
2018-02-28 15:28:16,0.00325800,1.54000000
2018-02-28 15:28:17,0.00325500,0.70000000
2018-02-28 15:28:38,0.00325700,15.35000000
2018-02-28 15:28:38,0.00325700,0.71000000
2018-02-28 15:28:41,0.00325700,6.71000000
2018-02-28 15:28:41,0.00325700,6.13000000
2018-02-28 15:28:42,0.00325800,0.55000000
2018-02-28 15:28:44,0.00325700,5.16000000
2018-02-28 15:28:45,0.00325800,5.15000000
2018-02-28 15:28:46,0.00325800,9.22000000
2018-02-28 15:28:49,0.00325700,15.35000000
2018-02-28 15:28:55,0.00325900,9.21000000
2018-02-28 15:28:56,0.00325900,1.00000000
2018-02-28 15:28:56,0.00325700,6.05000000
2018-02-28 15:29:01,0.00325900,65.88000000
2018-02-28 15:29:01,0.00326000,6.12000000
2018-02-28 15:29:01,0.00326200,1.10000000
2018-02-28 15:29:01,0.00326300,0.97000000
2018-02-28 15:29:01,0.00326500,11.74000000
2018-02-28 15:29:01,0.00326600,21.58000000
2018-02-28 15:29:16,0.00326000,2.13000000
2018-02-28 15:29:16,0.00325900,5.14000000
2018-02-28 15:29:25,0.00326000,3.07000000
2018-02-28 15:29:26,0.00326000,1.78000000
2018-02-28 15:29:27,0.00326000,3.07000000
2018-02-28 15:29:29,0.00326000,15.34000000
2018-02-28 15:29:31,0.00326000,3.07000000
2018-02-28 15:29:33,0.00326000,3.07000000
2018-02-28 15:29:39,0.00326100,1.76000000
2018-02-28 15:29:40,0.00326100,3.31000000
2018-02-28 15:29:41,0.00326000,15.34000000
2018-02-28 15:29:41,0.00326100,67.21000000
2018-02-28 15:29:41,0.00326500,1.58000000
2018-02-28 15:29:43,0.00326100,0.64000000
2018-02-28 15:29:43,0.00326000,14.70000000
2018-02-28 15:29:43,0.00326500,98.94000000
2018-02-28 15:29:43,0.00326500,1.99000000
2018-02-28 15:29:43,0.00326600,3.06000000
2018-02-28 15:29:44,0.00326500,2.52000000
2018-02-28 15:29:44,0.00326000,1.76000000
2018-02-28 15:29:44,0.00326000,1.00000000
2018-02-28 15:29:45,0.00326000,5.04000000
2018-02-28 15:29:46,0.00326000,3.49000000
2018-02-28 15:29:46,0.00326600,5.00000000
2018-02-28 15:29:46,0.00326000,1.76000000
2018-02-28 15:29:47,0.00326000,1.76000000
2018-02-28 15:29:49,0.00326000,1.87000000
2018-02-28 15:29:52,0.00326600,153.09000000
2018-02-28 15:29:57,0.00326600,3.06000000
2018-02-28 15:29:58,0.00326000,0.77000000
2018-02-28 15:29:58,0.00326600,18.37000000
2018-02-28 15:29:59,0.00326600,0.97000000
2018-02-28 15:30:03,0.00326000,2.11000000
2018-02-28 15:30:04,0.00326000,0.89000000
2018-02-28 15:30:04,0.00326600,2.63000000
2018-02-28 15:30:11,0.00326600,14.09000000
2018-02-28 15:30:11,0.00326600,0.67000000
2018-02-28 15:30:14,0.00326200,3.20000000
2018-02-28 15:30:16,0.00326500,3.06000000
2018-02-28 15:30:18,0.00326400,1.31000000
2018-02-28 15:30:19,0.00326400,1.89000000
2018-02-28 15:30:19,0.00326400,1.41000000
2018-02-28 15:30:21,0.00326400,3.06000000
2018-02-28 15:30:22,0.00326500,30.62000000
2018-02-28 15:30:22,0.00326400,2.71000000
2018-02-28 15:30:23,0.00326400,2.66000000
2018-02-28 15:30:25,0.00326400,2.75000000
2018-02-28 15:30:26,0.00326500,19.44000000
2018-02-28 15:30:27,0.00326500,75.60000000
2018-02-28 15:30:27,0.00326500,15.31000000
2018-02-28 15:30:28,0.00326600,5.97000000
2018-02-28 15:30:28,0.00326700,0.46000000
2018-02-28 15:30:28,0.00327000,6.11000000
2018-02-28 15:30:28,0.00327100,1.84000000
2018-02-28 15:30:28,0.00327200,31.54000000
2018-02-28 15:30:29,0.00326500,15.31000000
2018-02-28 15:30:29,0.00326600,17.17000000
2018-02-28 15:30:30,0.00326600,8.93000000
2018-02-28 15:30:30,0.00326500,13.74000000
2018-02-28 15:30:31,0.00326500,19.63000000
2018-02-28 15:30:32,0.00326500,19.67000000
2018-02-28 15:30:32,0.00326500,1.54000000
2018-02-28 15:30:33,0.00326500,118.00000000
2018-02-28 15:30:36,0.00326600,8.63000000
2018-02-28 15:30:37,0.00326600,42.93000000
2018-02-28 15:30:38,0.00326600,3.07000000
2018-02-28 15:30:38,0.00326600,4.40000000
2018-02-28 15:30:39,0.00326600,4.16000000
2018-02-28 15:30:41,0.00326600,22.13000000
2018-02-28 15:30:41,0.00326700,0.70000000
2018-02-28 15:30:44,0.00326600,2.00000000
2018-02-28 15:30:47,0.00326700,0.11000000
2018-02-28 15:30:48,0.00326700,3.54000000
2018-02-28 15:30:50,0.00326800,0.89000000
2018-02-28 15:30:54,0.00327000,17.01000000
2018-02-28 15:30:56,0.00327000,10.66000000
2018-02-28 15:30:57,0.00326800,16.45000000
2018-02-28 15:31:02,0.00326900,0.40000000
2018-02-28 15:31:02,0.00326800,11.65000000
2018-02-28 15:31:02,0.00326800,28.29000000
2018-02-28 15:31:04,0.00327000,27.45000000
2018-02-28 15:31:09,0.00327200,6.67000000
2018-02-28 15:31:11,0.00326800,2.10000000
2018-02-28 15:31:11,0.00327300,2.73000000
2018-02-28 15:31:11,0.00327400,28.40000000
2018-02-28 15:31:16,0.00326800,0.01000000
2018-02-28 15:31:20,0.00327000,0.07000000
2018-02-28 15:31:25,0.00327000,1.15000000
2018-02-28 15:31:26,0.00327400,8.36000000
2018-02-28 15:31:33,0.00327400,54.78000000
2018-02-28 15:31:34,0.00327400,0.65000000
2018-02-28 15:31:34,0.00327400,0.65000000
2018-02-28 15:31:35,0.00327500,1.00000000
2018-02-28 15:31:36,0.00327500,1.54000000
2018-02-28 15:31:42,0.00327500,6.69000000
2018-02-28 15:31:43,0.00327500,1.54000000
2018-02-28 15:31:44,0.00327400,14.22000000
2018-02-28 15:31:45,0.00327400,9.65000000
2018-02-28 15:31:45,0.00327400,2.06000000
2018-02-28 15:31:46,0.00327400,6.45000000
2018-02-28 15:31:47,0.00327100,13.59000000
2018-02-28 15:31:48,0.00327100,30.69000000
2018-02-28 15:31:50,0.00327400,2.00000000
2018-02-28 15:31:51,0.00327100,0.01000000
2018-02-28 15:31:51,0.00326900,2.28000000
2018-02-28 15:31:52,0.00327100,0.86000000
2018-02-28 15:31:53,0.00327100,2.00000000
2018-02-28 15:31:58,0.00327100,0.05000000
2018-02-28 15:32:01,0.00327100,4.80000000
2018-02-28 15:32:01,0.00327100,10.00000000
2018-02-28 15:32:01,0.00327400,0.86000000
2018-02-28 15:32:04,0.00327400,8.24000000
2018-02-28 15:32:09,0.00327500,3.73000000
2018-02-28 15:32:09,0.00327500,75.12000000
2018-02-28 15:32:09,0.00327400,11.40000000
2018-02-28 15:32:13,0.00327500,168.32000000
2018-02-28 15:32:13,0.00327500,1.45000000
2018-02-28 15:32:13,0.00327600,0.97000000
2018-02-28 15:32:13,0.00327700,0.08000000
2018-02-28 15:32:21,0.00327800,1.58000000
2018-02-28 15:32:21,0.00327500,17.80000000
2018-02-28 15:32:23,0.00327700,67.25000000
2018-02-28 15:32:26,0.00327500,4.76000000
2018-02-28 15:32:26,0.00327500,1.00000000
2018-02-28 15:32:26,0.00327800,2.74000000
2018-02-28 15:32:27,0.00327800,34.40000000
2018-02-28 15:32:27,0.00327800,23.86000000
2018-02-28 15:32:27,0.00327800,1.31000000
2018-02-28 15:32:27,0.00327800,1.31000000
2018-02-28 15:32:27,0.00327800,9.21000000
2018-02-28 15:32:28,0.00327800,9.21000000
2018-02-28 15:32:28,0.00327800,20.64000000
2018-02-28 15:32:29,0.00327800,24.40000000
2018-02-28 15:32:30,0.00327800,8.68000000
2018-02-28 15:32:30,0.00327800,25.64000000
2018-02-28 15:32:31,0.00327800,8.68000000
2018-02-28 15:32:31,0.00327800,1.00000000
2018-02-28 15:32:33,0.00327900,3.05000000
2018-02-28 15:32:34,0.00327500,30.00000000
2018-02-28 15:32:35,0.00327600,1.82000000
2018-02-28 15:32:36,0.00327900,27.00000000
2018-02-28 15:32:36,0.00328000,2.31000000
2018-02-28 15:32:36,0.00327500,1.00000000
2018-02-28 15:32:36,0.00327500,45.80000000
2018-02-28 15:32:37,0.00328000,3.04000000
2018-02-28 15:32:38,0.00328000,220.92000000
2018-02-28 15:32:38,0.00328000,39.79000000
2018-02-28 15:32:39,0.00328000,15.31000000
2018-02-28 15:32:39,0.00328000,9.21000000
2018-02-28 15:32:40,0.00328000,5.01000000
2018-02-28 15:32:40,0.00328000,1.38000000
2018-02-28 15:32:41,0.00328000,1.33000000
2018-02-28 15:32:41,0.00328000,1.00000000
2018-02-28 15:32:41,0.00328000,2.29000000
2018-02-28 15:32:41,0.00328200,1.80000000
2018-02-28 15:32:41,0.00328300,2.08000000
2018-02-28 15:32:42,0.00328000,4.29000000
2018-02-28 15:32:42,0.00327600,32.29000000
2018-02-28 15:32:42,0.00327600,75.11000000
2018-02-28 15:32:42,0.00327500,97.04000000
2018-02-28 15:32:42,0.00327400,3.78000000
2018-02-28 15:32:45,0.00327400,0.37000000
2018-02-28 15:32:45,0.00327400,0.77000000
2018-02-28 15:32:48,0.00327400,24.43000000
2018-02-28 15:32:49,0.00327400,0.77000000
2018-02-28 15:32:49,0.00327400,0.77000000
2018-02-28 15:32:50,0.00327400,16.51000000
2018-02-28 15:32:53,0.00327500,20.00000000
2018-02-28 15:32:53,0.00327700,26.05000000
2018-02-28 15:32:54,0.00327700,4.37000000
2018-02-28 15:32:54,0.00327500,9.49000000
2018-02-28 15:32:54,0.00327400,13.60000000
2018-02-28 15:32:57,0.00327400,25.80000000
2018-02-28 15:32:59,0.00327500,7.22000000
2018-02-28 15:33:00,0.00327500,4.63000000
2018-02-28 15:33:00,0.00327500,100.43000000
2018-02-28 15:33:02,0.00327500,0.73000000
2018-02-28 15:33:04,0.00327800,5.58000000
2018-02-28 15:33:04,0.00327800,1.50000000
2018-02-28 15:33:05,0.00327800,8.92000000
2018-02-28 15:33:06,0.00327600,26.03000000
2018-02-28 15:33:06,0.00327500,7.05000000
2018-02-28 15:33:06,0.00327500,33.58000000
2018-02-28 15:33:07,0.00327500,0.73000000
2018-02-28 15:33:09,0.00327500,4.00000000
2018-02-28 15:33:09,0.00327500,17.58000000
2018-02-28 15:33:11,0.00327500,5.82000000
2018-02-28 15:33:13,0.00327600,9.80000000
2018-02-28 15:33:14,0.00327700,19.19000000
2018-02-28 15:33:14,0.00327500,1.63000000
2018-02-28 15:33:15,0.00327500,3.94000000
2018-02-28 15:33:16,0.00327500,60.70000000
2018-02-28 15:33:16,0.00327400,8.86000000
2018-02-28 15:33:17,0.00327500,0.73000000
2018-02-28 15:33:17,0.00327700,5.97000000
2018-02-28 15:33:18,0.00327400,15.27000000
2018-02-28 15:33:19,0.00327400,3.20000000
2018-02-28 15:33:21,0.00327400,0.90000000
2018-02-28 15:33:23,0.00327400,6.37000000
2018-02-28 15:33:23,0.00327400,0.73000000
2018-02-28 15:33:25,0.00327400,14.54000000
2018-02-28 15:33:26,0.00327400,0.73000000
2018-02-28 15:33:26,0.00327400,7.75000000
2018-02-28 15:33:28,0.00327400,0.73000000
2018-02-28 15:33:30,0.00327400,45.81000000
2018-02-28 15:33:32,0.00327700,11.76000000
2018-02-28 15:33:36,0.00327400,73.30000000
2018-02-28 15:33:40,0.00327400,2.70000000
2018-02-28 15:33:41,0.00327400,37.06000000
2018-02-28 15:33:42,0.00327400,29.77000000
2018-02-28 15:33:48,0.00327700,15.80000000
2018-02-28 15:33:48,0.00327800,29.98000000
2018-02-28 15:33:48,0.00328000,3.42000000
2018-02-28 15:33:49,0.00328000,24.39000000
2018-02-28 15:33:49,0.00328000,3.57000000
2018-02-28 15:33:50,0.00328000,18.05000000
2018-02-28 15:33:51,0.00328300,4.58000000
2018-02-28 15:33:59,0.00327800,20.71000000
2018-02-28 15:34:00,0.00327600,3.06000000
2018-02-28 15:34:01,0.00327700,3.04000000
2018-02-28 15:34:24,0.00327600,11.95000000
2018-02-28 15:34:26,0.00327600,1.95000000
2018-02-28 15:34:27,0.00327600,0.58000000
2018-02-28 15:34:27,0.00327600,0.58000000
2018-02-28 15:34:28,0.00327600,0.58000000
2018-02-28 15:34:29,0.00327600,0.35000000
2018-02-28 15:34:31,0.00327600,2.52000000
2018-02-28 15:34:32,0.00327600,3.05000000
2018-02-28 15:34:33,0.00327600,0.91000000
2018-02-28 15:34:33,0.00328100,3.04000000
2018-02-28 15:34:34,0.00327600,9.11000000
2018-02-28 15:34:35,0.00327600,4.26000000
2018-02-28 15:34:36,0.00327600,2.00000000
2018-02-28 15:34:38,0.00328200,4.00000000
2018-02-28 15:34:39,0.00328200,3.04000000
2018-02-28 15:34:50,0.00328000,6.00000000
2018-02-28 15:34:52,0.00328000,19.67000000
2018-02-28 15:34:52,0.00328000,12.00000000
2018-02-28 15:34:52,0.00328000,11.03000000
2018-02-28 15:34:53,0.00328000,8.83000000
2018-02-28 15:34:53,0.00328000,3.52000000
2018-02-28 15:34:54,0.00328000,0.44000000
2018-02-28 15:34:54,0.00328000,0.44000000
2018-02-28 15:34:54,0.00328000,4.62000000
2018-02-28 15:34:54,0.00328000,0.09000000
2018-02-28 15:34:55,0.00327900,25.58000000
2018-02-28 15:34:55,0.00328200,2.11000000
2018-02-28 15:34:55,0.00328300,72.23000000
2018-02-28 15:34:55,0.00328300,0.59000000
2018-02-28 15:34:55,0.00328300,0.88000000
2018-02-28 15:34:55,0.00328300,11.44000000
2018-02-28 15:34:56,0.00328300,4.39000000
2018-02-28 15:34:56,0.00328300,8.76000000
2018-02-28 15:34:56,0.00328300,6.43000000
2018-02-28 15:34:56,0.00328300,48.51000000
2018-02-28 15:34:57,0.00327900,3.88000000
2018-02-28 15:34:59,0.00327900,0.34000000
2018-02-28 15:35:01,0.00327900,8.64000000
2018-02-28 15:35:06,0.00327900,14.52000000
2018-02-28 15:35:09,0.00327900,21.66000000
2018-02-28 15:35:13,0.00327900,9.30000000
2018-02-28 15:35:13,0.00327900,4.19000000
2018-02-28 15:35:14,0.00327900,9.37000000
2018-02-28 15:35:14,0.00328200,0.57000000
2018-02-28 15:35:15,0.00328200,2.87000000
2018-02-28 15:35:16,0.00328200,0.52000000
2018-02-28 15:35:16,0.00328200,0.52000000
2018-02-28 15:35:16,0.00328300,1.00000000
2018-02-28 15:35:17,0.00328200,0.44000000
2018-02-28 15:35:18,0.00328200,0.40000000
2018-02-28 15:35:19,0.00328200,0.37000000
2018-02-28 15:35:20,0.00328200,3.37000000
2018-02-28 15:35:22,0.00328200,0.94000000
2018-02-28 15:35:23,0.00327900,2.88000000
2018-02-28 15:35:24,0.00327900,2.84000000
2018-02-28 15:35:27,0.00328000,2.84000000
2018-02-28 15:35:27,0.00328000,36.77000000
2018-02-28 15:35:28,0.00328200,0.28000000
2018-02-28 15:35:28,0.00328200,1.77000000
2018-02-28 15:35:28,0.00328000,51.85000000
2018-02-28 15:35:29,0.00328000,0.34000000
2018-02-28 15:35:29,0.00328000,54.26000000
2018-02-28 15:35:30,0.00328000,1.22000000
2018-02-28 15:35:31,0.00328000,26.82000000
2018-02-28 15:35:32,0.00328300,3.04000000
2018-02-28 15:35:32,0.00328000,12.13000000
2018-02-28 15:35:33,0.00328000,1.22000000
2018-02-28 15:35:35,0.00328000,12.20000000
2018-02-28 15:35:36,0.00328000,13.19000000
2018-02-28 15:35:37,0.00328300,4.12000000
2018-02-28 15:35:37,0.00328000,5.33000000
2018-02-28 15:35:38,0.00328000,1.01000000
2018-02-28 15:35:42,0.00328000,0.59000000
2018-02-28 15:35:46,0.00328000,45.12000000
2018-02-28 15:35:47,0.00328000,22.56000000
2018-02-28 15:35:47,0.00328200,10.52000000
2018-02-28 15:35:47,0.00328300,22.83000000
2018-02-28 15:35:47,0.00328400,101.45000000
2018-02-28 15:35:47,0.00328500,35.90000000
2018-02-28 15:35:50,0.00328000,11.28000000
2018-02-28 15:35:52,0.00328000,0.76000000
2018-02-28 15:35:52,0.00328500,111.97000000
2018-02-28 15:35:53,0.00328000,7.01000000
2018-02-28 15:35:54,0.00328000,20.47000000
2018-02-28 15:36:01,0.00328000,66.05000000
2018-02-28 15:36:09,0.00328000,9.80000000
2018-02-28 15:36:09,0.00328400,22.34000000
2018-02-28 15:36:11,0.00328000,1.80000000
2018-02-28 15:36:12,0.00328000,2.11000000
2018-02-28 15:36:13,0.00328000,2.11000000
2018-02-28 15:36:13,0.00328000,1.99000000
2018-02-28 15:36:13,0.00328400,3.66000000
2018-02-28 15:36:14,0.00328400,1.71000000
2018-02-28 15:36:16,0.00328400,1.50000000
2018-02-28 15:36:16,0.00328400,1.00000000
2018-02-28 15:36:17,0.00328400,0.93000000
2018-02-28 15:36:19,0.00328400,0.85000000
2018-02-28 15:36:20,0.00328400,0.78000000
2018-02-28 15:36:21,0.00328400,0.71000000
2018-02-28 15:36:21,0.00328500,6.32000000
2018-02-28 15:36:21,0.00328400,0.46000000
2018-02-28 15:36:21,0.00328000,0.25000000
2018-02-28 15:36:22,0.00328400,0.65000000
2018-02-28 15:36:23,0.00328400,0.22000000
2018-02-28 15:36:23,0.00328000,0.31000000
2018-02-28 15:36:25,0.00328400,0.48000000
2018-02-28 15:36:25,0.00328400,2.29000000
2018-02-28 15:36:26,0.00328400,0.40000000
2018-02-28 15:36:26,0.00328400,1.44000000
2018-02-28 15:36:26,0.00328100,9.75000000
2018-02-28 15:36:26,0.00328000,1.72000000
2018-02-28 15:36:27,0.00328000,0.40000000
2018-02-28 15:36:27,0.00328000,0.40000000
2018-02-28 15:36:28,0.00328000,0.34000000
2018-02-28 15:36:31,0.00328000,0.92000000
2018-02-28 15:36:32,0.00328000,1.08000000
2018-02-28 15:36:33,0.00328000,6.09000000
2018-02-28 15:36:33,0.00328000,0.93000000
2018-02-28 15:36:33,0.00328400,12.15000000
2018-02-28 15:36:35,0.00328000,84.08000000
2018-02-28 15:36:35,0.00328000,0.68000000
2018-02-28 15:36:36,0.00328400,3.04000000
2018-02-28 15:36:36,0.00328300,2.41000000
2018-02-28 15:36:39,0.00328200,3.04000000
2018-02-28 15:36:40,0.00328100,2.88000000
2018-02-28 15:36:41,0.00328100,3.28000000
2018-02-28 15:36:42,0.00328100,1.52000000
2018-02-28 15:36:42,0.00328200,1.10000000
2018-02-28 15:36:42,0.00328100,1.18000000
2018-02-28 15:36:45,0.00328200,0.31000000
2018-02-28 15:36:47,0.00328200,1.10000000
2018-02-28 15:36:49,0.00328100,27.09000000
2018-02-28 15:36:49,0.00328000,55.84000000
2018-02-28 15:36:49,0.00328000,31.77000000
2018-02-28 15:36:51,0.00328100,0.87000000
2018-02-28 15:36:53,0.00328200,31.48000000
2018-02-28 15:36:54,0.00328100,0.65000000
2018-02-28 15:36:54,0.00328000,2.23000000
2018-02-28 15:37:01,0.00328200,2.33000000
2018-02-28 15:37:08,0.00328200,18.18000000
2018-02-28 15:37:11,0.00328100,2.00000000
2018-02-28 15:37:13,0.00328100,28.27000000
2018-02-28 15:37:14,0.00328100,0.58000000
2018-02-28 15:37:18,0.00328300,0.32000000
2018-02-28 15:37:21,0.00328400,0.71000000
2018-02-28 15:37:22,0.00328500,0.38000000
2018-02-28 15:37:22,0.00328500,0.38000000
2018-02-28 15:37:23,0.00328500,4.61000000
2018-02-28 15:37:24,0.00328500,3.92000000
2018-02-28 15:37:26,0.00328800,1.65000000
2018-02-28 15:37:28,0.00328600,2.77000000
2018-02-28 15:37:28,0.00328600,12.74000000
2018-02-28 15:37:28,0.00328600,19.14000000
2018-02-28 15:37:30,0.00328300,11.39000000
2018-02-28 15:37:32,0.00328300,4.10000000
2018-02-28 15:37:34,0.00328300,1.48000000
2018-02-28 15:37:35,0.00328300,9.71000000
2018-02-28 15:37:37,0.00328500,19.64000000
2018-02-28 15:37:43,0.00328500,6.34000000
2018-02-28 15:37:43,0.00328600,1.20000000
2018-02-28 15:37:44,0.00328500,17.40000000
2018-02-28 15:37:44,0.00328600,34.54000000
2018-02-28 15:37:45,0.00328300,4.61000000
2018-02-28 15:37:48,0.00328300,0.45000000
2018-02-28 15:37:59,0.00328400,9.00000000
2018-02-28 15:38:02,0.00328400,0.34000000
2018-02-28 15:38:04,0.00328400,19.52000000
2018-02-28 15:38:08,0.00328400,29.65000000
2018-02-28 15:38:09,0.00328400,6.46000000
2018-02-28 15:38:09,0.00328400,19.89000000
2018-02-28 15:38:12,0.00328400,9.94000000
2018-02-28 15:38:14,0.00328400,14.82000000
2018-02-28 15:38:16,0.00328400,13.45000000
2018-02-28 15:38:24,0.00328400,0.01000000
2018-02-28 15:38:26,0.00328400,3.00000000
2018-02-28 15:38:28,0.00328500,9.37000000
2018-02-28 15:38:28,0.00328500,4.43000000
2018-02-28 15:38:30,0.00328500,3.04000000
2018-02-28 15:38:31,0.00328500,0.32000000
2018-02-28 15:38:34,0.00328500,1.57000000
2018-02-28 15:38:38,0.00328500,2.72000000
2018-02-28 15:38:39,0.00328500,9.87000000
2018-02-28 15:38:40,0.00328500,36.77000000
2018-02-28 15:38:43,0.00328400,9.74000000
2018-02-28 15:38:44,0.00328500,5.92000000
2018-02-28 15:38:44,0.00328500,0.50000000
2018-02-28 15:38:45,0.00328500,10.00000000
2018-02-28 15:38:46,0.00328400,17.34000000
2018-02-28 15:38:52,0.00328400,4.56000000
2018-02-28 15:38:59,0.00328500,6.06000000
2018-02-28 15:38:59,0.00328400,1.52000000
2018-02-28 15:39:01,0.00328400,3.00000000
2018-02-28 15:39:02,0.00328400,0.34000000
2018-02-28 15:39:08,0.00328400,16.00000000
2018-02-28 15:39:09,0.00328400,1.30000000
2018-02-28 15:39:17,0.00328400,0.04000000
2018-02-28 15:39:18,0.00328500,1.58000000
2018-02-28 15:39:22,0.00328400,17.28000000
2018-02-28 15:39:22,0.00328500,0.43000000
2018-02-28 15:39:23,0.00328500,12.93000000
2018-02-28 15:39:26,0.00328400,83.04000000
2018-02-28 15:39:26,0.00328300,88.19000000
2018-02-28 15:39:26,0.00328300,3.42000000
2018-02-28 15:39:35,0.00328400,3.78000000
2018-02-28 15:39:35,0.00328300,9.31000000
2018-02-28 15:39:37,0.00328300,14.53000000
2018-02-28 15:39:40,0.00328200,9.86000000
2018-02-28 15:39:41,0.00328200,66.34000000
2018-02-28 15:39:47,0.00328200,1.30000000
2018-02-28 15:39:52,0.00328100,10.69000000
2018-02-28 15:39:52,0.00327900,46.15000000
2018-02-28 15:39:52,0.00327800,9.15000000
2018-02-28 15:39:52,0.00327700,19.27000000
2018-02-28 15:39:52,0.00327600,34.03000000
2018-02-28 15:39:52,0.00327200,26.93000000
2018-02-28 15:39:52,0.00327100,55.08000000
2018-02-28 15:39:52,0.00327000,0.36000000
2018-02-28 15:39:52,0.00326800,2.74000000
2018-02-28 15:39:52,0.00326700,7.27000000
2018-02-28 15:39:56,0.00327900,3.62000000
2018-02-28 15:39:56,0.00327400,0.77000000
2018-02-28 15:39:58,0.00327400,0.62000000
2018-02-28 15:39:59,0.00327400,0.15000000
2018-02-28 15:39:59,0.00327900,22.34000000
2018-02-28 15:39:59,0.00328000,9.15000000
2018-02-28 15:39:59,0.00328200,12.04000000
2018-02-28 15:39:59,0.00328200,7.70000000
2018-02-28 15:39:59,0.00328200,2.47000000
2018-02-28 15:40:00,0.00328200,37.70000000
2018-02-28 15:40:00,0.00327300,1.78000000
2018-02-28 15:40:00,0.00327000,171.10000000
2018-02-28 15:40:00,0.00327000,9.29000000
2018-02-28 15:40:00,0.00327000,11.15000000
2018-02-28 15:40:00,0.00327000,82.32000000
2018-02-28 15:40:00,0.00327000,3.04000000
2018-02-28 15:40:00,0.00327000,11.15000000
2018-02-28 15:40:00,0.00327000,1.23000000
2018-02-28 15:40:01,0.00327000,15.00000000
2018-02-28 15:40:01,0.00327000,55.35000000
2018-02-28 15:40:01,0.00327000,15.00000000
2018-02-28 15:40:01,0.00327000,15.29000000
2018-02-28 15:40:01,0.00327000,3.00000000
2018-02-28 15:40:01,0.00327000,8.84000000
2018-02-28 15:40:01,0.00327000,0.51000000
2018-02-28 15:40:02,0.00327000,2.29000000
2018-02-28 15:40:02,0.00327000,15.00000000
2018-02-28 15:40:02,0.00327000,8.62000000
2018-02-28 15:40:02,0.00327600,9.31000000
2018-02-28 15:40:05,0.00328000,2.29000000
2018-02-28 15:40:11,0.00327500,0.80000000
2018-02-28 15:40:12,0.00327500,0.92000000
2018-02-28 15:40:13,0.00327500,10.27000000
2018-02-28 15:40:14,0.00327500,1.54000000
2018-02-28 15:40:16,0.00327600,1.00000000
2018-02-28 15:40:16,0.00327500,0.68000000
2018-02-28 15:40:21,0.00327600,2.73000000
2018-02-28 15:40:29,0.00327900,14.84000000
2018-02-28 15:40:29,0.00328000,74.57000000
2018-02-28 15:40:30,0.00327700,0.38000000
2018-02-28 15:40:30,0.00327700,0.62000000
2018-02-28 15:40:30,0.00327500,2.56000000
2018-02-28 15:40:35,0.00327500,6.25000000
2018-02-28 15:40:37,0.00327500,4.63000000
2018-02-28 15:40:40,0.00327500,48.85000000
2018-02-28 15:40:43,0.00327600,9.38000000
2018-02-28 15:40:43,0.00328000,51.28000000
2018-02-28 15:40:45,0.00327600,0.57000000
2018-02-28 15:40:45,0.00327500,103.13000000
2018-02-28 15:40:50,0.00326800,5.71000000
2018-02-28 15:40:54,0.00326800,4.34000000
2018-02-28 15:40:54,0.00326700,0.28000000
2018-02-28 15:40:56,0.00327400,4.83000000
2018-02-28 15:40:59,0.00327400,3.05000000
2018-02-28 15:41:05,0.00327300,1.22000000
2018-02-28 15:41:06,0.00327200,1.29000000
2018-02-28 15:41:06,0.00327300,114.52000000
2018-02-28 15:41:06,0.00327400,48.85000000
2018-02-28 15:41:08,0.00327500,8.00000000
2018-02-28 15:41:08,0.00327500,63.19000000
2018-02-28 15:41:09,0.00327500,1.48000000
2018-02-28 15:41:11,0.00327500,0.47000000
2018-02-28 15:41:17,0.00327500,2.68000000
2018-02-28 15:41:18,0.00327500,6.92000000
2018-02-28 15:41:20,0.00327500,4.72000000
2018-02-28 15:41:21,0.00327500,0.01000000
2018-02-28 15:41:21,0.00327400,4.00000000
2018-02-28 15:41:22,0.00327500,1.32000000
2018-02-28 15:41:25,0.00327500,1.22000000
2018-02-28 15:41:25,0.00327500,2.84000000
2018-02-28 15:41:27,0.00327500,1.57000000
2018-02-28 15:41:35,0.00327500,193.44000000
2018-02-28 15:41:38,0.00327500,3.05000000
2018-02-28 15:41:46,0.00327500,11.36000000
2018-02-28 15:41:48,0.00327500,14.80000000
2018-02-28 15:41:55,0.00327400,143.77000000
2018-02-28 15:42:01,0.00327400,38.45000000
2018-02-28 15:42:01,0.00327000,57.85000000
2018-02-28 15:42:04,0.00327500,7.63000000
2018-02-28 15:42:05,0.00327500,2.44000000
2018-02-28 15:42:06,0.00327500,0.43000000
2018-02-28 15:42:06,0.00327500,1.22000000
2018-02-28 15:42:08,0.00327500,8.93000000
2018-02-28 15:42:09,0.00327000,25.14000000
2018-02-28 15:42:11,0.00327500,3.08000000
2018-02-28 15:42:13,0.00327500,1.22000000
2018-02-28 15:42:16,0.00327500,1.22000000
2018-02-28 15:42:18,0.00327500,5.64000000
2018-02-28 15:42:20,0.00327500,1.59000000
2018-02-28 15:42:21,0.00327500,1.49000000
2018-02-28 15:42:21,0.00327500,1.22000000
2018-02-28 15:42:22,0.00327500,1.59000000
2018-02-28 15:42:24,0.00327500,12.71000000
2018-02-28 15:42:26,0.00327500,84.70000000
2018-02-28 15:42:32,0.00327500,8.42000000
2018-02-28 15:42:45,0.00327100,2.50000000
2018-02-28 15:42:45,0.00327100,0.50000000
2018-02-28 15:42:53,0.00327500,0.48000000
2018-02-28 15:43:02,0.00327200,2.15000000
2018-02-28 15:43:02,0.00327500,1.22000000
2018-02-28 15:43:05,0.00327500,2.08000000
2018-02-28 15:43:05,0.00327500,135.92000000
2018-02-28 15:43:05,0.00327500,55.48000000
2018-02-28 15:43:05,0.00327600,8.59000000
2018-02-28 15:43:09,0.00327900,10.06000000
2018-02-28 15:43:15,0.00327600,2.95000000
2018-02-28 15:43:16,0.00327600,86.21000000
2018-02-28 15:43:17,0.00327600,0.60000000
2018-02-28 15:43:17,0.00327900,101.00000000
2018-02-28 15:43:23,0.00327900,65.87000000
2018-02-28 15:43:23,0.00328000,95.60000000
2018-02-28 15:43:24,0.00328000,107.50000000
2018-02-28 15:43:24,0.00328000,14.07000000
2018-02-28 15:43:24,0.00328000,3.83000000
2018-02-28 15:43:24,0.00328000,15.24000000
2018-02-28 15:43:24,0.00328000,3.98000000
2018-02-28 15:43:24,0.00328000,255.63000000
2018-02-28 15:43:24,0.00327600,132.22000000
2018-02-28 15:43:26,0.00327900,25.05000000
2018-02-28 15:43:27,0.00327900,3.11000000
2018-02-28 15:43:29,0.00327900,0.87000000
2018-02-28 15:43:30,0.00328200,3.02000000
2018-02-28 15:43:30,0.00328300,3.98000000
2018-02-28 15:43:34,0.00327900,13.22000000
2018-02-28 15:43:35,0.00327900,5.57000000
2018-02-28 15:43:35,0.00327700,2.24000000
2018-02-28 15:43:35,0.00327600,130.93000000
2018-02-28 15:43:35,0.00327500,12.04000000
2018-02-28 15:43:35,0.00327100,71.55000000
2018-02-28 15:43:36,0.00328300,5.36000000
2018-02-28 15:43:44,0.00328200,1.54000000
2018-02-28 15:43:44,0.00328300,21.58000000
2018-02-28 15:43:44,0.00328300,51.40000000
2018-02-28 15:43:44,0.00328300,3.03000000
2018-02-28 15:43:44,0.00328300,4.71000000
2018-02-28 15:43:44,0.00328300,4.71000000
2018-02-28 15:43:44,0.00328300,2.80000000
2018-02-28 15:43:45,0.00328300,1.00000000
2018-02-28 15:43:45,0.00328300,7.54000000
2018-02-28 15:43:50,0.00328300,1.31000000
2018-02-28 15:43:51,0.00328500,2.51000000
2018-02-28 15:43:54,0.00328300,193.61000000
2018-02-28 15:43:54,0.00328600,3.47000000
2018-02-28 15:43:55,0.00328600,1.50000000
2018-02-28 15:43:55,0.00329000,9.11000000
2018-02-28 15:44:00,0.00328300,2.00000000
2018-02-28 15:44:01,0.00328300,4.37000000
2018-02-28 15:44:03,0.00328300,4.63000000
2018-02-28 15:44:04,0.00329000,13.85000000
2018-02-28 15:44:04,0.00329000,3.41000000
2018-02-28 15:44:04,0.00328300,3.03000000
2018-02-28 15:44:07,0.00328500,20.96000000
2018-02-28 15:44:07,0.00329200,10.00000000
2018-02-28 15:44:07,0.00329400,0.97000000
2018-02-28 15:44:07,0.00329500,14.03000000
2018-02-28 15:44:10,0.00328300,66.40000000
2018-02-28 15:44:10,0.00328300,7.38000000
2018-02-28 15:44:10,0.00327900,4.03000000
2018-02-28 15:44:10,0.00327800,16.36000000
2018-02-28 15:44:11,0.00328300,4.00000000
2018-02-28 15:44:11,0.00327800,52.76000000
2018-02-28 15:44:14,0.00327900,0.80000000
2018-02-28 15:44:17,0.00328400,0.77000000
2018-02-28 15:44:17,0.00328400,1.30000000
2018-02-28 15:44:19,0.00328400,3.44000000
2018-02-28 15:44:20,0.00328400,4.63000000
2018-02-28 15:44:30,0.00328400,4.63000000
2018-02-28 15:44:35,0.00328900,3.04000000
2018-02-28 15:44:40,0.00328400,4.63000000
2018-02-28 15:44:40,0.00328400,6.01000000
2018-02-28 15:44:41,0.00328400,3.74000000
2018-02-28 15:44:41,0.00328100,26.12000000
2018-02-28 15:44:41,0.00328000,107.88000000
2018-02-28 15:44:42,0.00328800,1.42000000
2018-02-28 15:44:43,0.00328000,0.86000000
2018-02-28 15:44:44,0.00328000,13.77000000
2018-02-28 15:44:56,0.00328400,1.83000000
2018-02-28 15:44:56,0.00328500,16.72000000
2018-02-28 15:45:01,0.00328000,0.55000000
2018-02-28 15:45:05,0.00328000,12.94000000
2018-02-28 15:45:13,0.00328000,11.35000000
2018-02-28 15:45:22,0.00328000,3.46000000
2018-02-28 15:45:30,0.00328300,12.73000000
2018-02-28 15:45:32,0.00327800,1.54000000
2018-02-28 15:45:45,0.00328300,2.30000000
2018-02-28 15:45:46,0.00327900,3.04000000
2018-02-28 15:45:49,0.00327900,26.12000000
2018-02-28 15:45:52,0.00328000,3.04000000
2018-02-28 15:45:53,0.00328000,0.50000000
2018-02-28 15:45:53,0.00328000,1.95000000
2018-02-28 15:45:55,0.00328100,21.10000000
2018-02-28 15:45:57,0.00328100,5.00000000
2018-02-28 15:45:58,0.00328000,3.46000000
2018-02-28 15:45:59,0.00328000,3.31000000
2018-02-28 15:46:03,0.00328000,0.38000000
2018-02-28 15:46:12,0.00328200,21.53000000
2018-02-28 15:46:16,0.00328200,17.62000000
2018-02-28 15:46:34,0.00328300,0.82000000
2018-02-28 15:46:36,0.00328300,8.32000000
2018-02-28 15:46:36,0.00328200,0.03000000
2018-02-28 15:46:36,0.00328500,3.77000000
2018-02-28 15:46:37,0.00328500,106.96000000
2018-02-28 15:46:37,0.00328500,12.75000000
2018-02-28 15:46:37,0.00328500,5.69000000
2018-02-28 15:46:38,0.00328500,6.87000000
2018-02-28 15:46:38,0.00328500,3.00000000
2018-02-28 15:46:40,0.00328600,4.63000000
2018-02-28 15:46:41,0.00328500,6.58000000
2018-02-28 15:46:42,0.00329000,1.77000000
2018-02-28 15:46:50,0.00328700,0.37000000
2018-02-28 15:46:52,0.00328700,8.75000000
2018-02-28 15:46:52,0.00328600,8.75000000
2018-02-28 15:46:52,0.00328600,8.75000000
2018-02-28 15:46:52,0.00328600,4.63000000
2018-02-28 15:46:53,0.00328600,4.00000000
2018-02-28 15:46:53,0.00328500,0.37000000
2018-02-28 15:46:54,0.00328500,1.46000000
2018-02-28 15:46:55,0.00328500,0.50000000
2018-02-28 15:46:55,0.00328500,4.48000000
2018-02-28 15:46:55,0.00328500,3.71000000
2018-02-28 15:46:56,0.00328500,10.56000000
2018-02-28 15:46:56,0.00328500,5.26000000
2018-02-28 15:46:57,0.00328500,1.29000000
2018-02-28 15:46:58,0.00328500,8.70000000
2018-02-28 15:46:59,0.00328500,1.54000000
2018-02-28 15:46:59,0.00328500,12.18000000
2018-02-28 15:47:00,0.00328700,0.01000000
2018-02-28 15:47:00,0.00329000,28.63000000
2018-02-28 15:47:00,0.00329100,7.70000000
2018-02-28 15:47:00,0.00329200,105.56000000
2018-02-28 15:47:02,0.00328500,1.31000000
2018-02-28 15:47:14,0.00328600,0.73000000
2018-02-28 15:47:15,0.00328600,1.24000000
2018-02-28 15:47:15,0.00329000,4.94000000
2018-02-28 15:47:15,0.00329100,28.63000000
2018-02-28 15:47:21,0.00328600,3.64000000
2018-02-28 15:47:22,0.00328700,9.10000000
2018-02-28 15:47:30,0.00329000,57.07000000
2018-02-28 15:47:30,0.00329400,108.54000000
2018-02-28 15:47:30,0.00329500,26.47000000
2018-02-28 15:47:30,0.00329600,179.10000000
2018-02-28 15:47:30,0.00329700,36.47000000
2018-02-28 15:47:30,0.00329800,2.00000000
2018-02-28 15:47:30,0.00329900,64.20000000
2018-02-28 15:47:30,0.00330000,29.88000000
2018-02-28 15:47:30,0.00328700,0.02000000
2018-02-28 15:47:30,0.00328600,29.56000000
2018-02-28 15:47:30,0.00328500,77.22000000
2018-02-28 15:47:30,0.00328300,1.52000000
2018-02-28 15:47:30,0.00328200,58.89000000
2018-02-28 15:47:30,0.00328100,159.58000000
2018-02-28 15:47:30,0.00328000,78.52000000
2018-02-28 15:47:30,0.00327900,0.97000000
2018-02-28 15:47:30,0.00327800,231.81000000
2018-02-28 15:47:30,0.00330000,4.00000000
2018-02-28 15:47:30,0.00327900,27.40000000
2018-02-28 15:47:30,0.00327900,2.09000000
2018-02-28 15:47:31,0.00329800,2.00000000
2018-02-28 15:47:32,0.00328900,3.03000000
2018-02-28 15:47:33,0.00328900,0.89000000
2018-02-28 15:47:33,0.00328700,4.13000000
2018-02-28 15:47:33,0.00328700,1.82000000
2018-02-28 15:47:36,0.00328200,1.54000000
2018-02-28 15:47:37,0.00328700,83.88000000
2018-02-28 15:47:37,0.00328800,26.04000000
2018-02-28 15:47:37,0.00328900,27.40000000
2018-02-28 15:47:37,0.00329000,0.83000000
2018-02-28 15:47:37,0.00329100,3.03000000
2018-02-28 15:47:37,0.00329200,0.88000000
2018-02-28 15:47:37,0.00329500,29.47000000
2018-02-28 15:47:37,0.00329600,4.50000000
2018-02-28 15:47:37,0.00329700,15.00000000
2018-02-28 15:47:37,0.00329900,18.97000000
2018-02-28 15:47:38,0.00328400,1.08000000
2018-02-28 15:47:38,0.00328400,0.77000000
2018-02-28 15:47:40,0.00328600,0.71000000
2018-02-28 15:47:56,0.00328700,17.29000000
2018-02-28 15:47:57,0.00328800,4.87000000
2018-02-28 15:47:58,0.00328500,0.44000000
2018-02-28 15:48:00,0.00329200,0.71000000
2018-02-28 15:48:01,0.00329200,4.20000000
2018-02-28 15:48:01,0.00328600,9.81000000
2018-02-28 15:48:07,0.00329200,0.85000000
2018-02-28 15:48:10,0.00329200,0.80000000
2018-02-28 15:48:14,0.00328700,15.39000000
2018-02-28 15:48:16,0.00328800,0.77000000
2018-02-28 15:48:16,0.00328800,1.08000000
2018-02-28 15:48:23,0.00328900,9.12000000
2018-02-28 15:48:26,0.00328900,67.58000000
2018-02-28 15:48:26,0.00329000,4.07000000
2018-02-28 15:48:26,0.00329200,4.28000000
2018-02-28 15:48:26,0.00329200,0.50000000
2018-02-28 15:48:27,0.00329200,12.71000000
2018-02-28 15:48:28,0.00328800,7.27000000
2018-02-28 15:48:28,0.00328700,85.73000000
2018-02-28 15:48:30,0.00328800,23.16000000
2018-02-28 15:48:31,0.00328800,2.93000000
2018-02-28 15:48:31,0.00328700,4.49000000
2018-02-28 15:48:31,0.00328700,17.00000000
2018-02-28 15:48:31,0.00328800,9.12000000
2018-02-28 15:48:33,0.00328800,1.51000000
2018-02-28 15:48:36,0.00328800,3.03000000
2018-02-28 15:48:36,0.00328700,20.69000000
2018-02-28 15:48:37,0.00328700,15.29000000
2018-02-28 15:48:38,0.00328700,15.29000000
2018-02-28 15:48:39,0.00328800,5.70000000
2018-02-28 15:48:39,0.00328700,1.19000000
2018-02-28 15:48:40,0.00328700,2.93000000
2018-02-28 15:48:45,0.00328700,15.29000000
2018-02-28 15:48:52,0.00328700,4.95000000
2018-02-28 15:48:52,0.00328800,4.32000000
2018-02-28 15:48:52,0.00329000,44.90000000
2018-02-28 15:49:02,0.00329100,36.23000000
2018-02-28 15:49:07,0.00329100,9.11000000
2018-02-28 15:49:08,0.00329000,13.69000000
2018-02-28 15:49:09,0.00329000,1.07000000
2018-02-28 15:49:16,0.00329000,1.54000000
2018-02-28 15:49:19,0.00329000,1.54000000
2018-02-28 15:49:21,0.00329100,9.11000000
2018-02-28 15:49:26,0.00329100,36.97000000
2018-02-28 15:49:29,0.00329000,0.73000000
2018-02-28 15:49:31,0.00329000,1.54000000
2018-02-28 15:49:32,0.00329100,13.76000000
2018-02-28 15:49:35,0.00329000,1.54000000
2018-02-28 15:49:36,0.00329100,58.45000000
2018-02-28 15:49:38,0.00329100,1.31000000
2018-02-28 15:49:43,0.00329100,72.88000000
2018-02-28 15:49:49,0.00329100,85.47000000
2018-02-28 15:49:49,0.00329100,137.24000000
2018-02-28 15:49:50,0.00329000,1.54000000
2018-02-28 15:49:50,0.00329000,59.54000000
2018-02-28 15:49:50,0.00328700,11.41000000
2018-02-28 15:49:50,0.00328600,16.23000000
2018-02-28 15:49:52,0.00328500,20.00000000
2018-02-28 15:49:54,0.00329000,7.93000000
2018-02-28 15:49:56,0.00328500,10.80000000
2018-02-28 15:49:57,0.00328500,1.54000000
2018-02-28 15:49:57,0.00328500,2.31000000
2018-02-28 15:49:58,0.00328500,0.68000000
2018-02-28 15:50:02,0.00328500,6.65000000
2018-02-28 15:50:02,0.00328500,1.54000000
2018-02-28 15:50:05,0.00329000,11.84000000
2018-02-28 15:50:05,0.00328500,140.15000000
2018-02-28 15:50:05,0.00328200,36.34000000
2018-02-28 15:50:05,0.00328000,15.40000000
2018-02-28 15:50:05,0.00327900,82.27000000
2018-02-28 15:50:05,0.00327800,225.84000000
2018-02-28 15:50:06,0.00327800,1.54000000
2018-02-28 15:50:07,0.00328600,9.13000000
2018-02-28 15:50:07,0.00328000,3.04000000
2018-02-28 15:50:07,0.00327900,3.39000000
2018-02-28 15:50:07,0.00327800,8.75000000
2018-02-28 15:50:07,0.00327700,1.80000000
2018-02-28 15:50:07,0.00327600,100.00000000
2018-02-28 15:50:07,0.00327500,33.73000000
2018-02-28 15:50:07,0.00327300,121.53000000
2018-02-28 15:50:07,0.00327200,36.54000000
2018-02-28 15:50:07,0.00327100,103.20000000
2018-02-28 15:50:07,0.00327000,30.50000000
2018-02-28 15:50:07,0.00327000,13.39000000
2018-02-28 15:50:07,0.00327000,10.07000000
2018-02-28 15:50:07,0.00327000,3.05000000
2018-02-28 15:50:07,0.00327000,23.43000000
2018-02-28 15:50:07,0.00327000,155.00000000
2018-02-28 15:50:07,0.00326900,1.42000000
2018-02-28 15:50:07,0.00326800,1.63000000
2018-02-28 15:50:07,0.00327000,3.78000000
2018-02-28 15:50:07,0.00327000,82.44000000
2018-02-28 15:50:07,0.00327000,227.07000000
2018-02-28 15:50:07,0.00327000,93.07000000
2018-02-28 15:50:10,0.00328100,3.04000000
2018-02-28 15:50:19,0.00327300,0.76000000
2018-02-28 15:50:19,0.00326900,0.68000000
2018-02-28 15:50:20,0.00326900,2.99000000
2018-02-28 15:50:20,0.00326900,2.43000000
2018-02-28 15:50:20,0.00326900,1.37000000
2018-02-28 15:50:20,0.00326900,3.63000000
2018-02-28 15:50:20,0.00326900,1.37000000
2018-02-28 15:50:20,0.00326900,8.85000000
2018-02-28 15:50:20,0.00327300,0.77000000
2018-02-28 15:50:20,0.00327500,4.23000000
2018-02-28 15:50:20,0.00327900,6.11000000
2018-02-28 15:50:20,0.00327900,11.10000000
2018-02-28 15:50:21,0.00326900,1.22000000
2018-02-28 15:50:21,0.00326800,0.41000000
2018-02-28 15:50:21,0.00327000,3.39000000
2018-02-28 15:50:23,0.00327000,5.10000000
2018-02-28 15:50:23,0.00326900,4.00000000
2018-02-28 15:50:24,0.00326900,1.32000000
2018-02-28 15:50:24,0.00326900,1.45000000
2018-02-28 15:50:24,0.00326900,1.00000000
2018-02-28 15:50:25,0.00326900,1.16000000
2018-02-28 15:50:25,0.00326900,1.22000000
2018-02-28 15:50:26,0.00326900,1.32000000
2018-02-28 15:50:27,0.00326900,11.37000000
2018-02-28 15:50:27,0.00326900,1.34000000
2018-02-28 15:50:28,0.00326900,7.09000000
2018-02-28 15:50:28,0.00326900,1.22000000
2018-02-28 15:50:29,0.00326900,0.62000000
2018-02-28 15:50:29,0.00326800,1.52000000
2018-02-28 15:50:30,0.00326900,1.33000000
2018-02-28 15:50:31,0.00326900,14.70000000
2018-02-28 15:50:36,0.00326900,2.38000000
2018-02-28 15:50:36,0.00326900,0.92000000
2018-02-28 15:50:36,0.00327600,0.70000000
2018-02-28 15:50:40,0.00327600,9.17000000
2018-02-28 15:50:40,0.00327700,3.24000000
2018-02-28 15:50:47,0.00327600,0.88000000
2018-02-28 15:50:50,0.00327000,4.57000000
2018-02-28 15:50:55,0.00327000,6.79000000
2018-02-28 15:50:58,0.00327500,13.12000000
2018-02-28 15:50:58,0.00327600,9.17000000
2018-02-28 15:50:59,0.00327600,17.80000000
2018-02-28 15:51:00,0.00327600,0.83000000
2018-02-28 15:51:00,0.00327600,0.53000000
2018-02-28 15:51:01,0.00327600,4.22000000
2018-02-28 15:51:05,0.00327700,1.22000000
2018-02-28 15:51:08,0.00327700,1.66000000
2018-02-28 15:51:08,0.00327000,13.99000000
2018-02-28 15:51:10,0.00327700,1.22000000
2018-02-28 15:51:14,0.00327400,30.53000000
2018-02-28 15:51:14,0.00327700,3.60000000
2018-02-28 15:51:14,0.00327400,6.37000000
2018-02-28 15:51:15,0.00327700,34.82000000
2018-02-28 15:51:19,0.00327400,2.89000000
2018-02-28 15:51:20,0.00327400,3.91000000
2018-02-28 15:51:20,0.00327600,0.93000000
2018-02-28 15:51:39,0.00327600,0.35000000
2018-02-28 15:51:40,0.00327500,0.74000000
2018-02-28 15:51:43,0.00327600,37.55000000
2018-02-28 15:51:52,0.00327500,39.01000000
2018-02-28 15:51:55,0.00327600,10.47000000
2018-02-28 15:51:56,0.00327500,0.97000000
2018-02-28 15:52:04,0.00327600,7.10000000
2018-02-28 15:52:06,0.00327700,28.23000000
2018-02-28 15:52:07,0.00327700,2.50000000
2018-02-28 15:52:10,0.00327700,0.55000000
2018-02-28 15:52:14,0.00327700,6.22000000
2018-02-28 15:52:14,0.00327600,7.17000000
2018-02-28 15:52:21,0.00327800,0.88000000
2018-02-28 15:52:35,0.00327700,7.65000000
2018-02-28 15:52:35,0.00327600,1.09000000
2018-02-28 15:52:42,0.00327800,3.86000000
2018-02-28 15:52:42,0.00327800,23.14000000
2018-02-28 15:52:42,0.00327800,1.48000000
2018-02-28 15:52:43,0.00327800,20.75000000
2018-02-28 15:52:43,0.00327800,23.13000000
2018-02-28 15:52:44,0.00327600,2.73000000
2018-02-28 15:52:44,0.00327500,7.27000000
2018-02-28 15:52:44,0.00327500,70.09000000
2018-02-28 15:52:44,0.00327100,120.19000000
2018-02-28 15:52:45,0.00327800,23.14000000
2018-02-28 15:52:46,0.00327800,5.00000000
2018-02-28 15:52:46,0.00327800,0.64000000
2018-02-28 15:52:47,0.00327800,23.13000000
2018-02-28 15:52:49,0.00327600,6.10000000
2018-02-28 15:52:54,0.00327700,51.39000000
2018-02-28 15:52:54,0.00327800,28.98000000
2018-02-28 15:52:55,0.00327800,24.73000000
2018-02-28 15:53:02,0.00327800,0.01000000
2018-02-28 15:53:05,0.00327800,15.99000000
2018-02-28 15:53:05,0.00328100,6.71000000
2018-02-28 15:53:05,0.00328200,12.56000000
2018-02-28 15:53:07,0.00328200,22.62000000
2018-02-28 15:53:07,0.00328500,1.79000000
2018-02-28 15:53:07,0.00328600,22.53000000
2018-02-28 15:53:07,0.00328900,26.05000000
2018-02-28 15:53:11,0.00328000,24.19000000
2018-02-28 15:53:14,0.00328000,2.85000000
2018-02-28 15:53:15,0.00327300,19.20000000
2018-02-28 15:53:17,0.00328000,0.05000000
2018-02-28 15:53:25,0.00327700,0.71000000
2018-02-28 15:53:26,0.00328300,0.71000000
2018-02-28 15:53:26,0.00328300,1.00000000
2018-02-28 15:53:29,0.00328000,1.02000000
2018-02-28 15:53:35,0.00328000,5.95000000
2018-02-28 15:53:37,0.00328000,0.02000000
2018-02-28 15:53:44,0.00327900,8.00000000
2018-02-28 15:53:47,0.00327900,41.72000000
2018-02-28 15:53:47,0.00327900,1.63000000
2018-02-28 15:53:57,0.00327900,51.36000000
2018-02-28 15:54:02,0.00328000,20.16000000
2018-02-28 15:54:05,0.00328000,0.80000000
2018-02-28 15:54:06,0.00328000,14.93000000
2018-02-28 15:54:07,0.00328000,0.01000000
2018-02-28 15:54:07,0.00327900,1.28000000
2018-02-28 15:54:07,0.00328000,0.70000000
2018-02-28 15:54:07,0.00328100,0.29000000
2018-02-28 15:54:07,0.00327900,14.57000000
2018-02-28 15:54:09,0.00327900,9.99000000
2018-02-28 15:54:11,0.00327900,1.61000000
2018-02-28 15:54:12,0.00327900,3.33000000
2018-02-28 15:54:12,0.00327900,61.28000000
2018-02-28 15:54:14,0.00327900,0.93000000
2018-02-28 15:54:15,0.00327900,1.07000000
2018-02-28 15:54:16,0.00328000,11.79000000
2018-02-28 15:54:17,0.00327900,8.21000000
2018-02-28 15:54:21,0.00327600,2.17000000
2018-02-28 15:54:22,0.00327600,21.65000000
2018-02-28 15:54:30,0.00327500,1.99000000
2018-02-28 15:54:31,0.00327600,3.79000000
2018-02-28 15:54:34,0.00327500,14.24000000
2018-02-28 15:54:34,0.00327200,4.08000000
2018-02-28 15:54:46,0.00327600,3.50000000
2018-02-28 15:54:47,0.00327500,22.61000000
2018-02-28 15:54:47,0.00327400,30.75000000
2018-02-28 15:54:48,0.00327300,1.31000000
2018-02-28 15:54:50,0.00327200,17.37000000
2018-02-28 15:54:55,0.00327200,10.76000000
2018-02-28 15:54:55,0.00327100,295.28000000
2018-02-28 15:54:57,0.00327100,6.04000000
2018-02-28 15:55:12,0.00327100,3.03000000
2018-02-28 15:55:19,0.00327100,19.93000000
2018-02-28 15:55:26,0.00327600,5.03000000
2018-02-28 15:55:27,0.00327100,44.15000000
2018-02-28 15:55:28,0.00327600,10.00000000
2018-02-28 15:55:29,0.00327600,15.26000000
2018-02-28 15:55:29,0.00327600,20.43000000
2018-02-28 15:55:31,0.00327100,3.99000000
2018-02-28 15:55:38,0.00327600,3.05000000
2018-02-28 15:55:55,0.00327600,11.71000000
2018-02-28 15:55:58,0.00327100,6.44000000
2018-02-28 15:56:02,0.00327100,3.07000000
2018-02-28 15:56:02,0.00327000,4.41000000
2018-02-28 15:56:02,0.00326600,9.18000000
2018-02-28 15:56:10,0.00327400,0.55000000
2018-02-28 15:56:16,0.00327400,0.62000000
2018-02-28 15:56:18,0.00327400,0.86000000
2018-02-28 15:56:20,0.00327400,17.39000000
2018-02-28 15:56:26,0.00327400,2.71000000
2018-02-28 15:56:27,0.00327400,2.75000000
2018-02-28 15:56:29,0.00327400,1.37000000
2018-02-28 15:56:34,0.00327500,3.05000000
2018-02-28 15:56:36,0.00327400,28.32000000
2018-02-28 15:56:39,0.00327500,29.99000000
2018-02-28 15:56:44,0.00327500,0.62000000
2018-02-28 15:56:47,0.00327400,13.62000000
2018-02-28 15:56:47,0.00327500,4.77000000
2018-02-28 15:56:47,0.00327600,0.34000000
2018-02-28 15:56:52,0.00327600,29.00000000
2018-02-28 15:57:04,0.00327400,5.42000000
2018-02-28 15:57:05,0.00327400,3.72000000
2018-02-28 15:57:11,0.00327500,0.35000000
2018-02-28 15:57:13,0.00327500,0.62000000
2018-02-28 15:57:19,0.00327400,11.40000000
2018-02-28 15:57:23,0.00327400,2.89000000
2018-02-28 15:57:27,0.00327400,9.02000000
2018-02-28 15:57:28,0.00327500,3.05000000
2018-02-28 15:57:28,0.00327500,2.54000000
2018-02-28 15:57:39,0.00327500,10.00000000
2018-02-28 15:57:40,0.00327400,32.14000000
2018-02-28 15:57:40,0.00327500,31.50000000
2018-02-28 15:57:40,0.00327500,1.65000000
2018-02-28 15:57:40,0.00327500,0.62000000
2018-02-28 15:57:46,0.00327400,6.59000000
2018-02-28 15:57:46,0.00327300,76.13000000
2018-02-28 15:58:08,0.00327500,0.62000000
2018-02-28 15:58:08,0.00327500,8.80000000
2018-02-28 15:58:25,0.00327100,1.00000000
2018-02-28 15:58:27,0.00327100,7.79000000
2018-02-28 15:58:29,0.00327000,10.00000000
2018-02-28 15:58:29,0.00327100,2.95000000
2018-02-28 15:58:29,0.00327300,3.91000000
2018-02-28 15:58:30,0.00327400,3.00000000
2018-02-28 15:58:32,0.00327400,3.05000000
2018-02-28 15:58:33,0.00327400,3.05000000
2018-02-28 15:58:36,0.00327300,10.75000000
2018-02-28 15:58:37,0.00327400,9.00000000
2018-02-28 15:58:40,0.00327400,0.62000000
2018-02-28 15:58:41,0.00327400,5.71000000
2018-02-28 15:58:42,0.00327400,4.49000000
2018-02-28 15:58:46,0.00327400,64.23000000
2018-02-28 15:58:50,0.00327400,1.00000000
2018-02-28 15:58:51,0.00327300,6.83000000
2018-02-28 15:59:01,0.00327300,23.18000000
2018-02-28 15:59:03,0.00327300,3.04000000
2018-02-28 15:59:06,0.00327300,23.17000000
2018-02-28 15:59:06,0.00327300,2.06000000
2018-02-28 15:59:10,0.00327400,1.25000000
2018-02-28 15:59:10,0.00327400,51.46000000
2018-02-28 15:59:15,0.00327500,1.54000000
2018-02-28 15:59:16,0.00327500,4.94000000
2018-02-28 15:59:16,0.00327500,13.49000000
2018-02-28 15:59:17,0.00327600,0.83000000
2018-02-28 15:59:20,0.00327600,5.63000000
2018-02-28 15:59:23,0.00327600,3.05000000
2018-02-28 15:59:29,0.00327600,3.04000000
2018-02-28 15:59:31,0.00327400,4.28000000
2018-02-28 15:59:32,0.00327600,5.00000000
2018-02-28 15:59:39,0.00327400,74.23000000
2018-02-28 15:59:42,0.00327400,3.59000000
2018-02-28 15:59:48,0.00327400,1.00000000
2018-02-28 15:59:48,0.00327600,3.79000000
2018-02-28 15:59:52,0.00327600,6.33000000
2018-02-28 15:59:52,0.00327600,56.16000000
2018-02-28 15:59:53,0.00327600,9.90000000
2018-02-28 15:59:53,0.00327600,22.11000000
2018-02-28 15:59:55,0.00327600,9.09000000
2018-02-28 15:59:58,0.00327500,0.69000000
2018-02-28 15:59:58,0.00327300,53.91000000
