DATE,PRICE,VOLUME
2018-03-01 09:00:04,0.00307700,1.70000000
2018-03-01 09:00:04,0.00307600,7.56000000
2018-03-01 09:00:05,0.00308000,12.98000000
2018-03-01 09:00:08,0.00308000,1.11000000
2018-03-01 09:00:11,0.00308000,6.49000000
2018-03-01 09:00:13,0.00308000,4.43000000
2018-03-01 09:00:13,0.00308000,1.28000000
2018-03-01 09:00:13,0.00307700,60.89000000
2018-03-01 09:00:13,0.00308000,14.11000000
2018-03-01 09:00:13,0.00308200,8.60000000
2018-03-01 09:00:13,0.00308300,6.55000000
2018-03-01 09:00:16,0.00308300,1.03000000
2018-03-01 09:00:25,0.00308300,48.65000000
2018-03-01 09:00:27,0.00308300,0.39000000
2018-03-01 09:00:28,0.00308300,25.19000000
2018-03-01 09:00:28,0.00308300,3.29000000
2018-03-01 09:00:35,0.00308300,15.89000000
2018-03-01 09:00:45,0.00308300,51.85000000
2018-03-01 09:00:46,0.00308300,0.88000000
2018-03-01 09:00:47,0.00308100,28.03000000
2018-03-01 09:00:48,0.00308300,132.98000000
2018-03-01 09:00:53,0.00308100,3.04000000
2018-03-01 09:00:56,0.00308300,0.88000000
2018-03-01 09:01:01,0.00308300,1.85000000
2018-03-01 09:01:02,0.00308300,77.38000000
2018-03-01 09:01:02,0.00308300,3.24000000
2018-03-01 09:01:04,0.00308300,3.24000000
2018-03-01 09:01:08,0.00308200,0.51000000
2018-03-01 09:01:30,0.00308300,10.64000000
2018-03-01 09:01:32,0.00308300,152.31000000
2018-03-01 09:01:35,0.00308300,4.80000000
2018-03-01 09:01:42,0.00308300,4.28000000
2018-03-01 09:01:45,0.00308200,1.55000000
2018-03-01 09:01:57,0.00308200,100.00000000
2018-03-01 09:01:57,0.00308300,4.39000000
2018-03-01 09:01:58,0.00308300,2.87000000
2018-03-01 09:02:07,0.00308100,11.15000000
2018-03-01 09:02:19,0.00308100,3.13000000
2018-03-01 09:02:20,0.00308300,10.91000000
2018-03-01 09:02:34,0.00308200,16.21000000
2018-03-01 09:02:40,0.00308100,13.00000000
2018-03-01 09:02:41,0.00308200,0.80000000
2018-03-01 09:02:50,0.00308200,110.72000000
2018-03-01 09:02:51,0.00308200,0.52000000
2018-03-01 09:02:51,0.00308200,39.17000000
2018-03-01 09:02:52,0.00308200,10.05000000
2018-03-01 09:02:53,0.00308200,0.52000000
2018-03-01 09:02:54,0.00308200,2.18000000
2018-03-01 09:02:55,0.00308200,5.29000000
2018-03-01 09:02:55,0.00308100,21.73000000
2018-03-01 09:02:55,0.00308200,54.20000000
2018-03-01 09:02:55,0.00308200,11.95000000
2018-03-01 09:02:57,0.00308200,0.12000000
2018-03-01 09:03:02,0.00308200,6.00000000
2018-03-01 09:03:04,0.00308200,17.50000000
2018-03-01 09:03:25,0.00308100,15.93000000
2018-03-01 09:03:25,0.00308000,2.88000000
2018-03-01 09:03:26,0.00308000,21.31000000
2018-03-01 09:03:35,0.00308000,1.30000000
2018-03-01 09:03:49,0.00308000,32.49000000
2018-03-01 09:03:50,0.00308000,32.49000000
2018-03-01 09:03:50,0.00308000,46.60000000
2018-03-01 09:03:50,0.00308000,0.36000000
2018-03-01 09:03:50,0.00307700,11.62000000
2018-03-01 09:03:51,0.00307700,1.00000000
2018-03-01 09:03:52,0.00308000,0.94000000
2018-03-01 09:03:52,0.00308000,40.94000000
2018-03-01 09:03:57,0.00308000,4.10000000
2018-03-01 09:03:59,0.00308000,4.70000000
2018-03-01 09:04:02,0.00308000,10.00000000
2018-03-01 09:04:06,0.00307700,1.50000000
2018-03-01 09:04:11,0.00307900,4.35000000
2018-03-01 09:04:12,0.00307900,0.79000000
2018-03-01 09:04:13,0.00307900,64.38000000
2018-03-01 09:04:17,0.00307900,32.46000000
2018-03-01 09:04:17,0.00307900,11.58000000
2018-03-01 09:04:21,0.00307900,5.79000000
2018-03-01 09:04:21,0.00308000,10.30000000
2018-03-01 09:04:25,0.00307800,0.64000000
2018-03-01 09:04:25,0.00308000,6.10000000
2018-03-01 09:04:26,0.00307900,1.18000000
2018-03-01 09:04:29,0.00308000,1.93000000
2018-03-01 09:04:34,0.00308000,5.05000000
2018-03-01 09:04:37,0.00308000,4.02000000
2018-03-01 09:04:41,0.00307900,33.94000000
2018-03-01 09:04:41,0.00307700,42.01000000
2018-03-01 09:04:42,0.00307700,252.21000000
2018-03-01 09:04:42,0.00307700,7.15000000
2018-03-01 09:04:43,0.00307700,0.53000000
2018-03-01 09:04:44,0.00307700,0.53000000
2018-03-01 09:04:44,0.00307700,10.87000000
2018-03-01 09:04:44,0.00307700,24.70000000
2018-03-01 09:04:45,0.00308000,14.68000000
2018-03-01 09:04:46,0.00308000,1.32000000
2018-03-01 09:04:56,0.00308000,0.85000000
2018-03-01 09:04:59,0.00307900,1.70000000
2018-03-01 09:04:59,0.00307800,1.62000000
2018-03-01 09:04:59,0.00307400,2.60000000
2018-03-01 09:04:59,0.00307300,9.84000000
2018-03-01 09:04:59,0.00308000,1.34000000
2018-03-01 09:05:01,0.00308000,0.52000000
2018-03-01 09:05:04,0.00307400,15.25000000
2018-03-01 09:05:04,0.00307300,5.27000000
2018-03-01 09:05:06,0.00307900,4.61000000
2018-03-01 09:05:06,0.00307900,6.04000000
2018-03-01 09:05:06,0.00307900,9.71000000
2018-03-01 09:05:06,0.00308000,26.13000000
2018-03-01 09:05:09,0.00308000,4.28000000
2018-03-01 09:05:12,0.00308000,2.50000000
2018-03-01 09:05:13,0.00308000,14.23000000
2018-03-01 09:05:13,0.00308000,22.01000000
2018-03-01 09:05:13,0.00308000,6.39000000
2018-03-01 09:05:26,0.00307900,28.80000000
2018-03-01 09:05:27,0.00307900,3.70000000
2018-03-01 09:05:29,0.00307900,2.40000000
2018-03-01 09:05:32,0.00307900,6.48000000
2018-03-01 09:05:37,0.00307900,0.39000000
2018-03-01 09:05:42,0.00307900,0.39000000
2018-03-01 09:05:47,0.00307900,10.33000000
2018-03-01 09:05:47,0.00307900,47.71000000
2018-03-01 09:05:50,0.00307900,5.53000000
2018-03-01 09:05:50,0.00307900,31.94000000
2018-03-01 09:05:51,0.00307900,1.64000000
2018-03-01 09:05:52,0.00307900,3.81000000
2018-03-01 09:05:52,0.00307900,5.27000000
2018-03-01 09:05:53,0.00307900,7.16000000
2018-03-01 09:05:53,0.00307900,90.28000000
2018-03-01 09:05:54,0.00307600,24.69000000
2018-03-01 09:05:54,0.00307500,8.31000000
2018-03-01 09:05:54,0.00307500,79.48000000
2018-03-01 09:05:54,0.00307900,0.53000000
2018-03-01 09:05:55,0.00307900,0.39000000
2018-03-01 09:05:55,0.00307900,1.30000000
2018-03-01 09:05:56,0.00307900,0.53000000
2018-03-01 09:05:57,0.00307400,2.63000000
2018-03-01 09:05:57,0.00307900,0.39000000
2018-03-01 09:05:58,0.00307900,0.53000000
2018-03-01 09:06:00,0.00307900,32.50000000
2018-03-01 09:06:00,0.00307900,15.16000000
2018-03-01 09:06:01,0.00307900,11.15000000
2018-03-01 09:06:01,0.00307900,3.04000000
2018-03-01 09:06:02,0.00307600,11.31000000
2018-03-01 09:06:03,0.00307900,4.16000000
2018-03-01 09:06:04,0.00307900,50.00000000
2018-03-01 09:06:04,0.00307600,2.74000000
2018-03-01 09:06:06,0.00307900,0.79000000
2018-03-01 09:06:11,0.00307900,1.18000000
2018-03-01 09:06:16,0.00307900,5.57000000
2018-03-01 09:06:17,0.00307900,17.59000000
2018-03-01 09:06:18,0.00307900,2.95000000
2018-03-01 09:06:18,0.00307600,3.09000000
2018-03-01 09:06:19,0.00307900,32.50000000
2018-03-01 09:06:19,0.00307900,41.07000000
2018-03-01 09:06:23,0.00308000,7.10000000
2018-03-01 09:06:28,0.00308000,4.75000000
2018-03-01 09:06:28,0.00308000,9.32000000
2018-03-01 09:06:37,0.00308000,2.90000000
2018-03-01 09:06:40,0.00307700,0.70000000
2018-03-01 09:06:41,0.00307700,1.87000000
2018-03-01 09:06:41,0.00307600,3.17000000
2018-03-01 09:06:42,0.00307600,4.90000000
2018-03-01 09:06:43,0.00307600,17.23000000
2018-03-01 09:06:44,0.00307600,40.72000000
2018-03-01 09:06:45,0.00307600,0.71000000
2018-03-01 09:06:45,0.00307600,0.72000000
2018-03-01 09:06:46,0.00307600,75.90000000
2018-03-01 09:06:48,0.00307600,16.05000000
2018-03-01 09:06:52,0.00307600,1.62000000
2018-03-01 09:06:56,0.00307600,30.81000000
2018-03-01 09:07:01,0.00307600,1.00000000
2018-03-01 09:07:06,0.00307600,43.51000000
2018-03-01 09:07:06,0.00307500,242.01000000
2018-03-01 09:07:13,0.00307500,19.43000000
2018-03-01 09:07:24,0.00307500,18.91000000
2018-03-01 09:07:27,0.00307500,0.03000000
2018-03-01 09:07:28,0.00307500,8.02000000
2018-03-01 09:07:30,0.00307400,89.52000000
2018-03-01 09:07:31,0.00307500,8.68000000
2018-03-01 09:07:32,0.00307500,45.52000000
2018-03-01 09:07:34,0.00307500,4.64000000
2018-03-01 09:07:35,0.00307400,20.89000000
2018-03-01 09:07:37,0.00307500,6.32000000
2018-03-01 09:07:38,0.00307500,22.76000000
2018-03-01 09:07:38,0.00307500,5.00000000
2018-03-01 09:07:40,0.00307500,12.41000000
2018-03-01 09:07:40,0.00307500,24.41000000
2018-03-01 09:07:44,0.00307500,1.27000000
2018-03-01 09:07:45,0.00307400,12.65000000
2018-03-01 09:07:46,0.00307500,0.35000000
2018-03-01 09:07:47,0.00307500,16.26000000
2018-03-01 09:07:50,0.00307500,5.00000000
2018-03-01 09:07:51,0.00307500,1.00000000
2018-03-01 09:07:53,0.00307500,16.26000000
2018-03-01 09:07:54,0.00307500,25.20000000
2018-03-01 09:07:56,0.00307500,3.04000000
2018-03-01 09:07:57,0.00307400,7.40000000
2018-03-01 09:07:58,0.00307400,0.84000000
2018-03-01 09:07:58,0.00307500,8.59000000
2018-03-01 09:07:59,0.00307500,0.44000000
2018-03-01 09:08:02,0.00307500,5.00000000
2018-03-01 09:08:02,0.00307500,8.14000000
2018-03-01 09:08:02,0.00307600,11.37000000
2018-03-01 09:08:03,0.00307600,0.77000000
2018-03-01 09:08:08,0.00307500,2.60000000
2018-03-01 09:08:08,0.00307600,3.90000000
2018-03-01 09:08:10,0.00307600,6.73000000
2018-03-01 09:08:12,0.00307600,2.93000000
2018-03-01 09:08:12,0.00307600,22.16000000
2018-03-01 09:08:12,0.00307600,7.98000000
2018-03-01 09:08:13,0.00307600,151.80000000
2018-03-01 09:08:14,0.00307600,151.80000000
2018-03-01 09:08:16,0.00307600,5.00000000
2018-03-01 09:08:16,0.00307600,0.57000000
2018-03-01 09:08:17,0.00307500,24.91000000
2018-03-01 09:08:18,0.00307500,15.00000000
2018-03-01 09:08:19,0.00307500,9.91000000
2018-03-01 09:08:20,0.00307600,14.84000000
2018-03-01 09:08:24,0.00307600,2.32000000
2018-03-01 09:08:26,0.00307500,4.00000000
2018-03-01 09:08:26,0.00307600,30.33000000
2018-03-01 09:08:27,0.00307500,1.21000000
2018-03-01 09:08:27,0.00307500,4.92000000
2018-03-01 09:08:29,0.00307500,5.01000000
2018-03-01 09:08:31,0.00307600,3.25000000
2018-03-01 09:08:34,0.00307600,5.00000000
2018-03-01 09:08:36,0.00307600,3.25000000
2018-03-01 09:08:38,0.00307600,104.01000000
2018-03-01 09:08:39,0.00307600,95.73000000
2018-03-01 09:08:40,0.00307600,94.27000000
2018-03-01 09:08:40,0.00307600,62.82000000
2018-03-01 09:08:41,0.00307600,136.55000000
2018-03-01 09:08:42,0.00307600,148.57000000
2018-03-01 09:08:43,0.00307600,49.79000000
2018-03-01 09:08:43,0.00307600,4.47000000
2018-03-01 09:08:47,0.00307600,47.06000000
2018-03-01 09:08:48,0.00307600,3.33000000
2018-03-01 09:08:48,0.00307600,6.11000000
2018-03-01 09:08:48,0.00307900,117.03000000
2018-03-01 09:08:51,0.00307900,29.63000000
2018-03-01 09:09:00,0.00307800,35.33000000
2018-03-01 09:09:10,0.00307700,4.54000000
2018-03-01 09:09:10,0.00307700,10.00000000
2018-03-01 09:09:10,0.00307700,4.40000000
2018-03-01 09:09:11,0.00307700,16.21000000
2018-03-01 09:09:11,0.00307800,8.89000000
2018-03-01 09:09:12,0.00307700,58.03000000
2018-03-01 09:09:12,0.00307700,2.51000000
2018-03-01 09:09:13,0.00307800,151.80000000
2018-03-01 09:09:14,0.00307800,148.57000000
2018-03-01 09:09:15,0.00307800,151.80000000
2018-03-01 09:09:15,0.00307700,0.94000000
2018-03-01 09:09:16,0.00307700,153.35000000
2018-03-01 09:09:16,0.00307600,21.00000000
2018-03-01 09:09:21,0.00307700,19.04000000
2018-03-01 09:09:21,0.00307800,23.11000000
2018-03-01 09:09:21,0.00307900,106.47000000
2018-03-01 09:09:23,0.00307700,7.26000000
2018-03-01 09:09:23,0.00307600,8.98000000
2018-03-01 09:09:24,0.00307800,4.29000000
2018-03-01 09:09:28,0.00307700,9.00000000
2018-03-01 09:09:29,0.00307800,14.42000000
2018-03-01 09:09:30,0.00307800,7.10000000
2018-03-01 09:09:31,0.00308000,151.80000000
2018-03-01 09:09:31,0.00307800,4.17000000
2018-03-01 09:09:35,0.00308000,3.25000000
2018-03-01 09:09:38,0.00307800,13.73000000
2018-03-01 09:09:38,0.00307800,9.00000000
2018-03-01 09:09:41,0.00307900,32.31000000
2018-03-01 09:09:45,0.00308000,30.09000000
2018-03-01 09:09:49,0.00308000,4.54000000
2018-03-01 09:09:58,0.00307900,2.49000000
2018-03-01 09:09:58,0.00308000,204.21000000
2018-03-01 09:10:09,0.00308200,7.20000000
2018-03-01 09:10:09,0.00308300,2.00000000
2018-03-01 09:10:09,0.00308400,10.99000000
2018-03-01 09:10:09,0.00308500,1.75000000
2018-03-01 09:10:09,0.00308600,0.50000000
2018-03-01 09:10:09,0.00308800,21.17000000
2018-03-01 09:10:09,0.00309000,2.08000000
2018-03-01 09:10:09,0.00309200,4.50000000
2018-03-01 09:10:09,0.00309300,64.10000000
2018-03-01 09:10:09,0.00309500,37.56000000
2018-03-01 09:10:09,0.00309200,2.29000000
2018-03-01 09:10:10,0.00309000,2.20000000
2018-03-01 09:10:10,0.00309000,2.83000000
2018-03-01 09:10:10,0.00309000,12.37000000
2018-03-01 09:10:10,0.00308600,2.28000000
2018-03-01 09:10:10,0.00308500,4.43000000
2018-03-01 09:10:11,0.00309100,0.78000000
2018-03-01 09:10:14,0.00308500,0.14000000
2018-03-01 09:10:14,0.00308400,0.86000000
2018-03-01 09:10:18,0.00309100,0.86000000
2018-03-01 09:10:18,0.00309100,0.52000000
2018-03-01 09:10:18,0.00309100,4.41000000
2018-03-01 09:10:19,0.00309100,72.09000000
2018-03-01 09:10:19,0.00309100,53.43000000
2018-03-01 09:10:19,0.00309100,18.69000000
2018-03-01 09:10:19,0.00308500,24.09000000
2018-03-01 09:10:19,0.00308300,20.00000000
2018-03-01 09:10:19,0.00308000,7.67000000
2018-03-01 09:10:19,0.00309000,27.42000000
2018-03-01 09:10:19,0.00308700,3.04000000
2018-03-01 09:10:19,0.00308600,136.71000000
2018-03-01 09:10:20,0.00308900,0.65000000
2018-03-01 09:10:26,0.00308800,14.58000000
2018-03-01 09:10:26,0.00309000,51.42000000
2018-03-01 09:10:27,0.00308800,0.58000000
2018-03-01 09:10:27,0.00308800,0.78000000
2018-03-01 09:10:32,0.00308900,0.72000000
2018-03-01 09:10:35,0.00309000,2.97000000
2018-03-01 09:10:35,0.00309200,2.03000000
2018-03-01 09:10:35,0.00309200,0.04000000
2018-03-01 09:10:38,0.00308900,1.62000000
2018-03-01 09:10:38,0.00308900,30.96000000
2018-03-01 09:10:41,0.00308900,2.00000000
2018-03-01 09:10:41,0.00308900,27.76000000
2018-03-01 09:10:48,0.00309000,0.52000000
2018-03-01 09:10:48,0.00309100,25.91000000
2018-03-01 09:10:48,0.00309100,6.39000000
2018-03-01 09:10:51,0.00309200,0.58000000
2018-03-01 09:10:52,0.00309200,0.42000000
2018-03-01 09:10:52,0.00309100,3.89000000
2018-03-01 09:10:55,0.00309100,12.94000000
2018-03-01 09:10:55,0.00309100,5.34000000
2018-03-01 09:10:56,0.00309100,4.69000000
2018-03-01 09:10:56,0.00309100,54.39000000
2018-03-01 09:11:00,0.00309200,25.19000000
2018-03-01 09:11:00,0.00309300,10.41000000
2018-03-01 09:11:00,0.00309200,4.13000000
2018-03-01 09:11:01,0.00309200,16.17000000
2018-03-01 09:11:03,0.00309300,39.40000000
2018-03-01 09:11:07,0.00309300,25.28000000
2018-03-01 09:11:07,0.00309200,209.98000000
2018-03-01 09:11:08,0.00309300,3.12000000
2018-03-01 09:11:09,0.00309400,5.83000000
2018-03-01 09:11:12,0.00309400,19.29000000
2018-03-01 09:11:13,0.00309300,16.04000000
2018-03-01 09:11:13,0.00309300,4.39000000
2018-03-01 09:11:13,0.00309300,1.73000000
2018-03-01 09:11:14,0.00309300,7.49000000
2018-03-01 09:11:14,0.00309400,0.11000000
2018-03-01 09:11:16,0.00309300,54.35000000
2018-03-01 09:11:16,0.00309300,0.41000000
2018-03-01 09:11:18,0.00309300,54.96000000
2018-03-01 09:11:19,0.00309400,2.19000000
2018-03-01 09:11:19,0.00309500,116.74000000
2018-03-01 09:11:22,0.00309500,9.00000000
2018-03-01 09:11:22,0.00309500,2.10000000
2018-03-01 09:11:23,0.00309600,11.69000000
2018-03-01 09:11:24,0.00309500,2.99000000
2018-03-01 09:11:24,0.00309500,3.00000000
2018-03-01 09:11:24,0.00309500,2.99000000
2018-03-01 09:11:25,0.00309500,5.66000000
2018-03-01 09:11:25,0.00309500,25.01000000
2018-03-01 09:11:26,0.00309500,2.60000000
2018-03-01 09:11:26,0.00309500,65.48000000
2018-03-01 09:11:28,0.00309500,2.57000000
2018-03-01 09:11:30,0.00309500,42.00000000
2018-03-01 09:11:30,0.00309600,3.22000000
2018-03-01 09:11:30,0.00309500,0.96000000
2018-03-01 09:11:31,0.00309600,4.78000000
2018-03-01 09:11:31,0.00309600,51.69000000
2018-03-01 09:11:32,0.00309500,198.91000000
2018-03-01 09:11:32,0.00309500,9.00000000
2018-03-01 09:11:32,0.00309600,14.13000000
2018-03-01 09:11:32,0.00309600,6.40000000
2018-03-01 09:11:33,0.00309600,11.80000000
2018-03-01 09:11:33,0.00309500,88.99000000
2018-03-01 09:11:33,0.00309500,17.64000000
2018-03-01 09:11:33,0.00309500,54.35000000
2018-03-01 09:11:33,0.00309500,23.90000000
2018-03-01 09:11:34,0.00309500,1.20000000
2018-03-01 09:11:37,0.00309400,64.64000000
2018-03-01 09:11:38,0.00309500,27.35000000
2018-03-01 09:11:39,0.00309800,2.37000000
2018-03-01 09:11:39,0.00309900,2.64000000
2018-03-01 09:11:42,0.00309400,1.22000000
2018-03-01 09:11:42,0.00309800,3.36000000
2018-03-01 09:11:43,0.00309400,22.62000000
2018-03-01 09:11:44,0.00309400,9.88000000
2018-03-01 09:11:45,0.00309500,18.61000000
2018-03-01 09:11:45,0.00309400,18.52000000
2018-03-01 09:11:45,0.00309800,2.20000000
2018-03-01 09:11:48,0.00309800,3.78000000
2018-03-01 09:11:49,0.00309400,74.33000000
2018-03-01 09:11:51,0.00309500,3.01000000
2018-03-01 09:11:51,0.00309400,1.01000000
2018-03-01 09:11:52,0.00309600,207.33000000
2018-03-01 09:11:52,0.00309600,18.01000000
2018-03-01 09:11:52,0.00309600,15.49000000
2018-03-01 09:11:53,0.00309600,3.75000000
2018-03-01 09:11:55,0.00309600,21.50000000
2018-03-01 09:11:55,0.00309400,17.25000000
2018-03-01 09:11:55,0.00309400,40.00000000
2018-03-01 09:11:55,0.00309400,1.98000000
2018-03-01 09:11:56,0.00309300,2.81000000
2018-03-01 09:11:56,0.00309100,4.98000000
2018-03-01 09:12:03,0.00309100,0.02000000
2018-03-01 09:12:03,0.00309000,8.97000000
2018-03-01 09:12:05,0.00309200,9.70000000
2018-03-01 09:12:09,0.00309300,2.53000000
2018-03-01 09:12:11,0.00309400,45.24000000
2018-03-01 09:12:15,0.00309400,2.80000000
2018-03-01 09:12:15,0.00309100,7.20000000
2018-03-01 09:12:16,0.00309500,68.02000000
2018-03-01 09:12:17,0.00309500,45.23000000
2018-03-01 09:12:19,0.00309600,2.82000000
2018-03-01 09:12:20,0.00309500,1.00000000
2018-03-01 09:12:21,0.00309500,101.57000000
2018-03-01 09:12:24,0.00309500,54.32000000
2018-03-01 09:12:26,0.00309500,1.35000000
2018-03-01 09:12:26,0.00309300,0.72000000
2018-03-01 09:12:26,0.00309100,2.93000000
2018-03-01 09:12:27,0.00309600,17.52000000
2018-03-01 09:12:27,0.00309600,6.04000000
2018-03-01 09:12:27,0.00309600,0.52000000
2018-03-01 09:12:27,0.00309600,26.62000000
2018-03-01 09:12:28,0.00309600,11.14000000
2018-03-01 09:12:28,0.00309600,54.32000000
2018-03-01 09:12:29,0.00309600,1.93000000
2018-03-01 09:12:30,0.00309600,1.34000000
2018-03-01 09:12:33,0.00309700,4.62000000
2018-03-01 09:12:35,0.00309600,7.84000000
2018-03-01 09:12:35,0.00309400,19.37000000
2018-03-01 09:12:40,0.00309500,18.62000000
2018-03-01 09:12:41,0.00309100,12.94000000
2018-03-01 09:12:48,0.00309100,0.39000000
2018-03-01 09:12:53,0.00309100,3.23000000
2018-03-01 09:12:57,0.00309100,6.70000000
2018-03-01 09:13:01,0.00309200,9.10000000
2018-03-01 09:13:02,0.00309100,40.65000000
2018-03-01 09:13:03,0.00309200,189.00000000
2018-03-01 09:13:07,0.00309100,9.26000000
2018-03-01 09:13:09,0.00309100,161.75000000
2018-03-01 09:13:14,0.00309100,3.22000000
2018-03-01 09:13:15,0.00309100,29.11000000
2018-03-01 09:13:21,0.00309100,80.87000000
2018-03-01 09:13:30,0.00309100,0.12000000
2018-03-01 09:13:32,0.00309100,12.00000000
2018-03-01 09:13:39,0.00309100,2.62000000
2018-03-01 09:13:41,0.00309100,1.93000000
2018-03-01 09:13:43,0.00309100,1.00000000
2018-03-01 09:13:43,0.00309400,15.00000000
2018-03-01 09:13:44,0.00309100,0.97000000
2018-03-01 09:13:45,0.00309400,5.95000000
2018-03-01 09:13:46,0.00309100,24.33000000
2018-03-01 09:14:10,0.00309100,32.71000000
2018-03-01 09:14:13,0.00309200,192.35000000
2018-03-01 09:14:15,0.00309200,78.18000000
2018-03-01 09:14:17,0.00309200,0.01000000
2018-03-01 09:14:20,0.00309200,0.04000000
2018-03-01 09:14:24,0.00309300,0.49000000
2018-03-01 09:14:24,0.00309200,2.59000000
2018-03-01 09:14:24,0.00309200,1.62000000
2018-03-01 09:14:32,0.00309400,0.50000000
2018-03-01 09:14:32,0.00309200,5.00000000
2018-03-01 09:14:35,0.00309200,2.33000000
2018-03-01 09:14:36,0.00309200,4.97000000
2018-03-01 09:14:38,0.00309200,20.00000000
2018-03-01 09:14:39,0.00309200,0.55000000
2018-03-01 09:14:39,0.00309400,19.00000000
2018-03-01 09:14:59,0.00309200,61.44000000
2018-03-01 09:15:02,0.00309400,0.44000000
2018-03-01 09:15:04,0.00309200,22.79000000
2018-03-01 09:15:05,0.00309200,6.46000000
2018-03-01 09:15:06,0.00309200,2.29000000
2018-03-01 09:15:11,0.00309200,2.21000000
2018-03-01 09:15:12,0.00309200,129.28000000
2018-03-01 09:15:12,0.00309100,32.42000000
2018-03-01 09:15:16,0.00309100,5.19000000
2018-03-01 09:15:18,0.00309000,17.51000000
2018-03-01 09:15:18,0.00308900,89.28000000
2018-03-01 09:15:18,0.00308800,6.11000000
2018-03-01 09:15:18,0.00308400,5.57000000
2018-03-01 09:15:19,0.00308600,8.18000000
2018-03-01 09:15:19,0.00308600,0.97000000
2018-03-01 09:15:20,0.00308600,2.50000000
2018-03-01 09:15:22,0.00308600,0.79000000
2018-03-01 09:15:23,0.00308600,1.64000000
2018-03-01 09:15:23,0.00308600,0.79000000
2018-03-01 09:15:25,0.00308600,0.69000000
2018-03-01 09:15:26,0.00308600,3.48000000
2018-03-01 09:15:27,0.00308600,1.30000000
2018-03-01 09:15:29,0.00308500,215.54000000
2018-03-01 09:15:29,0.00308500,1.30000000
2018-03-01 09:15:29,0.00308500,2.47000000
2018-03-01 09:15:29,0.00308500,8.38000000
2018-03-01 09:15:30,0.00308400,0.13000000
2018-03-01 09:15:31,0.00308500,5.48000000
2018-03-01 09:15:31,0.00308500,3.26000000
2018-03-01 09:15:32,0.00308500,20.51000000
2018-03-01 09:15:33,0.00308500,3.26000000
2018-03-01 09:15:34,0.00308800,3.04000000
2018-03-01 09:15:34,0.00308900,0.98000000
2018-03-01 09:15:38,0.00308400,12.98000000
2018-03-01 09:15:39,0.00308800,3.53000000
2018-03-01 09:15:40,0.00308800,3.53000000
2018-03-01 09:15:41,0.00308800,2.19000000
2018-03-01 09:15:41,0.00308800,3.42000000
2018-03-01 09:15:43,0.00308800,153.83000000
2018-03-01 09:15:44,0.00308500,1.19000000
2018-03-01 09:15:45,0.00308500,2.56000000
2018-03-01 09:15:52,0.00308500,15.24000000
2018-03-01 09:15:54,0.00308500,9.04000000
2018-03-01 09:15:54,0.00308400,8.76000000
2018-03-01 09:15:54,0.00308000,4.89000000
2018-03-01 09:15:55,0.00308800,150.00000000
2018-03-01 09:16:01,0.00308800,57.37000000
2018-03-01 09:16:05,0.00308000,6.54000000
2018-03-01 09:16:11,0.00308800,61.25000000
2018-03-01 09:16:13,0.00308800,0.38000000
2018-03-01 09:16:14,0.00308800,55.89000000
2018-03-01 09:16:18,0.00308700,1.13000000
2018-03-01 09:16:19,0.00308200,3.24000000
2018-03-01 09:16:19,0.00308100,2.20000000
2018-03-01 09:16:21,0.00308200,0.71000000
2018-03-01 09:16:21,0.00308400,0.29000000
2018-03-01 09:16:23,0.00308300,2.19000000
2018-03-01 09:16:25,0.00308000,7.23000000
2018-03-01 09:16:25,0.00307800,16.40000000
2018-03-01 09:16:25,0.00307700,106.37000000
2018-03-01 09:16:25,0.00307700,27.29000000
2018-03-01 09:16:25,0.00307600,76.08000000
2018-03-01 09:16:25,0.00307500,15.92000000
2018-03-01 09:16:25,0.00307400,9.00000000
2018-03-01 09:16:25,0.00307300,145.62000000
2018-03-01 09:16:25,0.00307800,1.00000000
2018-03-01 09:16:26,0.00307800,15.00000000
2018-03-01 09:16:26,0.00307900,0.14000000
2018-03-01 09:16:26,0.00307900,1.35000000
2018-03-01 09:16:27,0.00307900,0.46000000
2018-03-01 09:16:28,0.00308200,1.20000000
2018-03-01 09:16:30,0.00308100,0.89000000
2018-03-01 09:16:32,0.00307900,0.77000000
2018-03-01 09:16:32,0.00307900,9.15000000
2018-03-01 09:16:32,0.00307900,0.01000000
2018-03-01 09:16:33,0.00307900,0.88000000
2018-03-01 09:16:33,0.00307800,8.88000000
2018-03-01 09:16:33,0.00307800,4.51000000
2018-03-01 09:16:33,0.00307800,1.00000000
2018-03-01 09:16:33,0.00307800,6.49000000
2018-03-01 09:16:34,0.00307800,199.57000000
2018-03-01 09:16:34,0.00307800,19.21000000
2018-03-01 09:16:34,0.00307800,28.44000000
2018-03-01 09:16:35,0.00307800,28.51000000
2018-03-01 09:16:37,0.00307900,4.50000000
2018-03-01 09:16:37,0.00307800,0.77000000
2018-03-01 09:16:37,0.00307800,1.05000000
2018-03-01 09:16:38,0.00307800,0.39000000
2018-03-01 09:16:39,0.00307800,1.32000000
2018-03-01 09:16:39,0.00307800,4.54000000
2018-03-01 09:16:41,0.00308200,8.46000000
2018-03-01 09:16:43,0.00308100,3.22000000
2018-03-01 09:16:43,0.00308100,1.01000000
2018-03-01 09:16:44,0.00308100,44.77000000
2018-03-01 09:16:44,0.00308100,7.42000000
2018-03-01 09:16:45,0.00308100,18.39000000
2018-03-01 09:16:45,0.00308000,7.42000000
2018-03-01 09:16:46,0.00308000,20.00000000
2018-03-01 09:16:47,0.00308000,7.93000000
2018-03-01 09:16:47,0.00308000,100.00000000
2018-03-01 09:16:48,0.00308000,2.11000000
2018-03-01 09:16:49,0.00308000,14.25000000
2018-03-01 09:16:49,0.00308000,5.71000000
2018-03-01 09:16:49,0.00307800,7.39000000
2018-03-01 09:16:50,0.00307800,3.00000000
2018-03-01 09:16:50,0.00307800,102.10000000
2018-03-01 09:16:51,0.00307800,16.24000000
2018-03-01 09:16:53,0.00307800,4.45000000
2018-03-01 09:16:54,0.00307800,63.51000000
2018-03-01 09:16:54,0.00307800,1.20000000
2018-03-01 09:16:56,0.00307800,120.20000000
2018-03-01 09:16:57,0.00307800,1.90000000
2018-03-01 09:16:58,0.00307700,123.09000000
2018-03-01 09:16:59,0.00307700,2.36000000
2018-03-01 09:16:59,0.00307800,4.64000000
2018-03-01 09:17:00,0.00307800,2.28000000
2018-03-01 09:17:01,0.00307800,3.61000000
2018-03-01 09:17:01,0.00307800,1.30000000
2018-03-01 09:17:01,0.00307800,2.34000000
2018-03-01 09:17:02,0.00307800,45.93000000
2018-03-01 09:17:02,0.00307800,22.94000000
2018-03-01 09:17:02,0.00307800,45.48000000
2018-03-01 09:17:02,0.00307800,0.49000000
2018-03-01 09:17:03,0.00307800,7.00000000
2018-03-01 09:17:04,0.00307800,7.00000000
2018-03-01 09:17:05,0.00307800,1.30000000
2018-03-01 09:17:06,0.00307800,6.46000000
2018-03-01 09:17:06,0.00307700,1.30000000
2018-03-01 09:17:06,0.00307300,15.28000000
2018-03-01 09:17:06,0.00307200,2.44000000
2018-03-01 09:17:06,0.00307100,64.79000000
2018-03-01 09:17:07,0.00307800,1.30000000
2018-03-01 09:17:07,0.00307700,5.17000000
2018-03-01 09:17:08,0.00307700,4.85000000
2018-03-01 09:17:08,0.00307700,12.68000000
2018-03-01 09:17:08,0.00307800,3.56000000
2018-03-01 09:17:09,0.00307600,7.00000000
2018-03-01 09:17:09,0.00307600,1.30000000
2018-03-01 09:17:09,0.00307600,1.82000000
2018-03-01 09:17:09,0.00307800,14.43000000
2018-03-01 09:17:10,0.00307800,7.00000000
2018-03-01 09:17:11,0.00307500,41.95000000
2018-03-01 09:17:11,0.00307800,15.70000000
2018-03-01 09:17:11,0.00307800,0.44000000
2018-03-01 09:17:11,0.00307800,1.30000000
2018-03-01 09:17:11,0.00307800,2.28000000
2018-03-01 09:17:13,0.00307800,3.93000000
2018-03-01 09:17:13,0.00307800,2.10000000
2018-03-01 09:17:13,0.00307800,1.30000000
2018-03-01 09:17:14,0.00307800,2.10000000
2018-03-01 09:17:15,0.00307200,2.11000000
2018-03-01 09:17:15,0.00307800,1.30000000
2018-03-01 09:17:16,0.00307800,7.00000000
2018-03-01 09:17:16,0.00307800,25.99000000
2018-03-01 09:17:17,0.00307800,7.00000000
2018-03-01 09:17:18,0.00307800,13.00000000
2018-03-01 09:17:18,0.00307800,7.00000000
2018-03-01 09:17:19,0.00307800,46.55000000
2018-03-01 09:17:19,0.00307800,3.05000000
2018-03-01 09:17:20,0.00307800,12.73000000
2018-03-01 09:17:21,0.00307800,1.60000000
2018-03-01 09:17:21,0.00307800,18.89000000
2018-03-01 09:17:22,0.00307800,3.56000000
2018-03-01 09:17:22,0.00307700,1.60000000
2018-03-01 09:17:24,0.00307700,1.47000000
2018-03-01 09:17:24,0.00307700,1.30000000
2018-03-01 09:17:26,0.00307700,2.08000000
2018-03-01 09:17:26,0.00307700,1.30000000
2018-03-01 09:17:27,0.00307700,3.30000000
2018-03-01 09:17:27,0.00307700,10.91000000
2018-03-01 09:17:29,0.00307700,1.30000000
2018-03-01 09:17:29,0.00307700,10.00000000
2018-03-01 09:17:30,0.00307700,3.69000000
2018-03-01 09:17:31,0.00307700,1.56000000
2018-03-01 09:17:31,0.00307700,4.00000000
2018-03-01 09:17:31,0.00307800,4.97000000
2018-03-01 09:17:33,0.00307800,1.56000000
2018-03-01 09:17:35,0.00307800,107.21000000
2018-03-01 09:17:36,0.00307800,119.93000000
2018-03-01 09:17:37,0.00307800,1.30000000
2018-03-01 09:17:37,0.00307800,44.14000000
2018-03-01 09:17:38,0.00307800,6.69000000
2018-03-01 09:17:39,0.00307800,1.30000000
2018-03-01 09:17:43,0.00307800,4.49000000
2018-03-01 09:17:43,0.00307800,14.51000000
2018-03-01 09:17:44,0.00307600,1.37000000
2018-03-01 09:17:48,0.00307800,11.99000000
2018-03-01 09:17:50,0.00307800,0.39000000
2018-03-01 09:17:51,0.00307800,60.81000000
2018-03-01 09:17:53,0.00307800,16.24000000
2018-03-01 09:17:53,0.00307800,6.67000000
2018-03-01 09:17:55,0.00307800,10.00000000
2018-03-01 09:17:56,0.00307800,16.24000000
2018-03-01 09:17:57,0.00307800,6.95000000
2018-03-01 09:17:57,0.00307800,48.73000000
2018-03-01 09:17:57,0.00307800,16.24000000
2018-03-01 09:17:58,0.00307800,6.95000000
2018-03-01 09:17:59,0.00307800,47.27000000
2018-03-01 09:17:59,0.00307800,5.84000000
2018-03-01 09:18:00,0.00307800,16.24000000
2018-03-01 09:18:00,0.00307800,57.51000000
2018-03-01 09:18:02,0.00307800,5.84000000
2018-03-01 09:18:02,0.00307800,7.00000000
2018-03-01 09:18:03,0.00307800,32.48000000
2018-03-01 09:18:04,0.00307800,529.52000000
2018-03-01 09:18:04,0.00308300,16.24000000
2018-03-01 09:18:15,0.00308300,89.51000000
2018-03-01 09:18:17,0.00308300,3.92000000
2018-03-01 09:18:24,0.00307900,119.42000000
2018-03-01 09:18:27,0.00308300,8.48000000
2018-03-01 09:18:35,0.00308200,3.63000000
2018-03-01 09:18:48,0.00308200,7.84000000
2018-03-01 09:18:51,0.00308200,0.50000000
2018-03-01 09:19:07,0.00307900,20.00000000
2018-03-01 09:19:17,0.00308200,183.09000000
2018-03-01 09:19:17,0.00308300,9.08000000
2018-03-01 09:19:26,0.00308100,6.74000000
2018-03-01 09:19:32,0.00308000,169.40000000
2018-03-01 09:19:32,0.00307900,56.65000000
2018-03-01 09:19:32,0.00307800,1.51000000
2018-03-01 09:19:39,0.00308300,0.03000000
2018-03-01 09:19:39,0.00308400,2.95000000
2018-03-01 09:19:39,0.00308700,12.92000000
2018-03-01 09:19:44,0.00308200,15.29000000
2018-03-01 09:19:45,0.00308700,6.78000000
2018-03-01 09:19:48,0.00308200,15.29000000
2018-03-01 09:19:48,0.00308100,38.06000000
2018-03-01 09:19:49,0.00308500,5.40000000
2018-03-01 09:19:50,0.00308100,2.62000000
2018-03-01 09:19:51,0.00308400,10.23000000
2018-03-01 09:19:53,0.00308400,3.04000000
2018-03-01 09:20:18,0.00308400,2.00000000
2018-03-01 09:20:36,0.00308200,1.05000000
2018-03-01 09:20:40,0.00308200,3.77000000
2018-03-01 09:20:41,0.00308200,10.49000000
2018-03-01 09:20:46,0.00308200,10.00000000
2018-03-01 09:20:51,0.00308200,7.72000000
2018-03-01 09:20:53,0.00308200,6.23000000
2018-03-01 09:20:54,0.00308200,18.00000000
2018-03-01 09:20:56,0.00308200,138.61000000
2018-03-01 09:20:59,0.00308100,0.53000000
2018-03-01 09:20:59,0.00308100,13.74000000
2018-03-01 09:20:59,0.00308100,4.72000000
2018-03-01 09:20:59,0.00308200,175.28000000
2018-03-01 09:21:02,0.00308200,11.55000000
2018-03-01 09:21:07,0.00308000,14.78000000
2018-03-01 09:21:08,0.00308000,2.35000000
2018-03-01 09:21:08,0.00307900,19.44000000
2018-03-01 09:21:12,0.00308000,61.37000000
2018-03-01 09:21:16,0.00308200,14.15000000
2018-03-01 09:21:20,0.00308000,2.65000000
2018-03-01 09:21:21,0.00308000,12.39000000
2018-03-01 09:21:26,0.00308000,20.09000000
2018-03-01 09:21:31,0.00308200,1.30000000
2018-03-01 09:21:33,0.00308200,50.32000000
2018-03-01 09:21:33,0.00308200,1.30000000
2018-03-01 09:21:34,0.00308200,4.02000000
2018-03-01 09:21:36,0.00308200,1.30000000
2018-03-01 09:21:37,0.00308000,4.68000000
2018-03-01 09:21:38,0.00308200,1.30000000
2018-03-01 09:21:39,0.00308200,12.37000000
2018-03-01 09:21:40,0.00308200,1.30000000
2018-03-01 09:21:40,0.00308000,2.84000000
2018-03-01 09:21:42,0.00308200,1.30000000
2018-03-01 09:21:43,0.00308200,1.18000000
2018-03-01 09:21:44,0.00308200,5.18000000
2018-03-01 09:21:45,0.00308000,20.08000000
2018-03-01 09:21:52,0.00308000,56.03000000
2018-03-01 09:21:56,0.00307900,13.57000000
2018-03-01 09:21:56,0.00308200,13.01000000
2018-03-01 09:21:59,0.00307800,1.00000000
2018-03-01 09:22:05,0.00307800,8.33000000
2018-03-01 09:22:14,0.00307800,16.49000000
2018-03-01 09:22:18,0.00308200,1.30000000
2018-03-01 09:22:19,0.00307800,4.19000000
2018-03-01 09:22:21,0.00307800,1.38000000
2018-03-01 09:22:22,0.00308200,103.14000000
2018-03-01 09:22:24,0.00307800,7.36000000
2018-03-01 09:22:25,0.00307600,0.39000000
2018-03-01 09:22:25,0.00307600,13.58000000
2018-03-01 09:22:28,0.00307600,0.99000000
2018-03-01 09:22:31,0.00307600,3.22000000
2018-03-01 09:22:43,0.00308000,0.47000000
2018-03-01 09:22:52,0.00307700,3.62000000
2018-03-01 09:22:53,0.00307700,0.85000000
2018-03-01 09:22:53,0.00307600,1.30000000
2018-03-01 09:22:53,0.00307500,82.52000000
2018-03-01 09:23:00,0.00307500,266.31000000
2018-03-01 09:23:02,0.00307500,61.05000000
2018-03-01 09:23:02,0.00307800,1.30000000
2018-03-01 09:23:08,0.00307300,0.33000000
2018-03-01 09:23:08,0.00307200,0.67000000
2018-03-01 09:23:08,0.00307200,14.62000000
2018-03-01 09:23:13,0.00307500,0.63000000
2018-03-01 09:23:13,0.00307500,24.78000000
2018-03-01 09:23:13,0.00307500,49.80000000
2018-03-01 09:23:16,0.00307500,2.78000000
2018-03-01 09:23:16,0.00307500,1.39000000
2018-03-01 09:23:17,0.00307500,5.97000000
2018-03-01 09:23:17,0.00307500,3.19000000
2018-03-01 09:23:18,0.00307500,1.59000000
2018-03-01 09:23:19,0.00307500,1.59000000
2018-03-01 09:23:25,0.00307200,9.81000000
2018-03-01 09:23:25,0.00307100,60.99000000
2018-03-01 09:23:25,0.00307500,0.85000000
2018-03-01 09:23:26,0.00307500,7.33000000
2018-03-01 09:23:30,0.00307500,4.50000000
2018-03-01 09:23:46,0.00307500,1.36000000
2018-03-01 09:23:46,0.00307200,0.78000000
2018-03-01 09:23:48,0.00307500,1.30000000
2018-03-01 09:23:52,0.00307500,1.30000000
2018-03-01 09:23:55,0.00307500,1.30000000
2018-03-01 09:23:59,0.00307500,10.96000000
2018-03-01 09:24:01,0.00307500,10.96000000
2018-03-01 09:24:03,0.00307500,3.93000000
2018-03-01 09:24:04,0.00307500,1.02000000
2018-03-01 09:24:05,0.00307500,4.20000000
2018-03-01 09:24:07,0.00307500,4.20000000
2018-03-01 09:24:08,0.00307200,0.78000000
2018-03-01 09:24:09,0.00307500,2.11000000
2018-03-01 09:24:10,0.00307500,6.51000000
2018-03-01 09:24:10,0.00307200,0.78000000
2018-03-01 09:24:11,0.00307500,2.11000000
2018-03-01 09:24:12,0.00307200,0.78000000
2018-03-01 09:24:14,0.00307500,6.47000000
2018-03-01 09:24:14,0.00307200,0.78000000
2018-03-01 09:24:27,0.00307400,3.46000000
2018-03-01 09:24:27,0.00307500,131.04000000
2018-03-01 09:24:27,0.00307200,16.10000000
2018-03-01 09:24:27,0.00307100,0.03000000
2018-03-01 09:24:31,0.00307400,9.26000000
2018-03-01 09:24:32,0.00307400,1.50000000
2018-03-01 09:24:33,0.00307100,0.78000000
2018-03-01 09:24:33,0.00307200,0.46000000
2018-03-01 09:24:34,0.00307200,2.86000000
2018-03-01 09:24:34,0.00307200,7.86000000
2018-03-01 09:24:35,0.00307200,3.93000000
2018-03-01 09:24:36,0.00307200,1.96000000
2018-03-01 09:24:36,0.00307200,1.30000000
2018-03-01 09:24:37,0.00307200,1.96000000
2018-03-01 09:24:37,0.00307200,8.09000000
2018-03-01 09:24:37,0.00307400,3.32000000
2018-03-01 09:24:39,0.00307300,6.41000000
2018-03-01 09:24:40,0.00307100,55.17000000
2018-03-01 09:24:40,0.00307000,71.97000000
2018-03-01 09:24:40,0.00307000,9.52000000
2018-03-01 09:24:41,0.00307300,6.41000000
2018-03-01 09:24:43,0.00307300,6.41000000
2018-03-01 09:25:09,0.00307300,5.93000000
2018-03-01 09:25:12,0.00307300,1.71000000
2018-03-01 09:25:12,0.00307300,0.41000000
2018-03-01 09:25:16,0.00307000,78.44000000
2018-03-01 09:25:18,0.00307000,133.83000000
2018-03-01 09:25:21,0.00307200,14.07000000
2018-03-01 09:25:22,0.00307000,7.39000000
2018-03-01 09:25:24,0.00307300,25.00000000
2018-03-01 09:25:24,0.00307000,22.63000000
2018-03-01 09:25:25,0.00307000,27.38000000
2018-03-01 09:25:26,0.00307000,68.40000000
2018-03-01 09:25:33,0.00307200,2.60000000
2018-03-01 09:25:33,0.00307300,14.17000000
2018-03-01 09:25:36,0.00307000,66.58000000
2018-03-01 09:25:43,0.00307000,0.62000000
2018-03-01 09:25:43,0.00306800,1.44000000
2018-03-01 09:25:43,0.00306600,33.13000000
2018-03-01 09:25:43,0.00306500,12.40000000
2018-03-01 09:25:43,0.00306400,33.03000000
2018-03-01 09:25:43,0.00306300,8.46000000
2018-03-01 09:25:43,0.00306200,14.65000000
2018-03-01 09:25:43,0.00306100,36.90000000
2018-03-01 09:25:43,0.00306000,87.50000000
2018-03-01 09:25:43,0.00305900,140.67000000
2018-03-01 09:25:43,0.00305800,35.80000000
2018-03-01 09:25:43,0.00305700,115.76000000
2018-03-01 09:25:43,0.00305600,130.87000000
2018-03-01 09:25:43,0.00305500,29.88000000
2018-03-01 09:25:43,0.00305400,0.42000000
2018-03-01 09:25:43,0.00305300,213.57000000
2018-03-01 09:25:43,0.00305300,9.97000000
2018-03-01 09:25:45,0.00307100,3.62000000
2018-03-01 09:25:46,0.00306600,0.68000000
2018-03-01 09:25:47,0.00306600,1.55000000
2018-03-01 09:25:47,0.00306100,10.00000000
2018-03-01 09:25:47,0.00305900,36.41000000
2018-03-01 09:25:48,0.00306900,1.34000000
2018-03-01 09:25:48,0.00306900,1.70000000
2018-03-01 09:25:48,0.00307000,1.21000000
2018-03-01 09:25:49,0.00307000,2.81000000
2018-03-01 09:25:50,0.00306700,27.37000000
2018-03-01 09:25:50,0.00306700,5.35000000
2018-03-01 09:25:50,0.00306900,10.66000000
2018-03-01 09:25:50,0.00306900,11.47000000
2018-03-01 09:25:52,0.00306900,7.07000000
2018-03-01 09:25:53,0.00306900,5.21000000
2018-03-01 09:25:54,0.00306900,6.51000000
2018-03-01 09:25:54,0.00306600,1.78000000
2018-03-01 09:25:54,0.00306300,1.77000000
2018-03-01 09:25:54,0.00306000,0.73000000
2018-03-01 09:25:54,0.00306000,0.73000000
2018-03-01 09:25:54,0.00306000,13.16000000
2018-03-01 09:25:54,0.00306000,32.74000000
2018-03-01 09:25:54,0.00306900,13.96000000
2018-03-01 09:25:54,0.00307000,5.11000000
2018-03-01 09:25:55,0.00306700,2.87000000
2018-03-01 09:25:55,0.00307000,6.09000000
2018-03-01 09:25:58,0.00307000,5.57000000
2018-03-01 09:25:58,0.00307000,5.08000000
2018-03-01 09:25:59,0.00306900,5.00000000
2018-03-01 09:25:59,0.00306900,5.08000000
2018-03-01 09:26:00,0.00306900,5.08000000
2018-03-01 09:26:01,0.00306800,1.30000000
2018-03-01 09:26:02,0.00306800,0.31000000
2018-03-01 09:26:02,0.00306900,3.14000000
2018-03-01 09:26:02,0.00307000,0.37000000
2018-03-01 09:26:02,0.00307000,20.00000000
2018-03-01 09:26:03,0.00307000,1.88000000
2018-03-01 09:26:04,0.00307000,3.11000000
2018-03-01 09:26:05,0.00307000,0.72000000
2018-03-01 09:26:05,0.00307000,0.61000000
2018-03-01 09:26:05,0.00307000,1.30000000
2018-03-01 09:26:05,0.00307000,0.64000000
2018-03-01 09:26:05,0.00307000,3.11000000
2018-03-01 09:26:05,0.00307000,0.90000000
2018-03-01 09:26:07,0.00306900,2.86000000
2018-03-01 09:26:07,0.00306900,1.30000000
2018-03-01 09:26:07,0.00306900,0.69000000
2018-03-01 09:26:08,0.00306900,0.53000000
2018-03-01 09:26:08,0.00306800,2.61000000
2018-03-01 09:26:09,0.00306800,0.92000000
2018-03-01 09:26:09,0.00306800,12.40000000
2018-03-01 09:26:10,0.00306800,1.30000000
2018-03-01 09:26:10,0.00306800,2.18000000
2018-03-01 09:26:10,0.00306800,3.26000000
2018-03-01 09:26:11,0.00306700,17.43000000
2018-03-01 09:26:11,0.00306800,0.46000000
2018-03-01 09:26:12,0.00306800,2.18000000
2018-03-01 09:26:12,0.00306800,1.79000000
2018-03-01 09:26:13,0.00306800,16.30000000
2018-03-01 09:26:14,0.00306800,16.30000000
2018-03-01 09:26:14,0.00306900,3.70000000
2018-03-01 09:26:15,0.00306800,3.14000000
2018-03-01 09:26:15,0.00306700,77.34000000
2018-03-01 09:26:16,0.00306900,1.30000000
2018-03-01 09:26:19,0.00306900,13.03000000
2018-03-01 09:26:21,0.00306900,13.03000000
2018-03-01 09:26:23,0.00306900,2.18000000
2018-03-01 09:26:23,0.00306900,5.32000000
2018-03-01 09:26:24,0.00306900,20.00000000
2018-03-01 09:26:24,0.00306800,15.75000000
2018-03-01 09:26:25,0.00306900,5.32000000
2018-03-01 09:26:26,0.00306900,1.49000000
2018-03-01 09:26:28,0.00306900,1.30000000
2018-03-01 09:26:29,0.00306900,1.29000000
2018-03-01 09:26:30,0.00306900,1.49000000
2018-03-01 09:26:31,0.00306900,1.49000000
2018-03-01 09:26:33,0.00306900,15.65000000
2018-03-01 09:26:34,0.00306900,26.82000000
2018-03-01 09:26:36,0.00306900,3.84000000
2018-03-01 09:26:37,0.00306900,1.52000000
2018-03-01 09:26:39,0.00306800,9.30000000
2018-03-01 09:26:40,0.00306800,1.30000000
2018-03-01 09:26:41,0.00306800,18.70000000
2018-03-01 09:26:42,0.00306800,10.85000000
2018-03-01 09:26:44,0.00306800,3.07000000
2018-03-01 09:26:45,0.00306800,1.74000000
2018-03-01 09:26:46,0.00306800,1.30000000
2018-03-01 09:26:46,0.00306800,9.34000000
2018-03-01 09:26:46,0.00306900,7.45000000
2018-03-01 09:26:48,0.00306900,7.03000000
2018-03-01 09:26:48,0.00306900,1.30000000
2018-03-01 09:26:50,0.00306900,7.03000000
2018-03-01 09:26:51,0.00306900,7.03000000
2018-03-01 09:26:52,0.00306900,112.31000000
2018-03-01 09:26:54,0.00306900,8.69000000
2018-03-01 09:26:59,0.00306800,3.10000000
2018-03-01 09:27:04,0.00306900,0.58000000
2018-03-01 09:27:05,0.00306900,3.41000000
2018-03-01 09:27:05,0.00306900,8.62000000
2018-03-01 09:27:07,0.00306900,1.33000000
2018-03-01 09:27:08,0.00306800,29.14000000
2018-03-01 09:27:10,0.00306900,5.84000000
2018-03-01 09:27:11,0.00306900,0.55000000
2018-03-01 09:27:12,0.00306900,3.96000000
2018-03-01 09:27:15,0.00306900,4.00000000
2018-03-01 09:27:16,0.00306900,1.08000000
2018-03-01 09:27:16,0.00306800,1.54000000
2018-03-01 09:27:27,0.00306900,0.40000000
2018-03-01 09:27:31,0.00306800,37.63000000
2018-03-01 09:27:37,0.00306700,94.68000000
2018-03-01 09:27:39,0.00306900,68.00000000
2018-03-01 09:27:45,0.00307000,0.80000000
2018-03-01 09:27:46,0.00306900,0.81000000
2018-03-01 09:27:47,0.00307000,1.30000000
2018-03-01 09:27:48,0.00306900,1.00000000
2018-03-01 09:27:48,0.00306900,69.52000000
2018-03-01 09:27:49,0.00307000,1.30000000
2018-03-01 09:27:50,0.00306900,10.09000000
2018-03-01 09:27:52,0.00306900,16.22000000
2018-03-01 09:27:52,0.00306700,5.72000000
2018-03-01 09:27:53,0.00306700,0.46000000
2018-03-01 09:27:53,0.00306600,8.55000000
2018-03-01 09:27:53,0.00307000,1.62000000
2018-03-01 09:27:53,0.00306900,10.83000000
2018-03-01 09:27:55,0.00306400,93.18000000
2018-03-01 09:27:55,0.00306900,1.51000000
2018-03-01 09:28:02,0.00306900,3.25000000
2018-03-01 09:28:03,0.00306900,0.60000000
2018-03-01 09:28:04,0.00306900,3.08000000
2018-03-01 09:28:07,0.00306900,1.95000000
2018-03-01 09:28:10,0.00307100,0.58000000
2018-03-01 09:28:11,0.00306900,3.11000000
2018-03-01 09:28:12,0.00306900,13.03000000
2018-03-01 09:28:13,0.00306900,3.11000000
2018-03-01 09:28:13,0.00306900,0.59000000
2018-03-01 09:28:18,0.00306900,0.38000000
2018-03-01 09:28:20,0.00306800,59.80000000
2018-03-01 09:28:22,0.00306900,0.94000000
2018-03-01 09:28:24,0.00306900,38.47000000
2018-03-01 09:28:24,0.00307100,34.02000000
2018-03-01 09:28:24,0.00307200,24.50000000
2018-03-01 09:28:24,0.00307300,30.08000000
2018-03-01 09:28:30,0.00306800,1.50000000
2018-03-01 09:28:30,0.00306900,17.28000000
2018-03-01 09:28:30,0.00307300,7.12000000
2018-03-01 09:28:30,0.00307400,3.98000000
2018-03-01 09:28:30,0.00307500,54.86000000
2018-03-01 09:28:43,0.00307500,0.40000000
2018-03-01 09:28:46,0.00306900,14.93000000
2018-03-01 09:28:49,0.00307400,3.07000000
2018-03-01 09:28:52,0.00306900,2.00000000
2018-03-01 09:28:54,0.00306900,0.81000000
2018-03-01 09:28:55,0.00306800,14.93000000
2018-03-01 09:28:55,0.00306900,10.69000000
2018-03-01 09:28:55,0.00307400,0.64000000
2018-03-01 09:28:55,0.00306800,9.84000000
2018-03-01 09:28:57,0.00306800,9.86000000
2018-03-01 09:28:57,0.00306900,3.36000000
2018-03-01 09:28:58,0.00306700,1.36000000
2018-03-01 09:28:58,0.00306900,0.25000000
2018-03-01 09:29:00,0.00307100,2.32000000
2018-03-01 09:29:00,0.00307100,1.50000000
2018-03-01 09:29:07,0.00306400,20.49000000
2018-03-01 09:29:07,0.00306300,29.74000000
2018-03-01 09:29:07,0.00306000,20.00000000
2018-03-01 09:29:07,0.00305500,30.53000000
2018-03-01 09:29:09,0.00306700,2.56000000
2018-03-01 09:29:09,0.00306700,1.54000000
2018-03-01 09:29:10,0.00306500,8.94000000
2018-03-01 09:29:10,0.00305700,2.56000000
2018-03-01 09:29:10,0.00305600,28.54000000
2018-03-01 09:29:10,0.00305500,1.00000000
2018-03-01 09:29:10,0.00305400,7.75000000
2018-03-01 09:29:11,0.00306400,3.27000000
2018-03-01 09:29:11,0.00306400,2.76000000
2018-03-01 09:29:13,0.00306200,0.49000000
2018-03-01 09:29:13,0.00306200,6.50000000
2018-03-01 09:29:14,0.00306200,4.47000000
2018-03-01 09:29:15,0.00306300,1.57000000
2018-03-01 09:29:16,0.00306300,1.00000000
2018-03-01 09:29:18,0.00306200,2.67000000
2018-03-01 09:29:19,0.00306200,0.81000000
2018-03-01 09:29:19,0.00306200,0.81000000
2018-03-01 09:29:19,0.00306200,0.81000000
2018-03-01 09:29:19,0.00306200,0.81000000
2018-03-01 09:29:19,0.00306200,0.98000000
2018-03-01 09:29:19,0.00306300,11.69000000
2018-03-01 09:29:19,0.00306200,0.81000000
2018-03-01 09:29:19,0.00306200,0.25000000
2018-03-01 09:29:21,0.00306100,0.38000000
2018-03-01 09:29:22,0.00306100,1.02000000
2018-03-01 09:29:22,0.00306100,0.23000000
2018-03-01 09:29:26,0.00306200,3.16000000
2018-03-01 09:29:27,0.00306200,2.61000000
2018-03-01 09:29:30,0.00306300,2.48000000
2018-03-01 09:29:30,0.00306300,3.47000000
2018-03-01 09:29:31,0.00306200,0.53000000
2018-03-01 09:29:31,0.00306000,0.98000000
2018-03-01 09:29:31,0.00306000,0.41000000
2018-03-01 09:29:31,0.00306000,5.95000000
2018-03-01 09:29:31,0.00306000,0.63000000
2018-03-01 09:29:36,0.00306400,1.00000000
2018-03-01 09:29:36,0.00306700,0.69000000
2018-03-01 09:29:39,0.00306700,0.81000000
2018-03-01 09:29:40,0.00306700,2.84000000
2018-03-01 09:29:41,0.00306700,0.87000000
2018-03-01 09:29:42,0.00306600,3.00000000
2018-03-01 09:29:43,0.00306600,4.76000000
2018-03-01 09:29:43,0.00306600,15.12000000
2018-03-01 09:29:45,0.00306400,1.92000000
2018-03-01 09:29:46,0.00306400,0.46000000
2018-03-01 09:29:46,0.00306400,17.60000000
2018-03-01 09:29:46,0.00306600,0.46000000
2018-03-01 09:29:47,0.00306400,43.54000000
2018-03-01 09:29:48,0.00306300,5.10000000
2018-03-01 09:29:49,0.00306300,1.50000000
2018-03-01 09:29:50,0.00306300,4.83000000
2018-03-01 09:29:56,0.00306400,0.01000000
2018-03-01 09:29:56,0.00306600,5.18000000
2018-03-01 09:30:02,0.00306500,1.20000000
2018-03-01 09:30:03,0.00307000,0.72000000
2018-03-01 09:30:04,0.00306600,0.40000000
2018-03-01 09:30:04,0.00307000,1.06000000
2018-03-01 09:30:06,0.00306600,14.58000000
2018-03-01 09:30:06,0.00306600,38.32000000
2018-03-01 09:30:06,0.00306600,14.00000000
2018-03-01 09:30:12,0.00306700,9.78000000
2018-03-01 09:30:12,0.00306600,9.27000000
2018-03-01 09:30:15,0.00307200,1.20000000
2018-03-01 09:30:15,0.00307400,0.03000000
2018-03-01 09:30:23,0.00307000,5.90000000
2018-03-01 09:30:23,0.00307400,9.78000000
2018-03-01 09:30:23,0.00307500,5.45000000
2018-03-01 09:30:24,0.00306700,1.98000000
2018-03-01 09:30:35,0.00307500,0.78000000
2018-03-01 09:30:46,0.00307000,2.29000000
2018-03-01 09:30:47,0.00307100,45.94000000
2018-03-01 09:30:49,0.00307100,4.04000000
2018-03-01 09:30:58,0.00307100,3.21000000
2018-03-01 09:30:59,0.00307100,20.92000000
2018-03-01 09:30:59,0.00307000,2.52000000
2018-03-01 09:30:59,0.00306900,34.55000000
2018-03-01 09:30:59,0.00306900,2.29000000
2018-03-01 09:31:06,0.00307000,1.00000000
2018-03-01 09:31:13,0.00307300,1.80000000
2018-03-01 09:31:15,0.00307300,1.63000000
2018-03-01 09:31:28,0.00307100,28.36000000
2018-03-01 09:31:29,0.00307300,3.20000000
2018-03-01 09:31:30,0.00307100,6.25000000
2018-03-01 09:31:30,0.00307000,1.46000000
2018-03-01 09:31:33,0.00307300,2.77000000
2018-03-01 09:31:36,0.00307300,0.70000000
2018-03-01 09:31:37,0.00307300,1.60000000
2018-03-01 09:31:38,0.00307300,1.26000000
2018-03-01 09:31:39,0.00307300,0.59000000
2018-03-01 09:31:43,0.00307300,1.17000000
2018-03-01 09:31:49,0.00307000,5.36000000
2018-03-01 09:31:51,0.00307300,28.50000000
2018-03-01 09:31:51,0.00307300,1.29000000
2018-03-01 09:31:53,0.00307300,45.53000000
2018-03-01 09:31:53,0.00307300,24.27000000
2018-03-01 09:31:56,0.00307300,12.26000000
2018-03-01 09:31:58,0.00307300,22.82000000
2018-03-01 09:32:01,0.00307000,1.50000000
2018-03-01 09:32:02,0.00307300,1.08000000
2018-03-01 09:32:02,0.00307000,0.58000000
2018-03-01 09:32:05,0.00306900,0.78000000
2018-03-01 09:32:15,0.00306900,4.57000000
2018-03-01 09:32:16,0.00306900,1.93000000
2018-03-01 09:32:16,0.00307000,1.94000000
2018-03-01 09:32:19,0.00307000,7.12000000
2018-03-01 09:32:19,0.00307000,138.18000000
2018-03-01 09:32:20,0.00306900,1.38000000
2018-03-01 09:32:21,0.00307000,2.01000000
2018-03-01 09:32:21,0.00307000,0.43000000
2018-03-01 09:32:24,0.00307000,1.30000000
2018-03-01 09:32:26,0.00307000,36.29000000
2018-03-01 09:32:27,0.00307000,1.30000000
2018-03-01 09:32:28,0.00306900,4.55000000
2018-03-01 09:32:30,0.00307000,1.30000000
2018-03-01 09:32:31,0.00307000,0.50000000
2018-03-01 09:32:35,0.00306900,6.99000000
2018-03-01 09:32:36,0.00307000,1.30000000
2018-03-01 09:32:38,0.00306900,5.00000000
2018-03-01 09:32:38,0.00307000,1.30000000
2018-03-01 09:32:39,0.00306900,8.44000000
2018-03-01 09:32:40,0.00306900,21.92000000
2018-03-01 09:32:40,0.00307000,1.55000000
2018-03-01 09:32:40,0.00307000,10.00000000
2018-03-01 09:32:43,0.00307000,1.30000000
2018-03-01 09:32:43,0.00306900,4.34000000
2018-03-01 09:32:43,0.00307000,2.00000000
2018-03-01 09:32:45,0.00307000,10.00000000
2018-03-01 09:32:48,0.00307000,20.83000000
2018-03-01 09:33:02,0.00307000,2.93000000
2018-03-01 09:33:05,0.00307000,3.02000000
2018-03-01 09:33:11,0.00306900,55.54000000
2018-03-01 09:33:11,0.00306800,9.77000000
2018-03-01 09:33:17,0.00307000,10.80000000
2018-03-01 09:33:18,0.00307000,4.06000000
2018-03-01 09:33:20,0.00307000,3.03000000
2018-03-01 09:33:22,0.00307000,1.30000000
2018-03-01 09:33:24,0.00307000,4.95000000
2018-03-01 09:33:26,0.00307000,1.39000000
2018-03-01 09:33:26,0.00307000,4.95000000
2018-03-01 09:33:28,0.00307000,1.31000000
2018-03-01 09:33:30,0.00307000,7.02000000
2018-03-01 09:33:31,0.00307000,1.30000000
2018-03-01 09:33:33,0.00307000,7.02000000
2018-03-01 09:33:33,0.00306700,5.54000000
2018-03-01 09:33:34,0.00307000,3.25000000
2018-03-01 09:33:35,0.00307000,3.25000000
2018-03-01 09:33:40,0.00306700,0.70000000
2018-03-01 09:33:44,0.00306700,9.16000000
2018-03-01 09:33:46,0.00307000,1.57000000
2018-03-01 09:33:46,0.00306700,14.60000000
2018-03-01 09:33:46,0.00306600,4.57000000
2018-03-01 09:33:50,0.00306700,9.74000000
2018-03-01 09:33:50,0.00306700,3.26000000
2018-03-01 09:33:54,0.00306600,31.48000000
2018-03-01 09:33:54,0.00306400,15.37000000
2018-03-01 09:33:54,0.00306300,27.61000000
2018-03-01 09:33:54,0.00306200,155.21000000
2018-03-01 09:33:54,0.00306000,9.75000000
2018-03-01 09:33:54,0.00306000,25.93000000
2018-03-01 09:33:55,0.00306000,0.44000000
2018-03-01 09:33:55,0.00306000,267.27000000
2018-03-01 09:33:55,0.00306000,16.19000000
2018-03-01 09:33:55,0.00305900,7.09000000
2018-03-01 09:33:55,0.00305900,8.28000000
2018-03-01 09:33:55,0.00306000,8.06000000
2018-03-01 09:33:56,0.00306000,95.33000000
2018-03-01 09:33:56,0.00306000,7.09000000
2018-03-01 09:33:57,0.00306000,2.41000000
2018-03-01 09:33:57,0.00306000,16.34000000
2018-03-01 09:33:57,0.00306000,6.40000000
2018-03-01 09:33:57,0.00306000,6.00000000
2018-03-01 09:33:58,0.00306000,0.04000000
2018-03-01 09:33:59,0.00306000,3.34000000
2018-03-01 09:33:59,0.00306000,2.41000000
2018-03-01 09:33:59,0.00306000,36.06000000
2018-03-01 09:33:59,0.00306700,16.34000000
2018-03-01 09:34:00,0.00306700,9.53000000
2018-03-01 09:34:00,0.00306700,1.74000000
2018-03-01 09:34:02,0.00306700,11.25000000
2018-03-01 09:34:15,0.00307000,31.23000000
2018-03-01 09:34:24,0.00307000,17.00000000
2018-03-01 09:34:43,0.00306700,0.01000000
2018-03-01 09:34:43,0.00306600,14.84000000
2018-03-01 09:34:43,0.00306400,15.37000000
2018-03-01 09:34:44,0.00306300,2.88000000
2018-03-01 09:34:45,0.00306200,4.37000000
2018-03-01 09:34:46,0.00306200,0.50000000
2018-03-01 09:34:46,0.00306200,7.62000000
2018-03-01 09:34:46,0.00306400,8.70000000
2018-03-01 09:34:49,0.00306400,15.00000000
2018-03-01 09:34:50,0.00306400,0.39000000
2018-03-01 09:34:56,0.00306400,10.92000000
2018-03-01 09:34:57,0.00307000,0.03000000
2018-03-01 09:34:58,0.00307000,6.71000000
2018-03-01 09:35:09,0.00306900,3.26000000
2018-03-01 09:35:11,0.00306500,34.00000000
2018-03-01 09:35:11,0.00306900,9.74000000
2018-03-01 09:35:11,0.00307000,3.22000000
2018-03-01 09:35:12,0.00306500,3.98000000
2018-03-01 09:35:21,0.00306900,1.63000000
2018-03-01 09:35:21,0.00307000,7.87000000
2018-03-01 09:35:22,0.00306400,5.00000000
2018-03-01 09:35:22,0.00306600,1.30000000
2018-03-01 09:35:33,0.00306600,0.08000000
2018-03-01 09:35:33,0.00306600,1.51000000
2018-03-01 09:35:36,0.00306600,21.42000000
2018-03-01 09:35:38,0.00306600,3.99000000
2018-03-01 09:35:46,0.00306600,15.00000000
2018-03-01 09:35:51,0.00306600,1.99000000
2018-03-01 09:35:51,0.00306600,15.00000000
2018-03-01 09:35:59,0.00306400,10.00000000
2018-03-01 09:36:03,0.00306600,10.03000000
2018-03-01 09:36:05,0.00306600,0.40000000
2018-03-01 09:36:06,0.00306600,0.40000000
2018-03-01 09:36:06,0.00306600,1.44000000
2018-03-01 09:36:07,0.00306700,12.97000000
2018-03-01 09:36:10,0.00306600,23.76000000
2018-03-01 09:36:11,0.00306400,0.21000000
2018-03-01 09:36:11,0.00306700,0.17000000
2018-03-01 09:36:11,0.00306800,16.33000000
2018-03-01 09:36:11,0.00306900,19.57000000
2018-03-01 09:36:13,0.00306900,1.47000000
2018-03-01 09:36:13,0.00306900,1.70000000
2018-03-01 09:36:15,0.00306900,3.15000000
2018-03-01 09:36:19,0.00306900,3.80000000
2018-03-01 09:36:39,0.00306800,18.78000000
2018-03-01 09:36:44,0.00306700,0.04000000
2018-03-01 09:36:48,0.00306800,1.30000000
2018-03-01 09:36:50,0.00306800,1.30000000
2018-03-01 09:36:51,0.00306700,0.88000000
2018-03-01 09:36:51,0.00306600,2.02000000
2018-03-01 09:36:51,0.00306600,2.00000000
2018-03-01 09:36:52,0.00306800,1.52000000
2018-03-01 09:36:55,0.00306800,1.30000000
2018-03-01 09:36:55,0.00306600,15.00000000
2018-03-01 09:36:57,0.00306800,1.30000000
2018-03-01 09:36:59,0.00306800,1.30000000
2018-03-01 09:37:02,0.00306600,15.91000000
2018-03-01 09:37:08,0.00306600,0.02000000
2018-03-01 09:37:08,0.00306400,105.90000000
2018-03-01 09:37:09,0.00306400,16.32000000
2018-03-01 09:37:11,0.00306400,16.32000000
2018-03-01 09:37:12,0.00306400,2.88000000
2018-03-01 09:37:13,0.00306400,16.32000000
2018-03-01 09:37:14,0.00306400,1.31000000
2018-03-01 09:37:16,0.00306400,14.59000000
2018-03-01 09:37:16,0.00306400,2.40000000
2018-03-01 09:37:17,0.00306400,2.88000000
2018-03-01 09:37:18,0.00306400,16.32000000
2018-03-01 09:37:22,0.00306400,1.31000000
2018-03-01 09:37:32,0.00306400,1.31000000
2018-03-01 09:37:34,0.00306400,2.39000000
2018-03-01 09:37:36,0.00306400,1.31000000
2018-03-01 09:37:38,0.00306400,1.31000000
2018-03-01 09:37:40,0.00306400,1.31000000
2018-03-01 09:37:42,0.00306400,1.31000000
2018-03-01 09:37:45,0.00306200,13.06000000
2018-03-01 09:37:45,0.00306200,16.33000000
2018-03-01 09:37:46,0.00306200,8.59000000
2018-03-01 09:37:46,0.00306400,7.73000000
2018-03-01 09:37:49,0.00306300,16.32000000
2018-03-01 09:37:51,0.00306300,16.32000000
2018-03-01 09:37:51,0.00306300,9.79000000
2018-03-01 09:37:52,0.00306300,7.57000000
2018-03-01 09:37:52,0.00306400,9.25000000
2018-03-01 09:37:52,0.00306400,16.32000000
2018-03-01 09:37:54,0.00306400,60.53000000
2018-03-01 09:37:55,0.00306400,6.87000000
2018-03-01 09:37:56,0.00306300,28.02000000
2018-03-01 09:37:57,0.00306100,16.00000000
2018-03-01 09:37:57,0.00306000,19.91000000
2018-03-01 09:37:59,0.00306300,16.32000000
2018-03-01 09:38:00,0.00306300,5.66000000
2018-03-01 09:38:00,0.00306400,10.66000000
2018-03-01 09:38:02,0.00306400,16.32000000
2018-03-01 09:38:03,0.00306400,16.32000000
2018-03-01 09:38:04,0.00306400,10.39000000
2018-03-01 09:38:04,0.00306600,14.02000000
2018-03-01 09:38:05,0.00306200,1.79000000
2018-03-01 09:38:08,0.00306200,0.02000000
2018-03-01 09:38:09,0.00306200,6.67000000
2018-03-01 09:38:09,0.00306600,2.22000000
2018-03-01 09:38:16,0.00306600,8.00000000
2018-03-01 09:38:16,0.00306700,0.50000000
2018-03-01 09:38:17,0.00306500,30.68000000
2018-03-01 09:38:17,0.00306800,12.00000000
2018-03-01 09:38:18,0.00306500,1.46000000
2018-03-01 09:38:25,0.00306900,67.96000000
2018-03-01 09:38:31,0.00306900,1.05000000
2018-03-01 09:38:36,0.00306600,0.73000000
2018-03-01 09:38:39,0.00306900,16.29000000
2018-03-01 09:38:39,0.00306900,31.62000000
2018-03-01 09:38:40,0.00306900,15.34000000
2018-03-01 09:38:40,0.00307000,5.15000000
2018-03-01 09:38:42,0.00306800,3.68000000
2018-03-01 09:38:43,0.00306800,35.16000000
2018-03-01 09:38:43,0.00307000,29.83000000
2018-03-01 09:38:45,0.00306600,0.39000000
2018-03-01 09:38:45,0.00306600,2.66000000
2018-03-01 09:38:46,0.00307300,16.27000000
2018-03-01 09:38:46,0.00307300,1.44000000
2018-03-01 09:38:48,0.00307300,16.27000000
2018-03-01 09:38:50,0.00307300,1.36000000
2018-03-01 09:38:52,0.00307300,4.88000000
2018-03-01 09:39:01,0.00307300,11.47000000
2018-03-01 09:39:01,0.00307300,31.52000000
2018-03-01 09:39:01,0.00307300,24.62000000
2018-03-01 09:39:03,0.00307300,45.38000000
2018-03-01 09:39:03,0.00307300,0.98000000
2018-03-01 09:39:04,0.00307300,9.74000000
2018-03-01 09:39:07,0.00307000,1.10000000
2018-03-01 09:39:07,0.00307300,3.14000000
2018-03-01 09:39:08,0.00307300,31.05000000
2018-03-01 09:39:12,0.00307300,109.15000000
2018-03-01 09:39:17,0.00307300,1.00000000
2018-03-01 09:39:21,0.00307000,51.89000000
2018-03-01 09:39:25,0.00307000,1.12000000
2018-03-01 09:39:28,0.00307000,16.13000000
2018-03-01 09:39:33,0.00307200,3.25000000
2018-03-01 09:39:34,0.00307200,16.28000000
2018-03-01 09:39:35,0.00307200,0.63000000
2018-03-01 09:39:36,0.00307200,4.41000000
2018-03-01 09:39:37,0.00307200,16.27000000
2018-03-01 09:39:43,0.00307200,4.48000000
2018-03-01 09:39:47,0.00307200,1.02000000
2018-03-01 09:39:54,0.00307200,9.00000000
2018-03-01 09:40:07,0.00307200,9.37000000
2018-03-01 09:40:09,0.00307200,2.42000000
2018-03-01 09:40:12,0.00307200,8.98000000
2018-03-01 09:40:12,0.00307300,23.01000000
2018-03-01 09:40:14,0.00307200,1.47000000
2018-03-01 09:40:17,0.00307200,50.00000000
2018-03-01 09:40:17,0.00307200,7.04000000
2018-03-01 09:40:17,0.00307300,82.79000000
2018-03-01 09:40:30,0.00307100,7.20000000
2018-03-01 09:40:36,0.00307200,30.75000000
2018-03-01 09:40:37,0.00307200,5.08000000
2018-03-01 09:40:37,0.00307200,30.75000000
2018-03-01 09:40:37,0.00307200,16.28000000
2018-03-01 09:40:39,0.00307200,35.53000000
2018-03-01 09:40:39,0.00307100,32.63000000
2018-03-01 09:40:39,0.00307200,16.28000000
2018-03-01 09:40:40,0.00307200,29.70000000
2018-03-01 09:40:42,0.00307200,16.28000000
2018-03-01 09:40:44,0.00307200,16.27000000
2018-03-01 09:40:44,0.00307200,31.71000000
2018-03-01 09:40:44,0.00307200,15.45000000
2018-03-01 09:40:45,0.00307300,16.27000000
2018-03-01 09:40:47,0.00307300,16.27000000
2018-03-01 09:40:48,0.00307300,3.44000000
2018-03-01 09:40:48,0.00307300,16.27000000
2018-03-01 09:40:50,0.00307300,16.27000000
2018-03-01 09:40:50,0.00307200,0.99000000
2018-03-01 09:40:55,0.00307200,0.33000000
2018-03-01 09:40:55,0.00307200,3.25000000
2018-03-01 09:40:56,0.00307200,16.06000000
2018-03-01 09:40:58,0.00307200,3.25000000
2018-03-01 09:40:59,0.00307200,38.51000000
2018-03-01 09:41:03,0.00307200,3.25000000
2018-03-01 09:41:05,0.00307200,0.39000000
2018-03-01 09:41:05,0.00307200,3.25000000
2018-03-01 09:41:07,0.00307200,0.94000000
2018-03-01 09:41:10,0.00307200,8.33000000
2018-03-01 09:41:14,0.00307100,6.99000000
2018-03-01 09:41:26,0.00307100,8.05000000
2018-03-01 09:41:29,0.00307200,0.98000000
2018-03-01 09:41:29,0.00307100,2.11000000
2018-03-01 09:41:36,0.00307100,1.93000000
2018-03-01 09:41:37,0.00307100,3.26000000
2018-03-01 09:41:41,0.00307100,31.92000000
2018-03-01 09:41:41,0.00307100,10.51000000
2018-03-01 09:41:41,0.00307200,265.82000000
2018-03-01 09:41:45,0.00306800,7.19000000
2018-03-01 09:41:45,0.00306700,15.32000000
2018-03-01 09:41:45,0.00306600,9.78000000
2018-03-01 09:41:45,0.00306500,11.52000000
2018-03-01 09:41:45,0.00306200,6.14000000
2018-03-01 09:41:49,0.00306800,2.14000000
2018-03-01 09:41:49,0.00306700,15.32000000
2018-03-01 09:41:50,0.00307000,94.89000000
2018-03-01 09:41:50,0.00307000,2.89000000
2018-03-01 09:41:50,0.00307000,90.52000000
2018-03-01 09:41:56,0.00307200,2.75000000
2018-03-01 09:42:02,0.00307200,2.75000000
2018-03-01 09:42:04,0.00307200,2.44000000
2018-03-01 09:42:04,0.00307100,25.91000000
2018-03-01 09:42:05,0.00307100,50.50000000
2018-03-01 09:42:08,0.00307300,9.78000000
2018-03-01 09:42:11,0.00307400,3.62000000
2018-03-01 09:42:16,0.00307200,1.15000000
2018-03-01 09:42:18,0.00307200,11.72000000
2018-03-01 09:42:19,0.00307200,71.78000000
2018-03-01 09:42:20,0.00307000,40.38000000
2018-03-01 09:42:20,0.00306800,5.46000000
2018-03-01 09:42:21,0.00307200,0.39000000
2018-03-01 09:42:27,0.00307200,1.93000000
2018-03-01 09:42:28,0.00307200,16.28000000
2018-03-01 09:42:28,0.00307200,26.00000000
2018-03-01 09:42:29,0.00307200,16.28000000
2018-03-01 09:42:29,0.00307100,9.18000000
2018-03-01 09:42:35,0.00307100,87.04000000
2018-03-01 09:42:35,0.00307100,2.78000000
2018-03-01 09:42:36,0.00307200,3.25000000
2018-03-01 09:42:39,0.00307100,25.03000000
2018-03-01 09:42:39,0.00307200,3.25000000
2018-03-01 09:42:40,0.00307100,5.00000000
2018-03-01 09:42:43,0.00307200,3.25000000
2018-03-01 09:42:44,0.00307000,26.65000000
2018-03-01 09:42:44,0.00306900,33.78000000
2018-03-01 09:42:45,0.00307200,1.93000000
2018-03-01 09:42:47,0.00307200,3.25000000
2018-03-01 09:42:47,0.00307100,199.00000000
2018-03-01 09:42:47,0.00307200,50.59000000
2018-03-01 09:42:48,0.00307200,19.00000000
2018-03-01 09:42:50,0.00306900,1.62000000
2018-03-01 09:42:50,0.00306900,1.40000000
2018-03-01 09:42:52,0.00306900,0.02000000
2018-03-01 09:42:52,0.00307200,76.09000000
2018-03-01 09:42:52,0.00307300,0.52000000
2018-03-01 09:42:52,0.00307500,2.73000000
2018-03-01 09:42:54,0.00307500,16.26000000
2018-03-01 09:42:55,0.00307500,16.26000000
2018-03-01 09:42:57,0.00307200,1.59000000
2018-03-01 09:42:58,0.00307200,13.81000000
2018-03-01 09:43:01,0.00307200,22.77000000
2018-03-01 09:43:01,0.00307200,22.31000000
2018-03-01 09:43:01,0.00307200,27.97000000
2018-03-01 09:43:04,0.00307200,10.76000000
2018-03-01 09:43:04,0.00307200,0.79000000
2018-03-01 09:43:05,0.00307400,3.49000000
2018-03-01 09:43:09,0.00307200,13.25000000
2018-03-01 09:43:09,0.00307000,65.56000000
2018-03-01 09:43:09,0.00306900,5.00000000
2018-03-01 09:43:10,0.00307000,0.04000000
2018-03-01 09:43:10,0.00307400,3.25000000
2018-03-01 09:43:10,0.00307400,3.25000000
2018-03-01 09:43:11,0.00307400,3.25000000
2018-03-01 09:43:13,0.00307400,0.81000000
2018-03-01 09:43:20,0.00307200,1.91000000
2018-03-01 09:43:26,0.00306900,10.00000000
2018-03-01 09:43:29,0.00307200,3.25000000
2018-03-01 09:43:31,0.00307200,15.92000000
2018-03-01 09:43:33,0.00307200,20.59000000
2018-03-01 09:43:39,0.00307200,7.04000000
2018-03-01 09:43:43,0.00307200,3.55000000
2018-03-01 09:43:45,0.00307200,6.88000000
2018-03-01 09:43:51,0.00307200,1.91000000
2018-03-01 09:43:56,0.00307200,12.69000000
2018-03-01 09:44:00,0.00307500,4.00000000
2018-03-01 09:44:14,0.00307500,4.16000000
2018-03-01 09:44:14,0.00307300,260.00000000
2018-03-01 09:44:15,0.00307700,11.25000000
2018-03-01 09:44:27,0.00307600,2.62000000
2018-03-01 09:44:27,0.00307600,14.74000000
2018-03-01 09:44:28,0.00307600,4.45000000
2018-03-01 09:44:29,0.00307500,6.29000000
2018-03-01 09:44:30,0.00307500,14.74000000
2018-03-01 09:44:30,0.00307500,12.60000000
2018-03-01 09:44:30,0.00307500,12.27000000
2018-03-01 09:44:30,0.00307500,3.25000000
2018-03-01 09:44:31,0.00307500,15.99000000
2018-03-01 09:44:32,0.00307500,6.80000000
2018-03-01 09:44:32,0.00307500,1.50000000
2018-03-01 09:44:34,0.00307500,2.90000000
2018-03-01 09:44:35,0.00307500,0.39000000
2018-03-01 09:44:35,0.00307500,1.84000000
2018-03-01 09:44:38,0.00307500,2.14000000
2018-03-01 09:44:39,0.00307500,5.10000000
2018-03-01 09:44:41,0.00307500,2.22000000
2018-03-01 09:44:41,0.00307500,16.26000000
2018-03-01 09:44:41,0.00307500,2.10000000
2018-03-01 09:44:42,0.00307500,2.10000000
2018-03-01 09:44:42,0.00307500,3.25000000
2018-03-01 09:44:44,0.00307500,2.19000000
2018-03-01 09:44:44,0.00307500,22.43000000
2018-03-01 09:44:45,0.00307500,16.26000000
2018-03-01 09:44:45,0.00307500,0.98000000
2018-03-01 09:44:46,0.00307500,3.25000000
2018-03-01 09:44:46,0.00307500,0.98000000
2018-03-01 09:44:47,0.00307500,3.25000000
2018-03-01 09:44:48,0.00307500,0.73000000
2018-03-01 09:44:49,0.00307500,19.35000000
2018-03-01 09:44:50,0.00307500,3.25000000
2018-03-01 09:44:53,0.00307500,8.08000000
2018-03-01 09:44:58,0.00307500,0.43000000
2018-03-01 09:44:58,0.00307500,18.63000000
2018-03-01 09:44:58,0.00307500,1.62000000
2018-03-01 09:45:00,0.00307500,0.43000000
2018-03-01 09:45:00,0.00307500,1.62000000
2018-03-01 09:45:01,0.00307500,15.31000000
2018-03-01 09:45:02,0.00307500,0.40000000
2018-03-01 09:45:02,0.00307500,1.62000000
2018-03-01 09:45:03,0.00307500,0.40000000
2018-03-01 09:45:04,0.00307500,0.40000000
2018-03-01 09:45:09,0.00307500,16.26000000
2018-03-01 09:45:12,0.00307500,26.83000000
2018-03-01 09:45:13,0.00307500,3.25000000
2018-03-01 09:45:16,0.00307500,3.25000000
2018-03-01 09:45:19,0.00307400,0.42000000
2018-03-01 09:45:21,0.00307500,3.25000000
2018-03-01 09:45:21,0.00307500,3.74000000
2018-03-01 09:45:22,0.00307500,9.63000000
2018-03-01 09:45:28,0.00307500,16.26000000
2018-03-01 09:45:28,0.00307500,75.21000000
2018-03-01 09:45:30,0.00307500,22.74000000
2018-03-01 09:45:31,0.00307500,12.42000000
2018-03-01 09:45:31,0.00307500,10.00000000
2018-03-01 09:45:32,0.00307400,1.05000000
2018-03-01 09:45:32,0.00307400,35.78000000
2018-03-01 09:45:33,0.00307400,32.53000000
2018-03-01 09:45:33,0.00307400,260.10000000
2018-03-01 09:45:34,0.00307500,29.26000000
2018-03-01 09:45:36,0.00307500,8.00000000
2018-03-01 09:45:37,0.00307500,5.10000000
2018-03-01 09:45:38,0.00307500,5.72000000
2018-03-01 09:45:38,0.00307400,21.00000000
2018-03-01 09:45:40,0.00307500,93.65000000
2018-03-01 09:45:40,0.00307600,55.94000000
2018-03-01 09:45:41,0.00307400,6.17000000
2018-03-01 09:45:48,0.00307600,4.29000000
2018-03-01 09:45:49,0.00307600,1.62000000
2018-03-01 09:45:51,0.00307500,10.00000000
2018-03-01 09:45:51,0.00307400,27.71000000
2018-03-01 09:45:58,0.00307400,0.82000000
2018-03-01 09:46:01,0.00307600,39.80000000
2018-03-01 09:46:06,0.00307700,3.24000000
2018-03-01 09:46:08,0.00307700,6.49000000
2018-03-01 09:46:09,0.00307700,8.01000000
2018-03-01 09:46:10,0.00307700,3.14000000
2018-03-01 09:46:10,0.00307700,6.99000000
2018-03-01 09:46:10,0.00307700,3.24000000
2018-03-01 09:46:14,0.00307700,3.24000000
2018-03-01 09:46:15,0.00307700,0.47000000
2018-03-01 09:46:16,0.00307500,3.20000000
2018-03-01 09:46:17,0.00307500,0.80000000
2018-03-01 09:46:17,0.00307400,2.37000000
2018-03-01 09:46:18,0.00307400,50.00000000
2018-03-01 09:46:20,0.00307700,12.99000000
2018-03-01 09:46:21,0.00307700,3.24000000
2018-03-01 09:46:25,0.00307400,84.80000000
2018-03-01 09:46:26,0.00307700,6.49000000
2018-03-01 09:46:33,0.00307700,1.44000000
2018-03-01 09:46:34,0.00307700,3.24000000
2018-03-01 09:46:42,0.00307700,3.39000000
2018-03-01 09:46:44,0.00307700,1.32000000
2018-03-01 09:46:45,0.00307700,0.82000000
2018-03-01 09:46:49,0.00307500,0.92000000
2018-03-01 09:46:49,0.00307400,4.08000000
2018-03-01 09:46:52,0.00307400,1.18000000
2018-03-01 09:46:58,0.00307700,6.64000000
2018-03-01 09:47:02,0.00307700,22.90000000
2018-03-01 09:47:02,0.00307700,0.97000000
2018-03-01 09:47:03,0.00307700,0.04000000
2018-03-01 09:47:03,0.00307700,6.47000000
2018-03-01 09:47:06,0.00307600,15.26000000
2018-03-01 09:47:07,0.00307600,8.60000000
2018-03-01 09:47:08,0.00307600,21.50000000
2018-03-01 09:47:09,0.00307600,153.62000000
2018-03-01 09:47:10,0.00307600,0.02000000
2018-03-01 09:47:10,0.00307700,3.85000000
2018-03-01 09:47:12,0.00307700,19.68000000
2018-03-01 09:47:12,0.00307700,190.54000000
2018-03-01 09:47:15,0.00307700,7.06000000
2018-03-01 09:47:15,0.00307800,71.28000000
2018-03-01 09:47:20,0.00307800,45.99000000
2018-03-01 09:47:22,0.00307800,0.36000000
2018-03-01 09:47:28,0.00307800,26.04000000
2018-03-01 09:47:29,0.00307600,0.36000000
2018-03-01 09:47:31,0.00307800,0.36000000
2018-03-01 09:47:32,0.00307800,3.22000000
2018-03-01 09:47:33,0.00307800,0.36000000
2018-03-01 09:47:35,0.00307800,65.67000000
2018-03-01 09:47:35,0.00307800,3.24000000
2018-03-01 09:47:37,0.00307800,3.24000000
2018-03-01 09:47:41,0.00307900,3.24000000
2018-03-01 09:47:41,0.00307900,35.49000000
2018-03-01 09:47:42,0.00307900,5.92000000
2018-03-01 09:47:52,0.00307900,0.97000000
2018-03-01 09:47:53,0.00307900,24.52000000
2018-03-01 09:47:53,0.00307900,1.19000000
2018-03-01 09:47:58,0.00308100,3.24000000
2018-03-01 09:48:00,0.00308100,37.57000000
2018-03-01 09:48:01,0.00308100,11.84000000
2018-03-01 09:48:02,0.00308100,20.34000000
2018-03-01 09:48:06,0.00308100,20.76000000
2018-03-01 09:48:13,0.00308100,0.96000000
2018-03-01 09:48:13,0.00308200,1.04000000
2018-03-01 09:48:13,0.00308400,0.50000000
2018-03-01 09:48:13,0.00308700,1.27000000
2018-03-01 09:48:13,0.00308800,21.62000000
2018-03-01 09:48:13,0.00308900,4.50000000
2018-03-01 09:48:13,0.00309000,7.92000000
2018-03-01 09:48:13,0.00309100,6.20000000
2018-03-01 09:48:13,0.00309100,3.24000000
2018-03-01 09:48:16,0.00308400,3.06000000
2018-03-01 09:48:16,0.00308300,0.46000000
2018-03-01 09:48:20,0.00308900,0.46000000
2018-03-01 09:48:20,0.00309000,2.77000000
2018-03-01 09:48:25,0.00309000,3.23000000
2018-03-01 09:48:34,0.00309000,22.91000000
2018-03-01 09:48:35,0.00309000,16.21000000
2018-03-01 09:48:35,0.00309000,3.23000000
2018-03-01 09:48:41,0.00309000,3.14000000
2018-03-01 09:48:41,0.00308500,1.86000000
2018-03-01 09:48:45,0.00308900,1.96000000
2018-03-01 09:48:45,0.00309000,18.04000000
2018-03-01 09:48:55,0.00308900,7.81000000
2018-03-01 09:48:59,0.00308900,25.98000000
2018-03-01 09:49:00,0.00308900,9.71000000
2018-03-01 09:49:06,0.00308900,7.54000000
2018-03-01 09:49:06,0.00308900,0.96000000
2018-03-01 09:49:06,0.00309000,2.27000000
2018-03-01 09:49:08,0.00308500,3.28000000
2018-03-01 09:49:09,0.00309000,0.01000000
2018-03-01 09:49:17,0.00308900,3.23000000
2018-03-01 09:49:17,0.00308900,2.65000000
2018-03-01 09:49:17,0.00309000,2.34000000
2018-03-01 09:49:21,0.00308900,24.70000000
2018-03-01 09:49:22,0.00308900,40.39000000
2018-03-01 09:49:24,0.00308900,12.36000000
2018-03-01 09:49:24,0.00308900,64.74000000
2018-03-01 09:49:25,0.00308900,33.53000000
2018-03-01 09:49:26,0.00308700,1.40000000
2018-03-01 09:49:26,0.00308900,21.57000000
2018-03-01 09:49:26,0.00309000,50.16000000
2018-03-01 09:49:29,0.00308900,94.86000000
2018-03-01 09:49:30,0.00308900,47.44000000
2018-03-01 09:49:30,0.00308900,155.39000000
2018-03-01 09:49:31,0.00308900,105.65000000
2018-03-01 09:49:31,0.00309000,1.13000000
2018-03-01 09:49:35,0.00308800,22.78000000
2018-03-01 09:49:35,0.00308900,13.65000000
2018-03-01 09:49:35,0.00308900,13.65000000
2018-03-01 09:49:35,0.00308900,3.23000000
2018-03-01 09:49:35,0.00308900,8.02000000
2018-03-01 09:49:36,0.00308800,3.23000000
2018-03-01 09:49:37,0.00308900,11.45000000
2018-03-01 09:49:37,0.00309000,0.61000000
2018-03-01 09:49:37,0.00309100,5.08000000
2018-03-01 09:49:37,0.00309200,8.75000000
2018-03-01 09:49:38,0.00308800,28.46000000
2018-03-01 09:49:39,0.00309200,18.23000000
2018-03-01 09:49:40,0.00309200,3.23000000
2018-03-01 09:49:41,0.00308800,1.12000000
2018-03-01 09:49:42,0.00309200,9.11000000
2018-03-01 09:49:43,0.00309200,19.40000000
2018-03-01 09:49:45,0.00309200,17.02000000
2018-03-01 09:49:45,0.00309500,8.77000000
2018-03-01 09:49:45,0.00309600,13.88000000
2018-03-01 09:49:45,0.00309700,35.21000000
2018-03-01 09:49:45,0.00309800,9.43000000
2018-03-01 09:49:46,0.00309800,7.88000000
2018-03-01 09:49:52,0.00309300,6.45000000
2018-03-01 09:49:53,0.00309800,1.29000000
2018-03-01 09:50:02,0.00309300,1.29000000
2018-03-01 09:50:02,0.00309300,12.50000000
2018-03-01 09:50:04,0.00309300,29.09000000
2018-03-01 09:50:04,0.00309300,19.43000000
2018-03-01 09:50:10,0.00309300,6.46000000
2018-03-01 09:50:12,0.00309300,0.23000000
2018-03-01 09:50:13,0.00309200,48.50000000
2018-03-01 09:50:13,0.00309200,50.50000000
2018-03-01 09:50:13,0.00309300,17.54000000
2018-03-01 09:50:13,0.00309300,0.30000000
2018-03-01 09:50:14,0.00308900,1.02000000
2018-03-01 09:50:15,0.00308700,0.49000000
2018-03-01 09:50:17,0.00308700,9.19000000
2018-03-01 09:50:18,0.00308900,0.39000000
2018-03-01 09:50:19,0.00308900,7.00000000
2018-03-01 09:50:19,0.00309000,44.39000000
2018-03-01 09:50:20,0.00309000,3.23000000
2018-03-01 09:50:20,0.00309000,11.00000000
2018-03-01 09:50:20,0.00309000,0.39000000
2018-03-01 09:50:20,0.00309000,64.72000000
2018-03-01 09:50:21,0.00309000,51.27000000
2018-03-01 09:50:21,0.00309300,1.40000000
2018-03-01 09:50:23,0.00309300,1.11000000
2018-03-01 09:50:26,0.00309300,7.25000000
2018-03-01 09:50:28,0.00309300,3.23000000
2018-03-01 09:50:30,0.00308800,207.58000000
2018-03-01 09:50:30,0.00308700,3.06000000
2018-03-01 09:50:31,0.00308700,3.14000000
2018-03-01 09:50:31,0.00308700,0.39000000
2018-03-01 09:50:32,0.00308700,35.83000000
2018-03-01 09:50:32,0.00309200,20.12000000
2018-03-01 09:50:32,0.00309200,7.49000000
2018-03-01 09:50:32,0.00309300,11.94000000
2018-03-01 09:50:33,0.00309300,10.72000000
2018-03-01 09:50:39,0.00309000,1.00000000
2018-03-01 09:50:43,0.00309000,1.00000000
2018-03-01 09:50:47,0.00309300,89.25000000
2018-03-01 09:50:55,0.00309300,0.50000000
2018-03-01 09:51:01,0.00309300,18.80000000
2018-03-01 09:51:02,0.00309000,3.20000000
2018-03-01 09:51:02,0.00309300,0.78000000
2018-03-01 09:51:03,0.00309300,21.13000000
2018-03-01 09:51:04,0.00309300,1.61000000
2018-03-01 09:51:08,0.00309300,32.64000000
2018-03-01 09:51:08,0.00309700,25.02000000
2018-03-01 09:51:10,0.00309700,19.17000000
2018-03-01 09:51:11,0.00309100,27.36000000
2018-03-01 09:51:11,0.00309000,0.66000000
2018-03-01 09:51:17,0.00309600,27.36000000
2018-03-01 09:51:18,0.00309700,76.13000000
2018-03-01 09:51:20,0.00309800,91.60000000
2018-03-01 09:51:20,0.00309900,12.56000000
2018-03-01 09:51:20,0.00309900,58.54000000
2018-03-01 09:51:20,0.00310000,127.61000000
2018-03-01 09:51:21,0.00310000,55.08000000
2018-03-01 09:51:21,0.00309300,0.04000000
2018-03-01 09:51:22,0.00310000,2.65000000
2018-03-01 09:51:24,0.00310000,41.14000000
2018-03-01 09:51:31,0.00309900,6.66000000
2018-03-01 09:51:31,0.00309400,0.90000000
2018-03-01 09:51:33,0.00309900,3.22000000
2018-03-01 09:51:38,0.00309900,62.99000000
2018-03-01 09:51:44,0.00309600,7.46000000
2018-03-01 09:51:44,0.00309500,83.26000000
2018-03-01 09:51:44,0.00309400,1.61000000
2018-03-01 09:51:44,0.00309300,9.65000000
2018-03-01 09:51:44,0.00309000,156.24000000
2018-03-01 09:51:44,0.00309000,41.78000000
2018-03-01 09:51:46,0.00309500,21.00000000
2018-03-01 09:51:46,0.00309700,4.00000000
2018-03-01 09:51:49,0.00309800,5.00000000
2018-03-01 09:51:50,0.00309800,0.69000000
2018-03-01 09:51:50,0.00309900,41.09000000
2018-03-01 09:52:10,0.00309900,1.00000000
2018-03-01 09:52:13,0.00309900,83.15000000
2018-03-01 09:52:15,0.00309900,6.63000000
2018-03-01 09:52:21,0.00309800,3.17000000
2018-03-01 09:52:21,0.00309800,10.94000000
2018-03-01 09:52:21,0.00309900,43.54000000
2018-03-01 09:52:24,0.00309900,88.33000000
2018-03-01 09:52:24,0.00310000,105.31000000
2018-03-01 09:52:24,0.00310000,0.52000000
2018-03-01 09:52:35,0.00310000,3.22000000
2018-03-01 09:52:37,0.00310000,3.22000000
2018-03-01 09:52:37,0.00309900,3.14000000
2018-03-01 09:52:37,0.00309900,0.49000000
2018-03-01 09:52:37,0.00310000,17.85000000
2018-03-01 09:52:39,0.00310000,169.40000000
2018-03-01 09:52:40,0.00310000,3.22000000
2018-03-01 09:52:42,0.00310000,15.75000000
2018-03-01 09:52:47,0.00309900,3.25000000
2018-03-01 09:52:49,0.00310000,3.59000000
2018-03-01 09:53:00,0.00310000,2.25000000
2018-03-01 09:53:08,0.00309900,6.75000000
2018-03-01 09:53:10,0.00309800,0.04000000
2018-03-01 09:53:12,0.00309800,0.96000000
2018-03-01 09:53:12,0.00309500,1.04000000
2018-03-01 09:53:15,0.00309900,3.22000000
2018-03-01 09:53:21,0.00309800,132.77000000
2018-03-01 09:53:24,0.00309800,7.23000000
2018-03-01 09:53:25,0.00309800,8.81000000
2018-03-01 09:53:26,0.00309800,1.30000000
2018-03-01 09:53:38,0.00309500,9.41000000
2018-03-01 09:53:38,0.00309500,10.28000000
2018-03-01 09:53:38,0.00309400,6.79000000
2018-03-01 09:53:38,0.00309400,3.21000000
2018-03-01 09:53:38,0.00309300,0.57000000
2018-03-01 09:53:39,0.00309800,2.74000000
2018-03-01 09:53:40,0.00309300,1.32000000
2018-03-01 09:53:43,0.00309300,5.57000000
2018-03-01 09:53:43,0.00309200,8.24000000
2018-03-01 09:53:45,0.00309200,0.55000000
2018-03-01 09:53:51,0.00309200,0.59000000
2018-03-01 09:54:03,0.00309400,2.07000000
2018-03-01 09:54:04,0.00309200,2.62000000
2018-03-01 09:54:05,0.00309400,3.23000000
2018-03-01 09:54:06,0.00309400,1.29000000
2018-03-01 09:54:08,0.00309400,2.94000000
2018-03-01 09:54:09,0.00309400,11.33000000
2018-03-01 09:54:10,0.00309300,2.94000000
2018-03-01 09:54:11,0.00309300,22.20000000
2018-03-01 09:54:11,0.00309300,8.72000000
2018-03-01 09:54:12,0.00309100,9.70000000
2018-03-01 09:54:12,0.00309100,0.29000000
2018-03-01 09:54:14,0.00309100,38.19000000
2018-03-01 09:54:14,0.00309000,26.00000000
2018-03-01 09:54:14,0.00308900,28.22000000
2018-03-01 09:54:15,0.00308900,2.72000000
2018-03-01 09:54:15,0.00308900,7.58000000
2018-03-01 09:54:16,0.00308900,1.32000000
2018-03-01 09:54:16,0.00308900,1.85000000
2018-03-01 09:54:16,0.00308800,0.58000000
2018-03-01 09:54:16,0.00308900,52.85000000
2018-03-01 09:54:16,0.00309000,28.65000000
2018-03-01 09:54:17,0.00309000,8.66000000
2018-03-01 09:54:18,0.00309000,16.18000000
2018-03-01 09:54:18,0.00309000,1.41000000
2018-03-01 09:54:19,0.00309000,0.87000000
2018-03-01 09:54:20,0.00309000,3.92000000
2018-03-01 09:54:20,0.00309000,3.63000000
2018-03-01 09:54:21,0.00308900,0.78000000
2018-03-01 09:54:22,0.00308900,8.73000000
2018-03-01 09:54:22,0.00308900,1.29000000
2018-03-01 09:54:23,0.00308900,13.24000000
2018-03-01 09:54:23,0.00308900,6.58000000
2018-03-01 09:54:23,0.00308900,3.53000000
2018-03-01 09:54:24,0.00308900,1.14000000
2018-03-01 09:54:25,0.00309000,10.74000000
2018-03-01 09:54:26,0.00309000,0.99000000
2018-03-01 09:54:27,0.00308900,102.03000000
2018-03-01 09:54:27,0.00308700,0.92000000
2018-03-01 09:54:27,0.00308600,0.40000000
2018-03-01 09:54:27,0.00308500,0.64000000
2018-03-01 09:54:27,0.00308300,7.69000000
2018-03-01 09:54:27,0.00308300,32.42000000
2018-03-01 09:54:27,0.00308300,4.54000000
2018-03-01 09:54:27,0.00308300,52.37000000
2018-03-01 09:54:27,0.00308300,10.32000000
2018-03-01 09:54:27,0.00308300,8.00000000
2018-03-01 09:54:27,0.00308300,32.07000000
2018-03-01 09:54:27,0.00308300,16.22000000
2018-03-01 09:54:28,0.00308300,4.50000000
2018-03-01 09:54:28,0.00308300,29.85000000
2018-03-01 09:54:28,0.00308300,2.24000000
2018-03-01 09:54:28,0.00308300,15.00000000
2018-03-01 09:54:28,0.00308300,231.50000000
2018-03-01 09:54:28,0.00308300,1076.69000000
2018-03-01 09:54:28,0.00308300,81.09000000
2018-03-01 09:54:28,0.00308300,15.42000000
2018-03-01 09:54:28,0.00308300,0.39000000
2018-03-01 09:54:28,0.00308300,12.97000000
2018-03-01 09:54:28,0.00308300,12.97000000
2018-03-01 09:54:28,0.00308300,3.29000000
2018-03-01 09:54:28,0.00308300,8.00000000
2018-03-01 09:54:28,0.00308300,32.34000000
2018-03-01 09:54:28,0.00308300,29.11000000
2018-03-01 09:54:28,0.00308300,52.00000000
2018-03-01 09:54:28,0.00308300,84.47000000
2018-03-01 09:54:28,0.00308300,15.00000000
2018-03-01 09:54:28,0.00308300,16.31000000
2018-03-01 09:54:28,0.00308300,1.42000000
2018-03-01 09:54:28,0.00308300,12.97000000
2018-03-01 09:54:29,0.00308300,12.50000000
2018-03-01 09:54:29,0.00308300,1.80000000
2018-03-01 09:54:29,0.00308300,5.00000000
2018-03-01 09:54:29,0.00308300,3.81000000
2018-03-01 09:54:29,0.00308300,10.32000000
2018-03-01 09:54:29,0.00308300,15.76000000
2018-03-01 09:54:29,0.00308300,152.09000000
2018-03-01 09:54:29,0.00308300,0.39000000
2018-03-01 09:54:29,0.00308300,16.22000000
2018-03-01 09:54:30,0.00308300,1.42000000
2018-03-01 09:54:30,0.00308300,0.53000000
2018-03-01 09:54:30,0.00308300,66.40000000
2018-03-01 09:54:30,0.00308300,75.03000000
2018-03-01 09:54:30,0.00308300,38.91000000
2018-03-01 09:54:30,0.00308300,2.85000000
2018-03-01 09:54:30,0.00308300,1.30000000
2018-03-01 09:54:30,0.00308300,0.92000000
2018-03-01 09:54:30,0.00308300,0.39000000
2018-03-01 09:54:30,0.00308300,8.98000000
2018-03-01 09:54:31,0.00308300,2.45000000
2018-03-01 09:54:31,0.00308300,1.42000000
2018-03-01 09:54:31,0.00308300,53.69000000
2018-03-01 09:54:31,0.00308300,81.09000000
2018-03-01 09:54:32,0.00308900,3.27000000
2018-03-01 09:54:33,0.00308900,6.43000000
2018-03-01 09:54:33,0.00309000,4.54000000
2018-03-01 09:54:33,0.00309300,5.25000000
2018-03-01 09:54:34,0.00309300,2.02000000
2018-03-01 09:54:35,0.00309300,3.24000000
2018-03-01 09:54:37,0.00309300,1.29000000
2018-03-01 09:54:39,0.00309200,1.29000000
2018-03-01 09:54:41,0.00309000,8.68000000
2018-03-01 09:54:41,0.00309200,53.07000000
2018-03-01 09:54:42,0.00309200,78.54000000
2018-03-01 09:54:43,0.00309200,9.09000000
2018-03-01 09:54:43,0.00309200,3.23000000
2018-03-01 09:54:44,0.00309200,14.23000000
2018-03-01 09:54:45,0.00309000,1.29000000
2018-03-01 09:54:45,0.00309200,25.92000000
2018-03-01 09:54:50,0.00309100,14.01000000
2018-03-01 09:54:50,0.00309100,14.01000000
2018-03-01 09:54:54,0.00309100,27.37000000
2018-03-01 09:54:59,0.00309100,46.71000000
2018-03-01 09:55:00,0.00309000,10.59000000
2018-03-01 09:55:01,0.00309000,3.23000000
2018-03-01 09:55:03,0.00309000,10.96000000
2018-03-01 09:55:05,0.00309000,2.57000000
2018-03-01 09:55:07,0.00309000,13.77000000
2018-03-01 09:55:17,0.00308700,8.67000000
2018-03-01 09:55:17,0.00309000,3.23000000
2018-03-01 09:55:20,0.00309000,0.55000000
2018-03-01 09:55:22,0.00309000,68.60000000
2018-03-01 09:55:35,0.00309000,282.99000000
2018-03-01 09:55:37,0.00308700,0.91000000
2018-03-01 09:55:37,0.00308500,1.98000000
2018-03-01 09:55:39,0.00309000,9.93000000
2018-03-01 09:55:39,0.00309000,9.93000000
2018-03-01 09:55:39,0.00309000,9.91000000
2018-03-01 09:55:40,0.00309000,10.37000000
2018-03-01 09:55:44,0.00309000,52.68000000
2018-03-01 09:55:44,0.00309000,9.10000000
2018-03-01 09:55:47,0.00308700,2.29000000
2018-03-01 09:55:47,0.00308400,87.22000000
2018-03-01 09:55:57,0.00308800,1.93000000
2018-03-01 09:56:00,0.00308900,3.23000000
2018-03-01 09:56:04,0.00308800,19.19000000
2018-03-01 09:56:08,0.00308800,31.56000000
2018-03-01 09:56:11,0.00308800,9.88000000
2018-03-01 09:56:12,0.00308800,14.05000000
2018-03-01 09:56:15,0.00308800,0.47000000
2018-03-01 09:56:21,0.00308800,0.50000000
2018-03-01 09:56:23,0.00308800,7.60000000
2018-03-01 09:56:23,0.00308800,1.30000000
2018-03-01 09:56:24,0.00308700,199.00000000
2018-03-01 09:56:25,0.00308700,2.40000000
2018-03-01 09:56:26,0.00308400,24.51000000
2018-03-01 09:56:26,0.00308700,4.23000000
2018-03-01 09:56:27,0.00308700,28.37000000
2018-03-01 09:56:27,0.00308800,170.63000000
2018-03-01 09:56:28,0.00308800,1.30000000
2018-03-01 09:56:29,0.00308800,1.74000000
2018-03-01 09:56:30,0.00308800,184.76000000
2018-03-01 09:56:30,0.00308800,1.30000000
2018-03-01 09:56:32,0.00308700,3.28000000
2018-03-01 09:56:33,0.00308700,195.72000000
2018-03-01 09:56:34,0.00308800,1.30000000
2018-03-01 09:56:36,0.00308800,5.79000000
2018-03-01 09:56:36,0.00308400,0.45000000
2018-03-01 09:56:37,0.00308800,0.71000000
2018-03-01 09:56:38,0.00308700,1.30000000
2018-03-01 09:56:39,0.00308700,49.04000000
2018-03-01 09:56:39,0.00308700,1.30000000
2018-03-01 09:56:40,0.00308700,0.81000000
2018-03-01 09:56:40,0.00308700,7.47000000
2018-03-01 09:56:43,0.00308600,5.00000000
2018-03-01 09:56:43,0.00308700,2.52000000
2018-03-01 09:56:44,0.00308700,0.87000000
2018-03-01 09:56:45,0.00308700,2.10000000
2018-03-01 09:56:46,0.00308700,18.00000000
2018-03-01 09:56:47,0.00308700,1.30000000
2018-03-01 09:57:00,0.00309000,1.29000000
2018-03-01 09:57:02,0.00309000,3.65000000
2018-03-01 09:57:06,0.00309000,3.23000000
2018-03-01 09:57:07,0.00309000,0.10000000
2018-03-01 09:57:08,0.00308700,1.50000000
2018-03-01 09:57:08,0.00308500,31.81000000
2018-03-01 09:57:08,0.00308400,1236.21000000
2018-03-01 09:57:09,0.00309000,6.73000000
2018-03-01 09:57:10,0.00309000,4.85000000
2018-03-01 09:57:12,0.00309000,1.29000000
2018-03-01 09:57:14,0.00309000,0.32000000
2018-03-01 09:57:16,0.00309100,1.29000000
2018-03-01 09:57:19,0.00309100,1.29000000
2018-03-01 09:57:19,0.00309000,6.46000000
2018-03-01 09:57:20,0.00309100,6.37000000
2018-03-01 09:57:21,0.00309100,1.05000000
2018-03-01 09:57:24,0.00309300,0.39000000
2018-03-01 09:57:24,0.00309300,0.90000000
2018-03-01 09:57:25,0.00309400,3.23000000
2018-03-01 09:57:26,0.00309400,1.29000000
2018-03-01 09:57:29,0.00309400,1.29000000
2018-03-01 09:57:30,0.00309300,0.40000000
2018-03-01 09:57:35,0.00309500,3.23000000
2018-03-01 09:57:36,0.00309400,0.81000000
2018-03-01 09:57:42,0.00309300,0.02000000
2018-03-01 09:57:42,0.00309100,0.24000000
2018-03-01 09:57:42,0.00309000,2.97000000
2018-03-01 09:57:43,0.00309000,1.08000000
2018-03-01 09:57:57,0.00309100,3.00000000
2018-03-01 09:58:03,0.00309300,1.29000000
2018-03-01 09:58:04,0.00309300,1.43000000
2018-03-01 09:58:05,0.00309300,1.29000000
2018-03-01 09:58:05,0.00309100,1.95000000
2018-03-01 09:58:06,0.00309400,1.29000000
2018-03-01 09:58:06,0.00309400,30.00000000
2018-03-01 09:58:09,0.00309400,16.16000000
2018-03-01 09:58:14,0.00309100,0.34000000
2018-03-01 09:58:17,0.00309400,3.53000000
2018-03-01 09:58:19,0.00309100,1.37000000
2018-03-01 09:58:21,0.00309300,6.35000000
2018-03-01 09:58:30,0.00309300,2.99000000
2018-03-01 09:58:30,0.00309300,4.00000000
2018-03-01 09:58:33,0.00309200,3.23000000
2018-03-01 09:58:36,0.00309200,2.99000000
2018-03-01 09:58:38,0.00309200,5.30000000
2018-03-01 09:58:40,0.00309200,1.50000000
2018-03-01 09:58:41,0.00309200,10.69000000
2018-03-01 09:58:42,0.00309200,1.50000000
2018-03-01 09:58:45,0.00309200,1.29000000
2018-03-01 09:58:47,0.00309200,2.01000000
2018-03-01 09:58:47,0.00309200,3.12000000
2018-03-01 09:58:48,0.00309200,3.08000000
2018-03-01 09:58:50,0.00309200,2.60000000
2018-03-01 09:58:51,0.00309200,4.14000000
2018-03-01 09:58:52,0.00309200,16.27000000
2018-03-01 09:58:52,0.00309300,6.73000000
2018-03-01 09:58:53,0.00309300,0.58000000
2018-03-01 09:58:54,0.00309300,1.29000000
2018-03-01 09:58:57,0.00309300,7.10000000
2018-03-01 09:58:59,0.00309300,1.29000000
2018-03-01 09:59:00,0.00309300,3.23000000
2018-03-01 09:59:01,0.00309300,1.90000000
2018-03-01 09:59:03,0.00309300,1.29000000
2018-03-01 09:59:05,0.00309300,1.29000000
2018-03-01 09:59:08,0.00309200,2.58000000
2018-03-01 09:59:08,0.00309300,1.29000000
2018-03-01 09:59:08,0.00309100,17.35000000
2018-03-01 09:59:09,0.00309300,2.33000000
2018-03-01 09:59:10,0.00309300,1.29000000
2018-03-01 09:59:10,0.00309000,2.56000000
2018-03-01 09:59:10,0.00309300,3.23000000
2018-03-01 09:59:12,0.00309200,1.29000000
2018-03-01 09:59:16,0.00309200,0.50000000
2018-03-01 09:59:18,0.00309200,5.88000000
2018-03-01 09:59:20,0.00309200,1.66000000
2018-03-01 09:59:22,0.00309100,1.29000000
2018-03-01 09:59:28,0.00309100,197.71000000
2018-03-01 09:59:28,0.00309200,177.53000000
2018-03-01 09:59:28,0.00309200,3.69000000
2018-03-01 09:59:29,0.00309200,6.77000000
2018-03-01 09:59:32,0.00309200,6.77000000
2018-03-01 09:59:35,0.00309200,1.29000000
2018-03-01 09:59:35,0.00309200,3.23000000
2018-03-01 09:59:39,0.00309200,3.39000000
2018-03-01 09:59:39,0.00309200,1.29000000
2018-03-01 09:59:41,0.00309200,3.12000000
2018-03-01 09:59:41,0.00309200,1.42000000
2018-03-01 09:59:42,0.00309200,2.84000000
2018-03-01 09:59:43,0.00309300,1.29000000
2018-03-01 09:59:45,0.00309200,0.28000000
2018-03-01 09:59:45,0.00309100,50.28000000
2018-03-01 09:59:46,0.00309100,2.62000000
2018-03-01 09:59:46,0.00309100,1.29000000
2018-03-01 09:59:48,0.00309100,2.62000000
2018-03-01 09:59:48,0.00309000,0.99000000
2018-03-01 09:59:49,0.00309100,1.29000000
2018-03-01 09:59:49,0.00309100,2.20000000
2018-03-01 09:59:51,0.00309200,1.19000000
2018-03-01 09:59:51,0.00309300,84.59000000
2018-03-01 09:59:52,0.00309100,0.55000000
2018-03-01 09:59:58,0.00309100,0.73000000
