DATE,PRICE,VOLUME
2018-02-24 15:00:00,0.00376300,2.43000000
2018-02-24 15:00:00,0.00375300,4.63000000
2018-02-24 15:00:01,0.00375400,2.66000000
2018-02-24 15:00:01,0.00375200,31.41000000
2018-02-24 15:00:01,0.00375500,2.20000000
2018-02-24 15:00:08,0.00375800,1.94000000
2018-02-24 15:00:10,0.00375200,66.81000000
2018-02-24 15:00:10,0.00375200,32.48000000
2018-02-24 15:00:21,0.00375100,31.28000000
2018-02-24 15:00:22,0.00375200,2.65000000
2018-02-24 15:00:24,0.00375100,71.47000000
2018-02-24 15:00:25,0.00375200,12.20000000
2018-02-24 15:00:25,0.00375200,13.33000000
2018-02-24 15:00:28,0.00375200,2.38000000
2018-02-24 15:00:31,0.00375100,141.93000000
2018-02-24 15:00:32,0.00375100,4.07000000
2018-02-24 15:00:32,0.00375100,4.00000000
2018-02-24 15:00:33,0.00375000,14.13000000
2018-02-24 15:00:33,0.00375100,17.65000000
2018-02-24 15:00:35,0.00375200,20.00000000
2018-02-24 15:00:36,0.00375100,1.00000000
2018-02-24 15:00:36,0.00375000,74.94000000
2018-02-24 15:00:36,0.00375000,30.35000000
2018-02-24 15:00:37,0.00375200,13.30000000
2018-02-24 15:00:37,0.00375000,11.55000000
2018-02-24 15:00:37,0.00375000,13.30000000
2018-02-24 15:00:37,0.00375400,102.68000000
2018-02-24 15:00:39,0.00375500,11.90000000
2018-02-24 15:00:43,0.00375100,81.73000000
2018-02-24 15:00:44,0.00374800,3.80000000
2018-02-24 15:00:44,0.00375100,6.98000000
2018-02-24 15:00:47,0.00375100,3.39000000
2018-02-24 15:00:47,0.00374800,17.34000000
2018-02-24 15:00:48,0.00375100,9.35000000
2018-02-24 15:00:49,0.00375100,4.71000000
2018-02-24 15:00:55,0.00375100,0.67000000
2018-02-24 15:00:55,0.00375100,17.00000000
2018-02-24 15:00:56,0.00375400,8.32000000
2018-02-24 15:00:56,0.00375100,7.99000000
2018-02-24 15:00:56,0.00375100,9.68000000
2018-02-24 15:00:58,0.00374800,266.17000000
2018-02-24 15:00:59,0.00374800,1.00000000
2018-02-24 15:00:59,0.00374800,2.67000000
2018-02-24 15:00:59,0.00374800,6.06000000
2018-02-24 15:01:00,0.00374800,7.96000000
2018-02-24 15:01:01,0.00374800,7.96000000
2018-02-24 15:01:01,0.00374600,0.29000000
2018-02-24 15:01:01,0.00374500,2.45000000
2018-02-24 15:01:02,0.00374800,7.96000000
2018-02-24 15:01:02,0.00374800,2.67000000
2018-02-24 15:01:02,0.00374800,0.45000000
2018-02-24 15:01:03,0.00374800,3.00000000
2018-02-24 15:01:03,0.00374800,31.89000000
2018-02-24 15:01:03,0.00374800,1.33000000
2018-02-24 15:01:03,0.00374800,15.94000000
2018-02-24 15:01:03,0.00375000,1.75000000
2018-02-24 15:01:05,0.00375000,0.36000000
2018-02-24 15:01:09,0.00374800,2.11000000
2018-02-24 15:01:10,0.00374800,2.25000000
2018-02-24 15:01:10,0.00374800,7.96000000
2018-02-24 15:01:11,0.00374800,0.45000000
2018-02-24 15:01:11,0.00374800,2.00000000
2018-02-24 15:01:11,0.00374600,0.73000000
2018-02-24 15:01:12,0.00374800,0.56000000
2018-02-24 15:01:12,0.00374800,2.67000000
2018-02-24 15:01:12,0.00374800,0.75000000
2018-02-24 15:01:12,0.00374800,2.64000000
2018-02-24 15:01:12,0.00375000,11.31000000
2018-02-24 15:01:12,0.00375100,56.05000000
2018-02-24 15:01:12,0.00375100,6.00000000
2018-02-24 15:01:17,0.00375000,14.25000000
2018-02-24 15:01:18,0.00375100,20.61000000
2018-02-24 15:01:18,0.00375000,1.83000000
2018-02-24 15:01:21,0.00375000,0.53000000
2018-02-24 15:01:21,0.00375000,2.66000000
2018-02-24 15:01:22,0.00375000,0.53000000
2018-02-24 15:01:22,0.00375000,0.53000000
2018-02-24 15:01:23,0.00375000,0.53000000
2018-02-24 15:01:24,0.00375000,39.23000000
2018-02-24 15:01:24,0.00375000,0.53000000
2018-02-24 15:01:25,0.00375000,2.00000000
2018-02-24 15:01:25,0.00375000,0.53000000
2018-02-24 15:01:26,0.00375000,0.53000000
2018-02-24 15:01:28,0.00375000,0.73000000
2018-02-24 15:01:28,0.00374900,7.58000000
2018-02-24 15:01:28,0.00374800,8.01000000
2018-02-24 15:01:28,0.00374500,27.89000000
2018-02-24 15:01:28,0.00374700,4.10000000
2018-02-24 15:01:29,0.00374700,13.34000000
2018-02-24 15:01:29,0.00374700,1.45000000
2018-02-24 15:01:30,0.00374700,0.30000000
2018-02-24 15:01:31,0.00374700,0.30000000
2018-02-24 15:01:31,0.00374700,20.37000000
2018-02-24 15:01:31,0.00374900,46.30000000
2018-02-24 15:01:32,0.00374900,13.34000000
2018-02-24 15:01:32,0.00374900,1.03000000
2018-02-24 15:01:36,0.00374900,13.34000000
2018-02-24 15:01:36,0.00374900,0.17000000
2018-02-24 15:01:37,0.00374200,48.80000000
2018-02-24 15:01:39,0.00374200,99.36000000
2018-02-24 15:01:39,0.00374800,0.13000000
2018-02-24 15:01:40,0.00374800,2.25000000
2018-02-24 15:01:41,0.00374800,5.20000000
2018-02-24 15:01:42,0.00374900,0.04000000
2018-02-24 15:01:44,0.00374500,0.55000000
2018-02-24 15:01:44,0.00374200,63.64000000
2018-02-24 15:01:44,0.00374100,10.47000000
2018-02-24 15:01:44,0.00374000,1.00000000
2018-02-24 15:01:44,0.00374000,43.74000000
2018-02-24 15:01:46,0.00374700,2.43000000
2018-02-24 15:01:47,0.00374800,24.67000000
2018-02-24 15:01:48,0.00374900,16.39000000
2018-02-24 15:01:49,0.00374100,2.67000000
2018-02-24 15:01:49,0.00374100,55.27000000
2018-02-24 15:01:49,0.00374900,0.53000000
2018-02-24 15:01:50,0.00374800,0.50000000
2018-02-24 15:01:51,0.00374800,2.16000000
2018-02-24 15:01:51,0.00374800,0.01000000
2018-02-24 15:01:51,0.00374900,29.99000000
2018-02-24 15:01:52,0.00374900,66.68000000
2018-02-24 15:01:53,0.00374300,0.13000000
2018-02-24 15:01:54,0.00374900,10.49000000
2018-02-24 15:01:54,0.00374900,90.70000000
2018-02-24 15:01:55,0.00374900,46.78000000
2018-02-24 15:01:56,0.00374800,2.25000000
2018-02-24 15:01:56,0.00374800,5.49000000
2018-02-24 15:01:56,0.00374800,0.53000000
2018-02-24 15:01:57,0.00374800,14.24000000
2018-02-24 15:01:57,0.00374900,4.57000000
2018-02-24 15:01:59,0.00374900,4.75000000
2018-02-24 15:02:02,0.00374800,0.45000000
2018-02-24 15:02:02,0.00374800,0.45000000
2018-02-24 15:02:02,0.00374300,29.86000000
2018-02-24 15:02:02,0.00374100,33.67000000
2018-02-24 15:02:02,0.00374100,2.96000000
2018-02-24 15:02:03,0.00374800,2.25000000
2018-02-24 15:02:04,0.00374800,21.60000000
2018-02-24 15:02:06,0.00374900,30.00000000
2018-02-24 15:02:07,0.00374500,10.75000000
2018-02-24 15:02:07,0.00374400,8.92000000
2018-02-24 15:02:07,0.00374300,4.00000000
2018-02-24 15:02:07,0.00374100,1.94000000
2018-02-24 15:02:10,0.00374800,2.25000000
2018-02-24 15:02:11,0.00374800,0.46000000
2018-02-24 15:02:11,0.00374800,24.64000000
2018-02-24 15:02:11,0.00374900,5.36000000
2018-02-24 15:02:12,0.00374900,7.81000000
2018-02-24 15:02:19,0.00374900,31.41000000
2018-02-24 15:02:20,0.00374800,13.20000000
2018-02-24 15:02:21,0.00374800,1.95000000
2018-02-24 15:02:22,0.00374800,0.28000000
2018-02-24 15:02:23,0.00374800,26.73000000
2018-02-24 15:02:23,0.00374800,15.74000000
2018-02-24 15:02:24,0.00374800,0.56000000
2018-02-24 15:02:24,0.00374800,1.68000000
2018-02-24 15:02:25,0.00374100,11.74000000
2018-02-24 15:02:30,0.00374800,8.31000000
2018-02-24 15:02:30,0.00374800,1.54000000
2018-02-24 15:02:30,0.00374800,3.30000000
2018-02-24 15:02:32,0.00374800,6.00000000
2018-02-24 15:02:33,0.00374800,0.95000000
2018-02-24 15:02:33,0.00374800,2.25000000
2018-02-24 15:02:34,0.00374800,0.45000000
2018-02-24 15:02:35,0.00374800,0.45000000
2018-02-24 15:02:37,0.00374800,2.25000000
2018-02-24 15:02:39,0.00374800,1.57000000
2018-02-24 15:02:40,0.00374800,0.91000000
2018-02-24 15:02:41,0.00374800,0.46000000
2018-02-24 15:02:41,0.00374800,1.80000000
2018-02-24 15:02:42,0.00374800,0.45000000
2018-02-24 15:02:43,0.00374800,0.94000000
2018-02-24 15:02:43,0.00374800,2.25000000
2018-02-24 15:02:43,0.00374800,5.30000000
2018-02-24 15:02:45,0.00374800,17.24000000
2018-02-24 15:02:45,0.00374800,2.95000000
2018-02-24 15:02:46,0.00374800,0.45000000
2018-02-24 15:02:46,0.00374800,1.82000000
2018-02-24 15:02:47,0.00374800,0.45000000
2018-02-24 15:02:48,0.00374800,10.67000000
2018-02-24 15:02:48,0.00374800,2.25000000
2018-02-24 15:02:48,0.00374800,0.32000000
2018-02-24 15:02:48,0.00374500,1.08000000
2018-02-24 15:02:49,0.00374800,0.45000000
2018-02-24 15:02:49,0.00374800,1.00000000
2018-02-24 15:02:50,0.00374800,13.34000000
2018-02-24 15:02:50,0.00374800,2.25000000
2018-02-24 15:02:53,0.00374800,0.46000000
2018-02-24 15:02:54,0.00374800,122.43000000
2018-02-24 15:02:55,0.00374400,0.29000000
2018-02-24 15:02:56,0.00374400,0.98000000
2018-02-24 15:02:59,0.00374400,0.40000000
2018-02-24 15:03:00,0.00374800,0.01000000
2018-02-24 15:03:02,0.00375000,1.13000000
2018-02-24 15:03:10,0.00374800,27.50000000
2018-02-24 15:03:11,0.00374500,15.18000000
2018-02-24 15:03:11,0.00374400,10.19000000
2018-02-24 15:03:11,0.00374300,2.71000000
2018-02-24 15:03:11,0.00374100,49.26000000
2018-02-24 15:03:12,0.00374800,0.54000000
2018-02-24 15:03:12,0.00374400,0.89000000
2018-02-24 15:03:12,0.00374800,0.03000000
2018-02-24 15:03:13,0.00374700,8.00000000
2018-02-24 15:03:13,0.00374700,7.99000000
2018-02-24 15:03:13,0.00374700,8.00000000
2018-02-24 15:03:13,0.00374700,0.69000000
2018-02-24 15:03:13,0.00374800,5.61000000
2018-02-24 15:03:14,0.00374200,24.68000000
2018-02-24 15:03:14,0.00374100,66.41000000
2018-02-24 15:03:14,0.00374100,0.35000000
2018-02-24 15:03:14,0.00374100,0.35000000
2018-02-24 15:03:14,0.00374100,22.47000000
2018-02-24 15:03:14,0.00374100,0.01000000
2018-02-24 15:03:15,0.00374800,7.98000000
2018-02-24 15:03:16,0.00374700,8.00000000
2018-02-24 15:03:16,0.00374700,8.00000000
2018-02-24 15:03:16,0.00374700,8.00000000
2018-02-24 15:03:17,0.00374700,0.68000000
2018-02-24 15:03:18,0.00374800,0.57000000
2018-02-24 15:03:18,0.00374400,8.00000000
2018-02-24 15:03:18,0.00374400,2.75000000
2018-02-24 15:03:20,0.00374800,6.66000000
2018-02-24 15:03:22,0.00374800,7.99000000
2018-02-24 15:03:22,0.00374800,7.99000000
2018-02-24 15:03:22,0.00374800,7.98000000
2018-02-24 15:03:22,0.00374800,7.99000000
2018-02-24 15:03:22,0.00374800,4.05000000
2018-02-24 15:03:22,0.00374800,7.36000000
2018-02-24 15:03:22,0.00374800,7.92000000
2018-02-24 15:03:23,0.00374800,7.99000000
2018-02-24 15:03:23,0.00374800,7.99000000
2018-02-24 15:03:23,0.00374800,7.99000000
2018-02-24 15:03:23,0.00374800,7.99000000
2018-02-24 15:03:23,0.00374800,1.86000000
2018-02-24 15:03:24,0.00374800,9.95000000
2018-02-24 15:03:26,0.00375000,2.66000000
2018-02-24 15:03:28,0.00374900,0.91000000
2018-02-24 15:03:32,0.00375000,2.66000000
2018-02-24 15:03:37,0.00375000,23.45000000
2018-02-24 15:03:40,0.00375000,22.49000000
2018-02-24 15:03:42,0.00375000,149.72000000
2018-02-24 15:03:45,0.00374900,4.00000000
2018-02-24 15:03:47,0.00374900,1.00000000
2018-02-24 15:03:47,0.00374900,3.07000000
2018-02-24 15:03:47,0.00374800,87.33000000
2018-02-24 15:03:47,0.00374700,0.74000000
2018-02-24 15:03:47,0.00374300,4.58000000
2018-02-24 15:03:48,0.00374800,0.30000000
2018-02-24 15:03:48,0.00374800,2.25000000
2018-02-24 15:03:49,0.00374300,4.00000000
2018-02-24 15:03:50,0.00374800,31.36000000
2018-02-24 15:03:54,0.00374800,10.40000000
2018-02-24 15:03:58,0.00374800,4.27000000
2018-02-24 15:03:58,0.00375000,9.06000000
2018-02-24 15:04:00,0.00375000,13.33000000
2018-02-24 15:04:02,0.00375000,13.33000000
2018-02-24 15:04:03,0.00375000,39.00000000
2018-02-24 15:04:03,0.00375000,43.36000000
2018-02-24 15:04:06,0.00375000,13.33000000
2018-02-24 15:04:08,0.00374800,9.42000000
2018-02-24 15:04:08,0.00375000,3.23000000
2018-02-24 15:04:09,0.00375000,13.33000000
2018-02-24 15:04:09,0.00374800,6.94000000
2018-02-24 15:04:11,0.00375000,13.33000000
2018-02-24 15:04:13,0.00375000,13.33000000
2018-02-24 15:04:14,0.00375000,26.67000000
2018-02-24 15:04:14,0.00375000,6.50000000
2018-02-24 15:04:15,0.00375000,13.33000000
2018-02-24 15:04:16,0.00375000,0.54000000
2018-02-24 15:04:17,0.00375000,13.33000000
2018-02-24 15:04:17,0.00374800,2.14000000
2018-02-24 15:04:19,0.00375000,13.33000000
2018-02-24 15:04:21,0.00375000,13.33000000
2018-02-24 15:04:23,0.00375000,13.33000000
2018-02-24 15:04:24,0.00374800,27.16000000
2018-02-24 15:04:25,0.00375000,13.33000000
2018-02-24 15:04:26,0.00375000,13.33000000
2018-02-24 15:04:28,0.00375000,13.33000000
2018-02-24 15:04:32,0.00375000,13.33000000
2018-02-24 15:04:32,0.00375000,106.84000000
2018-02-24 15:04:36,0.00374800,2.34000000
2018-02-24 15:04:37,0.00375000,13.11000000
2018-02-24 15:04:37,0.00375000,5.34000000
2018-02-24 15:04:39,0.00375000,0.58000000
2018-02-24 15:04:42,0.00375000,26.60000000
2018-02-24 15:04:43,0.00374900,0.42000000
2018-02-24 15:04:43,0.00375000,39.56000000
2018-02-24 15:04:43,0.00375000,66.67000000
2018-02-24 15:04:45,0.00374900,12.53000000
2018-02-24 15:04:45,0.00375000,17.47000000
2018-02-24 15:04:46,0.00375000,32.00000000
2018-02-24 15:04:47,0.00375000,66.67000000
2018-02-24 15:04:48,0.00375000,0.52000000
2018-02-24 15:04:49,0.00375000,10.02000000
2018-02-24 15:04:49,0.00375000,5.33000000
2018-02-24 15:04:49,0.00375000,0.52000000
2018-02-24 15:04:50,0.00374900,0.52000000
2018-02-24 15:04:50,0.00374900,3.32000000
2018-02-24 15:04:51,0.00375000,0.52000000
2018-02-24 15:04:51,0.00375000,123.86000000
2018-02-24 15:04:52,0.00374900,36.67000000
2018-02-24 15:04:52,0.00374900,0.52000000
2018-02-24 15:04:53,0.00374900,2.17000000
2018-02-24 15:04:55,0.00374900,2.08000000
2018-02-24 15:04:56,0.00374900,1.04000000
2018-02-24 15:04:59,0.00374800,0.16000000
2018-02-24 15:05:03,0.00374900,0.38000000
2018-02-24 15:05:12,0.00374900,26.67000000
2018-02-24 15:05:12,0.00374900,20.46000000
2018-02-24 15:05:12,0.00374800,21.11000000
2018-02-24 15:05:12,0.00374900,1.32000000
2018-02-24 15:05:13,0.00374900,26.67000000
2018-02-24 15:05:13,0.00374900,55.32000000
2018-02-24 15:05:14,0.00374900,91.08000000
2018-02-24 15:05:15,0.00374900,5.74000000
2018-02-24 15:05:16,0.00374900,0.66000000
2018-02-24 15:05:16,0.00374900,0.32000000
2018-02-24 15:05:16,0.00374900,0.32000000
2018-02-24 15:05:16,0.00374900,0.32000000
2018-02-24 15:05:16,0.00374900,0.32000000
2018-02-24 15:05:16,0.00374900,0.32000000
2018-02-24 15:05:16,0.00374900,0.32000000
2018-02-24 15:05:16,0.00374900,0.31000000
2018-02-24 15:05:16,0.00374900,7.67000000
2018-02-24 15:05:19,0.00374800,103.90000000
2018-02-24 15:05:21,0.00374900,1.42000000
2018-02-24 15:05:21,0.00374900,15.14000000
2018-02-24 15:05:21,0.00374900,1.98000000
2018-02-24 15:05:21,0.00374900,2.61000000
2018-02-24 15:05:21,0.00374900,13.41000000
2018-02-24 15:05:22,0.00374800,145.01000000
2018-02-24 15:05:25,0.00374800,4.56000000
2018-02-24 15:05:26,0.00374800,2.12000000
2018-02-24 15:05:27,0.00374900,5.71000000
2018-02-24 15:05:28,0.00374900,1.87000000
2018-02-24 15:05:31,0.00374900,21.00000000
2018-02-24 15:05:32,0.00374900,2.66000000
2018-02-24 15:05:33,0.00374800,7.71000000
2018-02-24 15:05:34,0.00374900,5.00000000
2018-02-24 15:05:34,0.00374900,34.00000000
2018-02-24 15:05:36,0.00374800,5.90000000
2018-02-24 15:05:37,0.00374800,2.66000000
2018-02-24 15:05:38,0.00374800,3.58000000
2018-02-24 15:05:38,0.00374900,2.80000000
2018-02-24 15:05:41,0.00374500,9.49000000
2018-02-24 15:05:41,0.00374500,2.29000000
2018-02-24 15:05:42,0.00374900,6.41000000
2018-02-24 15:05:46,0.00374500,0.06000000
2018-02-24 15:05:47,0.00374900,0.53000000
2018-02-24 15:05:48,0.00374900,7.39000000
2018-02-24 15:05:55,0.00374800,1.46000000
2018-02-24 15:05:59,0.00374800,3.01000000
2018-02-24 15:05:59,0.00374500,1.33000000
2018-02-24 15:05:59,0.00374500,2.87000000
2018-02-24 15:05:59,0.00374500,2.87000000
2018-02-24 15:05:59,0.00374500,2.87000000
2018-02-24 15:05:59,0.00374500,1.57000000
2018-02-24 15:05:59,0.00374500,1.04000000
2018-02-24 15:05:59,0.00374500,5.13000000
2018-02-24 15:05:59,0.00374500,4.00000000
2018-02-24 15:06:03,0.00374300,0.50000000
2018-02-24 15:06:04,0.00374900,1.61000000
2018-02-24 15:06:06,0.00374900,257.25000000
2018-02-24 15:06:11,0.00374500,1.54000000
2018-02-24 15:06:11,0.00374300,1.07000000
2018-02-24 15:06:13,0.00374900,19.82000000
2018-02-24 15:06:17,0.00374800,1.10000000
2018-02-24 15:06:18,0.00374500,2.66000000
2018-02-24 15:06:18,0.00374300,22.21000000
2018-02-24 15:06:18,0.00374100,11.37000000
2018-02-24 15:06:20,0.00374700,0.28000000
2018-02-24 15:06:21,0.00374700,2.25000000
2018-02-24 15:06:21,0.00374700,8.00000000
2018-02-24 15:06:22,0.00374700,14.15000000
2018-02-24 15:06:22,0.00374800,8.56000000
2018-02-24 15:06:24,0.00374700,8.00000000
2018-02-24 15:06:25,0.00374700,8.00000000
2018-02-24 15:06:25,0.00374700,8.00000000
2018-02-24 15:06:25,0.00374700,8.00000000
2018-02-24 15:06:25,0.00374700,4.83000000
2018-02-24 15:06:26,0.00374700,0.78000000
2018-02-24 15:06:26,0.00374800,82.53000000
2018-02-24 15:06:30,0.00374500,0.07000000
2018-02-24 15:06:30,0.00374800,2.66000000
2018-02-24 15:06:31,0.00374800,11.33000000
2018-02-24 15:06:38,0.00374800,118.53000000
2018-02-24 15:06:38,0.00374800,36.16000000
2018-02-24 15:06:40,0.00374800,36.16000000
2018-02-24 15:06:41,0.00374800,1.85000000
2018-02-24 15:06:49,0.00374800,2.25000000
2018-02-24 15:06:49,0.00374700,13.50000000
2018-02-24 15:06:49,0.00374800,8.62000000
2018-02-24 15:06:50,0.00374800,26.71000000
2018-02-24 15:06:50,0.00374800,36.17000000
2018-02-24 15:06:50,0.00374800,3.68000000
2018-02-24 15:06:55,0.00374200,8.14000000
2018-02-24 15:07:01,0.00374200,102.25000000
2018-02-24 15:07:01,0.00374100,23.13000000
2018-02-24 15:07:01,0.00374000,32.82000000
2018-02-24 15:07:01,0.00373900,4.41000000
2018-02-24 15:07:01,0.00373800,1.50000000
2018-02-24 15:07:01,0.00373700,18.77000000
2018-02-24 15:07:01,0.00373600,113.22000000
2018-02-24 15:07:01,0.00373500,5.88000000
2018-02-24 15:07:01,0.00373300,11.97000000
2018-02-24 15:07:01,0.00373200,11.08000000
2018-02-24 15:07:01,0.00373100,117.63000000
2018-02-24 15:07:01,0.00373000,129.84000000
2018-02-24 15:07:01,0.00373000,22.14000000
2018-02-24 15:07:01,0.00373000,7.95000000
2018-02-24 15:07:01,0.00372900,22.84000000
2018-02-24 15:07:02,0.00374700,21.98000000
2018-02-24 15:07:02,0.00374300,6.00000000
2018-02-24 15:07:09,0.00374300,15.61000000
2018-02-24 15:07:09,0.00374700,44.01000000
2018-02-24 15:07:09,0.00374700,13.34000000
2018-02-24 15:07:11,0.00374700,13.34000000
2018-02-24 15:07:13,0.00374700,13.34000000
2018-02-24 15:07:14,0.00374600,13.34000000
2018-02-24 15:07:16,0.00374600,13.35000000
2018-02-24 15:07:17,0.00374300,6.00000000
2018-02-24 15:07:18,0.00374600,13.35000000
2018-02-24 15:07:20,0.00374300,1.19000000
2018-02-24 15:07:20,0.00374600,13.35000000
2018-02-24 15:07:25,0.00374600,3.31000000
2018-02-24 15:07:26,0.00374700,1.02000000
2018-02-24 15:07:32,0.00374700,53.36000000
2018-02-24 15:07:32,0.00374800,2.65000000
2018-02-24 15:07:32,0.00374900,40.06000000
2018-02-24 15:07:34,0.00374600,2.00000000
2018-02-24 15:07:40,0.00374600,1.07000000
2018-02-24 15:07:41,0.00374900,42.00000000
2018-02-24 15:07:42,0.00374900,3.92000000
2018-02-24 15:07:43,0.00374700,1.50000000
2018-02-24 15:07:55,0.00374700,3.50000000
2018-02-24 15:07:55,0.00374600,3.13000000
2018-02-24 15:07:56,0.00374500,62.33000000
2018-02-24 15:07:56,0.00374500,1.14000000
2018-02-24 15:07:57,0.00374500,0.70000000
2018-02-24 15:07:57,0.00374300,10.38000000
2018-02-24 15:07:57,0.00373500,2.44000000
2018-02-24 15:07:59,0.00373600,4.35000000
2018-02-24 15:08:00,0.00374300,2.67000000
2018-02-24 15:08:00,0.00374400,2.25000000
2018-02-24 15:08:00,0.00373600,2.12000000
2018-02-24 15:08:10,0.00373600,3.93000000
2018-02-24 15:08:10,0.00373600,53.37000000
2018-02-24 15:08:10,0.00373500,30.80000000
2018-02-24 15:08:10,0.00373300,8.00000000
2018-02-24 15:08:10,0.00373200,3.52000000
2018-02-24 15:08:13,0.00374000,8.00000000
2018-02-24 15:08:13,0.00374300,2.89000000
2018-02-24 15:08:18,0.00374300,22.87000000
2018-02-24 15:08:20,0.00374500,97.38000000
2018-02-24 15:08:24,0.00374700,1.00000000
2018-02-24 15:08:28,0.00374500,1.00000000
2018-02-24 15:08:29,0.00374700,2.40000000
2018-02-24 15:08:30,0.00374700,4.45000000
2018-02-24 15:08:30,0.00374500,1.07000000
2018-02-24 15:08:33,0.00374500,1.07000000
2018-02-24 15:08:33,0.00374700,0.29000000
2018-02-24 15:08:33,0.00374500,26.94000000
2018-02-24 15:08:34,0.00374700,1.26000000
2018-02-24 15:08:34,0.00374500,9.74000000
2018-02-24 15:08:36,0.00374500,3.05000000
2018-02-24 15:08:37,0.00374500,31.96000000
2018-02-24 15:08:40,0.00374700,1.66000000
2018-02-24 15:08:41,0.00374700,0.80000000
2018-02-24 15:08:41,0.00374700,0.30000000
2018-02-24 15:08:43,0.00374500,3.86000000
2018-02-24 15:08:43,0.00374400,0.55000000
2018-02-24 15:08:43,0.00373700,3.67000000
2018-02-24 15:08:43,0.00373200,9.91000000
2018-02-24 15:08:43,0.00373100,7.01000000
2018-02-24 15:08:46,0.00374400,2.40000000
2018-02-24 15:08:48,0.00374300,2.50000000
2018-02-24 15:08:49,0.00374300,23.26000000
2018-02-24 15:08:50,0.00374400,67.26000000
2018-02-24 15:08:50,0.00374400,40.20000000
2018-02-24 15:08:50,0.00374400,22.58000000
2018-02-24 15:08:51,0.00374400,2.30000000
2018-02-24 15:08:53,0.00374400,30.84000000
2018-02-24 15:08:54,0.00374400,2.40000000
2018-02-24 15:08:54,0.00374400,17.09000000
2018-02-24 15:08:55,0.00374400,20.69000000
2018-02-24 15:08:56,0.00374300,2.40000000
2018-02-24 15:08:57,0.00374300,10.21000000
2018-02-24 15:08:57,0.00374400,214.63000000
2018-02-24 15:08:58,0.00374400,2.40000000
2018-02-24 15:08:58,0.00374400,161.23000000
2018-02-24 15:08:59,0.00374400,0.01000000
2018-02-24 15:08:59,0.00374500,2.39000000
2018-02-24 15:08:59,0.00374500,23.62000000
2018-02-24 15:08:59,0.00374800,2.44000000
2018-02-24 15:08:59,0.00374900,14.98000000
2018-02-24 15:09:00,0.00374400,35.77000000
2018-02-24 15:09:01,0.00374400,2.40000000
2018-02-24 15:09:03,0.00374400,2.67000000
2018-02-24 15:09:04,0.00374400,2.40000000
2018-02-24 15:09:05,0.00374400,1.18000000
2018-02-24 15:09:05,0.00374800,1.22000000
2018-02-24 15:09:06,0.00374800,2.40000000
2018-02-24 15:09:08,0.00374800,182.33000000
2018-02-24 15:09:08,0.00374800,1.08000000
2018-02-24 15:09:08,0.00374900,2.40000000
2018-02-24 15:09:11,0.00374300,0.82000000
2018-02-24 15:09:11,0.00374800,1.58000000
2018-02-24 15:09:13,0.00374800,2.40000000
2018-02-24 15:09:14,0.00374800,2.01000000
2018-02-24 15:09:14,0.00374800,3.62000000
2018-02-24 15:09:15,0.00374800,2.30000000
2018-02-24 15:09:16,0.00374800,10.83000000
2018-02-24 15:09:18,0.00374700,0.76000000
2018-02-24 15:09:18,0.00374800,1.64000000
2018-02-24 15:09:19,0.00374800,3.73000000
2018-02-24 15:09:19,0.00374800,32.74000000
2018-02-24 15:09:20,0.00374800,2.50000000
2018-02-24 15:09:22,0.00374800,16.37000000
2018-02-24 15:09:23,0.00374700,1.20000000
2018-02-24 15:09:24,0.00374000,2.67000000
2018-02-24 15:09:24,0.00373900,0.34000000
2018-02-24 15:09:24,0.00374800,18.37000000
2018-02-24 15:09:24,0.00374900,35.70000000
2018-02-24 15:09:25,0.00374900,21.90000000
2018-02-24 15:09:26,0.00374800,2.67000000
2018-02-24 15:09:26,0.00374900,34.93000000
2018-02-24 15:09:27,0.00374800,1.38000000
2018-02-24 15:09:27,0.00374900,2.66000000
2018-02-24 15:09:32,0.00374900,0.91000000
2018-02-24 15:09:33,0.00374800,2.71000000
2018-02-24 15:09:35,0.00374800,2.88000000
2018-02-24 15:09:38,0.00374800,31.79000000
2018-02-24 15:09:38,0.00374900,6.28000000
2018-02-24 15:09:40,0.00374900,2.66000000
2018-02-24 15:09:43,0.00374900,115.56000000
2018-02-24 15:09:44,0.00374900,133.36000000
2018-02-24 15:09:45,0.00374900,62.87000000
2018-02-24 15:09:47,0.00374500,6.16000000
2018-02-24 15:09:49,0.00374900,19.48000000
2018-02-24 15:09:50,0.00374200,1.18000000
2018-02-24 15:09:50,0.00374200,2.40000000
2018-02-24 15:09:51,0.00374200,23.96000000
2018-02-24 15:09:51,0.00374900,21.38000000
2018-02-24 15:09:52,0.00374900,0.10000000
2018-02-24 15:09:53,0.00374900,1.46000000
2018-02-24 15:09:55,0.00374100,8.01000000
2018-02-24 15:09:55,0.00374100,0.01000000
2018-02-24 15:09:57,0.00374900,41.15000000
2018-02-24 15:09:57,0.00374900,53.34000000
2018-02-24 15:09:57,0.00374900,17.36000000
2018-02-24 15:09:59,0.00374200,0.34000000
2018-02-24 15:09:59,0.00374200,24.10000000
2018-02-24 15:10:00,0.00374900,29.65000000
2018-02-24 15:10:03,0.00374900,32.29000000
2018-02-24 15:10:04,0.00374000,1.00000000
2018-02-24 15:10:04,0.00374000,0.07000000
2018-02-24 15:10:04,0.00374900,19.04000000
2018-02-24 15:10:07,0.00374600,2.25000000
2018-02-24 15:10:07,0.00374800,16.00000000
2018-02-24 15:10:07,0.00374900,2.15000000
2018-02-24 15:10:08,0.00374600,0.18000000
2018-02-24 15:10:12,0.00374600,13.75000000
2018-02-24 15:10:14,0.00374600,0.29000000
2018-02-24 15:10:15,0.00374600,38.65000000
2018-02-24 15:10:15,0.00374600,2.30000000
2018-02-24 15:10:17,0.00374600,0.90000000
2018-02-24 15:10:17,0.00374600,8.00000000
2018-02-24 15:10:19,0.00374600,4.15000000
2018-02-24 15:10:19,0.00374600,5.00000000
2018-02-24 15:10:20,0.00374900,0.30000000
2018-02-24 15:10:23,0.00374800,26.67000000
2018-02-24 15:10:24,0.00374600,3.28000000
2018-02-24 15:10:26,0.00374600,231.58000000
2018-02-24 15:10:26,0.00374600,144.01000000
2018-02-24 15:10:27,0.00374600,13.33000000
2018-02-24 15:10:29,0.00374600,50.72000000
2018-02-24 15:10:30,0.00374600,8.00000000
2018-02-24 15:10:30,0.00374600,3.22000000
2018-02-24 15:10:31,0.00374800,0.34000000
2018-02-24 15:10:32,0.00374800,7.87000000
2018-02-24 15:10:34,0.00374800,26.71000000
2018-02-24 15:10:34,0.00374800,13.46000000
2018-02-24 15:10:34,0.00374800,7.99000000
2018-02-24 15:10:34,0.00374800,4.58000000
2018-02-24 15:10:35,0.00374800,7.99000000
2018-02-24 15:10:35,0.00374800,1.59000000
2018-02-24 15:10:37,0.00374800,0.38000000
2018-02-24 15:10:38,0.00374800,7.99000000
2018-02-24 15:10:38,0.00374800,9.43000000
2018-02-24 15:10:41,0.00374800,3.21000000
2018-02-24 15:10:44,0.00374200,1.07000000
2018-02-24 15:10:45,0.00374800,2.30000000
2018-02-24 15:10:46,0.00374200,6.76000000
2018-02-24 15:10:47,0.00374600,4.76000000
2018-02-24 15:10:47,0.00374600,2.40000000
2018-02-24 15:10:47,0.00374200,72.51000000
2018-02-24 15:10:47,0.00374200,2.80000000
2018-02-24 15:10:47,0.00374600,45.44000000
2018-02-24 15:10:49,0.00374600,7.25000000
2018-02-24 15:10:49,0.00374200,6.76000000
2018-02-24 15:10:49,0.00374600,2.40000000
2018-02-24 15:10:51,0.00374600,9.86000000
2018-02-24 15:10:52,0.00374200,1.07000000
2018-02-24 15:10:52,0.00374600,0.46000000
2018-02-24 15:10:52,0.00374600,2.40000000
2018-02-24 15:10:53,0.00374600,85.03000000
2018-02-24 15:10:53,0.00374800,2.66000000
2018-02-24 15:10:54,0.00374600,5.93000000
2018-02-24 15:10:54,0.00374800,2.50000000
2018-02-24 15:10:55,0.00374800,7.83000000
2018-02-24 15:10:56,0.00374600,1.07000000
2018-02-24 15:10:57,0.00374800,2.30000000
2018-02-24 15:10:58,0.00374700,26.69000000
2018-02-24 15:10:59,0.00374700,2.30000000
2018-02-24 15:11:00,0.00374600,4.41000000
2018-02-24 15:11:01,0.00374700,2.40000000
2018-02-24 15:11:02,0.00374700,39.97000000
2018-02-24 15:11:02,0.00374600,4.41000000
2018-02-24 15:11:04,0.00374700,5.04000000
2018-02-24 15:11:04,0.00374700,2.50000000
2018-02-24 15:11:06,0.00374600,56.50000000
2018-02-24 15:11:06,0.00374600,2.40000000
2018-02-24 15:11:07,0.00374600,13.34000000
2018-02-24 15:11:09,0.00374600,2.40000000
2018-02-24 15:11:11,0.00374600,2.40000000
2018-02-24 15:11:13,0.00374600,29.36000000
2018-02-24 15:11:13,0.00374600,2.50000000
2018-02-24 15:11:14,0.00374600,14.35000000
2018-02-24 15:11:15,0.00374600,15.04000000
2018-02-24 15:11:15,0.00374700,1.13000000
2018-02-24 15:11:15,0.00374700,2.40000000
2018-02-24 15:11:17,0.00374700,99.12000000
2018-02-24 15:11:18,0.00374700,2.30000000
2018-02-24 15:11:19,0.00374600,2.03000000
2018-02-24 15:11:19,0.00374600,72.07000000
2018-02-24 15:11:20,0.00374600,2.66000000
2018-02-24 15:11:20,0.00374600,29.88000000
2018-02-24 15:11:20,0.00374600,2.40000000
2018-02-24 15:11:21,0.00374600,34.50000000
2018-02-24 15:11:21,0.00374700,96.31000000
2018-02-24 15:11:22,0.00374700,3.93000000
2018-02-24 15:11:22,0.00374800,67.40000000
2018-02-24 15:11:23,0.00374800,2.40000000
2018-02-24 15:11:24,0.00374800,45.44000000
2018-02-24 15:11:25,0.00374800,93.38000000
2018-02-24 15:11:25,0.00374800,2.50000000
2018-02-24 15:11:25,0.00374800,2.66000000
2018-02-24 15:11:26,0.00374800,2.66000000
2018-02-24 15:11:27,0.00374800,2.40000000
2018-02-24 15:11:29,0.00374800,15.16000000
2018-02-24 15:11:29,0.00374700,1.97000000
2018-02-24 15:11:30,0.00374800,2.50000000
2018-02-24 15:11:30,0.00374800,2.95000000
2018-02-24 15:11:31,0.00374800,66.70000000
2018-02-24 15:11:31,0.00374700,0.77000000
2018-02-24 15:11:32,0.00374700,0.30000000
2018-02-24 15:11:32,0.00374800,2.10000000
2018-02-24 15:11:32,0.00374800,0.29000000
2018-02-24 15:11:33,0.00374700,1.00000000
2018-02-24 15:11:33,0.00374800,1.90000000
2018-02-24 15:11:35,0.00374800,2.30000000
2018-02-24 15:11:37,0.00374700,32.01000000
2018-02-24 15:11:37,0.00374700,2.40000000
2018-02-24 15:11:39,0.00374700,5.45000000
2018-02-24 15:11:39,0.00374700,2.50000000
2018-02-24 15:11:40,0.00374300,2.63000000
2018-02-24 15:11:40,0.00374700,79.07000000
2018-02-24 15:11:40,0.00374800,47.54000000
2018-02-24 15:11:41,0.00374800,5.41000000
2018-02-24 15:11:43,0.00374800,29.34000000
2018-02-24 15:11:43,0.00374300,4.69000000
2018-02-24 15:11:49,0.00374800,8.00000000
2018-02-24 15:11:50,0.00374800,13.34000000
2018-02-24 15:11:52,0.00374800,27.44000000
2018-02-24 15:11:53,0.00374700,7.78000000
2018-02-24 15:11:55,0.00374700,8.00000000
2018-02-24 15:11:55,0.00374300,3.05000000
2018-02-24 15:11:59,0.00374700,2.40000000
2018-02-24 15:11:59,0.00374700,67.96000000
2018-02-24 15:12:00,0.00374700,142.20000000
2018-02-24 15:12:01,0.00374700,2.40000000
2018-02-24 15:12:02,0.00374300,2.91000000
2018-02-24 15:12:03,0.00374300,17.14000000
2018-02-24 15:12:03,0.00374700,169.44000000
2018-02-24 15:12:03,0.00374700,92.63000000
2018-02-24 15:12:03,0.00374700,62.00000000
2018-02-24 15:12:03,0.00374700,28.58000000
2018-02-24 15:12:04,0.00374700,2.50000000
2018-02-24 15:12:06,0.00374600,24.76000000
2018-02-24 15:12:06,0.00374700,128.61000000
2018-02-24 15:12:06,0.00374700,2.30000000
2018-02-24 15:12:07,0.00374700,13.34000000
2018-02-24 15:12:10,0.00374700,2.30000000
2018-02-24 15:12:11,0.00374700,7.65000000
2018-02-24 15:12:12,0.00374700,2.30000000
2018-02-24 15:12:13,0.00374700,40.03000000
2018-02-24 15:12:14,0.00374700,8.00000000
2018-02-24 15:12:15,0.00374700,48.63000000
2018-02-24 15:12:15,0.00374800,306.36000000
2018-02-24 15:12:15,0.00374800,91.53000000
2018-02-24 15:12:17,0.00374300,9.99000000
2018-02-24 15:12:18,0.00374800,1.37000000
2018-02-24 15:12:18,0.00374800,3.63000000
2018-02-24 15:12:18,0.00374800,4.14000000
2018-02-24 15:12:19,0.00374800,584.50000000
2018-02-24 15:12:19,0.00374800,90.71000000
2018-02-24 15:12:19,0.00374800,255.19000000
2018-02-24 15:12:19,0.00374900,253.18000000
2018-02-24 15:12:22,0.00374900,132.24000000
2018-02-24 15:12:22,0.00374900,76.61000000
2018-02-24 15:12:22,0.00374900,26.07000000
2018-02-24 15:12:22,0.00374900,8.03000000
2018-02-24 15:12:22,0.00374900,77.04000000
2018-02-24 15:12:22,0.00374900,22.31000000
2018-02-24 15:12:22,0.00374900,106.71000000
2018-02-24 15:12:23,0.00374900,86.02000000
2018-02-24 15:12:23,0.00374900,25.11000000
2018-02-24 15:12:23,0.00374800,4.60000000
2018-02-24 15:12:24,0.00374900,21.09000000
2018-02-24 15:12:24,0.00374900,18.32000000
2018-02-24 15:12:24,0.00374900,0.90000000
2018-02-24 15:12:24,0.00375000,7.10000000
2018-02-24 15:12:24,0.00375000,136.45000000
2018-02-24 15:12:25,0.00375000,10.66000000
2018-02-24 15:12:25,0.00375000,12.00000000
2018-02-24 15:12:26,0.00375000,18.40000000
2018-02-24 15:12:27,0.00374800,0.69000000
2018-02-24 15:12:27,0.00375000,4.61000000
2018-02-24 15:12:28,0.00375000,18.48000000
2018-02-24 15:12:30,0.00375000,103.68000000
2018-02-24 15:12:30,0.00375000,28.79000000
2018-02-24 15:12:30,0.00375000,57.60000000
2018-02-24 15:12:30,0.00375000,12.80000000
2018-02-24 15:12:30,0.00375000,71.25000000
2018-02-24 15:12:31,0.00375000,43.29000000
2018-02-24 15:12:31,0.00375000,40.00000000
2018-02-24 15:12:31,0.00375000,26.85000000
2018-02-24 15:12:31,0.00375000,46.89000000
2018-02-24 15:12:32,0.00375000,18.61000000
2018-02-24 15:12:32,0.00375000,26.08000000
2018-02-24 15:12:32,0.00375000,60.77000000
2018-02-24 15:12:32,0.00375000,20.01000000
2018-02-24 15:12:34,0.00375000,18.64000000
2018-02-24 15:12:34,0.00375000,65.66000000
2018-02-24 15:12:35,0.00375000,33.18000000
2018-02-24 15:12:35,0.00375000,26.95000000
2018-02-24 15:12:35,0.00375000,18.72000000
2018-02-24 15:12:36,0.00375000,4.15000000
2018-02-24 15:12:36,0.00374900,2.16000000
2018-02-24 15:12:36,0.00375000,37.14000000
2018-02-24 15:12:37,0.00375000,61.33000000
2018-02-24 15:12:37,0.00375000,176.29000000
2018-02-24 15:12:37,0.00375000,18.75000000
2018-02-24 15:12:38,0.00375000,187.11000000
2018-02-24 15:12:38,0.00375000,40.10000000
2018-02-24 15:12:38,0.00375000,32.17000000
2018-02-24 15:12:39,0.00375000,11.04000000
2018-02-24 15:12:41,0.00375000,66.83000000
2018-02-24 15:12:41,0.00375000,4.13000000
2018-02-24 15:12:41,0.00375000,3.97000000
2018-02-24 15:12:42,0.00375000,0.30000000
2018-02-24 15:12:43,0.00375000,37.33000000
2018-02-24 15:12:43,0.00375000,2.66000000
2018-02-24 15:12:43,0.00375000,1.41000000
2018-02-24 15:12:44,0.00375000,53.52000000
2018-02-24 15:12:47,0.00375000,102.41000000
2018-02-24 15:12:49,0.00375000,13.33000000
2018-02-24 15:12:51,0.00375000,13.33000000
2018-02-24 15:12:51,0.00374800,4.14000000
2018-02-24 15:12:51,0.00375000,8.00000000
2018-02-24 15:12:52,0.00375000,13.33000000
2018-02-24 15:12:54,0.00375000,53.34000000
2018-02-24 15:12:54,0.00375000,23.15000000
2018-02-24 15:12:54,0.00374900,17.09000000
2018-02-24 15:12:54,0.00374900,6.18000000
2018-02-24 15:12:54,0.00374900,13.33000000
2018-02-24 15:12:55,0.00374900,2.30000000
2018-02-24 15:12:55,0.00374900,2.30000000
2018-02-24 15:12:56,0.00374900,2.30000000
2018-02-24 15:12:56,0.00374900,13.34000000
2018-02-24 15:12:56,0.00374900,2.30000000
2018-02-24 15:12:57,0.00374900,2.30000000
2018-02-24 15:12:57,0.00374900,26.67000000
2018-02-24 15:12:58,0.00374900,2.30000000
2018-02-24 15:12:58,0.00374900,2.30000000
2018-02-24 15:12:59,0.00374900,3.46000000
2018-02-24 15:12:59,0.00375000,21.34000000
2018-02-24 15:12:59,0.00375000,2.30000000
2018-02-24 15:13:00,0.00374900,2.30000000
2018-02-24 15:13:00,0.00374900,2.40000000
2018-02-24 15:13:01,0.00374900,2.30000000
2018-02-24 15:13:02,0.00374900,2.30000000
2018-02-24 15:13:02,0.00374900,2.20000000
2018-02-24 15:13:02,0.00374900,11.57000000
2018-02-24 15:13:02,0.00374900,13.88000000
2018-02-24 15:13:02,0.00374900,11.57000000
2018-02-24 15:13:03,0.00374900,2.30000000
2018-02-24 15:13:03,0.00374900,56.01000000
2018-02-24 15:13:03,0.00374900,2.20000000
2018-02-24 15:13:04,0.00374900,2.66000000
2018-02-24 15:13:04,0.00374900,2.50000000
2018-02-24 15:13:04,0.00374900,2.30000000
2018-02-24 15:13:05,0.00374900,2.30000000
2018-02-24 15:13:05,0.00374900,164.46000000
2018-02-24 15:13:05,0.00374900,2.30000000
2018-02-24 15:13:05,0.00374900,2.20000000
2018-02-24 15:13:06,0.00374900,2.30000000
2018-02-24 15:13:07,0.00374900,2.30000000
2018-02-24 15:13:07,0.00374900,2.40000000
2018-02-24 15:13:08,0.00374900,8.07000000
2018-02-24 15:13:08,0.00375000,2.30000000
2018-02-24 15:13:08,0.00374900,2.40000000
2018-02-24 15:13:09,0.00374900,2.40000000
2018-02-24 15:13:09,0.00374900,2.69000000
2018-02-24 15:13:09,0.00375000,10.64000000
2018-02-24 15:13:09,0.00375000,18.88000000
2018-02-24 15:13:09,0.00375000,2.40000000
2018-02-24 15:13:12,0.00375000,47.41000000
2018-02-24 15:13:12,0.00374800,5.04000000
2018-02-24 15:13:13,0.00375000,8.00000000
2018-02-24 15:13:13,0.00375000,57.34000000
2018-02-24 15:13:13,0.00375000,106.85000000
2018-02-24 15:13:13,0.00375000,36.19000000
2018-02-24 15:13:14,0.00375000,206.06000000
2018-02-24 15:13:14,0.00375200,2.56000000
2018-02-24 15:13:15,0.00375500,3.08000000
2018-02-24 15:13:15,0.00375600,1.31000000
2018-02-24 15:13:15,0.00375700,8.43000000
2018-02-24 15:13:15,0.00375800,38.86000000
2018-02-24 15:13:15,0.00375900,5.87000000
2018-02-24 15:13:15,0.00376000,46.45000000
2018-02-24 15:13:20,0.00376000,11.27000000
2018-02-24 15:13:20,0.00376000,1.37000000
2018-02-24 15:13:26,0.00375900,11.57000000
2018-02-24 15:13:26,0.00376000,94.04000000
2018-02-24 15:13:29,0.00376100,0.90000000
2018-02-24 15:13:29,0.00376200,12.85000000
2018-02-24 15:13:29,0.00376300,63.20000000
2018-02-24 15:13:29,0.00375700,0.29000000
2018-02-24 15:13:31,0.00376300,37.20000000
2018-02-24 15:13:31,0.00376400,14.80000000
2018-02-24 15:13:32,0.00376400,57.85000000
2018-02-24 15:13:34,0.00376300,8.42000000
2018-02-24 15:13:35,0.00375600,0.50000000
2018-02-24 15:13:35,0.00376300,1.08000000
2018-02-24 15:13:39,0.00376000,18.55000000
2018-02-24 15:13:40,0.00376000,1.52000000
2018-02-24 15:13:40,0.00376000,2.65000000
2018-02-24 15:13:41,0.00375600,1.51000000
2018-02-24 15:13:46,0.00375900,14.58000000
2018-02-24 15:13:47,0.00375600,1.06000000
2018-02-24 15:13:47,0.00375900,2.20000000
2018-02-24 15:13:48,0.00375900,2.20000000
2018-02-24 15:13:48,0.00375900,2.30000000
2018-02-24 15:13:49,0.00375900,2.40000000
2018-02-24 15:13:49,0.00375900,2.30000000
2018-02-24 15:13:50,0.00375900,2.20000000
2018-02-24 15:13:50,0.00375900,1.00000000
2018-02-24 15:13:51,0.00375900,2.20000000
2018-02-24 15:13:51,0.00375900,2.20000000
2018-02-24 15:13:51,0.00375900,7.49000000
2018-02-24 15:13:52,0.00375900,5.33000000
2018-02-24 15:13:53,0.00375900,10.65000000
2018-02-24 15:13:53,0.00375900,0.27000000
2018-02-24 15:13:53,0.00376000,1.33000000
2018-02-24 15:13:58,0.00376000,10.64000000
2018-02-24 15:13:58,0.00376000,6.95000000
2018-02-24 15:14:00,0.00376100,2.77000000
2018-02-24 15:14:00,0.00375900,5.22000000
2018-02-24 15:14:01,0.00375900,5.23000000
2018-02-24 15:14:01,0.00375600,0.09000000
2018-02-24 15:14:01,0.00375400,15.33000000
2018-02-24 15:14:01,0.00375300,1.45000000
2018-02-24 15:14:01,0.00375300,11.11000000
2018-02-24 15:14:01,0.00375200,9.92000000
2018-02-24 15:14:06,0.00375300,1.17000000
2018-02-24 15:14:09,0.00375300,0.34000000
2018-02-24 15:14:10,0.00375300,2.77000000
2018-02-24 15:14:11,0.00375300,2.24000000
2018-02-24 15:14:12,0.00375300,3.99000000
2018-02-24 15:14:24,0.00375500,6.28000000
2018-02-24 15:14:26,0.00375900,0.39000000
2018-02-24 15:14:28,0.00375500,19.05000000
2018-02-24 15:14:28,0.00375400,42.84000000
2018-02-24 15:14:28,0.00375300,219.31000000
2018-02-24 15:14:28,0.00375300,36.55000000
2018-02-24 15:14:28,0.00375300,36.55000000
2018-02-24 15:14:28,0.00375300,4.32000000
2018-02-24 15:14:28,0.00375300,110.94000000
2018-02-24 15:14:28,0.00375300,6.76000000
2018-02-24 15:14:28,0.00375900,6.56000000
2018-02-24 15:14:30,0.00375900,2.06000000
2018-02-24 15:14:33,0.00375300,0.30000000
2018-02-24 15:14:34,0.00375900,2.66000000
2018-02-24 15:14:34,0.00375900,1.78000000
2018-02-24 15:14:36,0.00375900,0.17000000
2018-02-24 15:14:41,0.00375900,6.82000000
2018-02-24 15:14:43,0.00375900,0.57000000
2018-02-24 15:14:47,0.00375400,4.21000000
2018-02-24 15:14:48,0.00375900,18.01000000
2018-02-24 15:14:51,0.00375500,0.10000000
2018-02-24 15:14:51,0.00375900,0.81000000
2018-02-24 15:14:53,0.00375900,132.97000000
2018-02-24 15:15:00,0.00375900,55.86000000
2018-02-24 15:15:01,0.00375900,2.24000000
2018-02-24 15:15:03,0.00375500,1.34000000
2018-02-24 15:15:07,0.00375500,0.50000000
2018-02-24 15:15:17,0.00375600,4.66000000
2018-02-24 15:15:25,0.00375800,3.38000000
2018-02-24 15:15:25,0.00375900,85.79000000
2018-02-24 15:15:26,0.00375900,1.28000000
2018-02-24 15:15:28,0.00375700,1.33000000
2018-02-24 15:15:30,0.00375700,2.39000000
2018-02-24 15:15:30,0.00375700,20.93000000
2018-02-24 15:15:31,0.00376000,132.97000000
2018-02-24 15:15:31,0.00375700,1.06000000
2018-02-24 15:15:32,0.00376000,70.22000000
2018-02-24 15:15:34,0.00375700,111.00000000
2018-02-24 15:15:34,0.00376000,25.25000000
2018-02-24 15:15:35,0.00376000,0.83000000
2018-02-24 15:15:37,0.00376000,23.93000000
2018-02-24 15:15:38,0.00375700,2.14000000
2018-02-24 15:15:39,0.00375700,10.20000000
2018-02-24 15:15:39,0.00376000,0.29000000
2018-02-24 15:15:40,0.00375700,2.88000000
2018-02-24 15:15:40,0.00376000,0.29000000
2018-02-24 15:15:41,0.00375700,2.88000000
2018-02-24 15:15:44,0.00375700,57.87000000
2018-02-24 15:15:44,0.00375600,2.13000000
2018-02-24 15:15:44,0.00375500,82.42000000
2018-02-24 15:15:44,0.00375500,88.21000000
2018-02-24 15:15:45,0.00375500,68.97000000
2018-02-24 15:15:46,0.00376000,0.46000000
2018-02-24 15:15:49,0.00376000,0.52000000
2018-02-24 15:15:49,0.00376000,6.00000000
2018-02-24 15:15:50,0.00376000,0.52000000
2018-02-24 15:15:50,0.00376000,2.66000000
2018-02-24 15:15:55,0.00375700,1.47000000
2018-02-24 15:15:55,0.00375500,8.70000000
2018-02-24 15:15:57,0.00376000,6.67000000
2018-02-24 15:16:00,0.00375500,25.71000000
2018-02-24 15:16:10,0.00375900,1.27000000
2018-02-24 15:16:10,0.00376000,1.73000000
2018-02-24 15:16:13,0.00376000,5.31000000
2018-02-24 15:16:14,0.00376000,0.29000000
2018-02-24 15:16:16,0.00376000,3.30000000
2018-02-24 15:16:18,0.00376000,73.02000000
2018-02-24 15:16:18,0.00376100,2.40000000
2018-02-24 15:16:19,0.00376100,37.23000000
2018-02-24 15:16:21,0.00376000,2.85000000
2018-02-24 15:16:22,0.00376000,1.12000000
2018-02-24 15:16:22,0.00376000,23.39000000
2018-02-24 15:16:22,0.00376000,18.28000000
2018-02-24 15:16:23,0.00376000,2.22000000
2018-02-24 15:16:23,0.00376000,18.28000000
2018-02-24 15:16:24,0.00376000,9.02000000
2018-02-24 15:16:25,0.00376100,5.31000000
2018-02-24 15:16:27,0.00376000,2.90000000
2018-02-24 15:16:31,0.00376100,2.65000000
2018-02-24 15:16:32,0.00376100,0.12000000
2018-02-24 15:16:33,0.00376200,2.22000000
2018-02-24 15:16:33,0.00376200,13.76000000
2018-02-24 15:16:33,0.00376200,0.38000000
2018-02-24 15:16:34,0.00376200,0.41000000
2018-02-24 15:16:37,0.00376500,37.18000000
2018-02-24 15:16:40,0.00376200,4.21000000
2018-02-24 15:16:41,0.00376500,1.85000000
2018-02-24 15:16:43,0.00376500,21.24000000
2018-02-24 15:16:44,0.00376500,15.01000000
2018-02-24 15:16:45,0.00376500,4.14000000
2018-02-24 15:16:45,0.00376200,48.89000000
2018-02-24 15:16:46,0.00376500,1.44000000
2018-02-24 15:16:46,0.00376600,46.47000000
2018-02-24 15:16:48,0.00376600,1.86000000
2018-02-24 15:16:49,0.00376600,18.58000000
2018-02-24 15:16:50,0.00376100,0.53000000
2018-02-24 15:16:51,0.00376500,20.50000000
2018-02-24 15:16:51,0.00376500,73.16000000
2018-02-24 15:16:51,0.00376600,40.46000000
2018-02-24 15:16:52,0.00376400,10.47000000
2018-02-24 15:16:52,0.00376400,10.63000000
2018-02-24 15:16:57,0.00376400,0.89000000
2018-02-24 15:16:57,0.00376400,2.53000000
2018-02-24 15:16:57,0.00376400,6.89000000
2018-02-24 15:16:58,0.00376500,1.11000000
2018-02-24 15:16:58,0.00376200,22.04000000
2018-02-24 15:16:59,0.00376500,1.88000000
2018-02-24 15:16:59,0.00376500,30.83000000
2018-02-24 15:17:06,0.00376600,30.38000000
2018-02-24 15:17:06,0.00376700,33.43000000
2018-02-24 15:17:08,0.00376700,787.69000000
2018-02-24 15:17:14,0.00376600,8.00000000
2018-02-24 15:17:21,0.00376200,2.87000000
2018-02-24 15:17:23,0.00376600,15.93000000
2018-02-24 15:17:28,0.00376500,0.93000000
2018-02-24 15:17:30,0.00376600,132.76000000
2018-02-24 15:17:30,0.00376200,17.99000000
2018-02-24 15:17:30,0.00376200,20.97000000
2018-02-24 15:17:30,0.00376100,8.03000000
2018-02-24 15:17:31,0.00376000,5.78000000
2018-02-24 15:17:32,0.00376600,3.78000000
2018-02-24 15:17:36,0.00376600,84.97000000
2018-02-24 15:17:41,0.00376600,8.94000000
2018-02-24 15:17:42,0.00376600,132.76000000
2018-02-24 15:17:45,0.00376100,11.27000000
2018-02-24 15:17:48,0.00376600,26.55000000
2018-02-24 15:17:50,0.00376600,6.36000000
2018-02-24 15:17:54,0.00376600,5.31000000
2018-02-24 15:17:55,0.00376600,0.31000000
2018-02-24 15:17:56,0.00376600,0.10000000
2018-02-24 15:17:56,0.00376600,1.35000000
2018-02-24 15:18:01,0.00376600,5.31000000
2018-02-24 15:18:04,0.00376600,3.00000000
2018-02-24 15:18:07,0.00376300,1.35000000
2018-02-24 15:18:09,0.00376300,4.34000000
2018-02-24 15:18:09,0.00376600,9.16000000
2018-02-24 15:18:10,0.00376600,20.27000000
2018-02-24 15:18:10,0.00376600,13.32000000
2018-02-24 15:18:12,0.00376600,0.88000000
2018-02-24 15:18:13,0.00376600,13.27000000
2018-02-24 15:18:14,0.00376300,5.08000000
2018-02-24 15:18:16,0.00376300,2.50000000
2018-02-24 15:18:26,0.00376300,3.25000000
2018-02-24 15:18:32,0.00376400,0.14000000
2018-02-24 15:18:33,0.00376500,17.20000000
2018-02-24 15:18:37,0.00376500,5.31000000
2018-02-24 15:18:43,0.00376500,0.29000000
2018-02-24 15:18:44,0.00376400,54.56000000
2018-02-24 15:18:46,0.00376500,4.48000000
2018-02-24 15:18:47,0.00376500,2.72000000
2018-02-24 15:18:47,0.00376600,204.27000000
2018-02-24 15:18:48,0.00376600,5.00000000
2018-02-24 15:18:50,0.00376700,15.90000000
2018-02-24 15:18:52,0.00376700,33.54000000
2018-02-24 15:18:53,0.00376700,16.77000000
2018-02-24 15:18:55,0.00376700,16.80000000
2018-02-24 15:18:55,0.00376800,32.86000000
2018-02-24 15:18:55,0.00376800,7.96000000
2018-02-24 15:18:58,0.00376800,17.20000000
2018-02-24 15:18:58,0.00376800,30.03000000
2018-02-24 15:18:58,0.00376800,41.04000000
2018-02-24 15:18:58,0.00376800,39.26000000
2018-02-24 15:18:59,0.00376900,4.34000000
2018-02-24 15:19:00,0.00376900,4.09000000
2018-02-24 15:19:01,0.00376900,5.30000000
2018-02-24 15:19:01,0.00376800,0.70000000
2018-02-24 15:19:01,0.00376900,1.83000000
2018-02-24 15:19:02,0.00376800,3.99000000
2018-02-24 15:19:03,0.00376900,7.84000000
2018-02-24 15:19:03,0.00376900,40.49000000
2018-02-24 15:19:04,0.00376900,0.64000000
2018-02-24 15:19:06,0.00376900,48.17000000
2018-02-24 15:19:09,0.00376900,4.08000000
2018-02-24 15:19:09,0.00376900,0.64000000
2018-02-24 15:19:10,0.00376900,2.29000000
2018-02-24 15:19:11,0.00376900,80.69000000
2018-02-24 15:19:11,0.00376900,11.21000000
2018-02-24 15:19:13,0.00376900,0.64000000
2018-02-24 15:19:13,0.00376900,74.29000000
2018-02-24 15:19:14,0.00376900,0.64000000
2018-02-24 15:19:15,0.00376900,0.94000000
2018-02-24 15:19:16,0.00376900,1.62000000
2018-02-24 15:19:17,0.00376900,3.48000000
2018-02-24 15:19:17,0.00376900,5.72000000
2018-02-24 15:19:18,0.00376900,143.40000000
2018-02-24 15:19:18,0.00377000,117.30000000
2018-02-24 15:19:20,0.00377100,8.94000000
2018-02-24 15:19:21,0.00377100,0.68000000
2018-02-24 15:19:22,0.00377100,1.41000000
2018-02-24 15:19:23,0.00377100,0.64000000
2018-02-24 15:19:24,0.00377100,0.64000000
2018-02-24 15:19:26,0.00377100,11.71000000
2018-02-24 15:19:26,0.00377000,0.37000000
2018-02-24 15:19:26,0.00377100,2.12000000
2018-02-24 15:19:26,0.00377100,0.13000000
2018-02-24 15:19:26,0.00377200,2.52000000
2018-02-24 15:19:29,0.00377200,6.48000000
2018-02-24 15:19:31,0.00377200,2.05000000
2018-02-24 15:19:31,0.00377200,3.24000000
2018-02-24 15:19:32,0.00377100,10.52000000
2018-02-24 15:19:33,0.00377000,1.28000000
2018-02-24 15:19:33,0.00377200,16.83000000
2018-02-24 15:19:33,0.00377200,2.65000000
2018-02-24 15:19:33,0.00377200,6.81000000
2018-02-24 15:19:34,0.00377200,3.47000000
2018-02-24 15:19:35,0.00377200,0.81000000
2018-02-24 15:19:36,0.00377300,4.75000000
2018-02-24 15:19:38,0.00377300,2.01000000
2018-02-24 15:19:38,0.00377000,9.22000000
2018-02-24 15:19:39,0.00376900,0.67000000
2018-02-24 15:19:40,0.00376900,1.50000000
2018-02-24 15:19:40,0.00377300,0.85000000
2018-02-24 15:19:47,0.00376900,152.92000000
2018-02-24 15:19:47,0.00376900,38.66000000
2018-02-24 15:19:48,0.00377300,17.51000000
2018-02-24 15:19:50,0.00377300,160.65000000
2018-02-24 15:19:52,0.00376800,78.74000000
2018-02-24 15:19:53,0.00376800,505.76000000
2018-02-24 15:19:53,0.00377300,133.92000000
2018-02-24 15:19:54,0.00376700,15.00000000
2018-02-24 15:19:54,0.00376600,151.33000000
2018-02-24 15:19:54,0.00376600,124.97000000
2018-02-24 15:19:55,0.00376800,59.10000000
2018-02-24 15:19:57,0.00376700,0.60000000
2018-02-24 15:19:58,0.00377200,5.30000000
2018-02-24 15:19:59,0.00377300,0.98000000
2018-02-24 15:19:59,0.00376500,2.65000000
2018-02-24 15:20:00,0.00376400,2.44000000
2018-02-24 15:20:00,0.00377200,0.64000000
2018-02-24 15:20:02,0.00376400,2.21000000
2018-02-24 15:20:03,0.00376400,19.72000000
2018-02-24 15:20:05,0.00376300,1.83000000
2018-02-24 15:20:05,0.00376500,20.71000000
2018-02-24 15:20:08,0.00376400,12.86000000
2018-02-24 15:20:09,0.00377100,1.01000000
2018-02-24 15:20:12,0.00376400,33.07000000
2018-02-24 15:20:12,0.00377000,1.45000000
2018-02-24 15:20:12,0.00376400,13.37000000
2018-02-24 15:20:13,0.00376300,30.47000000
2018-02-24 15:20:13,0.00376200,2.27000000
2018-02-24 15:20:13,0.00376100,2.94000000
2018-02-24 15:20:14,0.00376200,2.65000000
2018-02-24 15:20:16,0.00376200,0.80000000
2018-02-24 15:20:16,0.00376000,0.57000000
2018-02-24 15:20:18,0.00376800,1.06000000
2018-02-24 15:20:18,0.00376900,2.46000000
2018-02-24 15:20:18,0.00377000,5.76000000
2018-02-24 15:20:18,0.00376700,0.69000000
2018-02-24 15:20:19,0.00376000,4.14000000
2018-02-24 15:20:25,0.00376600,1.96000000
2018-02-24 15:20:25,0.00377000,0.04000000
2018-02-24 15:20:25,0.00376700,1.12000000
2018-02-24 15:20:28,0.00376500,10.62000000
2018-02-24 15:20:29,0.00376500,3.49000000
2018-02-24 15:20:30,0.00376500,0.52000000
2018-02-24 15:20:30,0.00376500,3.79000000
2018-02-24 15:20:32,0.00376500,9.16000000
2018-02-24 15:20:32,0.00376500,0.52000000
2018-02-24 15:20:33,0.00376400,0.31000000
2018-02-24 15:20:34,0.00376400,0.52000000
2018-02-24 15:20:35,0.00376500,0.52000000
2018-02-24 15:20:35,0.00376400,0.64000000
2018-02-24 15:20:37,0.00376100,82.27000000
2018-02-24 15:20:37,0.00376100,10.46000000
2018-02-24 15:20:38,0.00376100,24.37000000
2018-02-24 15:20:38,0.00376000,98.29000000
2018-02-24 15:20:38,0.00376000,24.37000000
2018-02-24 15:20:39,0.00376500,0.52000000
2018-02-24 15:20:39,0.00376500,1.62000000
2018-02-24 15:20:40,0.00376500,15.01000000
2018-02-24 15:20:40,0.00376500,0.37000000
2018-02-24 15:20:40,0.00375900,4.32000000
2018-02-24 15:20:41,0.00376400,17.95000000
2018-02-24 15:20:42,0.00376400,6.42000000
2018-02-24 15:20:42,0.00376500,10.78000000
2018-02-24 15:20:42,0.00376400,0.52000000
2018-02-24 15:20:43,0.00376500,2.65000000
2018-02-24 15:20:43,0.00376000,60.98000000
2018-02-24 15:20:43,0.00376500,0.52000000
2018-02-24 15:20:44,0.00376500,0.52000000
2018-02-24 15:20:45,0.00376500,6.00000000
2018-02-24 15:20:45,0.00376500,0.52000000
2018-02-24 15:20:46,0.00376500,13.28000000
2018-02-24 15:20:46,0.00376500,0.72000000
2018-02-24 15:20:47,0.00376500,9.90000000
2018-02-24 15:20:49,0.00376500,1.41000000
2018-02-24 15:20:51,0.00376500,1.30000000
2018-02-24 15:20:51,0.00376200,0.30000000
2018-02-24 15:20:51,0.00376100,12.85000000
2018-02-24 15:20:53,0.00376400,0.64000000
2018-02-24 15:20:53,0.00375900,10.33000000
2018-02-24 15:20:54,0.00376400,4.74000000
2018-02-24 15:20:55,0.00376400,3.62000000
2018-02-24 15:20:55,0.00376500,0.51000000
2018-02-24 15:20:55,0.00376000,12.51000000
2018-02-24 15:20:56,0.00376500,33.57000000
2018-02-24 15:20:56,0.00376500,71.85000000
2018-02-24 15:20:58,0.00376700,0.57000000
2018-02-24 15:21:00,0.00376100,25.59000000
2018-02-24 15:21:01,0.00376100,1.22000000
2018-02-24 15:21:02,0.00376600,1.18000000
2018-02-24 15:21:02,0.00376100,2.05000000
2018-02-24 15:21:04,0.00376400,7.93000000
2018-02-24 15:21:05,0.00376400,15.25000000
2018-02-24 15:21:05,0.00376400,0.01000000
2018-02-24 15:21:05,0.00376500,13.27000000
2018-02-24 15:21:05,0.00376500,5.31000000
2018-02-24 15:21:05,0.00376000,27.06000000
2018-02-24 15:21:05,0.00376000,18.47000000
2018-02-24 15:21:05,0.00376500,0.28000000
2018-02-24 15:21:05,0.00376500,7.93000000
2018-02-24 15:21:06,0.00376500,101.05000000
2018-02-24 15:21:06,0.00376500,10.06000000
2018-02-24 15:21:07,0.00376500,7.93000000
2018-02-24 15:21:08,0.00376500,7.93000000
2018-02-24 15:21:09,0.00376500,1.18000000
2018-02-24 15:21:09,0.00376500,1.18000000
2018-02-24 15:21:10,0.00376400,1.18000000
2018-02-24 15:21:10,0.00376400,1.18000000
2018-02-24 15:21:10,0.00376400,1.18000000
2018-02-24 15:21:11,0.00376400,1.18000000
2018-02-24 15:21:11,0.00376400,1.18000000
2018-02-24 15:21:11,0.00376400,42.50000000
2018-02-24 15:21:11,0.00376400,1.18000000
2018-02-24 15:21:12,0.00376400,38.02000000
2018-02-24 15:21:12,0.00376400,1.26000000
2018-02-24 15:21:12,0.00376500,12.02000000
2018-02-24 15:21:13,0.00376500,7.93000000
2018-02-24 15:21:13,0.00376200,0.45000000
2018-02-24 15:21:13,0.00376000,33.83000000
2018-02-24 15:21:13,0.00376000,33.83000000
2018-02-24 15:21:13,0.00376200,0.95000000
2018-02-24 15:21:13,0.00376000,33.85000000
2018-02-24 15:21:13,0.00375900,31.17000000
2018-02-24 15:21:14,0.00376200,5.07000000
2018-02-24 15:21:14,0.00376200,6.12000000
2018-02-24 15:21:14,0.00376200,0.02000000
2018-02-24 15:21:14,0.00376500,0.16000000
2018-02-24 15:21:14,0.00376500,1.08000000
2018-02-24 15:21:15,0.00376600,0.64000000
2018-02-24 15:21:15,0.00376700,8.36000000
2018-02-24 15:21:15,0.00376700,0.72000000
2018-02-24 15:21:15,0.00376700,7.21000000
2018-02-24 15:21:15,0.00376500,0.29000000
2018-02-24 15:21:17,0.00375700,2.66000000
2018-02-24 15:21:17,0.00375600,17.34000000
2018-02-24 15:21:17,0.00376500,12.60000000
2018-02-24 15:21:17,0.00376500,7.93000000
2018-02-24 15:21:19,0.00376300,2.66000000
2018-02-24 15:21:19,0.00376400,5.27000000
2018-02-24 15:21:19,0.00376400,9.05000000
2018-02-24 15:21:20,0.00376400,2.23000000
2018-02-24 15:21:20,0.00376500,5.70000000
2018-02-24 15:21:20,0.00376300,1.92000000
2018-02-24 15:21:21,0.00376200,2.23000000
2018-02-24 15:21:21,0.00376200,13.29000000
2018-02-24 15:21:22,0.00376200,5.44000000
2018-02-24 15:21:22,0.00376200,7.93000000
2018-02-24 15:21:23,0.00375500,5.06000000
2018-02-24 15:21:23,0.00375400,2.66000000
2018-02-24 15:21:23,0.00375300,1.96000000
2018-02-24 15:21:23,0.00376200,26.58000000
2018-02-24 15:21:23,0.00376000,2.66000000
2018-02-24 15:21:23,0.00376100,1.07000000
2018-02-24 15:21:23,0.00376200,4.20000000
2018-02-24 15:21:23,0.00376200,1.66000000
2018-02-24 15:21:24,0.00376200,5.99000000
2018-02-24 15:21:24,0.00375000,1.00000000
2018-02-24 15:21:24,0.00376200,1.07000000
2018-02-24 15:21:24,0.00376200,12.64000000
2018-02-24 15:21:24,0.00376200,7.93000000
2018-02-24 15:21:24,0.00376200,1.07000000
2018-02-24 15:21:25,0.00376200,4.11000000
2018-02-24 15:21:25,0.00376200,28.58000000
2018-02-24 15:21:25,0.00376200,5.99000000
2018-02-24 15:21:26,0.00376200,7.93000000
2018-02-24 15:21:26,0.00376200,66.45000000
2018-02-24 15:21:26,0.00376200,19.50000000
2018-02-24 15:21:26,0.00376200,5.31000000
2018-02-24 15:21:26,0.00376200,1.60000000
2018-02-24 15:21:26,0.00376200,38.02000000
2018-02-24 15:21:27,0.00376200,7.93000000
2018-02-24 15:21:28,0.00376200,7.93000000
2018-02-24 15:21:28,0.00376200,1.50000000
2018-02-24 15:21:29,0.00376200,31.89000000
2018-02-24 15:21:29,0.00376200,10.29000000
2018-02-24 15:21:29,0.00376200,7.93000000
2018-02-24 15:21:30,0.00375400,1.33000000
2018-02-24 15:21:30,0.00375200,2.66000000
2018-02-24 15:21:30,0.00375100,0.64000000
2018-02-24 15:21:30,0.00376200,5.46000000
2018-02-24 15:21:30,0.00376400,7.90000000
2018-02-24 15:21:30,0.00376400,5.46000000
2018-02-24 15:21:30,0.00376400,2.66000000
2018-02-24 15:21:31,0.00375300,1.00000000
2018-02-24 15:21:31,0.00376100,12.01000000
2018-02-24 15:21:32,0.00376000,38.19000000
2018-02-24 15:21:33,0.00376000,91.69000000
2018-02-24 15:21:34,0.00375400,2.68000000
2018-02-24 15:21:34,0.00375300,1.10000000
2018-02-24 15:21:35,0.00376300,2.66000000
2018-02-24 15:21:35,0.00376400,10.34000000
2018-02-24 15:21:36,0.00376400,34.53000000
2018-02-24 15:21:37,0.00375600,2.66000000
2018-02-24 15:21:37,0.00375500,2.66000000
2018-02-24 15:21:37,0.00375400,0.29000000
2018-02-24 15:21:37,0.00375300,1.89000000
2018-02-24 15:21:37,0.00375100,3.78000000
2018-02-24 15:21:41,0.00376000,1.00000000
2018-02-24 15:21:42,0.00376100,2.66000000
2018-02-24 15:21:44,0.00376100,0.29000000
2018-02-24 15:21:46,0.00376100,13.29000000
2018-02-24 15:21:46,0.00376000,0.79000000
2018-02-24 15:21:46,0.00376000,32.00000000
2018-02-24 15:21:47,0.00376000,20.00000000
2018-02-24 15:21:48,0.00375500,0.46000000
2018-02-24 15:21:49,0.00376000,106.38000000
2018-02-24 15:21:49,0.00376000,4.12000000
2018-02-24 15:21:54,0.00376000,3.23000000
2018-02-24 15:21:54,0.00376000,19.24000000
2018-02-24 15:21:55,0.00376000,5.31000000
2018-02-24 15:21:57,0.00375500,5.38000000
2018-02-24 15:21:57,0.00375500,6.54000000
2018-02-24 15:22:00,0.00375900,0.77000000
2018-02-24 15:22:02,0.00375900,0.28000000
2018-02-24 15:22:04,0.00375900,0.02000000
2018-02-24 15:22:04,0.00376000,2.28000000
2018-02-24 15:22:04,0.00376000,126.61000000
2018-02-24 15:22:05,0.00376100,7.97000000
2018-02-24 15:22:06,0.00376100,6.34000000
2018-02-24 15:22:07,0.00376400,13.31000000
2018-02-24 15:22:08,0.00376100,2.81000000
2018-02-24 15:22:08,0.00376100,2.30000000
2018-02-24 15:22:09,0.00376100,0.72000000
2018-02-24 15:22:09,0.00376100,12.16000000
2018-02-24 15:22:09,0.00376100,8.68000000
2018-02-24 15:22:09,0.00376100,0.27000000
2018-02-24 15:22:11,0.00376300,2.40000000
2018-02-24 15:22:11,0.00376300,18.60000000
2018-02-24 15:22:11,0.00376300,9.57000000
2018-02-24 15:22:12,0.00376300,110.57000000
2018-02-24 15:22:12,0.00376400,7.48000000
2018-02-24 15:22:12,0.00376500,72.91000000
2018-02-24 15:22:15,0.00376400,2.28000000
2018-02-24 15:22:16,0.00376400,1.12000000
2018-02-24 15:22:18,0.00376300,4.65000000
2018-02-24 15:22:18,0.00376300,2.40000000
2018-02-24 15:22:18,0.00376300,132.87000000
2018-02-24 15:22:19,0.00376300,82.21000000
2018-02-24 15:22:20,0.00376300,2.50000000
2018-02-24 15:22:21,0.00376300,5.18000000
2018-02-24 15:22:22,0.00376100,4.85000000
2018-02-24 15:22:22,0.00376000,1.00000000
2018-02-24 15:22:22,0.00375900,2.50000000
2018-02-24 15:22:23,0.00375900,0.30000000
2018-02-24 15:22:24,0.00375900,119.71000000
2018-02-24 15:22:25,0.00375900,0.97000000
2018-02-24 15:22:25,0.00375900,2.30000000
2018-02-24 15:22:26,0.00375900,0.45000000
2018-02-24 15:22:27,0.00375900,0.79000000
2018-02-24 15:22:27,0.00375900,4.11000000
2018-02-24 15:22:27,0.00375900,0.79000000
2018-02-24 15:22:27,0.00375900,2.40000000
2018-02-24 15:22:28,0.00375900,22.89000000
2018-02-24 15:22:29,0.00376200,2.30000000
2018-02-24 15:22:29,0.00376200,0.36000000
2018-02-24 15:22:29,0.00376300,3.14000000
2018-02-24 15:22:30,0.00376300,53.14000000
2018-02-24 15:22:31,0.00375500,2.66000000
2018-02-24 15:22:31,0.00375400,1.48000000
2018-02-24 15:22:31,0.00375300,1.79000000
2018-02-24 15:22:31,0.00375000,53.30000000
2018-02-24 15:22:32,0.00376200,1.07000000
2018-02-24 15:22:32,0.00376300,1.33000000
2018-02-24 15:22:34,0.00375900,2.30000000
2018-02-24 15:22:36,0.00375900,10.64000000
2018-02-24 15:22:36,0.00375900,2.50000000
2018-02-24 15:22:38,0.00375900,6.23000000
2018-02-24 15:22:38,0.00376000,18.19000000
2018-02-24 15:22:38,0.00376000,4.11000000
2018-02-24 15:22:39,0.00376000,2.40000000
2018-02-24 15:22:39,0.00376000,6.19000000
2018-02-24 15:22:39,0.00376200,2.39000000
2018-02-24 15:22:39,0.00376200,4.36000000
2018-02-24 15:22:41,0.00376200,2.40000000
2018-02-24 15:22:42,0.00376200,5.31000000
2018-02-24 15:22:44,0.00376300,2.30000000
2018-02-24 15:22:45,0.00376300,0.64000000
2018-02-24 15:22:46,0.00376300,2.40000000
2018-02-24 15:22:48,0.00376300,1.96000000
2018-02-24 15:22:48,0.00376400,1.60000000
2018-02-24 15:22:48,0.00376500,0.80000000
2018-02-24 15:22:50,0.00376300,79.12000000
2018-02-24 15:22:54,0.00376500,89.33000000
2018-02-24 15:23:00,0.00376500,3.92000000
2018-02-24 15:23:01,0.00376300,9.15000000
2018-02-24 15:23:01,0.00376500,5.31000000
2018-02-24 15:23:02,0.00376500,7.18000000
2018-02-24 15:23:02,0.00377000,1.00000000
2018-02-24 15:23:02,0.00377000,1.00000000
2018-02-24 15:23:10,0.00377000,0.73000000
2018-02-24 15:23:11,0.00377000,74.25000000
2018-02-24 15:23:13,0.00377000,79.57000000
2018-02-24 15:23:14,0.00377000,5.78000000
2018-02-24 15:23:14,0.00377000,112.52000000
2018-02-24 15:23:26,0.00376500,50.87000000
2018-02-24 15:23:30,0.00376500,24.40000000
2018-02-24 15:23:31,0.00376500,25.02000000
2018-02-24 15:23:36,0.00377000,1.85000000
2018-02-24 15:23:36,0.00377000,3.58000000
2018-02-24 15:23:37,0.00377000,4.33000000
2018-02-24 15:23:37,0.00377000,2.64000000
2018-02-24 15:23:37,0.00377000,37.46000000
2018-02-24 15:23:37,0.00376500,141.33000000
2018-02-24 15:23:39,0.00376500,10.62000000
2018-02-24 15:23:41,0.00376500,0.10000000
2018-02-24 15:23:45,0.00376500,44.96000000
2018-02-24 15:23:48,0.00376500,0.37000000
2018-02-24 15:23:53,0.00376500,13.60000000
2018-02-24 15:23:57,0.00376500,24.37000000
2018-02-24 15:24:00,0.00376500,5.33000000
2018-02-24 15:24:03,0.00376500,29.21000000
2018-02-24 15:24:05,0.00376500,99.61000000
2018-02-24 15:24:07,0.00376500,34.43000000
2018-02-24 15:24:09,0.00376500,77.02000000
2018-02-24 15:24:09,0.00376500,0.87000000
2018-02-24 15:24:10,0.00376500,23.05000000
2018-02-24 15:24:12,0.00376500,2.40000000
2018-02-24 15:24:12,0.00376500,13.28000000
2018-02-24 15:24:15,0.00376500,2.30000000
2018-02-24 15:24:15,0.00376500,0.32000000
2018-02-24 15:24:17,0.00376500,18.17000000
2018-02-24 15:24:17,0.00376500,2.50000000
2018-02-24 15:24:17,0.00376500,0.30000000
2018-02-24 15:24:18,0.00376500,17.34000000
2018-02-24 15:24:18,0.00376500,7.96000000
2018-02-24 15:24:19,0.00376500,2.30000000
2018-02-24 15:24:20,0.00376500,11.67000000
2018-02-24 15:24:21,0.00376500,6.02000000
2018-02-24 15:24:21,0.00376500,2.50000000
2018-02-24 15:24:24,0.00376500,2.30000000
2018-02-24 15:24:29,0.00376500,45.15000000
2018-02-24 15:24:31,0.00376500,0.18000000
2018-02-24 15:24:31,0.00376500,25.62000000
2018-02-24 15:24:32,0.00376500,2.65000000
2018-02-24 15:24:33,0.00376500,2.65000000
2018-02-24 15:24:35,0.00376500,14.01000000
2018-02-24 15:24:36,0.00376500,63.74000000
2018-02-24 15:24:37,0.00376500,6.45000000
2018-02-24 15:24:44,0.00376500,1.53000000
2018-02-24 15:24:44,0.00376500,50.84000000
2018-02-24 15:24:45,0.00376500,0.45000000
2018-02-24 15:24:45,0.00376500,2.76000000
2018-02-24 15:24:46,0.00376500,1.33000000
2018-02-24 15:24:47,0.00376500,0.45000000
2018-02-24 15:24:48,0.00376500,0.45000000
2018-02-24 15:24:49,0.00376500,2.25000000
2018-02-24 15:24:49,0.00376500,11.81000000
2018-02-24 15:24:49,0.00376500,10.00000000
2018-02-24 15:24:50,0.00376500,17.28000000
2018-02-24 15:24:51,0.00377000,4.49000000
2018-02-24 15:24:59,0.00376500,0.32000000
2018-02-24 15:25:03,0.00377000,110.58000000
2018-02-24 15:25:04,0.00377000,47.50000000
2018-02-24 15:25:07,0.00376900,2.39000000
2018-02-24 15:25:07,0.00377000,6.18000000
2018-02-24 15:25:08,0.00377000,25.00000000
2018-02-24 15:25:08,0.00377000,0.73000000
2018-02-24 15:25:08,0.00377000,0.58000000
2018-02-24 15:25:12,0.00377100,31.36000000
2018-02-24 15:25:12,0.00377200,47.70000000
2018-02-24 15:25:13,0.00377200,40.73000000
2018-02-24 15:25:14,0.00377200,26.30000000
2018-02-24 15:25:17,0.00377200,2.00000000
2018-02-24 15:25:23,0.00377200,21.55000000
2018-02-24 15:25:25,0.00376500,1.99000000
2018-02-24 15:25:33,0.00377100,6.16000000
2018-02-24 15:25:33,0.00377200,15.31000000
2018-02-24 15:25:33,0.00377300,8.14000000
2018-02-24 15:25:38,0.00377200,2.22000000
2018-02-24 15:25:38,0.00377200,2.72000000
2018-02-24 15:25:38,0.00377200,3.60000000
2018-02-24 15:25:38,0.00377400,124.45000000
2018-02-24 15:25:39,0.00377200,2.20000000
2018-02-24 15:25:42,0.00377500,120.51000000
2018-02-24 15:25:42,0.00377500,69.76000000
2018-02-24 15:25:42,0.00377500,39.24000000
2018-02-24 15:25:42,0.00377500,20.95000000
2018-02-24 15:25:47,0.00377200,0.19000000
2018-02-24 15:25:48,0.00377200,64.03000000
2018-02-24 15:25:48,0.00377200,266.43000000
2018-02-24 15:25:49,0.00377200,1.61000000
2018-02-24 15:25:51,0.00377200,17.99000000
2018-02-24 15:26:01,0.00377200,4.98000000
2018-02-24 15:26:07,0.00377200,71.08000000
2018-02-24 15:26:07,0.00377400,0.86000000
2018-02-24 15:26:08,0.00377200,2.64000000
2018-02-24 15:26:09,0.00377200,4.46000000
2018-02-24 15:26:10,0.00377200,13.14000000
2018-02-24 15:26:10,0.00377200,65.75000000
2018-02-24 15:26:10,0.00377200,5.74000000
2018-02-24 15:26:10,0.00377400,0.14000000
2018-02-24 15:26:10,0.00377500,0.09000000
2018-02-24 15:26:11,0.00377200,5.78000000
2018-02-24 15:26:15,0.00377500,110.86000000
2018-02-24 15:26:15,0.00377500,47.51000000
2018-02-24 15:26:15,0.00377500,20.07000000
2018-02-24 15:26:16,0.00377500,76.61000000
2018-02-24 15:26:16,0.00377400,0.13000000
2018-02-24 15:26:21,0.00377600,5.14000000
2018-02-24 15:26:21,0.00377700,94.86000000
2018-02-24 15:26:28,0.00377700,8.34000000
2018-02-24 15:26:33,0.00377600,5.08000000
2018-02-24 15:26:33,0.00377400,4.16000000
2018-02-24 15:26:34,0.00377400,1.93000000
2018-02-24 15:26:36,0.00377400,1.06000000
2018-02-24 15:26:39,0.00377400,1.48000000
2018-02-24 15:26:41,0.00377400,30.88000000
2018-02-24 15:26:41,0.00377300,30.11000000
2018-02-24 15:26:41,0.00377200,31.42000000
2018-02-24 15:26:41,0.00377200,4.33000000
2018-02-24 15:26:44,0.00377600,18.28000000
2018-02-24 15:26:46,0.00377200,14.03000000
2018-02-24 15:26:48,0.00377400,8.36000000
2018-02-24 15:26:50,0.00377400,0.68000000
2018-02-24 15:26:51,0.00377200,1.40000000
2018-02-24 15:26:55,0.00377400,146.81000000
2018-02-24 15:26:56,0.00377300,4.34000000
2018-02-24 15:26:58,0.00377600,16.00000000
2018-02-24 15:26:58,0.00377600,1.48000000
2018-02-24 15:26:59,0.00377400,107.11000000
2018-02-24 15:27:00,0.00377600,29.40000000
2018-02-24 15:27:00,0.00377700,0.01000000
2018-02-24 15:27:01,0.00377700,9.29000000
2018-02-24 15:27:01,0.00377400,0.26000000
2018-02-24 15:27:03,0.00377400,0.56000000
2018-02-24 15:27:03,0.00377700,25.89000000
2018-02-24 15:27:04,0.00377700,109.60000000
2018-02-24 15:27:04,0.00377700,5.74000000
2018-02-24 15:27:04,0.00377500,3.25000000
2018-02-24 15:27:04,0.00377800,8.00000000
2018-02-24 15:27:05,0.00377800,7.20000000
2018-02-24 15:27:05,0.00377900,2.80000000
2018-02-24 15:27:05,0.00377500,2.10000000
2018-02-24 15:27:09,0.00377500,11.75000000
2018-02-24 15:27:09,0.00377500,13.25000000
2018-02-24 15:27:11,0.00377500,13.25000000
2018-02-24 15:27:12,0.00377500,28.46000000
2018-02-24 15:27:13,0.00377700,4.50000000
2018-02-24 15:27:13,0.00377800,0.30000000
2018-02-24 15:27:13,0.00377900,281.97000000
2018-02-24 15:27:13,0.00378000,1290.10000000
2018-02-24 15:27:14,0.00378000,65.92000000
2018-02-24 15:27:14,0.00378100,14.30000000
2018-02-24 15:27:14,0.00378200,7.55000000
2018-02-24 15:27:14,0.00378200,25.84000000
2018-02-24 15:27:16,0.00378100,3.75000000
2018-02-24 15:27:16,0.00377600,5.00000000
2018-02-24 15:27:16,0.00378100,22.82000000
2018-02-24 15:27:17,0.00378000,15.04000000
2018-02-24 15:27:19,0.00377700,2.25000000
2018-02-24 15:27:20,0.00377700,2.65000000
2018-02-24 15:27:20,0.00377700,14.33000000
2018-02-24 15:27:20,0.00378000,2.76000000
2018-02-24 15:27:21,0.00378000,2.82000000
2018-02-24 15:27:21,0.00378000,66.27000000
2018-02-24 15:27:21,0.00378000,4.04000000
2018-02-24 15:27:23,0.00378000,0.45000000
2018-02-24 15:27:23,0.00378000,3.44000000
2018-02-24 15:27:23,0.00378000,13.25000000
2018-02-24 15:27:24,0.00378000,4.86000000
2018-02-24 15:27:27,0.00377600,0.76000000
2018-02-24 15:27:28,0.00377600,0.80000000
2018-02-24 15:27:32,0.00377600,6.72000000
2018-02-24 15:27:34,0.00377900,7.10000000
2018-02-24 15:27:34,0.00377600,4.36000000
2018-02-24 15:27:35,0.00377900,2.91000000
2018-02-24 15:27:35,0.00377600,6.72000000
2018-02-24 15:27:36,0.00377600,6.72000000
2018-02-24 15:27:37,0.00377600,6.72000000
2018-02-24 15:27:38,0.00377600,10.00000000
2018-02-24 15:27:38,0.00377600,11.41000000
2018-02-24 15:27:39,0.00377600,10.00000000
2018-02-24 15:27:40,0.00377800,1.06000000
2018-02-24 15:27:40,0.00377800,23.04000000
2018-02-24 15:27:40,0.00377600,0.02000000
2018-02-24 15:27:41,0.00377800,0.79000000
2018-02-24 15:27:41,0.00377600,1.44000000
2018-02-24 15:27:41,0.00377600,26.48000000
2018-02-24 15:27:41,0.00377600,131.40000000
2018-02-24 15:27:43,0.00377900,11.61000000
2018-02-24 15:27:45,0.00377900,5.61000000
2018-02-24 15:27:45,0.00378000,21.65000000
2018-02-24 15:27:48,0.00378000,4.48000000
2018-02-24 15:27:49,0.00378000,50.74000000
2018-02-24 15:27:50,0.00377800,5.00000000
2018-02-24 15:27:50,0.00377800,2.44000000
2018-02-24 15:27:50,0.00377800,66.29000000
2018-02-24 15:27:52,0.00377800,14.41000000
2018-02-24 15:27:52,0.00377800,5.00000000
2018-02-24 15:27:52,0.00378000,143.75000000
2018-02-24 15:27:52,0.00377800,12.86000000
2018-02-24 15:27:52,0.00377700,0.40000000
2018-02-24 15:27:54,0.00377800,0.99000000
2018-02-24 15:27:54,0.00377700,1.66000000
2018-02-24 15:28:03,0.00378000,45.73000000
2018-02-24 15:28:03,0.00378100,148.12000000
2018-02-24 15:28:05,0.00378100,1.44000000
2018-02-24 15:28:06,0.00378100,1.66000000
2018-02-24 15:28:06,0.00377700,1.83000000
2018-02-24 15:28:09,0.00378200,0.55000000
2018-02-24 15:28:10,0.00377800,13.26000000
2018-02-24 15:28:11,0.00377800,4.26000000
2018-02-24 15:28:11,0.00377800,6.75000000
2018-02-24 15:28:11,0.00377700,98.73000000
2018-02-24 15:28:11,0.00377700,194.22000000
2018-02-24 15:28:11,0.00378200,28.04000000
2018-02-24 15:28:16,0.00377700,2.66000000
2018-02-24 15:28:21,0.00377700,0.13000000
2018-02-24 15:28:21,0.00377700,1.37000000
2018-02-24 15:28:25,0.00377700,2.06000000
2018-02-24 15:28:27,0.00377700,8.47000000
2018-02-24 15:28:27,0.00377700,2.06000000
2018-02-24 15:28:27,0.00378000,8.47000000
2018-02-24 15:28:29,0.00378000,16.46000000
2018-02-24 15:28:29,0.00378100,84.23000000
2018-02-24 15:28:29,0.00378100,66.27000000
2018-02-24 15:28:31,0.00378100,66.27000000
2018-02-24 15:28:31,0.00378300,8.00000000
2018-02-24 15:28:32,0.00378100,3.20000000
2018-02-24 15:28:32,0.00378100,11.27000000
2018-02-24 15:28:33,0.00378300,3.03000000
2018-02-24 15:28:33,0.00378400,3.97000000
2018-02-24 15:28:33,0.00378100,12.60000000
2018-02-24 15:28:34,0.00378100,18.53000000
2018-02-24 15:28:34,0.00378100,66.26000000
2018-02-24 15:28:34,0.00378400,0.62000000
2018-02-24 15:28:34,0.00378100,0.56000000
2018-02-24 15:28:35,0.00378100,13.25000000
2018-02-24 15:28:36,0.00378100,1.32000000
2018-02-24 15:28:37,0.00378100,13.25000000
2018-02-24 15:28:39,0.00378400,29.68000000
2018-02-24 15:28:39,0.00378500,40.32000000
2018-02-24 15:28:39,0.00378100,13.25000000
2018-02-24 15:28:39,0.00378100,5.99000000
2018-02-24 15:28:41,0.00378100,2.65000000
2018-02-24 15:28:41,0.00378100,3.01000000
2018-02-24 15:28:42,0.00378100,1.00000000
2018-02-24 15:28:44,0.00378100,2.65000000
2018-02-24 15:28:44,0.00378100,573.49000000
2018-02-24 15:28:44,0.00378100,2.50000000
2018-02-24 15:28:46,0.00378100,0.73000000
2018-02-24 15:28:46,0.00378100,2.40000000
2018-02-24 15:28:49,0.00378100,2.40000000
2018-02-24 15:28:50,0.00378100,3.00000000
2018-02-24 15:28:51,0.00378100,2.40000000
2018-02-24 15:28:57,0.00378100,4.30000000
2018-02-24 15:28:59,0.00378000,0.99000000
2018-02-24 15:28:59,0.00378100,2.34000000
2018-02-24 15:29:01,0.00378100,82.82000000
2018-02-24 15:29:02,0.00378100,3.00000000
2018-02-24 15:29:02,0.00378100,5.77000000
2018-02-24 15:29:02,0.00378100,2.50000000
2018-02-24 15:29:03,0.00378100,15.00000000
2018-02-24 15:29:03,0.00378100,0.79000000
2018-02-24 15:29:04,0.00378100,26.18000000
2018-02-24 15:29:09,0.00378000,8.04000000
2018-02-24 15:29:10,0.00378000,5.00000000
2018-02-24 15:29:12,0.00378000,1.06000000
2018-02-24 15:29:12,0.00378000,30.00000000
2018-02-24 15:29:13,0.00378100,2.66000000
2018-02-24 15:29:13,0.00378000,30.00000000
2018-02-24 15:29:14,0.00378000,0.99000000
2018-02-24 15:29:15,0.00378100,1.08000000
2018-02-24 15:29:16,0.00378000,135.00000000
2018-02-24 15:29:18,0.00378000,52.70000000
2018-02-24 15:29:18,0.00377900,0.30000000
2018-02-24 15:29:21,0.00377900,8.38000000
2018-02-24 15:29:21,0.00378000,65.42000000
2018-02-24 15:29:24,0.00378000,33.09000000
2018-02-24 15:29:24,0.00378000,3.70000000
2018-02-24 15:29:26,0.00378000,0.99000000
2018-02-24 15:29:26,0.00378000,69.45000000
2018-02-24 15:29:26,0.00378000,13.25000000
2018-02-24 15:29:26,0.00378000,32.93000000
2018-02-24 15:29:28,0.00378000,13.25000000
2018-02-24 15:29:29,0.00378000,0.85000000
2018-02-24 15:29:30,0.00378100,0.89000000
2018-02-24 15:29:35,0.00378000,13.25000000
2018-02-24 15:29:36,0.00378100,42.44000000
2018-02-24 15:29:37,0.00378000,13.25000000
2018-02-24 15:29:40,0.00378100,10.49000000
2018-02-24 15:29:40,0.00378000,6.73000000
2018-02-24 15:29:41,0.00378000,2.65000000
2018-02-24 15:29:41,0.00378100,36.29000000
2018-02-24 15:29:42,0.00378100,26.44000000
2018-02-24 15:29:42,0.00378100,13.31000000
2018-02-24 15:29:43,0.00378100,2.22000000
2018-02-24 15:29:43,0.00378000,1.90000000
2018-02-24 15:29:44,0.00378100,11.25000000
2018-02-24 15:29:44,0.00378100,11.71000000
2018-02-24 15:29:44,0.00378000,2.12000000
2018-02-24 15:29:44,0.00378000,0.85000000
2018-02-24 15:29:44,0.00378000,2.65000000
2018-02-24 15:29:45,0.00378000,1.06000000
2018-02-24 15:29:46,0.00378000,2.65000000
2018-02-24 15:29:48,0.00378100,0.79000000
2018-02-24 15:29:48,0.00378000,2.65000000
2018-02-24 15:29:50,0.00378000,2.65000000
2018-02-24 15:29:51,0.00378100,50.31000000
2018-02-24 15:29:51,0.00378000,2.65000000
2018-02-24 15:29:52,0.00378000,0.29000000
2018-02-24 15:29:53,0.00378000,2.65000000
2018-02-24 15:29:55,0.00378100,0.33000000
2018-02-24 15:29:55,0.00378000,83.16000000
2018-02-24 15:29:55,0.00377900,280.16000000
2018-02-24 15:29:55,0.00377900,110.76000000
2018-02-24 15:29:55,0.00377700,26.50000000
2018-02-24 15:29:55,0.00377700,41.51000000
2018-02-24 15:29:56,0.00378000,1.32000000
2018-02-24 15:29:56,0.00377600,64.51000000
2018-02-24 15:29:57,0.00377500,4.91000000
2018-02-24 15:29:58,0.00378000,6.82000000
2018-02-24 15:29:59,0.00378100,48.82000000
2018-02-24 15:30:00,0.00378000,0.85000000
2018-02-24 15:30:00,0.00378100,2.61000000
2018-02-24 15:30:01,0.00377400,1.08000000
2018-02-24 15:30:03,0.00377500,0.40000000
2018-02-24 15:30:03,0.00377400,0.27000000
2018-02-24 15:30:08,0.00377900,1.00000000
2018-02-24 15:30:09,0.00377900,6.61000000
2018-02-24 15:30:17,0.00377400,0.80000000
2018-02-24 15:30:21,0.00377400,9.39000000
2018-02-24 15:30:22,0.00377400,111.36000000
2018-02-24 15:30:22,0.00377400,8.40000000
2018-02-24 15:30:24,0.00377400,0.94000000
2018-02-24 15:30:24,0.00377400,2.75000000
2018-02-24 15:30:24,0.00377400,21.00000000
2018-02-24 15:30:26,0.00377400,16.41000000
2018-02-24 15:30:26,0.00377200,1.88000000
2018-02-24 15:30:26,0.00377200,0.40000000
2018-02-24 15:30:27,0.00377400,12.00000000
2018-02-24 15:30:27,0.00377200,2.14000000
2018-02-24 15:30:28,0.00377400,3.00000000
2018-02-24 15:30:29,0.00377400,1.00000000
2018-02-24 15:30:29,0.00377200,4.52000000
2018-02-24 15:30:34,0.00377200,2.88000000
2018-02-24 15:30:36,0.00377400,1.15000000
2018-02-24 15:30:39,0.00377400,0.32000000
2018-02-24 15:30:39,0.00377200,6.26000000
2018-02-24 15:30:40,0.00377400,19.72000000
2018-02-24 15:30:41,0.00377200,105.97000000
2018-02-24 15:30:42,0.00377400,105.98000000
2018-02-24 15:30:44,0.00377400,4.61000000
2018-02-24 15:30:44,0.00377400,4.62000000
2018-02-24 15:30:45,0.00377400,10.81000000
2018-02-24 15:30:46,0.00377400,26.51000000
2018-02-24 15:30:46,0.00377400,32.14000000
2018-02-24 15:30:47,0.00377400,26.51000000
2018-02-24 15:30:47,0.00377400,13.98000000
2018-02-24 15:30:48,0.00377200,75.00000000
2018-02-24 15:30:48,0.00377400,0.51000000
2018-02-24 15:30:50,0.00377400,5.04000000
2018-02-24 15:30:50,0.00377200,2.15000000
2018-02-24 15:30:51,0.00377200,3.05000000
2018-02-24 15:30:52,0.00377400,0.45000000
2018-02-24 15:30:52,0.00377400,29.37000000
2018-02-24 15:30:53,0.00377400,0.01000000
2018-02-24 15:30:53,0.00377400,27.85000000
2018-02-24 15:30:54,0.00377600,0.53000000
2018-02-24 15:30:56,0.00377200,0.20000000
2018-02-24 15:30:59,0.00377400,69.55000000
2018-02-24 15:31:04,0.00377400,24.31000000
2018-02-24 15:31:04,0.00377400,0.98000000
2018-02-24 15:31:06,0.00377600,0.27000000
2018-02-24 15:31:06,0.00377600,8.79000000
2018-02-24 15:31:08,0.00377400,7.20000000
2018-02-24 15:31:08,0.00377400,2.80000000
2018-02-24 15:31:08,0.00377800,4.68000000
2018-02-24 15:31:11,0.00377700,0.30000000
2018-02-24 15:31:11,0.00377200,5.98000000
2018-02-24 15:31:12,0.00377700,0.14000000
2018-02-24 15:31:13,0.00377700,113.10000000
2018-02-24 15:31:14,0.00377700,4.57000000
2018-02-24 15:31:18,0.00377800,1.08000000
2018-02-24 15:31:18,0.00377300,0.46000000
2018-02-24 15:31:21,0.00377300,8.31000000
2018-02-24 15:31:22,0.00377800,5.05000000
2018-02-24 15:31:33,0.00377700,4.79000000
2018-02-24 15:31:35,0.00377700,1.12000000
2018-02-24 15:31:36,0.00377700,17.53000000
2018-02-24 15:31:36,0.00377700,19.93000000
2018-02-24 15:31:41,0.00377700,14.02000000
2018-02-24 15:31:48,0.00377700,43.29000000
2018-02-24 15:31:53,0.00377400,2.19000000
2018-02-24 15:31:55,0.00377400,1.06000000
2018-02-24 15:31:56,0.00377700,13.23000000
2018-02-24 15:31:57,0.00377400,6.70000000
2018-02-24 15:32:00,0.00377400,4.78000000
2018-02-24 15:32:02,0.00377400,4.78000000
2018-02-24 15:32:04,0.00377400,2.09000000
2018-02-24 15:32:07,0.00377500,1.06000000
2018-02-24 15:32:07,0.00377500,3.46000000
2018-02-24 15:32:07,0.00377500,1.17000000
2018-02-24 15:32:08,0.00377500,20.63000000
2018-02-24 15:32:09,0.00377500,1.06000000
2018-02-24 15:32:10,0.00377500,0.35000000
2018-02-24 15:32:11,0.00377500,1.06000000
2018-02-24 15:32:11,0.00377500,1.06000000
2018-02-24 15:32:13,0.00377500,1.06000000
2018-02-24 15:32:14,0.00377500,57.69000000
2018-02-24 15:32:14,0.00377400,24.50000000
2018-02-24 15:32:16,0.00377400,1.06000000
2018-02-24 15:32:16,0.00377400,49.70000000
2018-02-24 15:32:16,0.00377400,4.29000000
2018-02-24 15:32:16,0.00377400,11.98000000
2018-02-24 15:32:17,0.00377500,1.06000000
2018-02-24 15:32:18,0.00377500,10.03000000
2018-02-24 15:32:20,0.00377700,3.24000000
2018-02-24 15:32:20,0.00377700,1.28000000
2018-02-24 15:32:21,0.00377700,7.66000000
2018-02-24 15:32:22,0.00377700,10.01000000
2018-02-24 15:32:22,0.00377700,0.88000000
2018-02-24 15:32:22,0.00377700,1.28000000
2018-02-24 15:32:23,0.00377700,1.06000000
2018-02-24 15:32:24,0.00377700,3.01000000
2018-02-24 15:32:29,0.00377500,11.11000000
2018-02-24 15:32:32,0.00377700,4.22000000
2018-02-24 15:32:32,0.00377700,1.00000000
2018-02-24 15:32:33,0.00377800,6.53000000
2018-02-24 15:32:33,0.00377900,10.37000000
2018-02-24 15:32:35,0.00377800,8.45000000
2018-02-24 15:32:43,0.00377800,7.00000000
2018-02-24 15:32:50,0.00377900,9.63000000
2018-02-24 15:32:52,0.00377900,1.65000000
2018-02-24 15:32:53,0.00377900,2.22000000
2018-02-24 15:32:53,0.00377900,6.02000000
2018-02-24 15:32:53,0.00377800,53.71000000
2018-02-24 15:32:54,0.00377800,5.44000000
2018-02-24 15:32:56,0.00377800,67.87000000
2018-02-24 15:32:58,0.00377800,25.00000000
2018-02-24 15:33:02,0.00377900,24.71000000
2018-02-24 15:33:03,0.00377900,1.71000000
2018-02-24 15:33:04,0.00377900,13.24000000
2018-02-24 15:33:07,0.00378000,0.46000000
2018-02-24 15:33:07,0.00378100,0.32000000
2018-02-24 15:33:10,0.00377900,8.84000000
2018-02-24 15:33:10,0.00377800,4.41000000
2018-02-24 15:33:11,0.00377800,253.74000000
2018-02-24 15:33:13,0.00377800,13.24000000
2018-02-24 15:33:14,0.00377800,1.06000000
2018-02-24 15:33:14,0.00378100,16.93000000
2018-02-24 15:33:15,0.00378100,13.25000000
2018-02-24 15:33:15,0.00378100,0.78000000
2018-02-24 15:33:15,0.00378100,3.20000000
2018-02-24 15:33:16,0.00378100,2.61000000
2018-02-24 15:33:17,0.00378200,35.00000000
2018-02-24 15:33:18,0.00378200,7.31000000
2018-02-24 15:33:18,0.00378300,7.69000000
2018-02-24 15:33:18,0.00378100,5.28000000
2018-02-24 15:33:18,0.00378200,32.41000000
2018-02-24 15:33:19,0.00378300,2.70000000
2018-02-24 15:33:19,0.00378100,1.06000000
2018-02-24 15:33:21,0.00378200,1.00000000
2018-02-24 15:33:21,0.00378300,6.74000000
2018-02-24 15:33:21,0.00378400,14.19000000
2018-02-24 15:33:22,0.00378100,2.65000000
2018-02-24 15:33:24,0.00378100,1.55000000
2018-02-24 15:33:24,0.00378400,42.00000000
2018-02-24 15:33:25,0.00377900,7.93000000
2018-02-24 15:33:26,0.00378400,8.49000000
2018-02-24 15:33:27,0.00378400,0.28000000
2018-02-24 15:33:31,0.00378000,3.73000000
2018-02-24 15:33:32,0.00378100,0.85000000
2018-02-24 15:33:32,0.00378100,19.99000000
2018-02-24 15:33:32,0.00378000,9.97000000
2018-02-24 15:33:34,0.00378300,3.00000000
2018-02-24 15:33:35,0.00378300,3.68000000
2018-02-24 15:33:39,0.00378300,7.02000000
2018-02-24 15:33:40,0.00378400,17.45000000
2018-02-24 15:33:40,0.00378300,13.92000000
2018-02-24 15:33:40,0.00378300,13.25000000
2018-02-24 15:33:41,0.00378300,1.00000000
2018-02-24 15:33:41,0.00378400,0.69000000
2018-02-24 15:33:41,0.00378300,1.31000000
2018-02-24 15:33:43,0.00378100,6.75000000
2018-02-24 15:33:44,0.00378000,0.66000000
2018-02-24 15:33:46,0.00378000,0.19000000
2018-02-24 15:33:46,0.00378100,61.94000000
2018-02-24 15:33:46,0.00378200,10.74000000
2018-02-24 15:33:46,0.00378300,13.92000000
2018-02-24 15:33:46,0.00378400,79.52000000
2018-02-24 15:33:51,0.00378400,26.42000000
2018-02-24 15:33:52,0.00378100,6.91000000
2018-02-24 15:34:05,0.00377900,160.50000000
2018-02-24 15:34:06,0.00377900,99.98000000
2018-02-24 15:34:07,0.00378000,12.58000000
2018-02-24 15:34:08,0.00377900,16.19000000
2018-02-24 15:34:08,0.00378000,11.33000000
2018-02-24 15:34:09,0.00377800,1.06000000
2018-02-24 15:34:11,0.00377800,452.68000000
2018-02-24 15:34:11,0.00377700,80.35000000
2018-02-24 15:34:11,0.00377500,66.97000000
2018-02-24 15:34:11,0.00377500,2.33000000
2018-02-24 15:34:12,0.00377500,22.50000000
2018-02-24 15:34:13,0.00378000,5.43000000
2018-02-24 15:34:16,0.00378000,19.01000000
2018-02-24 15:34:17,0.00377900,16.20000000
2018-02-24 15:34:17,0.00377900,2.49000000
2018-02-24 15:34:21,0.00377900,45.78000000
2018-02-24 15:34:22,0.00377900,15.01000000
2018-02-24 15:34:22,0.00378000,0.50000000
2018-02-24 15:34:23,0.00377900,1.00000000
2018-02-24 15:34:25,0.00377900,2.06000000
2018-02-24 15:34:27,0.00377900,16.00000000
2018-02-24 15:34:29,0.00378000,24.59000000
2018-02-24 15:34:30,0.00378000,4.24000000
2018-02-24 15:34:35,0.00378000,1.22000000
2018-02-24 15:34:35,0.00378000,39.02000000
2018-02-24 15:34:35,0.00377900,0.60000000
2018-02-24 15:34:38,0.00378000,5.00000000
2018-02-24 15:34:41,0.00378100,31.68000000
2018-02-24 15:34:43,0.00378100,10.56000000
2018-02-24 15:34:44,0.00378000,0.85000000
2018-02-24 15:34:45,0.00378100,9.26000000
2018-02-24 15:34:45,0.00378000,14.15000000
2018-02-24 15:34:45,0.00377900,177.03000000
2018-02-24 15:34:45,0.00377800,22.97000000
2018-02-24 15:34:49,0.00377800,10.77000000
2018-02-24 15:34:53,0.00377800,12.02000000
2018-02-24 15:34:59,0.00377900,3.00000000
2018-02-24 15:35:00,0.00377900,1.06000000
2018-02-24 15:35:01,0.00377900,88.60000000
2018-02-24 15:35:03,0.00378000,0.70000000
2018-02-24 15:35:03,0.00377900,2.60000000
2018-02-24 15:35:03,0.00377900,3.38000000
2018-02-24 15:35:06,0.00377900,2.60000000
2018-02-24 15:35:08,0.00377900,22.59000000
2018-02-24 15:35:09,0.00377900,1.06000000
2018-02-24 15:35:10,0.00377900,3.00000000
2018-02-24 15:35:16,0.00377900,45.78000000
2018-02-24 15:35:19,0.00378100,8.15000000
2018-02-24 15:35:21,0.00377900,29.94000000
2018-02-24 15:35:22,0.00377900,24.95000000
2018-02-24 15:35:23,0.00377900,1.95000000
2018-02-24 15:35:23,0.00377900,63.71000000
2018-02-24 15:35:25,0.00377900,26.46000000
2018-02-24 15:35:25,0.00377900,22.98000000
2018-02-24 15:35:26,0.00377900,3.49000000
2018-02-24 15:35:26,0.00377900,5.00000000
2018-02-24 15:35:26,0.00377900,3.49000000
2018-02-24 15:35:29,0.00377900,218.18000000
2018-02-24 15:35:29,0.00377800,130.06000000
2018-02-24 15:35:29,0.00377800,107.44000000
2018-02-24 15:35:31,0.00377800,1.89000000
2018-02-24 15:35:33,0.00377800,1.48000000
2018-02-24 15:35:34,0.00377800,13.53000000
2018-02-24 15:35:37,0.00377700,4.53000000
2018-02-24 15:35:44,0.00377700,0.85000000
2018-02-24 15:35:47,0.00377700,34.38000000
2018-02-24 15:35:52,0.00377700,11.27000000
2018-02-24 15:35:53,0.00377700,1.20000000
2018-02-24 15:35:54,0.00377700,45.81000000
2018-02-24 15:35:55,0.00377700,7.65000000
2018-02-24 15:36:09,0.00377500,86.26000000
2018-02-24 15:36:09,0.00377200,100.52000000
2018-02-24 15:36:11,0.00377200,2.50000000
2018-02-24 15:36:12,0.00377200,6.90000000
2018-02-24 15:36:14,0.00377200,15.96000000
2018-02-24 15:36:14,0.00377200,0.68000000
2018-02-24 15:36:15,0.00377400,0.11000000
2018-02-24 15:36:16,0.00377200,0.45000000
2018-02-24 15:36:16,0.00377400,0.95000000
2018-02-24 15:36:16,0.00377500,1.06000000
2018-02-24 15:36:16,0.00377500,7.04000000
2018-02-24 15:36:16,0.00377200,1.06000000
2018-02-24 15:36:17,0.00377100,109.17000000
2018-02-24 15:36:17,0.00377100,52.83000000
2018-02-24 15:36:17,0.00377000,60.68000000
2018-02-24 15:36:19,0.00377000,0.89000000
2018-02-24 15:36:21,0.00377400,5.49000000
2018-02-24 15:36:25,0.00377000,0.73000000
2018-02-24 15:36:25,0.00377000,7.48000000
2018-02-24 15:36:26,0.00377400,5.49000000
2018-02-24 15:36:26,0.00377000,6.32000000
2018-02-24 15:36:27,0.00377400,9.93000000
2018-02-24 15:36:27,0.00377000,5.07000000
2018-02-24 15:36:28,0.00377000,3.39000000
2018-02-24 15:36:31,0.00377000,0.69000000
2018-02-24 15:36:31,0.00377000,49.09000000
2018-02-24 15:36:33,0.00377000,1.74000000
2018-02-24 15:36:33,0.00377000,15.00000000
2018-02-24 15:36:33,0.00377000,17.74000000
2018-02-24 15:36:34,0.00376900,2.66000000
2018-02-24 15:36:36,0.00376900,3.06000000
2018-02-24 15:36:37,0.00376900,0.55000000
2018-02-24 15:36:37,0.00377000,124.92000000
2018-02-24 15:36:40,0.00377000,2.02000000
2018-02-24 15:36:42,0.00377000,9.00000000
2018-02-24 15:36:44,0.00377000,42.39000000
2018-02-24 15:36:45,0.00376900,1.01000000
2018-02-24 15:36:45,0.00376900,12.58000000
2018-02-24 15:36:46,0.00377000,81.13000000
2018-02-24 15:36:47,0.00376900,0.32000000
2018-02-24 15:36:53,0.00377000,9.34000000
2018-02-24 15:36:59,0.00376900,1.50000000
2018-02-24 15:37:03,0.00376900,19.97000000
2018-02-24 15:37:04,0.00376900,11.00000000
2018-02-24 15:37:05,0.00376900,15.91000000
2018-02-24 15:37:05,0.00376900,0.36000000
2018-02-24 15:37:06,0.00376900,10.00000000
2018-02-24 15:37:09,0.00376800,4.61000000
2018-02-24 15:37:10,0.00376800,2.34000000
2018-02-24 15:37:11,0.00376900,8.47000000
2018-02-24 15:37:14,0.00376800,56.05000000
2018-02-24 15:37:17,0.00376800,10.88000000
2018-02-24 15:37:19,0.00376500,5.20000000
2018-02-24 15:37:21,0.00376800,25.90000000
2018-02-24 15:37:22,0.00376500,1.02000000
2018-02-24 15:37:24,0.00376800,15.37000000
2018-02-24 15:37:26,0.00376800,0.51000000
2018-02-24 15:37:32,0.00376800,30.59000000
2018-02-24 15:37:36,0.00376500,135.58000000
2018-02-24 15:37:36,0.00376400,30.57000000
2018-02-24 15:37:39,0.00376800,2.39000000
2018-02-24 15:37:40,0.00376500,0.33000000
2018-02-24 15:37:43,0.00376500,0.59000000
2018-02-24 15:37:43,0.00376800,132.69000000
2018-02-24 15:37:45,0.00376800,10.31000000
2018-02-24 15:37:51,0.00376800,32.38000000
2018-02-24 15:37:55,0.00376800,93.17000000
2018-02-24 15:37:56,0.00376500,37.66000000
2018-02-24 15:37:56,0.00376400,34.14000000
2018-02-24 15:37:56,0.00376300,3.15000000
2018-02-24 15:37:56,0.00376900,60.36000000
2018-02-24 15:37:56,0.00376700,50.00000000
2018-02-24 15:37:57,0.00376500,3.31000000
2018-02-24 15:38:01,0.00376300,1.60000000
2018-02-24 15:38:02,0.00376300,12.70000000
2018-02-24 15:38:02,0.00377000,24.71000000
2018-02-24 15:38:03,0.00376300,1.06000000
2018-02-24 15:38:03,0.00377000,22.42000000
2018-02-24 15:38:06,0.00376400,70.61000000
2018-02-24 15:38:06,0.00376300,349.46000000
2018-02-24 15:38:06,0.00377000,37.07000000
2018-02-24 15:38:06,0.00377000,18.35000000
2018-02-24 15:38:09,0.00376800,1.06000000
2018-02-24 15:38:14,0.00376800,1.06000000
2018-02-24 15:38:15,0.00377200,3.43000000
2018-02-24 15:38:15,0.00377300,41.53000000
2018-02-24 15:38:15,0.00377400,1.00000000
2018-02-24 15:38:17,0.00377600,1.62000000
2018-02-24 15:38:21,0.00376800,18.89000000
2018-02-24 15:38:21,0.00376800,8.34000000
2018-02-24 15:38:29,0.00376900,11.98000000
2018-02-24 15:38:29,0.00377000,7.06000000
2018-02-24 15:38:29,0.00377500,9.99000000
2018-02-24 15:38:29,0.00377700,40.83000000
2018-02-24 15:38:31,0.00376900,15.64000000
2018-02-24 15:38:33,0.00377600,2.64000000
2018-02-24 15:38:35,0.00376900,13.27000000
2018-02-24 15:38:46,0.00377000,1.00000000
2018-02-24 15:38:52,0.00377000,10.00000000
2018-02-24 15:38:57,0.00377000,22.48000000
2018-02-24 15:38:58,0.00377600,1.06000000
2018-02-24 15:38:59,0.00377000,0.85000000
2018-02-24 15:39:04,0.00377500,0.71000000
2018-02-24 15:39:07,0.00377000,32.41000000
2018-02-24 15:39:14,0.00377100,1.32000000
2018-02-24 15:39:14,0.00377100,1.06000000
2018-02-24 15:39:15,0.00377100,20.18000000
2018-02-24 15:39:16,0.00377500,4.36000000
2018-02-24 15:39:17,0.00377100,5.99000000
2018-02-24 15:39:18,0.00377100,17.00000000
2018-02-24 15:39:20,0.00377100,2.90000000
2018-02-24 15:39:25,0.00377200,0.50000000
2018-02-24 15:39:25,0.00377100,17.44000000
2018-02-24 15:39:25,0.00377100,4.51000000
2018-02-24 15:39:26,0.00377000,0.95000000
2018-02-24 15:39:28,0.00377500,0.47000000
2018-02-24 15:39:33,0.00377400,8.51000000
2018-02-24 15:39:33,0.00377500,16.49000000
2018-02-24 15:39:36,0.00377100,8.83000000
2018-02-24 15:39:37,0.00377100,5.89000000
2018-02-24 15:39:41,0.00377500,3.17000000
2018-02-24 15:39:43,0.00377500,7.58000000
2018-02-24 15:39:43,0.00377100,5.00000000
2018-02-24 15:39:43,0.00377400,23.21000000
2018-02-24 15:39:44,0.00377500,2.25000000
2018-02-24 15:39:45,0.00377500,11.05000000
2018-02-24 15:39:48,0.00377600,26.51000000
2018-02-24 15:39:48,0.00377600,1.62000000
2018-02-24 15:39:51,0.00377600,47.89000000
2018-02-24 15:39:51,0.00377300,5.44000000
2018-02-24 15:39:59,0.00377400,1.06000000
2018-02-24 15:40:08,0.00377700,86.09000000
2018-02-24 15:40:08,0.00377800,14.00000000
2018-02-24 15:40:08,0.00377900,478.65000000
2018-02-24 15:40:09,0.00377400,1.06000000
2018-02-24 15:40:11,0.00377400,16.90000000
2018-02-24 15:40:11,0.00377400,39.50000000
2018-02-24 15:40:11,0.00377400,1.06000000
2018-02-24 15:40:12,0.00377900,38.32000000
2018-02-24 15:40:16,0.00377900,8.93000000
2018-02-24 15:40:17,0.00377500,7.94000000
2018-02-24 15:40:23,0.00377500,5.29000000
2018-02-24 15:40:30,0.00377500,16.88000000
2018-02-24 15:40:30,0.00377400,26.97000000
2018-02-24 15:40:31,0.00377400,48.47000000
2018-02-24 15:40:32,0.00377400,19.46000000
2018-02-24 15:40:36,0.00377500,4.23000000
2018-02-24 15:40:36,0.00377400,45.94000000
2018-02-24 15:40:36,0.00377300,217.77000000
2018-02-24 15:40:36,0.00377200,47.90000000
2018-02-24 15:40:36,0.00377000,68.50000000
2018-02-24 15:40:38,0.00377000,11.76000000
2018-02-24 15:40:40,0.00377000,4.93000000
2018-02-24 15:40:45,0.00377000,0.31000000
2018-02-24 15:40:48,0.00377000,14.33000000
2018-02-24 15:40:49,0.00377000,20.19000000
2018-02-24 15:40:49,0.00377000,42.09000000
2018-02-24 15:40:50,0.00376900,2.00000000
2018-02-24 15:40:53,0.00377000,0.39000000
2018-02-24 15:40:53,0.00377500,0.75000000
2018-02-24 15:40:58,0.00377000,73.34000000
2018-02-24 15:40:59,0.00377400,2.79000000
2018-02-24 15:40:59,0.00377400,7.00000000
2018-02-24 15:41:01,0.00377400,2.02000000
2018-02-24 15:41:03,0.00377100,46.11000000
2018-02-24 15:41:04,0.00377000,100.47000000
2018-02-24 15:41:04,0.00377000,31.24000000
2018-02-24 15:41:04,0.00377000,46.25000000
2018-02-24 15:41:05,0.00377200,95.05000000
2018-02-24 15:41:05,0.00377200,2.37000000
2018-02-24 15:41:07,0.00377400,0.71000000
2018-02-24 15:41:09,0.00377000,5.00000000
2018-02-24 15:41:11,0.00377400,0.19000000
2018-02-24 15:41:12,0.00377300,15.19000000
2018-02-24 15:41:12,0.00377400,16.75000000
2018-02-24 15:41:14,0.00377000,3.96000000
2018-02-24 15:41:14,0.00377400,19.38000000
2018-02-24 15:41:18,0.00377400,8.59000000
2018-02-24 15:41:20,0.00377400,0.50000000
2018-02-24 15:41:21,0.00377400,2.80000000
2018-02-24 15:41:25,0.00377400,2.51000000
2018-02-24 15:41:25,0.00377400,2.09000000
2018-02-24 15:41:26,0.00377400,25.61000000
2018-02-24 15:41:29,0.00377300,2.09000000
2018-02-24 15:41:29,0.00377400,17.91000000
2018-02-24 15:41:31,0.00377400,185.23000000
2018-02-24 15:41:32,0.00377500,1.17000000
2018-02-24 15:41:36,0.00377400,19.70000000
2018-02-24 15:41:36,0.00377500,5.27000000
2018-02-24 15:41:36,0.00377500,2.33000000
2018-02-24 15:41:38,0.00377400,11.18000000
2018-02-24 15:41:38,0.00377500,2.28000000
2018-02-24 15:41:40,0.00377400,92.09000000
2018-02-24 15:41:41,0.00377100,13.69000000
2018-02-24 15:41:41,0.00377100,3.45000000
2018-02-24 15:41:41,0.00377000,10.07000000
2018-02-24 15:41:42,0.00377400,28.71000000
2018-02-24 15:41:47,0.00377400,0.70000000
2018-02-24 15:41:52,0.00377400,57.03000000
2018-02-24 15:41:53,0.00377400,0.90000000
2018-02-24 15:41:53,0.00377400,7.01000000
2018-02-24 15:41:54,0.00377400,12.40000000
2018-02-24 15:41:57,0.00377100,23.91000000
2018-02-24 15:41:58,0.00377400,1.97000000
2018-02-24 15:42:03,0.00377400,86.07000000
2018-02-24 15:42:05,0.00377300,48.20000000
2018-02-24 15:42:06,0.00377100,5.00000000
2018-02-24 15:42:10,0.00377100,49.25000000
2018-02-24 15:42:10,0.00377000,11.08000000
2018-02-24 15:42:10,0.00377000,37.13000000
2018-02-24 15:42:10,0.00377000,30.47000000
2018-02-24 15:42:11,0.00377300,4.02000000
2018-02-24 15:42:13,0.00377300,2.74000000
2018-02-24 15:42:15,0.00377000,9.96000000
2018-02-24 15:42:16,0.00377300,12.40000000
2018-02-24 15:42:16,0.00377400,67.86000000
2018-02-24 15:42:17,0.00377400,0.02000000
2018-02-24 15:42:17,0.00377500,1.61000000
2018-02-24 15:42:24,0.00377100,0.60000000
2018-02-24 15:42:24,0.00377400,1.87000000
2018-02-24 15:42:27,0.00377400,63.87000000
2018-02-24 15:42:31,0.00377300,5.55000000
2018-02-24 15:42:31,0.00377100,9.86000000
2018-02-24 15:42:31,0.00377400,81.97000000
2018-02-24 15:42:32,0.00377400,2.65000000
2018-02-24 15:42:38,0.00377300,1.34000000
2018-02-24 15:42:38,0.00377300,1.19000000
2018-02-24 15:42:41,0.00377300,7.00000000
2018-02-24 15:42:44,0.00377300,5.67000000
2018-02-24 15:42:44,0.00377400,5.45000000
2018-02-24 15:42:48,0.00377300,3.67000000
2018-02-24 15:42:49,0.00377300,0.10000000
2018-02-24 15:42:49,0.00377200,1.30000000
2018-02-24 15:42:51,0.00377400,13.25000000
2018-02-24 15:42:51,0.00377400,0.88000000
2018-02-24 15:43:06,0.00377400,6.09000000
2018-02-24 15:43:16,0.00377500,1.69000000
2018-02-24 15:43:16,0.00377600,2.36000000
2018-02-24 15:43:18,0.00377400,2.61000000
2018-02-24 15:43:25,0.00377600,2.64000000
2018-02-24 15:43:28,0.00377600,7.16000000
2018-02-24 15:43:32,0.00377600,29.09000000
2018-02-24 15:43:32,0.00377600,54.67000000
2018-02-24 15:43:32,0.00377600,23.29000000
2018-02-24 15:43:32,0.00377600,5.19000000
2018-02-24 15:43:32,0.00377600,44.39000000
2018-02-24 15:43:32,0.00377600,91.60000000
2018-02-24 15:43:33,0.00377700,1.00000000
2018-02-24 15:43:36,0.00377600,13.26000000
2018-02-24 15:43:37,0.00377700,1.35000000
2018-02-24 15:43:37,0.00377600,1.24000000
2018-02-24 15:43:38,0.00377600,13.26000000
2018-02-24 15:43:38,0.00377700,98.60000000
2018-02-24 15:43:38,0.00377800,89.19000000
2018-02-24 15:43:38,0.00377600,13.31000000
2018-02-24 15:43:38,0.00377500,169.75000000
2018-02-24 15:43:38,0.00377900,67.80000000
2018-02-24 15:43:39,0.00377900,23.23000000
2018-02-24 15:43:40,0.00377500,1.08000000
2018-02-24 15:43:46,0.00377800,2.65000000
2018-02-24 15:43:46,0.00377800,14.52000000
2018-02-24 15:43:48,0.00377600,2.65000000
2018-02-24 15:43:48,0.00377700,95.48000000
2018-02-24 15:43:50,0.00377700,1.06000000
2018-02-24 15:43:50,0.00377700,13.25000000
2018-02-24 15:43:52,0.00377700,13.24000000
2018-02-24 15:43:52,0.00377700,1.06000000
2018-02-24 15:43:52,0.00377700,15.24000000
2018-02-24 15:43:52,0.00377600,5.18000000
2018-02-24 15:43:53,0.00377600,1.28000000
2018-02-24 15:43:54,0.00377700,1.06000000
2018-02-24 15:43:54,0.00377700,13.24000000
2018-02-24 15:43:55,0.00377800,1.06000000
2018-02-24 15:43:55,0.00377900,54.84000000
2018-02-24 15:43:55,0.00377900,51.55000000
2018-02-24 15:43:55,0.00377900,89.97000000
2018-02-24 15:43:56,0.00377900,59.20000000
2018-02-24 15:43:56,0.00377700,13.26000000
2018-02-24 15:43:56,0.00377700,1.10000000
2018-02-24 15:43:58,0.00377700,13.26000000
2018-02-24 15:43:59,0.00377700,1.06000000
2018-02-24 15:44:00,0.00377700,0.87000000
2018-02-24 15:44:00,0.00377700,15.28000000
2018-02-24 15:44:01,0.00377800,1.06000000
2018-02-24 15:44:01,0.00377800,2.70000000
2018-02-24 15:44:01,0.00377800,13.26000000
2018-02-24 15:44:03,0.00377900,18.83000000
2018-02-24 15:44:03,0.00377800,1.06000000
2018-02-24 15:44:04,0.00377800,8.53000000
2018-02-24 15:44:04,0.00377600,4.73000000
2018-02-24 15:44:06,0.00377600,1.27000000
2018-02-24 15:44:06,0.00377800,2.65000000
2018-02-24 15:44:08,0.00377800,5.00000000
2018-02-24 15:44:10,0.00377900,1.04000000
2018-02-24 15:44:10,0.00377900,497.78000000
2018-02-24 15:44:11,0.00377900,23.98000000
2018-02-24 15:44:11,0.00377900,6.75000000
2018-02-24 15:44:13,0.00377900,17.61000000
2018-02-24 15:44:14,0.00377900,1.46000000
2018-02-24 15:44:16,0.00378000,3.49000000
2018-02-24 15:44:16,0.00378000,1.30000000
2018-02-24 15:44:18,0.00378000,323.38000000
2018-02-24 15:44:18,0.00378000,11.23000000
2018-02-24 15:44:19,0.00378000,9.02000000
2018-02-24 15:44:20,0.00378000,21.52000000
2018-02-24 15:44:20,0.00378100,0.39000000
2018-02-24 15:44:21,0.00378000,0.29000000
2018-02-24 15:44:21,0.00378000,56.65000000
2018-02-24 15:44:22,0.00378000,5.87000000
2018-02-24 15:44:26,0.00378100,1.41000000
2018-02-24 15:44:30,0.00378100,0.85000000
2018-02-24 15:44:31,0.00378100,5.28000000
2018-02-24 15:44:33,0.00378300,0.58000000
2018-02-24 15:44:33,0.00378400,129.53000000
2018-02-24 15:44:33,0.00378100,1.06000000
2018-02-24 15:44:35,0.00378100,1.62000000
2018-02-24 15:44:37,0.00378100,1.06000000
2018-02-24 15:44:38,0.00378500,78.50000000
2018-02-24 15:44:39,0.00378100,1.32000000
2018-02-24 15:44:40,0.00378100,1.06000000
2018-02-24 15:44:41,0.00378500,7.37000000
2018-02-24 15:44:42,0.00378100,1.57000000
2018-02-24 15:44:43,0.00378100,1.06000000
2018-02-24 15:44:44,0.00378100,0.56000000
2018-02-24 15:44:44,0.00378200,1.06000000
2018-02-24 15:44:44,0.00378200,8.94000000
2018-02-24 15:44:44,0.00378100,17.90000000
2018-02-24 15:44:45,0.00378100,2.65000000
2018-02-24 15:44:45,0.00378200,1.20000000
2018-02-24 15:44:47,0.00378200,1.06000000
2018-02-24 15:44:47,0.00378200,2.65000000
2018-02-24 15:44:48,0.00378200,1.06000000
2018-02-24 15:44:48,0.00378400,1.20000000
2018-02-24 15:44:49,0.00378200,1.06000000
2018-02-24 15:44:49,0.00378200,2.65000000
2018-02-24 15:44:49,0.00378200,0.32000000
2018-02-24 15:44:49,0.00378100,1.66000000
2018-02-24 15:44:51,0.00378400,21.44000000
2018-02-24 15:44:51,0.00378100,10.58000000
2018-02-24 15:44:53,0.00378400,0.70000000
2018-02-24 15:44:53,0.00378500,5.35000000
2018-02-24 15:44:53,0.00378400,0.02000000
2018-02-24 15:44:54,0.00378400,1.04000000
2018-02-24 15:44:54,0.00378500,0.73000000
2018-02-24 15:44:54,0.00378100,2.52000000
2018-02-24 15:44:56,0.00378100,1.06000000
2018-02-24 15:44:56,0.00378300,2.79000000
2018-02-24 15:44:57,0.00378300,2.00000000
2018-02-24 15:44:57,0.00378300,2.65000000
2018-02-24 15:44:58,0.00378300,26.42000000
2018-02-24 15:44:58,0.00378300,12.00000000
2018-02-24 15:44:59,0.00378100,13.75000000
2018-02-24 15:45:01,0.00378200,1.06000000
2018-02-24 15:45:01,0.00378200,10.31000000
2018-02-24 15:45:01,0.00378100,2.91000000
2018-02-24 15:45:02,0.00378100,64.05000000
2018-02-24 15:45:07,0.00378300,0.96000000
2018-02-24 15:45:07,0.00378100,8.67000000
2018-02-24 15:45:08,0.00378100,1.49000000
2018-02-24 15:45:09,0.00378300,10.67000000
2018-02-24 15:45:09,0.00378500,87.71000000
2018-02-24 15:45:12,0.00378200,0.80000000
2018-02-24 15:45:12,0.00378400,0.02000000
2018-02-24 15:45:18,0.00378400,11.90000000
2018-02-24 15:45:18,0.00378500,88.10000000
2018-02-24 15:45:20,0.00378200,2.27000000
2018-02-24 15:45:20,0.00378500,124.00000000
2018-02-24 15:45:20,0.00378200,0.47000000
2018-02-24 15:45:23,0.00378300,1.06000000
2018-02-24 15:45:23,0.00378500,454.02000000
2018-02-24 15:45:23,0.00378300,2.08000000
2018-02-24 15:45:25,0.00378500,101.95000000
2018-02-24 15:45:25,0.00378300,1.34000000
2018-02-24 15:45:26,0.00378500,0.60000000
2018-02-24 15:45:27,0.00378300,5.19000000
2018-02-24 15:45:27,0.00378300,1.06000000
2018-02-24 15:45:29,0.00378300,17.73000000
2018-02-24 15:45:30,0.00378200,23.04000000
2018-02-24 15:45:30,0.00378300,1.06000000
2018-02-24 15:45:32,0.00378300,12.15000000
2018-02-24 15:45:33,0.00378500,21.53000000
2018-02-24 15:45:37,0.00378500,14.69000000
2018-02-24 15:45:38,0.00378200,10.00000000
2018-02-24 15:45:39,0.00378500,246.79000000
2018-02-24 15:45:41,0.00378200,0.81000000
2018-02-24 15:45:41,0.00378300,31.27000000
2018-02-24 15:45:42,0.00378400,2.20000000
2018-02-24 15:45:43,0.00378400,25.05000000
2018-02-24 15:45:45,0.00378400,0.01000000
2018-02-24 15:45:45,0.00378200,1.19000000
2018-02-24 15:45:46,0.00378500,9.80000000
2018-02-24 15:45:50,0.00378500,207.21000000
2018-02-24 15:45:50,0.00378500,0.75000000
2018-02-24 15:45:52,0.00378500,5.00000000
2018-02-24 15:45:53,0.00378400,1.00000000
2018-02-24 15:45:55,0.00378400,2.80000000
2018-02-24 15:46:01,0.00378400,5.01000000
2018-02-24 15:46:01,0.00378300,0.29000000
2018-02-24 15:46:01,0.00378200,2.71000000
2018-02-24 15:46:03,0.00378200,1.11000000
2018-02-24 15:46:03,0.00378200,1.00000000
2018-02-24 15:46:04,0.00378400,22.57000000
2018-02-24 15:46:06,0.00378400,373.84000000
2018-02-24 15:46:07,0.00378200,0.84000000
2018-02-24 15:46:11,0.00378400,1.85000000
2018-02-24 15:46:12,0.00378400,2.00000000
2018-02-24 15:46:13,0.00378400,2.80000000
2018-02-24 15:46:15,0.00378300,0.28000000
2018-02-24 15:46:15,0.00378200,7.83000000
2018-02-24 15:46:16,0.00378100,0.63000000
2018-02-24 15:46:22,0.00378200,2.22000000
2018-02-24 15:46:22,0.00378200,0.94000000
2018-02-24 15:46:23,0.00378200,10.57000000
