DATE,PRICE,VOLUME
2018-02-23 22:00:00,0.00344300,0.10000000
2018-02-23 22:00:06,0.00344600,1.30000000
2018-02-23 22:00:10,0.00344300,41.38000000
2018-02-23 22:00:14,0.00344300,20.21000000
2018-02-23 22:00:18,0.00344800,14.50000000
2018-02-23 22:00:24,0.00344200,21.63000000
2018-02-23 22:00:27,0.00344600,0.03000000
2018-02-23 22:00:34,0.00344800,8.70000000
2018-02-23 22:00:40,0.00344800,4.84000000
2018-02-23 22:00:40,0.00344300,2.90000000
2018-02-23 22:00:40,0.00344200,1.97000000
2018-02-23 22:00:45,0.00344700,2.90000000
2018-02-23 22:00:45,0.00344800,2.86000000
2018-02-23 22:00:45,0.00344900,26.56000000
2018-02-23 22:00:45,0.00344900,3.70000000
2018-02-23 22:00:49,0.00344700,29.01000000
2018-02-23 22:00:50,0.00344700,14.51000000
2018-02-23 22:00:55,0.00344700,14.51000000
2018-02-23 22:00:57,0.00344700,14.51000000
2018-02-23 22:00:59,0.00344700,14.51000000
2018-02-23 22:01:00,0.00344700,2.90000000
2018-02-23 22:01:03,0.00344700,14.51000000
2018-02-23 22:01:06,0.00344700,24.13000000
2018-02-23 22:01:11,0.00344800,5.97000000
2018-02-23 22:01:13,0.00344800,1.58000000
2018-02-23 22:01:14,0.00344800,14.70000000
2018-02-23 22:01:15,0.00344700,1.22000000
2018-02-23 22:01:17,0.00344700,8.86000000
2018-02-23 22:01:18,0.00344700,65.04000000
2018-02-23 22:01:18,0.00344800,8.48000000
2018-02-23 22:01:19,0.00344500,1.20000000
2018-02-23 22:01:19,0.00344400,30.87000000
2018-02-23 22:01:20,0.00344700,1.18000000
2018-02-23 22:01:21,0.00344700,0.02000000
2018-02-23 22:01:21,0.00344800,11.91000000
2018-02-23 22:01:23,0.00344800,2.00000000
2018-02-23 22:01:23,0.00344800,1.00000000
2018-02-23 22:01:23,0.00344400,0.10000000
2018-02-23 22:01:24,0.00344800,3.06000000
2018-02-23 22:01:30,0.00344700,29.00000000
2018-02-23 22:01:30,0.00344800,38.37000000
2018-02-23 22:01:32,0.00344700,14.00000000
2018-02-23 22:01:39,0.00344800,2.90000000
2018-02-23 22:01:39,0.00344400,0.66000000
2018-02-23 22:01:39,0.00344300,2.87000000
2018-02-23 22:01:39,0.00344200,0.17000000
2018-02-23 22:01:42,0.00344800,154.46000000
2018-02-23 22:01:48,0.00344800,2.90000000
2018-02-23 22:01:54,0.00344800,23.30000000
2018-02-23 22:01:56,0.00344800,29.03000000
2018-02-23 22:01:56,0.00344800,4.33000000
2018-02-23 22:02:08,0.00344800,13.53000000
2018-02-23 22:02:21,0.00344800,8.78000000
2018-02-23 22:02:23,0.00344800,83.15000000
2018-02-23 22:02:26,0.00344800,8.71000000
2018-02-23 22:02:32,0.00344700,88.41000000
2018-02-23 22:02:32,0.00344700,89.37000000
2018-02-23 22:02:35,0.00344800,2.90000000
2018-02-23 22:02:36,0.00344800,69.86000000
2018-02-23 22:02:36,0.00344800,59.08000000
2018-02-23 22:02:36,0.00344800,46.23000000
2018-02-23 22:02:36,0.00344800,34.04000000
2018-02-23 22:02:38,0.00344700,5.00000000
2018-02-23 22:02:40,0.00344800,35.44000000
2018-02-23 22:02:40,0.00344800,2.90000000
2018-02-23 22:02:49,0.00344500,13.23000000
2018-02-23 22:02:50,0.00344500,75.65000000
2018-02-23 22:02:51,0.00344500,16.82000000
2018-02-23 22:02:51,0.00344500,16.84000000
2018-02-23 22:02:51,0.00344500,48.21000000
2018-02-23 22:02:51,0.00344800,13.88000000
2018-02-23 22:02:55,0.00344700,1.00000000
2018-02-23 22:02:56,0.00344800,0.50000000
2018-02-23 22:03:00,0.00344700,0.92000000
2018-02-23 22:03:08,0.00344700,35.26000000
2018-02-23 22:03:10,0.00344700,59.91000000
2018-02-23 22:03:16,0.00344700,21.96000000
2018-02-23 22:03:31,0.00344700,15.77000000
2018-02-23 22:03:34,0.00344700,30.62000000
2018-02-23 22:03:40,0.00344700,1.00000000
2018-02-23 22:03:46,0.00344700,16.01000000
2018-02-23 22:03:47,0.00344600,7.25000000
2018-02-23 22:03:49,0.00344700,9.00000000
2018-02-23 22:03:50,0.00344700,14.79000000
2018-02-23 22:03:51,0.00344700,14.51000000
2018-02-23 22:03:53,0.00344700,138.69000000
2018-02-23 22:03:53,0.00344700,14.51000000
2018-02-23 22:03:56,0.00344700,5.82000000
2018-02-23 22:04:06,0.00344700,2.78000000
2018-02-23 22:04:13,0.00344500,0.54000000
2018-02-23 22:04:13,0.00344700,2.43000000
2018-02-23 22:04:16,0.00344700,99.26000000
2018-02-23 22:04:16,0.00344800,14.33000000
2018-02-23 22:04:17,0.00344600,21.75000000
2018-02-23 22:04:18,0.00344800,1.93000000
2018-02-23 22:04:18,0.00344600,10.88000000
2018-02-23 22:04:26,0.00344500,0.76000000
2018-02-23 22:04:37,0.00344800,1.06000000
2018-02-23 22:04:39,0.00344800,0.70000000
2018-02-23 22:04:41,0.00344700,2.95000000
2018-02-23 22:04:41,0.00344700,10.32000000
2018-02-23 22:04:41,0.00344700,2.68000000
2018-02-23 22:04:42,0.00344700,1.00000000
2018-02-23 22:04:43,0.00344700,13.05000000
2018-02-23 22:04:43,0.00344800,0.75000000
2018-02-23 22:04:44,0.00344700,32.17000000
2018-02-23 22:04:44,0.00344700,1.07000000
2018-02-23 22:04:46,0.00344800,0.70000000
2018-02-23 22:04:54,0.00344800,13.28000000
2018-02-23 22:04:55,0.00344800,19.08000000
2018-02-23 22:05:11,0.00344800,12.41000000
2018-02-23 22:05:15,0.00344800,1.78000000
2018-02-23 22:05:24,0.00344800,93.42000000
2018-02-23 22:05:24,0.00344900,3.51000000
2018-02-23 22:05:25,0.00344900,6.00000000
2018-02-23 22:05:27,0.00344800,2.79000000
2018-02-23 22:05:29,0.00344800,8.41000000
2018-02-23 22:05:29,0.00344900,5.27000000
2018-02-23 22:05:29,0.00344900,12.84000000
2018-02-23 22:05:31,0.00344800,0.34000000
2018-02-23 22:05:32,0.00344800,6.33000000
2018-02-23 22:05:32,0.00344800,0.66000000
2018-02-23 22:05:32,0.00344800,2.95000000
2018-02-23 22:05:41,0.00344900,1.11000000
2018-02-23 22:05:41,0.00344800,13.79000000
2018-02-23 22:05:42,0.00344900,30.00000000
2018-02-23 22:05:42,0.00344800,11.77000000
2018-02-23 22:05:46,0.00344900,185.63000000
2018-02-23 22:05:48,0.00344800,113.59000000
2018-02-23 22:05:48,0.00344900,1.19000000
2018-02-23 22:05:50,0.00344900,6.04000000
2018-02-23 22:05:51,0.00344900,5.79000000
2018-02-23 22:05:52,0.00344700,0.14000000
2018-02-23 22:05:56,0.00344900,0.12000000
2018-02-23 22:05:58,0.00344800,2.73000000
2018-02-23 22:05:58,0.00344700,3.00000000
2018-02-23 22:05:58,0.00344600,126.74000000
2018-02-23 22:05:58,0.00344900,3.88000000
2018-02-23 22:05:58,0.00345000,51.54000000
2018-02-23 22:05:58,0.00345200,37.36000000
2018-02-23 22:06:09,0.00345200,0.31000000
2018-02-23 22:06:13,0.00344800,3.26000000
2018-02-23 22:06:13,0.00344800,13.14000000
2018-02-23 22:06:14,0.00345200,2.75000000
2018-02-23 22:06:14,0.00345200,7.03000000
2018-02-23 22:06:14,0.00345200,5.55000000
2018-02-23 22:06:18,0.00345000,1.00000000
2018-02-23 22:06:18,0.00345200,13.93000000
2018-02-23 22:06:24,0.00345200,0.75000000
2018-02-23 22:06:29,0.00345200,161.98000000
2018-02-23 22:06:30,0.00345200,2.89000000
2018-02-23 22:06:52,0.00345200,31.66000000
2018-02-23 22:06:53,0.00345200,5.54000000
2018-02-23 22:06:57,0.00345300,72.53000000
2018-02-23 22:06:57,0.00345300,45.34000000
2018-02-23 22:06:57,0.00345300,26.83000000
2018-02-23 22:06:57,0.00345300,114.28000000
2018-02-23 22:06:57,0.00345300,30.59000000
2018-02-23 22:06:58,0.00345300,10.61000000
2018-02-23 22:06:58,0.00345200,12.00000000
2018-02-23 22:07:00,0.00345200,68.30000000
2018-02-23 22:07:00,0.00345200,2.97000000
2018-02-23 22:07:02,0.00345200,0.70000000
2018-02-23 22:07:02,0.00345200,13.68000000
2018-02-23 22:07:05,0.00345200,16.94000000
2018-02-23 22:07:05,0.00345200,5.83000000
2018-02-23 22:07:07,0.00345200,14.40000000
2018-02-23 22:07:09,0.00345200,6.10000000
2018-02-23 22:07:12,0.00345200,2.59000000
2018-02-23 22:07:14,0.00345200,1.10000000
2018-02-23 22:07:19,0.00345200,5.00000000
2018-02-23 22:07:23,0.00345500,1.62000000
2018-02-23 22:07:47,0.00345300,5.00000000
2018-02-23 22:07:48,0.00345500,2.05000000
2018-02-23 22:07:48,0.00345500,1.18000000
2018-02-23 22:07:51,0.00345500,13.08000000
2018-02-23 22:07:53,0.00345500,4.36000000
2018-02-23 22:07:54,0.00345500,1.00000000
2018-02-23 22:07:55,0.00345500,66.22000000
2018-02-23 22:08:02,0.00345600,3.03000000
2018-02-23 22:08:02,0.00345700,1.32000000
2018-02-23 22:08:06,0.00345500,5.36000000
2018-02-23 22:08:06,0.00345400,75.78000000
2018-02-23 22:08:08,0.00345700,1.69000000
2018-02-23 22:08:08,0.00345400,3.85000000
2018-02-23 22:08:08,0.00345400,80.56000000
2018-02-23 22:08:08,0.00345300,20.00000000
2018-02-23 22:08:08,0.00345200,19.88000000
2018-02-23 22:08:08,0.00345000,2.24000000
2018-02-23 22:08:08,0.00344900,20.00000000
2018-02-23 22:08:08,0.00344700,8.56000000
2018-02-23 22:08:08,0.00344700,2.50000000
2018-02-23 22:08:09,0.00344700,13.95000000
2018-02-23 22:08:09,0.00344600,36.36000000
2018-02-23 22:08:09,0.00345400,0.87000000
2018-02-23 22:08:10,0.00345400,8.13000000
2018-02-23 22:08:11,0.00345500,2.90000000
2018-02-23 22:08:12,0.00345500,1.31000000
2018-02-23 22:08:17,0.00345700,24.39000000
2018-02-23 22:08:19,0.00345500,1.00000000
2018-02-23 22:08:21,0.00345700,12.96000000
2018-02-23 22:08:21,0.00345800,40.17000000
2018-02-23 22:08:26,0.00345700,25.68000000
2018-02-23 22:08:27,0.00345700,14.96000000
2018-02-23 22:08:29,0.00345700,0.73000000
2018-02-23 22:08:30,0.00345800,2.89000000
2018-02-23 22:08:31,0.00345800,21.96000000
2018-02-23 22:08:32,0.00345900,12.49000000
2018-02-23 22:08:33,0.00345900,142.85000000
2018-02-23 22:08:33,0.00346000,90.72000000
2018-02-23 22:08:34,0.00346000,46.18000000
2018-02-23 22:08:34,0.00346000,30.03000000
2018-02-23 22:08:36,0.00346000,10.02000000
2018-02-23 22:08:39,0.00346000,0.29000000
2018-02-23 22:08:43,0.00346000,1.86000000
2018-02-23 22:08:43,0.00346100,7.07000000
2018-02-23 22:08:44,0.00345700,0.56000000
2018-02-23 22:08:45,0.00346100,19.89000000
2018-02-23 22:08:45,0.00346200,3.18000000
2018-02-23 22:08:45,0.00346300,2.77000000
2018-02-23 22:08:45,0.00346500,2.40000000
2018-02-23 22:08:45,0.00346600,3.63000000
2018-02-23 22:08:45,0.00346700,48.80000000
2018-02-23 22:08:45,0.00346800,1.87000000
2018-02-23 22:08:45,0.00346900,68.30000000
2018-02-23 22:08:45,0.00347000,18.12000000
2018-02-23 22:08:47,0.00345900,10.75000000
2018-02-23 22:08:47,0.00346000,1.15000000
2018-02-23 22:08:48,0.00346100,1.14000000
2018-02-23 22:08:48,0.00346100,1.16000000
2018-02-23 22:08:48,0.00346100,2.87000000
2018-02-23 22:08:48,0.00346100,1.15000000
2018-02-23 22:08:49,0.00346100,6.10000000
2018-02-23 22:08:50,0.00346100,3.97000000
2018-02-23 22:08:50,0.00346200,10.00000000
2018-02-23 22:08:51,0.00346200,2.00000000
2018-02-23 22:08:54,0.00346200,2.88000000
2018-02-23 22:09:03,0.00346200,11.87000000
2018-02-23 22:09:04,0.00345700,186.13000000
2018-02-23 22:09:04,0.00345600,128.81000000
2018-02-23 22:09:04,0.00345500,21.36000000
2018-02-23 22:09:04,0.00345400,32.86000000
2018-02-23 22:09:04,0.00345300,0.32000000
2018-02-23 22:09:04,0.00345200,21.47000000
2018-02-23 22:09:04,0.00345100,0.45000000
2018-02-23 22:09:04,0.00345000,3.06000000
2018-02-23 22:09:04,0.00345000,2.24000000
2018-02-23 22:09:04,0.00345000,2.56000000
2018-02-23 22:09:04,0.00345000,1.18000000
2018-02-23 22:09:04,0.00345000,3.07000000
2018-02-23 22:09:04,0.00345000,3.06000000
2018-02-23 22:09:04,0.00345000,3.07000000
2018-02-23 22:09:04,0.00345000,3.07000000
2018-02-23 22:09:04,0.00345000,68.56000000
2018-02-23 22:09:04,0.00345000,18.73000000
2018-02-23 22:09:06,0.00345700,2.88000000
2018-02-23 22:09:06,0.00345800,14.79000000
2018-02-23 22:09:07,0.00345700,42.45000000
2018-02-23 22:09:07,0.00345800,51.50000000
2018-02-23 22:09:08,0.00345300,2.89000000
2018-02-23 22:09:11,0.00345600,2.56000000
2018-02-23 22:09:11,0.00345600,2.52000000
2018-02-23 22:09:12,0.00345900,1.04000000
2018-02-23 22:09:13,0.00345600,2.89000000
2018-02-23 22:09:16,0.00345700,3.07000000
2018-02-23 22:09:21,0.00345800,3.06000000
2018-02-23 22:09:24,0.00345600,10.83000000
2018-02-23 22:09:26,0.00345900,1.39000000
2018-02-23 22:09:27,0.00345900,2.52000000
2018-02-23 22:09:28,0.00345900,17.44000000
2018-02-23 22:09:31,0.00345900,1.34000000
2018-02-23 22:09:33,0.00345800,3.06000000
2018-02-23 22:09:34,0.00345900,1.18000000
2018-02-23 22:09:36,0.00345800,87.95000000
2018-02-23 22:09:38,0.00345800,1.96000000
2018-02-23 22:09:49,0.00345700,3.50000000
2018-02-23 22:09:50,0.00345800,40.43000000
2018-02-23 22:09:51,0.00345800,28.98000000
2018-02-23 22:09:52,0.00345900,2.02000000
2018-02-23 22:09:56,0.00345900,7.88000000
2018-02-23 22:09:56,0.00345900,6.39000000
2018-02-23 22:10:08,0.00345800,17.73000000
2018-02-23 22:10:08,0.00345800,5.98000000
2018-02-23 22:10:09,0.00345900,2.94000000
2018-02-23 22:10:10,0.00345900,1.00000000
2018-02-23 22:10:11,0.00345900,1.03000000
2018-02-23 22:10:14,0.00345900,36.72000000
2018-02-23 22:10:14,0.00345800,30.77000000
2018-02-23 22:10:19,0.00345900,48.78000000
2018-02-23 22:10:23,0.00345900,10.00000000
2018-02-23 22:10:25,0.00345900,6.19000000
2018-02-23 22:10:28,0.00346000,2.88000000
2018-02-23 22:10:29,0.00345900,50.00000000
2018-02-23 22:10:31,0.00346100,1.02000000
2018-02-23 22:10:33,0.00346100,11.65000000
2018-02-23 22:10:40,0.00346100,4.93000000
2018-02-23 22:10:45,0.00345900,26.81000000
2018-02-23 22:10:45,0.00345800,2.89000000
2018-02-23 22:10:45,0.00345700,70.30000000
2018-02-23 22:10:46,0.00346000,2.88000000
2018-02-23 22:10:49,0.00346000,2.89000000
2018-02-23 22:10:51,0.00345700,1.73000000
2018-02-23 22:10:54,0.00346000,2.89000000
2018-02-23 22:10:54,0.00346000,11.47000000
2018-02-23 22:10:55,0.00346100,2.89000000
2018-02-23 22:11:01,0.00346100,2.48000000
2018-02-23 22:11:02,0.00346100,139.77000000
2018-02-23 22:11:02,0.00346200,95.15000000
2018-02-23 22:11:02,0.00346300,1.00000000
2018-02-23 22:11:04,0.00346200,4.40000000
2018-02-23 22:11:07,0.00346200,0.97000000
2018-02-23 22:11:08,0.00346000,2.37000000
2018-02-23 22:11:18,0.00346100,0.32000000
2018-02-23 22:11:18,0.00346100,2.68000000
2018-02-23 22:11:24,0.00346000,14.89000000
2018-02-23 22:11:40,0.00346300,2.15000000
2018-02-23 22:11:40,0.00346400,0.73000000
2018-02-23 22:11:43,0.00346400,5.36000000
2018-02-23 22:11:43,0.00346400,3.43000000
2018-02-23 22:11:45,0.00346000,3.05000000
2018-02-23 22:11:45,0.00345900,2.87000000
2018-02-23 22:11:49,0.00346400,2.70000000
2018-02-23 22:11:49,0.00346400,0.58000000
2018-02-23 22:11:49,0.00346400,0.02000000
2018-02-23 22:11:53,0.00346100,26.17000000
2018-02-23 22:11:54,0.00346000,42.45000000
2018-02-23 22:11:56,0.00345900,1.23000000
2018-02-23 22:11:57,0.00345800,0.08000000
2018-02-23 22:12:04,0.00346100,0.30000000
2018-02-23 22:12:04,0.00345800,2.73000000
2018-02-23 22:12:08,0.00346100,4.50000000
2018-02-23 22:12:16,0.00346000,0.84000000
2018-02-23 22:12:17,0.00346000,5.00000000
2018-02-23 22:12:17,0.00346000,8.65000000
2018-02-23 22:12:17,0.00346000,1.84000000
2018-02-23 22:12:18,0.00346000,8.66000000
2018-02-23 22:12:18,0.00346000,2.50000000
2018-02-23 22:12:18,0.00346000,1.22000000
2018-02-23 22:12:18,0.00346000,1.78000000
2018-02-23 22:12:22,0.00346000,3.68000000
2018-02-23 22:12:27,0.00346100,2.87000000
2018-02-23 22:12:34,0.00346200,9.51000000
2018-02-23 22:12:36,0.00346200,0.01000000
2018-02-23 22:12:36,0.00346300,1.54000000
2018-02-23 22:12:36,0.00346200,2.02000000
2018-02-23 22:12:40,0.00346300,13.74000000
2018-02-23 22:12:41,0.00346300,2.88000000
2018-02-23 22:12:42,0.00346300,10.88000000
2018-02-23 22:12:42,0.00346400,5.81000000
2018-02-23 22:12:43,0.00345900,46.60000000
2018-02-23 22:12:43,0.00345800,84.90000000
2018-02-23 22:12:43,0.00345700,18.12000000
2018-02-23 22:12:43,0.00345500,23.55000000
2018-02-23 22:12:43,0.00346000,2.88000000
2018-02-23 22:12:45,0.00345600,1.15000000
2018-02-23 22:12:45,0.00345500,2.89000000
2018-02-23 22:12:45,0.00345900,14.46000000
2018-02-23 22:12:45,0.00345900,21.21000000
2018-02-23 22:12:46,0.00345600,1.15000000
2018-02-23 22:12:47,0.00345800,10.91000000
2018-02-23 22:12:47,0.00345800,46.21000000
2018-02-23 22:12:47,0.00345800,2.88000000
2018-02-23 22:12:47,0.00345900,7.06000000
2018-02-23 22:12:48,0.00345900,2.62000000
2018-02-23 22:12:50,0.00345300,0.88000000
2018-02-23 22:12:52,0.00345900,2.88000000
2018-02-23 22:12:52,0.00346000,0.01000000
2018-02-23 22:12:54,0.00346000,14.45000000
2018-02-23 22:12:56,0.00346000,2.89000000
2018-02-23 22:12:56,0.00346000,28.92000000
2018-02-23 22:12:56,0.00346000,8.41000000
2018-02-23 22:12:56,0.00345700,1.15000000
2018-02-23 22:12:57,0.00346000,1.97000000
2018-02-23 22:12:57,0.00345700,1.15000000
2018-02-23 22:12:57,0.00346000,82.15000000
2018-02-23 22:12:58,0.00346000,0.58000000
2018-02-23 22:12:58,0.00346000,2.89000000
2018-02-23 22:12:58,0.00345800,1.15000000
2018-02-23 22:12:59,0.00345700,1.15000000
2018-02-23 22:13:00,0.00346000,5.42000000
2018-02-23 22:13:02,0.00345700,1.15000000
2018-02-23 22:13:02,0.00345900,26.00000000
2018-02-23 22:13:02,0.00346000,20.24000000
2018-02-23 22:13:03,0.00346000,1.80000000
2018-02-23 22:13:03,0.00346000,0.88000000
2018-02-23 22:13:04,0.00345700,16.25000000
2018-02-23 22:13:04,0.00346000,2.89000000
2018-02-23 22:13:07,0.00345500,26.20000000
2018-02-23 22:13:11,0.00345900,13.09000000
2018-02-23 22:13:12,0.00345900,2.89000000
2018-02-23 22:13:15,0.00345900,11.49000000
2018-02-23 22:13:15,0.00346000,39.82000000
2018-02-23 22:13:16,0.00346000,16.18000000
2018-02-23 22:13:18,0.00346000,5.87000000
2018-02-23 22:13:21,0.00345600,109.40000000
2018-02-23 22:13:21,0.00345500,43.22000000
2018-02-23 22:13:21,0.00345500,12.82000000
2018-02-23 22:13:21,0.00345500,3.52000000
2018-02-23 22:13:25,0.00345600,1.98000000
2018-02-23 22:13:31,0.00345500,0.76000000
2018-02-23 22:13:33,0.00345900,11.97000000
2018-02-23 22:13:40,0.00345900,0.97000000
2018-02-23 22:13:48,0.00345400,0.22000000
2018-02-23 22:13:50,0.00345900,7.82000000
2018-02-23 22:13:55,0.00345900,0.92000000
2018-02-23 22:13:56,0.00345900,0.38000000
2018-02-23 22:14:04,0.00345900,39.89000000
2018-02-23 22:14:08,0.00345900,19.94000000
2018-02-23 22:14:10,0.00345900,0.92000000
2018-02-23 22:14:11,0.00345400,2.65000000
2018-02-23 22:14:11,0.00345200,5.74000000
2018-02-23 22:14:11,0.00345100,128.59000000
2018-02-23 22:14:13,0.00345800,0.88000000
2018-02-23 22:14:13,0.00345900,43.53000000
2018-02-23 22:14:13,0.00345800,1.13000000
2018-02-23 22:14:13,0.00345900,3.23000000
2018-02-23 22:14:14,0.00345900,32.00000000
2018-02-23 22:14:14,0.00345900,29.68000000
2018-02-23 22:14:16,0.00345800,42.45000000
2018-02-23 22:14:16,0.00345900,34.11000000
2018-02-23 22:14:18,0.00345500,0.25000000
2018-02-23 22:14:25,0.00346000,38.78000000
2018-02-23 22:14:26,0.00345900,0.92000000
2018-02-23 22:14:26,0.00345500,8.01000000
2018-02-23 22:14:26,0.00346000,10.69000000
2018-02-23 22:14:26,0.00346000,39.59000000
2018-02-23 22:14:26,0.00346000,24.00000000
2018-02-23 22:14:27,0.00345900,2.89000000
2018-02-23 22:14:27,0.00346000,41.61000000
2018-02-23 22:14:27,0.00346000,22.79000000
2018-02-23 22:14:32,0.00346000,36.23000000
2018-02-23 22:14:32,0.00346000,2.89000000
2018-02-23 22:14:32,0.00346000,2.89000000
2018-02-23 22:14:33,0.00346000,86.86000000
2018-02-23 22:14:33,0.00346000,31.20000000
2018-02-23 22:14:34,0.00345900,1.03000000
2018-02-23 22:14:36,0.00346000,42.93000000
2018-02-23 22:14:40,0.00346000,22.62000000
2018-02-23 22:14:42,0.00346000,215.20000000
2018-02-23 22:14:43,0.00346000,2.89000000
2018-02-23 22:14:44,0.00346000,2.96000000
2018-02-23 22:14:44,0.00346000,42.21000000
2018-02-23 22:14:44,0.00346000,2.89000000
2018-02-23 22:14:48,0.00346000,2.50000000
2018-02-23 22:14:50,0.00345900,0.30000000
2018-02-23 22:14:51,0.00346000,15.72000000
2018-02-23 22:14:53,0.00346000,1.14000000
2018-02-23 22:14:53,0.00346000,0.83000000
2018-02-23 22:14:55,0.00346000,0.92000000
2018-02-23 22:14:56,0.00346000,79.77000000
2018-02-23 22:14:56,0.00346000,10.00000000
2018-02-23 22:14:57,0.00346000,31.13000000
2018-02-23 22:14:58,0.00345900,1.56000000
2018-02-23 22:14:58,0.00345900,0.32000000
2018-02-23 22:14:59,0.00345900,3.87000000
2018-02-23 22:14:59,0.00345900,33.88000000
2018-02-23 22:14:59,0.00346000,4.58000000
2018-02-23 22:15:00,0.00346000,2.89000000
2018-02-23 22:15:00,0.00346000,2.22000000
2018-02-23 22:15:01,0.00346000,36.90000000
2018-02-23 22:15:01,0.00346000,3.08000000
2018-02-23 22:15:02,0.00346000,22.70000000
2018-02-23 22:15:04,0.00346000,0.31000000
2018-02-23 22:15:04,0.00346000,65.95000000
2018-02-23 22:15:05,0.00345900,64.31000000
2018-02-23 22:15:06,0.00346000,0.03000000
2018-02-23 22:15:07,0.00346000,8.11000000
2018-02-23 22:15:08,0.00346000,21.85000000
2018-02-23 22:15:08,0.00346000,12.00000000
2018-02-23 22:15:09,0.00345900,1.50000000
2018-02-23 22:15:16,0.00346000,28.91000000
2018-02-23 22:15:26,0.00346000,5.14000000
2018-02-23 22:15:33,0.00345900,101.53000000
2018-02-23 22:15:33,0.00345900,25.00000000
2018-02-23 22:15:41,0.00346000,2.89000000
2018-02-23 22:15:46,0.00346000,4.33000000
2018-02-23 22:15:49,0.00346000,2.89000000
2018-02-23 22:15:49,0.00345900,3.02000000
2018-02-23 22:15:55,0.00346000,62.50000000
2018-02-23 22:16:00,0.00346000,10.00000000
2018-02-23 22:16:04,0.00346000,70.85000000
2018-02-23 22:16:06,0.00346000,7.56000000
2018-02-23 22:16:08,0.00346000,0.30000000
2018-02-23 22:16:09,0.00346000,11.71000000
2018-02-23 22:16:10,0.00345600,0.67000000
2018-02-23 22:16:10,0.00345300,2.89000000
2018-02-23 22:16:10,0.00345200,8.09000000
2018-02-23 22:16:10,0.00346000,0.92000000
2018-02-23 22:16:11,0.00346000,49.67000000
2018-02-23 22:16:14,0.00345900,0.93000000
2018-02-23 22:16:14,0.00345900,5.10000000
2018-02-23 22:16:17,0.00345900,2.06000000
2018-02-23 22:16:17,0.00346000,13.94000000
2018-02-23 22:16:18,0.00346000,15.33000000
2018-02-23 22:16:25,0.00345800,0.92000000
2018-02-23 22:16:34,0.00345400,3.00000000
2018-02-23 22:16:34,0.00345200,29.09000000
2018-02-23 22:16:34,0.00345200,2.00000000
2018-02-23 22:16:34,0.00345200,2.00000000
2018-02-23 22:16:34,0.00345200,2.00000000
2018-02-23 22:16:34,0.00345200,2.00000000
2018-02-23 22:16:34,0.00345200,4.26000000
2018-02-23 22:16:34,0.00345200,0.51000000
2018-02-23 22:16:34,0.00345200,25.00000000
2018-02-23 22:16:34,0.00345200,5.93000000
2018-02-23 22:16:34,0.00345800,11.91000000
2018-02-23 22:16:35,0.00345100,0.51000000
2018-02-23 22:16:35,0.00345500,12.62000000
2018-02-23 22:16:35,0.00345500,13.58000000
2018-02-23 22:16:38,0.00345800,2.89000000
2018-02-23 22:16:39,0.00345800,16.69000000
2018-02-23 22:16:41,0.00345300,0.10000000
2018-02-23 22:16:42,0.00345800,2.89000000
2018-02-23 22:16:43,0.00345800,11.57000000
2018-02-23 22:16:46,0.00345800,0.97000000
2018-02-23 22:16:47,0.00345800,0.19000000
2018-02-23 22:16:47,0.00345300,2.79000000
2018-02-23 22:16:47,0.00345200,93.12000000
2018-02-23 22:16:47,0.00345100,591.46000000
2018-02-23 22:16:47,0.00345000,685.53000000
2018-02-23 22:16:47,0.00345000,8.69000000
2018-02-23 22:16:48,0.00345000,0.29000000
2018-02-23 22:16:48,0.00345000,16.18000000
2018-02-23 22:16:48,0.00345000,0.79000000
2018-02-23 22:16:49,0.00345000,0.96000000
2018-02-23 22:16:49,0.00345700,1.31000000
2018-02-23 22:16:49,0.00344900,0.73000000
2018-02-23 22:16:49,0.00345600,2.89000000
2018-02-23 22:16:49,0.00345700,11.58000000
2018-02-23 22:16:51,0.00345300,3.46000000
2018-02-23 22:16:52,0.00344900,2.01000000
2018-02-23 22:16:52,0.00344900,2.93000000
2018-02-23 22:16:52,0.00344900,2.59000000
2018-02-23 22:16:52,0.00345500,2.89000000
2018-02-23 22:16:55,0.00345300,0.71000000
2018-02-23 22:16:58,0.00345300,0.24000000
2018-02-23 22:16:59,0.00345300,0.65000000
2018-02-23 22:16:59,0.00345400,1.15000000
2018-02-23 22:16:59,0.00345700,12.66000000
2018-02-23 22:17:01,0.00345700,14.46000000
2018-02-23 22:17:03,0.00345000,1.46000000
2018-02-23 22:17:06,0.00345100,0.73000000
2018-02-23 22:17:09,0.00345300,0.69000000
2018-02-23 22:17:09,0.00345300,14.48000000
2018-02-23 22:17:10,0.00345300,10.00000000
2018-02-23 22:17:10,0.00345300,1.01000000
2018-02-23 22:17:10,0.00345400,3.45000000
2018-02-23 22:17:11,0.00345400,0.01000000
2018-02-23 22:17:14,0.00345600,0.69000000
2018-02-23 22:17:15,0.00345900,7.00000000
2018-02-23 22:17:19,0.00345400,0.68000000
2018-02-23 22:17:19,0.00345300,0.52000000
2018-02-23 22:17:20,0.00345700,13.42000000
2018-02-23 22:17:27,0.00345700,42.49000000
2018-02-23 22:17:28,0.00345300,28.00000000
2018-02-23 22:17:30,0.00345700,3.24000000
2018-02-23 22:17:32,0.00345800,0.90000000
2018-02-23 22:17:34,0.00345900,28.51000000
2018-02-23 22:17:34,0.00346000,68.03000000
2018-02-23 22:17:34,0.00345300,4.32000000
2018-02-23 22:17:35,0.00345300,14.48000000
2018-02-23 22:17:36,0.00345300,5.00000000
2018-02-23 22:17:39,0.00345300,0.50000000
2018-02-23 22:17:39,0.00345300,0.57000000
2018-02-23 22:17:39,0.00345300,3.27000000
2018-02-23 22:17:39,0.00345300,0.78000000
2018-02-23 22:17:42,0.00345300,6.00000000
2018-02-23 22:17:42,0.00345300,2.89000000
2018-02-23 22:17:43,0.00345300,19.18000000
2018-02-23 22:17:44,0.00345300,2.90000000
2018-02-23 22:17:45,0.00345300,14.48000000
2018-02-23 22:17:46,0.00345100,0.75000000
2018-02-23 22:17:46,0.00345100,0.66000000
2018-02-23 22:17:52,0.00345100,1.36000000
2018-02-23 22:17:55,0.00345300,10.00000000
2018-02-23 22:17:57,0.00345200,3.27000000
2018-02-23 22:17:58,0.00345300,30.51000000
2018-02-23 22:18:01,0.00345300,14.68000000
2018-02-23 22:18:04,0.00345300,0.53000000
2018-02-23 22:18:04,0.00345300,6.12000000
2018-02-23 22:18:04,0.00345300,7.34000000
2018-02-23 22:18:04,0.00345300,6.12000000
2018-02-23 22:18:04,0.00345300,7.33000000
2018-02-23 22:18:04,0.00345300,7.34000000
2018-02-23 22:18:04,0.00345300,7.34000000
2018-02-23 22:18:04,0.00345300,7.34000000
2018-02-23 22:18:04,0.00345300,7.36000000
2018-02-23 22:18:04,0.00345300,7.34000000
2018-02-23 22:18:07,0.00345200,6.99000000
2018-02-23 22:18:07,0.00345100,5.49000000
2018-02-23 22:18:08,0.00345100,7.34000000
2018-02-23 22:18:10,0.00345200,7.34000000
2018-02-23 22:18:10,0.00345200,11.65000000
2018-02-23 22:18:10,0.00345200,7.34000000
2018-02-23 22:18:11,0.00345200,7.34000000
2018-02-23 22:18:12,0.00345200,4.90000000
2018-02-23 22:18:14,0.00345300,46.68000000
2018-02-23 22:18:14,0.00345300,3.74000000
2018-02-23 22:18:16,0.00345300,1.25000000
2018-02-23 22:18:16,0.00345300,46.68000000
2018-02-23 22:18:17,0.00345300,73.32000000
2018-02-23 22:18:17,0.00345600,12.80000000
2018-02-23 22:18:23,0.00345500,0.32000000
2018-02-23 22:18:26,0.00345500,2.15000000
2018-02-23 22:18:29,0.00345400,0.32000000
2018-02-23 22:18:48,0.00345400,0.10000000
2018-02-23 22:18:58,0.00345900,0.12000000
2018-02-23 22:18:59,0.00345400,2.01000000
2018-02-23 22:19:02,0.00345400,120.02000000
2018-02-23 22:19:05,0.00345900,29.31000000
2018-02-23 22:19:05,0.00346000,107.46000000
2018-02-23 22:19:15,0.00345500,0.35000000
2018-02-23 22:19:16,0.00345600,1.15000000
2018-02-23 22:19:16,0.00346000,58.29000000
2018-02-23 22:19:26,0.00346000,9.41000000
2018-02-23 22:19:28,0.00346000,10.66000000
2018-02-23 22:19:29,0.00346000,14.45000000
2018-02-23 22:19:31,0.00346000,14.45000000
2018-02-23 22:19:34,0.00346000,14.45000000
2018-02-23 22:19:44,0.00345900,8.67000000
2018-02-23 22:19:44,0.00345900,8.67000000
2018-02-23 22:19:45,0.00345900,8.67000000
2018-02-23 22:19:45,0.00345900,8.67000000
2018-02-23 22:19:45,0.00345900,4.29000000
2018-02-23 22:19:45,0.00345900,3.13000000
2018-02-23 22:19:45,0.00345800,51.31000000
2018-02-23 22:19:45,0.00345800,7.42000000
2018-02-23 22:19:45,0.00345900,12.97000000
2018-02-23 22:19:45,0.00346000,1.48000000
2018-02-23 22:19:46,0.00345800,6.70000000
2018-02-23 22:19:47,0.00346000,14.45000000
2018-02-23 22:19:49,0.00346000,12.43000000
2018-02-23 22:19:49,0.00346100,10.60000000
2018-02-23 22:19:50,0.00346000,1.15000000
2018-02-23 22:19:57,0.00346000,16.24000000
2018-02-23 22:19:59,0.00345700,2.88000000
2018-02-23 22:19:59,0.00345600,0.55000000
2018-02-23 22:20:06,0.00345900,6.26000000
2018-02-23 22:20:12,0.00346000,1.08000000
2018-02-23 22:20:12,0.00346000,0.92000000
2018-02-23 22:20:16,0.00346400,4.80000000
2018-02-23 22:20:20,0.00346400,0.13000000
2018-02-23 22:20:20,0.00346500,0.18000000
2018-02-23 22:20:23,0.00346500,0.97000000
2018-02-23 22:20:23,0.00346600,3.38000000
2018-02-23 22:20:23,0.00346700,2.88000000
2018-02-23 22:20:23,0.00346900,5.18000000
2018-02-23 22:20:24,0.00346800,0.33000000
2018-02-23 22:20:27,0.00346800,0.47000000
2018-02-23 22:20:37,0.00346200,2.50000000
2018-02-23 22:20:39,0.00346300,1.00000000
2018-02-23 22:20:39,0.00346300,2.30000000
2018-02-23 22:20:40,0.00346500,2.88000000
2018-02-23 22:20:41,0.00346500,1.91000000
2018-02-23 22:20:41,0.00346500,1.00000000
2018-02-23 22:20:42,0.00346500,0.21000000
2018-02-23 22:20:45,0.00346500,0.94000000
2018-02-23 22:20:45,0.00346700,18.60000000
2018-02-23 22:20:45,0.00346300,2.74000000
2018-02-23 22:20:53,0.00346700,14.42000000
2018-02-23 22:20:57,0.00346700,16.37000000
2018-02-23 22:20:58,0.00346700,1.34000000
2018-02-23 22:20:59,0.00346700,10.00000000
2018-02-23 22:21:02,0.00346700,0.75000000
2018-02-23 22:21:02,0.00346700,13.13000000
2018-02-23 22:21:05,0.00346600,0.31000000
2018-02-23 22:21:07,0.00346300,1.46000000
2018-02-23 22:21:11,0.00346300,5.38000000
2018-02-23 22:21:13,0.00346800,0.34000000
2018-02-23 22:21:15,0.00346800,15.93000000
2018-02-23 22:21:15,0.00346500,1.15000000
2018-02-23 22:21:18,0.00346300,8.26000000
2018-02-23 22:21:20,0.00346200,0.73000000
2018-02-23 22:21:21,0.00346200,0.88000000
2018-02-23 22:21:22,0.00346200,0.64000000
2018-02-23 22:21:22,0.00346200,4.52000000
2018-02-23 22:21:23,0.00346300,5.29000000
2018-02-23 22:21:23,0.00346700,26.71000000
2018-02-23 22:21:27,0.00346100,0.92000000
2018-02-23 22:21:28,0.00346200,0.64000000
2018-02-23 22:21:28,0.00346700,2.00000000
2018-02-23 22:21:32,0.00346200,4.53000000
2018-02-23 22:21:35,0.00346200,0.73000000
2018-02-23 22:21:46,0.00346500,0.73000000
2018-02-23 22:21:46,0.00346600,6.05000000
2018-02-23 22:21:46,0.00346700,9.72000000
2018-02-23 22:21:49,0.00346700,82.47000000
2018-02-23 22:21:56,0.00346300,2.01000000
2018-02-23 22:22:00,0.00346300,17.61000000
2018-02-23 22:22:13,0.00346400,14.99000000
2018-02-23 22:22:13,0.00346700,140.62000000
2018-02-23 22:22:14,0.00346700,0.56000000
2018-02-23 22:22:14,0.00346700,0.03000000
2018-02-23 22:22:17,0.00346700,0.62000000
2018-02-23 22:22:19,0.00346800,6.54000000
2018-02-23 22:22:19,0.00346700,92.15000000
2018-02-23 22:22:24,0.00346400,4.85000000
2018-02-23 22:22:26,0.00346700,0.58000000
2018-02-23 22:22:28,0.00346700,0.34000000
2018-02-23 22:22:30,0.00346800,2.88000000
2018-02-23 22:22:32,0.00346800,20.00000000
2018-02-23 22:22:32,0.00346500,11.73000000
2018-02-23 22:22:32,0.00346400,20.27000000
2018-02-23 22:22:34,0.00346400,2.78000000
2018-02-23 22:22:36,0.00346800,3.83000000
2018-02-23 22:22:36,0.00346900,8.50000000
2018-02-23 22:22:36,0.00346900,0.41000000
2018-02-23 22:22:36,0.00347000,71.64000000
2018-02-23 22:22:38,0.00347000,177.92000000
2018-02-23 22:22:38,0.00347100,13.30000000
2018-02-23 22:22:38,0.00347200,50.64000000
2018-02-23 22:22:38,0.00347300,98.28000000
2018-02-23 22:22:38,0.00347400,131.87000000
2018-02-23 22:22:38,0.00347500,731.42000000
2018-02-23 22:22:38,0.00347500,19.37000000
2018-02-23 22:22:38,0.00347500,9.73000000
2018-02-23 22:22:38,0.00347500,2.73000000
2018-02-23 22:22:38,0.00347500,2.40000000
2018-02-23 22:22:38,0.00347500,2.75000000
2018-02-23 22:22:38,0.00347500,0.57000000
2018-02-23 22:22:39,0.00347500,9.00000000
2018-02-23 22:22:39,0.00347600,2.70000000
2018-02-23 22:22:39,0.00347500,1.15000000
2018-02-23 22:22:39,0.00347500,15.88000000
2018-02-23 22:22:39,0.00347500,8.79000000
2018-02-23 22:22:39,0.00347500,14.45000000
2018-02-23 22:22:39,0.00347500,2.88000000
2018-02-23 22:22:39,0.00347500,232.10000000
2018-02-23 22:22:40,0.00347500,15.85000000
2018-02-23 22:22:40,0.00347600,22.37000000
2018-02-23 22:22:40,0.00347600,11.63000000
2018-02-23 22:22:40,0.00347500,14.45000000
2018-02-23 22:22:41,0.00347500,1.00000000
2018-02-23 22:22:41,0.00347500,4.87000000
2018-02-23 22:22:41,0.00347500,2.50000000
2018-02-23 22:22:41,0.00347500,14.45000000
2018-02-23 22:22:41,0.00347500,54.47000000
2018-02-23 22:22:41,0.00347500,143.21000000
2018-02-23 22:22:43,0.00346900,3.82000000
2018-02-23 22:22:44,0.00347000,2.30000000
2018-02-23 22:22:45,0.00347000,0.58000000
2018-02-23 22:22:45,0.00346800,0.55000000
2018-02-23 22:22:46,0.00346800,0.87000000
2018-02-23 22:22:47,0.00346700,2.19000000
2018-02-23 22:22:48,0.00347400,2.88000000
2018-02-23 22:22:48,0.00347500,56.90000000
2018-02-23 22:22:48,0.00347600,59.60000000
2018-02-23 22:22:48,0.00347700,2.65000000
2018-02-23 22:22:48,0.00347800,1.86000000
2018-02-23 22:22:48,0.00347900,0.87000000
2018-02-23 22:22:48,0.00348000,29.26000000
2018-02-23 22:22:48,0.00348100,4.60000000
2018-02-23 22:22:48,0.00348200,8.28000000
2018-02-23 22:22:48,0.00348300,0.10000000
2018-02-23 22:22:48,0.00346800,1.37000000
2018-02-23 22:22:49,0.00347100,0.73000000
2018-02-23 22:22:49,0.00347100,3.59000000
2018-02-23 22:22:49,0.00347000,1.82000000
2018-02-23 22:22:49,0.00346900,3.40000000
2018-02-23 22:22:49,0.00346900,1.45000000
2018-02-23 22:22:49,0.00348300,0.38000000
2018-02-23 22:22:50,0.00347400,0.87000000
2018-02-23 22:22:50,0.00347400,2.00000000
2018-02-23 22:22:50,0.00347300,0.30000000
2018-02-23 22:22:50,0.00347500,5.81000000
2018-02-23 22:22:51,0.00347500,44.75000000
2018-02-23 22:22:52,0.00347400,2.05000000
2018-02-23 22:22:52,0.00347400,2.50000000
2018-02-23 22:22:52,0.00347400,15.04000000
2018-02-23 22:22:52,0.00347400,1.41000000
2018-02-23 22:22:53,0.00347100,4.32000000
2018-02-23 22:22:53,0.00347300,1.62000000
2018-02-23 22:22:53,0.00347100,1.21000000
2018-02-23 22:22:54,0.00347100,0.70000000
2018-02-23 22:22:54,0.00347100,6.14000000
2018-02-23 22:22:55,0.00347100,2.40000000
2018-02-23 22:22:55,0.00347300,0.27000000
2018-02-23 22:22:55,0.00347400,1.37000000
2018-02-23 22:22:56,0.00347500,10.56000000
2018-02-23 22:22:57,0.00347100,1.69000000
2018-02-23 22:22:57,0.00347100,2.40000000
2018-02-23 22:22:57,0.00347100,14.47000000
2018-02-23 22:22:58,0.00347300,0.86000000
2018-02-23 22:22:58,0.00347100,1.15000000
2018-02-23 22:22:58,0.00347100,0.31000000
2018-02-23 22:22:59,0.00347600,1.82000000
2018-02-23 22:22:59,0.00347700,0.30000000
2018-02-23 22:22:59,0.00347800,2.87000000
2018-02-23 22:22:59,0.00347900,40.33000000
2018-02-23 22:22:59,0.00347900,2.12000000
2018-02-23 22:22:59,0.00347100,1.34000000
2018-02-23 22:23:00,0.00347300,2.40000000
2018-02-23 22:23:00,0.00347500,40.85000000
2018-02-23 22:23:00,0.00347700,12.51000000
2018-02-23 22:23:00,0.00347700,1.00000000
2018-02-23 22:23:00,0.00348100,14.38000000
2018-02-23 22:23:00,0.00348200,32.35000000
2018-02-23 22:23:00,0.00348300,22.96000000
2018-02-23 22:23:00,0.00348400,88.60000000
2018-02-23 22:23:00,0.00348500,3.49000000
2018-02-23 22:23:00,0.00347700,19.32000000
2018-02-23 22:23:00,0.00347700,2.41000000
2018-02-23 22:23:00,0.00347700,0.67000000
2018-02-23 22:23:00,0.00347700,8.61000000
2018-02-23 22:23:00,0.00347700,24.28000000
2018-02-23 22:23:00,0.00347700,5.76000000
2018-02-23 22:23:00,0.00347700,0.53000000
2018-02-23 22:23:01,0.00347700,0.73000000
2018-02-23 22:23:01,0.00348000,1.15000000
2018-02-23 22:23:01,0.00347700,0.68000000
2018-02-23 22:23:01,0.00347700,14.60000000
2018-02-23 22:23:01,0.00347700,5.64000000
2018-02-23 22:23:02,0.00347800,2.50000000
2018-02-23 22:23:02,0.00347800,5.00000000
2018-02-23 22:23:02,0.00348000,1.15000000
2018-02-23 22:23:02,0.00348300,51.49000000
2018-02-23 22:23:02,0.00347900,0.87000000
2018-02-23 22:23:02,0.00347900,1.10000000
2018-02-23 22:23:03,0.00347900,5.82000000
2018-02-23 22:23:03,0.00348500,2.40000000
2018-02-23 22:23:03,0.00348600,43.49000000
2018-02-23 22:23:03,0.00347900,0.73000000
2018-02-23 22:23:04,0.00347900,1.00000000
2018-02-23 22:23:04,0.00347900,30.64000000
2018-02-23 22:23:04,0.00347900,5.36000000
2018-02-23 22:23:04,0.00347900,5.36000000
2018-02-23 22:23:04,0.00348500,1.85000000
2018-02-23 22:23:05,0.00348000,2.40000000
2018-02-23 22:23:05,0.00347900,3.20000000
2018-02-23 22:23:05,0.00348000,29.00000000
2018-02-23 22:23:05,0.00347900,181.59000000
2018-02-23 22:23:05,0.00347800,15.09000000
2018-02-23 22:23:05,0.00347700,338.82000000
2018-02-23 22:23:06,0.00348500,1.14000000
2018-02-23 22:23:06,0.00348000,0.30000000
2018-02-23 22:23:06,0.00348000,2.40000000
2018-02-23 22:23:06,0.00348000,0.17000000
2018-02-23 22:23:06,0.00347900,0.83000000
2018-02-23 22:23:07,0.00348500,30.00000000
2018-02-23 22:23:07,0.00347900,0.60000000
2018-02-23 22:23:07,0.00347800,2.27000000
2018-02-23 22:23:07,0.00348500,0.84000000
2018-02-23 22:23:09,0.00347800,2.32000000
2018-02-23 22:23:09,0.00347700,0.08000000
2018-02-23 22:23:09,0.00348400,2.87000000
2018-02-23 22:23:09,0.00348500,44.24000000
2018-02-23 22:23:09,0.00348500,1.00000000
2018-02-23 22:23:09,0.00348500,1.08000000
2018-02-23 22:23:10,0.00347900,0.86000000
2018-02-23 22:23:10,0.00347700,4.77000000
2018-02-23 22:23:10,0.00348400,1.21000000
2018-02-23 22:23:10,0.00348400,5.39000000
2018-02-23 22:23:11,0.00348400,22.36000000
2018-02-23 22:23:11,0.00348600,187.37000000
2018-02-23 22:23:12,0.00347900,1.00000000
2018-02-23 22:23:13,0.00348100,1.06000000
2018-02-23 22:23:13,0.00348100,1.00000000
2018-02-23 22:23:14,0.00348100,0.81000000
2018-02-23 22:23:14,0.00348300,1.14000000
2018-02-23 22:23:14,0.00348700,1.52000000
2018-02-23 22:23:14,0.00348800,11.68000000
2018-02-23 22:23:15,0.00348100,14.17000000
2018-02-23 22:23:15,0.00348100,5.45000000
2018-02-23 22:23:16,0.00348400,1.14000000
2018-02-23 22:23:16,0.00348500,2.87000000
2018-02-23 22:23:16,0.00348700,2.50000000
2018-02-23 22:23:16,0.00348800,7.82000000
2018-02-23 22:23:17,0.00348100,0.87000000
2018-02-23 22:23:18,0.00348100,23.83000000
2018-02-23 22:23:18,0.00348000,26.17000000
2018-02-23 22:23:18,0.00348400,1.14000000
2018-02-23 22:23:18,0.00348800,328.09000000
2018-02-23 22:23:18,0.00348900,311.87000000
2018-02-23 22:23:18,0.00348900,19.27000000
2018-02-23 22:23:18,0.00348900,1.14000000
2018-02-23 22:23:18,0.00348900,39.24000000
2018-02-23 22:23:18,0.00348900,31.46000000
2018-02-23 22:23:18,0.00348900,28.41000000
2018-02-23 22:23:18,0.00348900,2.73000000
2018-02-23 22:23:18,0.00348900,2.46000000
2018-02-23 22:23:18,0.00348900,8.59000000
2018-02-23 22:23:19,0.00348900,7.45000000
2018-02-23 22:23:19,0.00348900,0.65000000
2018-02-23 22:23:19,0.00348900,6.72000000
2018-02-23 22:23:19,0.00348900,2.50000000
2018-02-23 22:23:19,0.00348900,2.42000000
2018-02-23 22:23:19,0.00348900,2.40000000
2018-02-23 22:23:19,0.00348900,2.30000000
2018-02-23 22:23:20,0.00348900,35.90000000
2018-02-23 22:23:20,0.00348900,3.49000000
2018-02-23 22:23:20,0.00348900,3.33000000
2018-02-23 22:23:20,0.00348900,4.23000000
2018-02-23 22:23:21,0.00348900,1.00000000
2018-02-23 22:23:21,0.00348900,11.63000000
2018-02-23 22:23:21,0.00348900,99.50000000
2018-02-23 22:23:22,0.00348900,2.20000000
2018-02-23 22:23:22,0.00348900,4.93000000
2018-02-23 22:23:22,0.00348900,1.73000000
2018-02-23 22:23:22,0.00348900,4.93000000
2018-02-23 22:23:24,0.00348900,0.86000000
2018-02-23 22:23:24,0.00348900,0.29000000
2018-02-23 22:23:25,0.00348300,1.16000000
2018-02-23 22:23:25,0.00348300,1.25000000
2018-02-23 22:23:26,0.00348300,0.73000000
2018-02-23 22:23:26,0.00348300,0.87000000
2018-02-23 22:23:26,0.00348300,0.46000000
2018-02-23 22:23:26,0.00348300,2.40000000
2018-02-23 22:23:26,0.00348300,1.17000000
2018-02-23 22:23:26,0.00348300,0.73000000
2018-02-23 22:23:27,0.00348300,0.73000000
2018-02-23 22:23:27,0.00348300,7.05000000
2018-02-23 22:23:27,0.00348300,1.44000000
2018-02-23 22:23:27,0.00348300,2.49000000
2018-02-23 22:23:27,0.00348300,0.36000000
2018-02-23 22:23:27,0.00348300,0.35000000
2018-02-23 22:23:27,0.00348300,0.73000000
2018-02-23 22:23:27,0.00348300,5.81000000
2018-02-23 22:23:27,0.00348300,2.90000000
2018-02-23 22:23:27,0.00348300,2.42000000
2018-02-23 22:23:27,0.00348300,0.73000000
2018-02-23 22:23:28,0.00348300,1.45000000
2018-02-23 22:23:28,0.00348200,1.44000000
2018-02-23 22:23:28,0.00348200,0.73000000
2018-02-23 22:23:28,0.00348300,2.03000000
2018-02-23 22:23:28,0.00348300,0.73000000
2018-02-23 22:23:28,0.00348300,0.11000000
2018-02-23 22:23:28,0.00348200,0.79000000
2018-02-23 22:23:29,0.00348200,0.73000000
2018-02-23 22:23:29,0.00348200,18.04000000
2018-02-23 22:23:29,0.00348800,14.33000000
2018-02-23 22:23:29,0.00348800,0.28000000
2018-02-23 22:23:29,0.00348900,9.07000000
2018-02-23 22:23:29,0.00348200,1.46000000
2018-02-23 22:23:30,0.00348200,0.35000000
2018-02-23 22:23:30,0.00348200,0.73000000
2018-02-23 22:23:30,0.00348200,3.61000000
2018-02-23 22:23:30,0.00348300,1.02000000
2018-02-23 22:23:30,0.00348300,0.24000000
2018-02-23 22:23:30,0.00348200,0.64000000
2018-02-23 22:23:30,0.00348200,0.35000000
2018-02-23 22:23:31,0.00348200,1.44000000
2018-02-23 22:23:31,0.00348200,2.66000000
2018-02-23 22:23:31,0.00348200,1.44000000
2018-02-23 22:23:31,0.00348200,0.41000000
2018-02-23 22:23:31,0.00348200,1.45000000
2018-02-23 22:23:31,0.00348200,40.54000000
2018-02-23 22:23:31,0.00348200,0.84000000
2018-02-23 22:23:31,0.00348200,1.16000000
2018-02-23 22:23:31,0.00348200,5.89000000
2018-02-23 22:23:31,0.00348200,2.18000000
2018-02-23 22:23:31,0.00348200,1.22000000
2018-02-23 22:23:31,0.00348200,2.34000000
2018-02-23 22:23:32,0.00348200,0.73000000
2018-02-23 22:23:32,0.00348200,0.73000000
2018-02-23 22:23:32,0.00348200,2.13000000
2018-02-23 22:23:32,0.00348200,2.85000000
2018-02-23 22:23:32,0.00348200,1.16000000
2018-02-23 22:23:32,0.00348200,0.83000000
2018-02-23 22:23:32,0.00348200,1.74000000
2018-02-23 22:23:33,0.00348200,17.23000000
2018-02-23 22:23:33,0.00348200,4.93000000
2018-02-23 22:23:33,0.00348200,0.46000000
2018-02-23 22:23:33,0.00348200,2.91000000
2018-02-23 22:23:33,0.00348200,0.87000000
2018-02-23 22:23:33,0.00348200,0.49000000
2018-02-23 22:23:34,0.00348200,1.02000000
2018-02-23 22:23:34,0.00348200,4.36000000
2018-02-23 22:23:34,0.00348200,1.05000000
2018-02-23 22:23:34,0.00348200,0.73000000
2018-02-23 22:23:34,0.00348200,0.64000000
2018-02-23 22:23:34,0.00348700,2.86000000
2018-02-23 22:23:34,0.00348200,26.33000000
2018-02-23 22:23:35,0.00348200,1.69000000
2018-02-23 22:23:35,0.00348200,0.72000000
2018-02-23 22:23:35,0.00348200,3.24000000
2018-02-23 22:23:35,0.00348200,0.58000000
2018-02-23 22:23:35,0.00348700,0.01000000
2018-02-23 22:23:35,0.00348900,14.32000000
2018-02-23 22:23:35,0.00348200,0.73000000
2018-02-23 22:23:35,0.00348200,1.02000000
2018-02-23 22:23:35,0.00348200,2.91000000
2018-02-23 22:23:35,0.00348200,5.04000000
2018-02-23 22:23:36,0.00348200,2.36000000
2018-02-23 22:23:36,0.00348200,1.46000000
2018-02-23 22:23:36,0.00348400,2.87000000
2018-02-23 22:23:36,0.00348200,0.04000000
2018-02-23 22:23:37,0.00348200,109.30000000
2018-02-23 22:23:37,0.00348200,1.46000000
2018-02-23 22:23:38,0.00348300,12.93000000
2018-02-23 22:23:39,0.00348300,0.87000000
2018-02-23 22:23:40,0.00348300,1.16000000
2018-02-23 22:23:40,0.00348600,7.47000000
2018-02-23 22:23:40,0.00348300,0.87000000
2018-02-23 22:23:40,0.00348300,1.44000000
2018-02-23 22:23:40,0.00348300,1.44000000
2018-02-23 22:23:40,0.00348300,0.78000000
2018-02-23 22:23:41,0.00348600,0.30000000
2018-02-23 22:23:41,0.00348300,1.46000000
2018-02-23 22:23:41,0.00348300,0.73000000
2018-02-23 22:23:41,0.00348300,15.71000000
2018-02-23 22:23:42,0.00348300,2.04000000
2018-02-23 22:23:42,0.00348300,1.46000000
2018-02-23 22:23:42,0.00348300,1.57000000
2018-02-23 22:23:42,0.00348500,2.87000000
2018-02-23 22:23:42,0.00348600,40.00000000
2018-02-23 22:23:42,0.00348600,1.44000000
2018-02-23 22:23:42,0.00348600,2.40000000
2018-02-23 22:23:42,0.00348600,1.20000000
2018-02-23 22:23:43,0.00348600,0.41000000
2018-02-23 22:23:43,0.00348600,29.10000000
2018-02-23 22:23:43,0.00348600,0.76000000
2018-02-23 22:23:43,0.00348600,1.44000000
2018-02-23 22:23:43,0.00348600,3.48000000
2018-02-23 22:23:43,0.00348600,2.14000000
2018-02-23 22:23:43,0.00348600,10.17000000
2018-02-23 22:23:43,0.00348600,4.89000000
2018-02-23 22:23:44,0.00348600,0.58000000
2018-02-23 22:23:44,0.00348600,2.02000000
2018-02-23 22:23:44,0.00348600,0.87000000
2018-02-23 22:23:44,0.00348600,1.42000000
2018-02-23 22:23:44,0.00348700,36.00000000
2018-02-23 22:23:44,0.00348900,8.72000000
2018-02-23 22:23:44,0.00348600,0.73000000
2018-02-23 22:23:44,0.00348900,1.11000000
2018-02-23 22:23:45,0.00348600,1.13000000
2018-02-23 22:23:45,0.00348600,2.30000000
2018-02-23 22:23:45,0.00348600,9.69000000
2018-02-23 22:23:46,0.00348600,3.79000000
2018-02-23 22:23:46,0.00348600,2.97000000
2018-02-23 22:23:47,0.00348700,2.50000000
2018-02-23 22:23:47,0.00348900,0.46000000
2018-02-23 22:23:47,0.00349000,27.34000000
2018-02-23 22:23:47,0.00349300,4.20000000
2018-02-23 22:23:49,0.00349100,7.00000000
2018-02-23 22:23:49,0.00349100,9.61000000
2018-02-23 22:23:49,0.00349100,1.00000000
2018-02-23 22:23:49,0.00349100,10.22000000
2018-02-23 22:23:49,0.00349100,1.00000000
2018-02-23 22:23:50,0.00349100,1.17000000
2018-02-23 22:23:50,0.00348800,1.23000000
2018-02-23 22:23:52,0.00348900,2.40000000
2018-02-23 22:23:52,0.00349200,1.23000000
2018-02-23 22:23:52,0.00349300,72.46000000
2018-02-23 22:23:53,0.00349300,35.09000000
2018-02-23 22:23:53,0.00348900,2.41000000
2018-02-23 22:23:53,0.00348900,17.54000000
2018-02-23 22:23:54,0.00348900,2.40000000
2018-02-23 22:23:55,0.00348900,39.93000000
2018-02-23 22:23:55,0.00348800,25.79000000
2018-02-23 22:23:55,0.00348700,43.71000000
2018-02-23 22:23:56,0.00349000,2.24000000
2018-02-23 22:23:56,0.00349100,0.45000000
2018-02-23 22:23:57,0.00348700,2.40000000
2018-02-23 22:23:58,0.00348700,37.02000000
2018-02-23 22:23:59,0.00349100,1.57000000
2018-02-23 22:23:59,0.00349300,25.79000000
2018-02-23 22:23:59,0.00349400,60.40000000
2018-02-23 22:23:59,0.00349500,97.24000000
2018-02-23 22:23:59,0.00349600,92.28000000
2018-02-23 22:23:59,0.00349700,101.68000000
2018-02-23 22:23:59,0.00349800,114.28000000
2018-02-23 22:23:59,0.00349900,394.27000000
2018-02-23 22:23:59,0.00350000,972.20000000
2018-02-23 22:23:59,0.00349900,0.73000000
2018-02-23 22:23:59,0.00349900,3.37000000
2018-02-23 22:23:59,0.00349900,4.51000000
2018-02-23 22:23:59,0.00349900,0.73000000
2018-02-23 22:23:59,0.00349900,1.99000000
2018-02-23 22:23:59,0.00349900,9.90000000
2018-02-23 22:23:59,0.00349300,25.78000000
2018-02-23 22:23:59,0.00348900,27.27000000
2018-02-23 22:23:59,0.00348700,2.72000000
2018-02-23 22:23:59,0.00349600,0.29000000
2018-02-23 22:23:59,0.00349600,0.56000000
2018-02-23 22:23:59,0.00348800,1.84000000
2018-02-23 22:23:59,0.00348800,3.51000000
2018-02-23 22:23:59,0.00348900,0.84000000
2018-02-23 22:23:59,0.00348800,13.49000000
2018-02-23 22:24:00,0.00349900,0.57000000
2018-02-23 22:24:00,0.00350000,18.30000000
2018-02-23 22:24:00,0.00350000,0.32000000
2018-02-23 22:24:00,0.00349300,5.71000000
2018-02-23 22:24:00,0.00349300,21.65000000
2018-02-23 22:24:00,0.00349100,0.85000000
2018-02-23 22:24:00,0.00348900,70.10000000
2018-02-23 22:24:00,0.00348800,1.95000000
2018-02-23 22:24:00,0.00348800,0.49000000
2018-02-23 22:24:01,0.00349100,2.40000000
2018-02-23 22:24:02,0.00349100,31.85000000
2018-02-23 22:24:02,0.00349000,2.80000000
2018-02-23 22:24:03,0.00349000,0.06000000
2018-02-23 22:24:03,0.00348900,4.14000000
2018-02-23 22:24:03,0.00348800,0.15000000
2018-02-23 22:24:04,0.00348800,2.40000000
2018-02-23 22:24:05,0.00348900,1.44000000
2018-02-23 22:24:05,0.00348900,0.38000000
2018-02-23 22:24:05,0.00348900,1.52000000
2018-02-23 22:24:05,0.00348800,0.25000000
2018-02-23 22:24:05,0.00348800,2.81000000
2018-02-23 22:24:06,0.00348800,20.81000000
2018-02-23 22:24:06,0.00348700,61.64000000
2018-02-23 22:24:06,0.00348800,2.85000000
2018-02-23 22:24:06,0.00348700,2.50000000
2018-02-23 22:24:06,0.00348800,7.26000000
2018-02-23 22:24:07,0.00348800,2.93000000
2018-02-23 22:24:07,0.00348800,2.62000000
2018-02-23 22:24:07,0.00348800,0.96000000
2018-02-23 22:24:07,0.00348800,0.32000000
2018-02-23 22:24:08,0.00349000,1.10000000
2018-02-23 22:24:09,0.00349000,2.40000000
2018-02-23 22:24:09,0.00349100,0.57000000
2018-02-23 22:24:10,0.00349000,0.64000000
2018-02-23 22:24:10,0.00349000,1.07000000
2018-02-23 22:24:11,0.00348900,0.92000000
2018-02-23 22:24:11,0.00348900,2.50000000
2018-02-23 22:24:12,0.00348900,25.28000000
2018-02-23 22:24:12,0.00348900,0.30000000
2018-02-23 22:24:13,0.00348900,18.12000000
2018-02-23 22:24:13,0.00349000,0.81000000
2018-02-23 22:24:13,0.00349000,7.37000000
2018-02-23 22:24:13,0.00348800,2.50000000
2018-02-23 22:24:14,0.00348800,31.29000000
2018-02-23 22:24:15,0.00348800,89.57000000
2018-02-23 22:24:15,0.00348800,2.72000000
2018-02-23 22:24:15,0.00349000,10.75000000
2018-02-23 22:24:15,0.00349100,41.72000000
2018-02-23 22:24:15,0.00348800,0.87000000
2018-02-23 22:24:16,0.00348800,2.40000000
2018-02-23 22:24:16,0.00348800,10.00000000
2018-02-23 22:24:17,0.00349000,10.75000000
2018-02-23 22:24:17,0.00348800,18.61000000
2018-02-23 22:24:18,0.00348800,2.30000000
2018-02-23 22:24:18,0.00349100,13.13000000
2018-02-23 22:24:18,0.00348800,16.25000000
2018-02-23 22:24:19,0.00348800,2.96000000
2018-02-23 22:24:19,0.00348800,4.30000000
2018-02-23 22:24:20,0.00348800,5.88000000
2018-02-23 22:24:20,0.00348800,3.51000000
2018-02-23 22:24:20,0.00349100,13.32000000
2018-02-23 22:24:20,0.00348800,2.40000000
2018-02-23 22:24:22,0.00348900,1.21000000
2018-02-23 22:24:24,0.00348900,1.17000000
2018-02-23 22:24:24,0.00349300,1.21000000
2018-02-23 22:24:24,0.00349400,105.55000000
2018-02-23 22:24:24,0.00349500,43.85000000
2018-02-23 22:24:24,0.00349600,139.99000000
2018-02-23 22:24:24,0.00349800,13.67000000
2018-02-23 22:24:24,0.00349900,78.08000000
2018-02-23 22:24:24,0.00350000,49.59000000
2018-02-23 22:24:24,0.00350000,232.02000000
2018-02-23 22:24:24,0.00350000,0.98000000
2018-02-23 22:24:24,0.00350000,1.00000000
2018-02-23 22:24:24,0.00350000,1.00000000
2018-02-23 22:24:24,0.00350000,1.00000000
2018-02-23 22:24:24,0.00350000,2.40000000
2018-02-23 22:24:24,0.00350000,0.88000000
2018-02-23 22:24:24,0.00350000,19.23000000
2018-02-23 22:24:25,0.00350000,28.42000000
2018-02-23 22:24:25,0.00350000,71.65000000
2018-02-23 22:24:25,0.00350000,5.71000000
2018-02-23 22:24:25,0.00350000,1.00000000
2018-02-23 22:24:26,0.00350000,82.49000000
2018-02-23 22:24:26,0.00350000,1.00000000
2018-02-23 22:24:26,0.00350000,0.92000000
2018-02-23 22:24:26,0.00350000,1.17000000
2018-02-23 22:24:26,0.00350000,10.00000000
2018-02-23 22:24:26,0.00350000,1.15000000
2018-02-23 22:24:26,0.00350000,0.58000000
2018-02-23 22:24:26,0.00350000,21.83000000
2018-02-23 22:24:26,0.00350000,8.60000000
2018-02-23 22:24:26,0.00350100,1.27000000
2018-02-23 22:24:26,0.00350000,1.25000000
2018-02-23 22:24:27,0.00350000,1.00000000
2018-02-23 22:24:27,0.00350000,71.65000000
2018-02-23 22:24:27,0.00350000,5.54000000
2018-02-23 22:24:27,0.00350000,2.53000000
2018-02-23 22:24:27,0.00350000,1.45000000
2018-02-23 22:24:27,0.00350000,1.45000000
2018-02-23 22:24:27,0.00350100,1.71000000
2018-02-23 22:24:27,0.00350200,1.56000000
2018-02-23 22:24:28,0.00350000,62.43000000
2018-02-23 22:24:28,0.00350200,51.35000000
2018-02-23 22:24:28,0.00350100,2.98000000
2018-02-23 22:24:28,0.00350000,46.10000000
2018-02-23 22:24:28,0.00350100,2.00000000
2018-02-23 22:24:28,0.00350100,2.44000000
2018-02-23 22:24:28,0.00350100,1.77000000
2018-02-23 22:24:29,0.00350100,29.88000000
2018-02-23 22:24:29,0.00350100,6.36000000
2018-02-23 22:24:29,0.00350000,79.99000000
2018-02-23 22:24:29,0.00350000,71.65000000
2018-02-23 22:24:29,0.00350000,0.69000000
2018-02-23 22:24:29,0.00350000,87.07000000
2018-02-23 22:24:29,0.00350000,223.19000000
2018-02-23 22:24:29,0.00350000,150.92000000
2018-02-23 22:24:30,0.00350000,0.57000000
2018-02-23 22:24:30,0.00349200,2.41000000
2018-02-23 22:24:30,0.00349300,1.00000000
2018-02-23 22:24:30,0.00349400,2.86000000
2018-02-23 22:24:30,0.00349400,2.86000000
2018-02-23 22:24:31,0.00349300,0.44000000
2018-02-23 22:24:31,0.00349300,1.77000000
2018-02-23 22:24:31,0.00349400,0.44000000
2018-02-23 22:24:31,0.00349900,0.81000000
2018-02-23 22:24:31,0.00350100,1.72000000
2018-02-23 22:24:31,0.00349300,7.36000000
2018-02-23 22:24:32,0.00349800,0.58000000
2018-02-23 22:24:32,0.00349800,0.93000000
2018-02-23 22:24:32,0.00349800,1.05000000
2018-02-23 22:24:32,0.00349800,1.60000000
2018-02-23 22:24:32,0.00349800,3.96000000
2018-02-23 22:24:32,0.00349800,0.87000000
2018-02-23 22:24:33,0.00349800,4.09000000
2018-02-23 22:24:33,0.00349300,2.86000000
2018-02-23 22:24:34,0.00349200,1.40000000
2018-02-23 22:24:34,0.00349200,0.87000000
2018-02-23 22:24:34,0.00349200,10.00000000
2018-02-23 22:24:34,0.00349200,0.72000000
2018-02-23 22:24:34,0.00349200,1.00000000
2018-02-23 22:24:34,0.00349200,0.77000000
2018-02-23 22:24:34,0.00349200,1.45000000
2018-02-23 22:24:34,0.00349800,2.06000000
2018-02-23 22:24:34,0.00349200,0.73000000
2018-02-23 22:24:34,0.00349200,0.70000000
2018-02-23 22:24:34,0.00349200,1.42000000
2018-02-23 22:24:34,0.00349200,0.44000000
2018-02-23 22:24:35,0.00349200,1.45000000
2018-02-23 22:24:35,0.00349000,0.77000000
2018-02-23 22:24:35,0.00349200,1.16000000
2018-02-23 22:24:35,0.00349800,42.45000000
2018-02-23 22:24:35,0.00349900,2.86000000
2018-02-23 22:24:35,0.00350000,2.41000000
2018-02-23 22:24:35,0.00350100,1.25000000
2018-02-23 22:24:35,0.00350100,2.61000000
2018-02-23 22:24:35,0.00349200,0.27000000
2018-02-23 22:24:36,0.00349000,0.05000000
2018-02-23 22:24:36,0.00349000,2.40000000
2018-02-23 22:24:36,0.00349000,0.89000000
2018-02-23 22:24:36,0.00349000,1.50000000
2018-02-23 22:24:36,0.00349000,0.87000000
2018-02-23 22:24:36,0.00349200,0.69000000
2018-02-23 22:24:36,0.00349700,13.43000000
2018-02-23 22:24:36,0.00349800,39.29000000
2018-02-23 22:24:36,0.00349000,3.45000000
2018-02-23 22:24:37,0.00349000,0.73000000
2018-02-23 22:24:37,0.00349000,1.39000000
2018-02-23 22:24:37,0.00349000,0.55000000
2018-02-23 22:24:37,0.00349000,0.73000000
2018-02-23 22:24:37,0.00349000,0.64000000
2018-02-23 22:24:37,0.00349600,2.43000000
2018-02-23 22:24:37,0.00349700,20.41000000
2018-02-23 22:24:37,0.00349800,2.90000000
2018-02-23 22:24:37,0.00349800,1.45000000
2018-02-23 22:24:37,0.00349800,1.54000000
2018-02-23 22:24:37,0.00349800,0.64000000
2018-02-23 22:24:37,0.00349800,0.27000000
2018-02-23 22:24:37,0.00349200,1.43000000
2018-02-23 22:24:37,0.00349000,0.04000000
2018-02-23 22:24:37,0.00349000,0.55000000
2018-02-23 22:24:37,0.00350200,0.32000000
2018-02-23 22:24:37,0.00350000,1.66000000
2018-02-23 22:24:37,0.00350000,1.46000000
2018-02-23 22:24:38,0.00350000,0.44000000
2018-02-23 22:24:38,0.00350000,6.69000000
2018-02-23 22:24:38,0.00350000,0.49000000
2018-02-23 22:24:38,0.00350000,6.59000000
2018-02-23 22:24:38,0.00350000,2.40000000
2018-02-23 22:24:38,0.00350000,2.63000000
2018-02-23 22:24:38,0.00350000,0.41000000
2018-02-23 22:24:38,0.00350000,1.45000000
2018-02-23 22:24:38,0.00350000,15.29000000
2018-02-23 22:24:38,0.00350000,51.00000000
2018-02-23 22:24:38,0.00350000,1.48000000
2018-02-23 22:24:38,0.00350000,0.93000000
2018-02-23 22:24:38,0.00350200,18.20000000
2018-02-23 22:24:38,0.00350300,7.07000000
2018-02-23 22:24:38,0.00350400,16.52000000
2018-02-23 22:24:38,0.00350500,15.74000000
2018-02-23 22:24:38,0.00350600,8.34000000
2018-02-23 22:24:38,0.00350700,2.22000000
2018-02-23 22:24:38,0.00350900,31.63000000
2018-02-23 22:24:38,0.00351000,30.28000000
2018-02-23 22:24:38,0.00350300,0.72000000
2018-02-23 22:24:38,0.00350300,1.43000000
2018-02-23 22:24:38,0.00350300,1.00000000
2018-02-23 22:24:38,0.00350300,2.86000000
2018-02-23 22:24:38,0.00350300,0.88000000
2018-02-23 22:24:38,0.00350300,1.73000000
2018-02-23 22:24:38,0.00350300,1.43000000
2018-02-23 22:24:39,0.00350300,4.88000000
2018-02-23 22:24:39,0.00350300,5.00000000
2018-02-23 22:24:39,0.00350300,13.00000000
2018-02-23 22:24:39,0.00350300,0.73000000
2018-02-23 22:24:39,0.00350300,1.23000000
2018-02-23 22:24:39,0.00350300,14.95000000
2018-02-23 22:24:39,0.00350300,1.86000000
2018-02-23 22:24:39,0.00350300,3.05000000
2018-02-23 22:24:39,0.00350300,1.00000000
2018-02-23 22:24:39,0.00350300,8.55000000
2018-02-23 22:24:39,0.00350300,2.92000000
2018-02-23 22:24:39,0.00350300,0.87000000
2018-02-23 22:24:39,0.00350300,1.28000000
2018-02-23 22:24:39,0.00350300,1.44000000
2018-02-23 22:24:39,0.00350300,1.10000000
2018-02-23 22:24:39,0.00350300,0.90000000
2018-02-23 22:24:39,0.00350300,17.26000000
2018-02-23 22:24:39,0.00350200,1.00000000
2018-02-23 22:24:39,0.00350200,0.73000000
2018-02-23 22:24:40,0.00350200,0.73000000
2018-02-23 22:24:40,0.00350200,14.95000000
2018-02-23 22:24:40,0.00350200,7.62000000
2018-02-23 22:24:40,0.00350200,0.73000000
2018-02-23 22:24:40,0.00350200,9.64000000
2018-02-23 22:24:40,0.00350200,106.27000000
2018-02-23 22:24:40,0.00350100,2.40000000
2018-02-23 22:24:40,0.00350100,0.64000000
2018-02-23 22:24:41,0.00350300,35.25000000
2018-02-23 22:24:41,0.00350400,0.57000000
2018-02-23 22:24:41,0.00350500,1.14000000
2018-02-23 22:24:41,0.00351000,559.92000000
2018-02-23 22:24:41,0.00351100,47.84000000
2018-02-23 22:24:41,0.00351200,228.90000000
2018-02-23 22:24:41,0.00351300,4.50000000
2018-02-23 22:24:41,0.00351500,4.57000000
2018-02-23 22:24:41,0.00351500,41.61000000
2018-02-23 22:24:41,0.00350100,2.00000000
2018-02-23 22:24:41,0.00350100,0.40000000
2018-02-23 22:24:42,0.00350200,14.95000000
2018-02-23 22:24:42,0.00350700,1.14000000
2018-02-23 22:24:42,0.00351400,3.91000000
2018-02-23 22:24:42,0.00350100,4.93000000
2018-02-23 22:24:42,0.00350100,14.95000000
2018-02-23 22:24:42,0.00350100,6.59000000
2018-02-23 22:24:43,0.00350100,2.83000000
2018-02-23 22:24:43,0.00350100,7.71000000
2018-02-23 22:24:43,0.00350000,17.13000000
2018-02-23 22:24:43,0.00350000,1.00000000
2018-02-23 22:24:43,0.00350100,2.39000000
2018-02-23 22:24:45,0.00350100,19.80000000
2018-02-23 22:24:45,0.00350200,0.32000000
2018-02-23 22:24:45,0.00350100,27.83000000
2018-02-23 22:24:45,0.00350000,18.07000000
2018-02-23 22:24:46,0.00350000,0.62000000
2018-02-23 22:24:46,0.00350000,14.95000000
2018-02-23 22:24:46,0.00350100,3.73000000
2018-02-23 22:24:46,0.00350600,1.14000000
2018-02-23 22:24:46,0.00351400,1.13000000
2018-02-23 22:24:46,0.00351500,2.00000000
2018-02-23 22:24:46,0.00351600,169.45000000
2018-02-23 22:24:46,0.00351700,119.81000000
2018-02-23 22:24:46,0.00351800,398.19000000
2018-02-23 22:24:46,0.00351900,234.39000000
2018-02-23 22:24:46,0.00352000,218.17000000
2018-02-23 22:24:46,0.00352000,3.99000000
2018-02-23 22:24:46,0.00350100,0.56000000
2018-02-23 22:24:46,0.00350100,3.24000000
2018-02-23 22:24:46,0.00350200,5.04000000
2018-02-23 22:24:46,0.00350100,9.91000000
2018-02-23 22:24:47,0.00350400,4.28000000
2018-02-23 22:24:47,0.00350200,14.95000000
2018-02-23 22:24:47,0.00350200,12.09000000
2018-02-23 22:24:47,0.00350100,47.81000000
2018-02-23 22:24:47,0.00350100,0.46000000
2018-02-23 22:24:47,0.00350100,1.00000000
2018-02-23 22:24:48,0.00350100,1.45000000
2018-02-23 22:24:48,0.00350100,5.03000000
2018-02-23 22:24:48,0.00350100,0.68000000
2018-02-23 22:24:49,0.00350100,0.16000000
2018-02-23 22:24:49,0.00350000,2.40000000
2018-02-23 22:24:50,0.00350000,4.28000000
2018-02-23 22:24:50,0.00350000,5.71000000
2018-02-23 22:24:51,0.00350000,2.69000000
2018-02-23 22:24:51,0.00349900,2.55000000
2018-02-23 22:24:51,0.00349800,20.62000000
2018-02-23 22:24:51,0.00349700,0.85000000
2018-02-23 22:24:51,0.00349300,51.26000000
2018-02-23 22:24:51,0.00349200,16.69000000
2018-02-23 22:24:51,0.00350100,0.20000000
2018-02-23 22:24:52,0.00349800,48.41000000
2018-02-23 22:24:52,0.00349800,3.15000000
2018-02-23 22:24:52,0.00350000,93.47000000
2018-02-23 22:24:52,0.00350100,18.13000000
2018-02-23 22:24:52,0.00350200,49.40000000
2018-02-23 22:24:52,0.00349300,11.46000000
2018-02-23 22:24:53,0.00349300,6.34000000
2018-02-23 22:24:53,0.00349300,1.44000000
2018-02-23 22:24:53,0.00350500,30.83000000
2018-02-23 22:24:53,0.00350700,2.85000000
2018-02-23 22:24:53,0.00350800,2.85000000
2018-02-23 22:24:53,0.00350900,1.07000000
2018-02-23 22:24:53,0.00351000,1.59000000
2018-02-23 22:24:53,0.00351300,0.85000000
2018-02-23 22:24:53,0.00351500,2.55000000
2018-02-23 22:24:53,0.00351900,110.00000000
2018-02-23 22:24:53,0.00352000,135.54000000
2018-02-23 22:24:53,0.00350400,5.85000000
2018-02-23 22:24:53,0.00351900,18.78000000
2018-02-23 22:24:53,0.00349600,0.87000000
2018-02-23 22:24:53,0.00349600,1.14000000
2018-02-23 22:24:53,0.00349600,0.73000000
2018-02-23 22:24:54,0.00349600,0.72000000
2018-02-23 22:24:54,0.00349600,5.21000000
2018-02-23 22:24:54,0.00349600,0.32000000
2018-02-23 22:24:54,0.00349600,26.21000000
2018-02-23 22:24:54,0.00350000,0.85000000
2018-02-23 22:24:54,0.00349600,3.91000000
2018-02-23 22:24:54,0.00349700,16.12000000
2018-02-23 22:24:54,0.00349800,4.49000000
2018-02-23 22:24:54,0.00349800,2.18000000
2018-02-23 22:24:54,0.00349800,0.92000000
2018-02-23 22:24:54,0.00349800,0.86000000
2018-02-23 22:24:54,0.00349800,0.65000000
2018-02-23 22:24:55,0.00349900,0.60000000
2018-02-23 22:24:55,0.00349900,0.45000000
2018-02-23 22:24:55,0.00350100,2.03000000
2018-02-23 22:24:55,0.00350100,2.86000000
2018-02-23 22:24:55,0.00350100,1.45000000
2018-02-23 22:24:55,0.00350100,0.87000000
2018-02-23 22:24:55,0.00350100,0.78000000
2018-02-23 22:24:55,0.00350100,0.72000000
2018-02-23 22:24:55,0.00350100,0.72000000
2018-02-23 22:24:55,0.00350100,0.87000000
2018-02-23 22:24:55,0.00350100,20.30000000
2018-02-23 22:24:55,0.00350600,1.14000000
2018-02-23 22:24:55,0.00350100,0.35000000
2018-02-23 22:24:56,0.00350100,2.86000000
2018-02-23 22:24:56,0.00350100,0.92000000
2018-02-23 22:24:56,0.00350100,41.02000000
2018-02-23 22:24:56,0.00350100,1.75000000
2018-02-23 22:24:56,0.00350100,0.84000000
2018-02-23 22:24:56,0.00350100,0.72000000
2018-02-23 22:24:56,0.00350100,20.99000000
2018-02-23 22:24:56,0.00350200,16.12000000
2018-02-23 22:24:57,0.00350100,17.13000000
2018-02-23 22:24:58,0.00350200,4.28000000
2018-02-23 22:24:58,0.00350500,1.78000000
2018-02-23 22:24:58,0.00350500,7.32000000
2018-02-23 22:24:58,0.00350600,2.19000000
2018-02-23 22:24:58,0.00350700,0.49000000
2018-02-23 22:24:58,0.00350200,0.93000000
2018-02-23 22:24:58,0.00350200,0.61000000
2018-02-23 22:24:58,0.00350200,0.49000000
2018-02-23 22:24:59,0.00350200,0.82000000
2018-02-23 22:24:59,0.00350100,1.58000000
2018-02-23 22:24:59,0.00350100,1.04000000
2018-02-23 22:24:59,0.00350100,0.75000000
2018-02-23 22:24:59,0.00350100,0.73000000
2018-02-23 22:24:59,0.00350100,1.22000000
2018-02-23 22:25:01,0.00350400,6.81000000
2018-02-23 22:25:01,0.00350400,1.00000000
2018-02-23 22:25:01,0.00350400,0.87000000
2018-02-23 22:25:01,0.00350400,0.44000000
2018-02-23 22:25:01,0.00351000,2.01000000
2018-02-23 22:25:01,0.00350400,0.73000000
2018-02-23 22:25:01,0.00350400,4.32000000
2018-02-23 22:25:02,0.00350400,2.97000000
2018-02-23 22:25:02,0.00350400,0.46000000
2018-02-23 22:25:02,0.00350400,0.44000000
2018-02-23 22:25:03,0.00350400,0.40000000
2018-02-23 22:25:03,0.00350400,8.56000000
2018-02-23 22:25:03,0.00350500,25.98000000
2018-02-23 22:25:03,0.00350600,1.14000000
2018-02-23 22:25:03,0.00351000,1.68000000
2018-02-23 22:25:03,0.00351000,0.68000000
2018-02-23 22:25:03,0.00351000,94.95000000
2018-02-23 22:25:04,0.00350400,3.40000000
2018-02-23 22:25:04,0.00350400,4.84000000
2018-02-23 22:25:04,0.00350200,9.41000000
2018-02-23 22:25:05,0.00350400,14.41000000
2018-02-23 22:25:05,0.00350600,1.30000000
2018-02-23 22:25:05,0.00350700,1.14000000
2018-02-23 22:25:05,0.00350400,2.87000000
2018-02-23 22:25:05,0.00351000,0.73000000
2018-02-23 22:25:06,0.00351000,13.77000000
2018-02-23 22:25:06,0.00351000,12.23000000
2018-02-23 22:25:06,0.00350400,41.47000000
2018-02-23 22:25:06,0.00350700,1.14000000
2018-02-23 22:25:06,0.00350400,1.71000000
2018-02-23 22:25:07,0.00351000,1.12000000
2018-02-23 22:25:07,0.00350400,1.40000000
2018-02-23 22:25:07,0.00350400,17.14000000
2018-02-23 22:25:07,0.00351100,7.94000000
2018-02-23 22:25:07,0.00351200,2.50000000
2018-02-23 22:25:07,0.00351300,1.40000000
2018-02-23 22:25:07,0.00351500,0.16000000
2018-02-23 22:25:07,0.00350800,1.14000000
2018-02-23 22:25:07,0.00350400,0.87000000
2018-02-23 22:25:08,0.00350400,2.50000000
2018-02-23 22:25:08,0.00350400,44.04000000
2018-02-23 22:25:08,0.00350400,3.16000000
2018-02-23 22:25:08,0.00350800,1.14000000
2018-02-23 22:25:08,0.00351300,42.29000000
2018-02-23 22:25:08,0.00351400,39.11000000
2018-02-23 22:25:08,0.00351600,0.85000000
2018-02-23 22:25:08,0.00351800,71.49000000
2018-02-23 22:25:08,0.00351900,78.80000000
2018-02-23 22:25:08,0.00352000,31.77000000
2018-02-23 22:25:08,0.00352100,13.95000000
2018-02-23 22:25:09,0.00352100,3.51000000
2018-02-23 22:25:09,0.00350500,15.11000000
2018-02-23 22:25:09,0.00350400,79.06000000
2018-02-23 22:25:09,0.00350400,1.40000000
2018-02-23 22:25:09,0.00350500,0.68000000
2018-02-23 22:25:10,0.00350800,20.42000000
2018-02-23 22:25:10,0.00350900,1.14000000
2018-02-23 22:25:10,0.00350800,5.31000000
2018-02-23 22:25:10,0.00351100,1.14000000
2018-02-23 22:25:10,0.00351500,23.36000000
2018-02-23 22:25:11,0.00351500,11.73000000
2018-02-23 22:25:11,0.00350700,5.00000000
2018-02-23 22:25:11,0.00350700,37.45000000
2018-02-23 22:25:11,0.00350600,13.90000000
2018-02-23 22:25:11,0.00350700,17.06000000
2018-02-23 22:25:11,0.00350800,2.94000000
2018-02-23 22:25:11,0.00350800,0.88000000
2018-02-23 22:25:11,0.00350600,4.31000000
2018-02-23 22:25:11,0.00350700,34.12000000
2018-02-23 22:25:11,0.00351000,12.39000000
2018-02-23 22:25:11,0.00351100,8.53000000
2018-02-23 22:25:12,0.00351100,8.53000000
2018-02-23 22:25:12,0.00351100,8.53000000
2018-02-23 22:25:12,0.00351100,7.87000000
2018-02-23 22:25:12,0.00351100,8.53000000
2018-02-23 22:25:12,0.00351100,8.53000000
2018-02-23 22:25:12,0.00351100,1.14000000
2018-02-23 22:25:12,0.00351100,8.53000000
2018-02-23 22:25:12,0.00351100,3.87000000
2018-02-23 22:25:12,0.00351100,3.72000000
2018-02-23 22:25:12,0.00350800,2.50000000
2018-02-23 22:25:12,0.00350800,0.35000000
2018-02-23 22:25:12,0.00350700,14.30000000
2018-02-23 22:25:12,0.00350800,8.19000000
2018-02-23 22:25:12,0.00351100,14.49000000
2018-02-23 22:25:12,0.00351100,8.54000000
2018-02-23 22:25:12,0.00351100,3.34000000
2018-02-23 22:25:12,0.00350700,0.37000000
2018-02-23 22:25:13,0.00350700,22.66000000
2018-02-23 22:25:13,0.00350700,8.53000000
2018-02-23 22:25:13,0.00350800,13.52000000
2018-02-23 22:25:13,0.00350700,2.85000000
2018-02-23 22:25:14,0.00350700,0.64000000
2018-02-23 22:25:14,0.00350800,79.17000000
2018-02-23 22:25:14,0.00350700,0.84000000
2018-02-23 22:25:14,0.00350700,1.47000000
2018-02-23 22:25:15,0.00350700,5.70000000
2018-02-23 22:25:16,0.00350700,0.68000000
2018-02-23 22:25:16,0.00350700,0.68000000
2018-02-23 22:25:17,0.00350700,1.28000000
2018-02-23 22:25:17,0.00350600,1.12000000
2018-02-23 22:25:17,0.00350800,5.00000000
2018-02-23 22:25:17,0.00350800,0.86000000
2018-02-23 22:25:17,0.00351000,28.58000000
2018-02-23 22:25:17,0.00351100,42.02000000
2018-02-23 22:25:17,0.00351200,2.85000000
2018-02-23 22:25:17,0.00351200,1.69000000
2018-02-23 22:25:18,0.00351200,1.45000000
2018-02-23 22:25:18,0.00351200,0.34000000
2018-02-23 22:25:18,0.00351200,2.40000000
2018-02-23 22:25:18,0.00351200,29.21000000
2018-02-23 22:25:18,0.00351000,0.61000000
2018-02-23 22:25:18,0.00350800,0.07000000
2018-02-23 22:25:18,0.00350800,14.29000000
2018-02-23 22:25:19,0.00350800,1.39000000
2018-02-23 22:25:19,0.00350800,1.00000000
2018-02-23 22:25:19,0.00350800,4.11000000
2018-02-23 22:25:19,0.00350800,2.08000000
2018-02-23 22:25:19,0.00350700,2.23000000
2018-02-23 22:25:20,0.00350700,11.72000000
2018-02-23 22:25:20,0.00350700,17.11000000
2018-02-23 22:25:21,0.00350800,1.93000000
2018-02-23 22:25:21,0.00351000,4.23000000
2018-02-23 22:25:21,0.00351000,25.68000000
2018-02-23 22:25:22,0.00350700,11.00000000
2018-02-23 22:25:22,0.00351200,14.31000000
2018-02-23 22:25:22,0.00350700,21.73000000
2018-02-23 22:25:24,0.00350700,0.63000000
2018-02-23 22:25:24,0.00350700,2.40000000
2018-02-23 22:25:24,0.00350700,1.93000000
2018-02-23 22:25:24,0.00350700,37.72000000
2018-02-23 22:25:24,0.00350700,8.16000000
2018-02-23 22:25:24,0.00350600,29.99000000
2018-02-23 22:25:25,0.00350700,28.02000000
2018-02-23 22:25:25,0.00350800,2.69000000
2018-02-23 22:25:25,0.00350600,3.01000000
2018-02-23 22:25:25,0.00350800,1.03000000
2018-02-23 22:25:25,0.00350800,0.58000000
2018-02-23 22:25:26,0.00351000,25.70000000
2018-02-23 22:25:26,0.00351300,103.84000000
2018-02-23 22:25:26,0.00351400,2.85000000
2018-02-23 22:25:26,0.00351500,10.91000000
2018-02-23 22:25:26,0.00350800,0.71000000
2018-02-23 22:25:26,0.00350800,0.91000000
2018-02-23 22:25:26,0.00350800,0.91000000
2018-02-23 22:25:26,0.00350800,8.55000000
2018-02-23 22:25:26,0.00350800,2.74000000
2018-02-23 22:25:26,0.00350600,5.81000000
2018-02-23 22:25:26,0.00350800,2.65000000
2018-02-23 22:25:26,0.00351500,0.72000000
2018-02-23 22:25:27,0.00350800,1.44000000
2018-02-23 22:25:27,0.00351200,1.13000000
2018-02-23 22:25:28,0.00350800,2.65000000
2018-02-23 22:25:28,0.00350800,13.57000000
2018-02-23 22:25:28,0.00351700,14.81000000
2018-02-23 22:25:28,0.00351800,15.19000000
2018-02-23 22:25:29,0.00351000,1.73000000
2018-02-23 22:25:29,0.00351000,0.72000000
2018-02-23 22:25:29,0.00351000,62.45000000
2018-02-23 22:25:29,0.00351000,63.11000000
2018-02-23 22:25:29,0.00351000,0.60000000
2018-02-23 22:25:30,0.00350900,0.85000000
2018-02-23 22:25:30,0.00350800,1.23000000
2018-02-23 22:25:30,0.00350800,8.55000000
2018-02-23 22:25:30,0.00351000,53.60000000
2018-02-23 22:25:30,0.00351200,2.85000000
2018-02-23 22:25:30,0.00350800,5.41000000
2018-02-23 22:25:30,0.00350700,0.80000000
2018-02-23 22:25:31,0.00350700,2.68000000
2018-02-23 22:25:31,0.00350600,0.67000000
2018-02-23 22:25:31,0.00350600,5.70000000
2018-02-23 22:25:31,0.00350900,0.68000000
2018-02-23 22:25:31,0.00351000,5.73000000
2018-02-23 22:25:31,0.00351200,0.61000000
2018-02-23 22:25:31,0.00351300,2.84000000
2018-02-23 22:25:32,0.00351000,10.00000000
2018-02-23 22:25:32,0.00350700,10.75000000
2018-02-23 22:25:32,0.00351300,0.75000000
2018-02-23 22:25:32,0.00351000,14.31000000
2018-02-23 22:25:32,0.00351000,0.20000000
2018-02-23 22:25:32,0.00350700,4.47000000
2018-02-23 22:25:33,0.00350800,2.40000000
2018-02-23 22:25:33,0.00351000,5.00000000
2018-02-23 22:25:33,0.00351000,0.68000000
2018-02-23 22:25:34,0.00351000,1.46000000
2018-02-23 22:25:34,0.00351000,1.27000000
2018-02-23 22:25:34,0.00351000,1.28000000
2018-02-23 22:25:35,0.00351200,1.32000000
2018-02-23 22:25:35,0.00351200,1.52000000
2018-02-23 22:25:35,0.00351000,1.52000000
2018-02-23 22:25:35,0.00351100,0.75000000
2018-02-23 22:25:35,0.00351000,2.30000000
2018-02-23 22:25:35,0.00351000,2.85000000
2018-02-23 22:25:35,0.00351000,4.80000000
2018-02-23 22:25:35,0.00351000,1.41000000
2018-02-23 22:25:36,0.00351000,2.20000000
2018-02-23 22:25:36,0.00351000,22.47000000
2018-02-23 22:25:36,0.00350900,27.53000000
2018-02-23 22:25:36,0.00350900,12.33000000
2018-02-23 22:25:36,0.00351100,1.65000000
2018-02-23 22:25:36,0.00350900,2.94000000
2018-02-23 22:25:37,0.00351000,0.68000000
2018-02-23 22:25:37,0.00350900,2.40000000
2018-02-23 22:25:38,0.00351000,4.46000000
2018-02-23 22:25:38,0.00351000,21.48000000
2018-02-23 22:25:39,0.00351000,14.32000000
2018-02-23 22:25:39,0.00351000,2.27000000
2018-02-23 22:25:40,0.00351000,2.40000000
2018-02-23 22:25:40,0.00351000,0.68000000
2018-02-23 22:25:40,0.00351600,7.50000000
2018-02-23 22:25:40,0.00351000,2.20000000
2018-02-23 22:25:41,0.00351000,28.73000000
2018-02-23 22:25:41,0.00351200,1.40000000
2018-02-23 22:25:42,0.00351000,4.01000000
2018-02-23 22:25:42,0.00351000,0.30000000
2018-02-23 22:25:42,0.00351000,0.76000000
2018-02-23 22:25:43,0.00351200,0.58000000
2018-02-23 22:25:43,0.00351200,2.26000000
2018-02-23 22:25:43,0.00351000,0.04000000
2018-02-23 22:25:43,0.00351400,1.13000000
2018-02-23 22:25:43,0.00351200,5.10000000
2018-02-23 22:25:43,0.00351000,4.58000000
2018-02-23 22:25:43,0.00350900,7.46000000
2018-02-23 22:25:44,0.00351000,42.39000000
2018-02-23 22:25:44,0.00350900,164.38000000
2018-02-23 22:25:44,0.00350800,42.37000000
2018-02-23 22:25:44,0.00350700,166.99000000
2018-02-23 22:25:44,0.00350600,0.57000000
2018-02-23 22:25:44,0.00350500,62.19000000
2018-02-23 22:25:44,0.00350400,121.93000000
2018-02-23 22:25:44,0.00350200,94.84000000
2018-02-23 22:25:44,0.00350100,84.66000000
2018-02-23 22:25:44,0.00350000,219.68000000
2018-02-23 22:25:44,0.00350000,25.21000000
2018-02-23 22:25:44,0.00350000,9.34000000
2018-02-23 22:25:44,0.00350500,4.52000000
2018-02-23 22:25:44,0.00351200,1.63000000
2018-02-23 22:25:44,0.00351200,18.80000000
2018-02-23 22:25:44,0.00350900,11.19000000
2018-02-23 22:25:44,0.00350900,6.29000000
2018-02-23 22:25:45,0.00350900,5.08000000
2018-02-23 22:25:45,0.00350900,19.27000000
2018-02-23 22:25:45,0.00350900,2.40000000
2018-02-23 22:25:46,0.00350900,48.19000000
2018-02-23 22:25:46,0.00350900,5.87000000
2018-02-23 22:25:46,0.00350900,21.55000000
2018-02-23 22:25:48,0.00350500,2.29000000
2018-02-23 22:25:48,0.00350500,0.01000000
2018-02-23 22:25:48,0.00350900,34.62000000
2018-02-23 22:25:48,0.00351000,0.68000000
2018-02-23 22:25:49,0.00351000,1.82000000
2018-02-23 22:25:49,0.00351000,6.46000000
2018-02-23 22:25:49,0.00351000,27.75000000
2018-02-23 22:25:49,0.00351000,2.99000000
2018-02-23 22:25:49,0.00351000,24.09000000
2018-02-23 22:25:49,0.00351000,0.30000000
2018-02-23 22:25:49,0.00351000,3.70000000
2018-02-23 22:25:49,0.00351200,8.54000000
2018-02-23 22:25:49,0.00351200,1.50000000
2018-02-23 22:25:49,0.00351000,0.68000000
2018-02-23 22:25:50,0.00351000,8.76000000
2018-02-23 22:25:50,0.00351000,2.20000000
2018-02-23 22:25:50,0.00351000,1.02000000
2018-02-23 22:25:50,0.00351000,1.24000000
2018-02-23 22:25:50,0.00351000,0.78000000
2018-02-23 22:25:50,0.00351000,0.73000000
2018-02-23 22:25:50,0.00351000,0.88000000
2018-02-23 22:25:50,0.00351000,4.48000000
2018-02-23 22:25:50,0.00351000,0.86000000
2018-02-23 22:25:50,0.00351000,1.45000000
2018-02-23 22:25:51,0.00351000,1.05000000
2018-02-23 22:25:51,0.00351300,25.74000000
2018-02-23 22:25:51,0.00351000,10.04000000
2018-02-23 22:25:51,0.00351000,4.17000000
2018-02-23 22:25:51,0.00351000,1.73000000
2018-02-23 22:25:51,0.00351000,0.72000000
2018-02-23 22:25:51,0.00351400,42.45000000
2018-02-23 22:25:51,0.00351000,2.89000000
2018-02-23 22:25:51,0.00351000,1.46000000
2018-02-23 22:25:52,0.00351000,6.05000000
2018-02-23 22:25:52,0.00351000,31.23000000
2018-02-23 22:25:52,0.00351100,0.35000000
2018-02-23 22:25:52,0.00351100,1.16000000
2018-02-23 22:25:53,0.00351100,0.64000000
2018-02-23 22:25:53,0.00351100,20.46000000
2018-02-23 22:25:53,0.00351100,23.62000000
2018-02-23 22:25:53,0.00351100,2.30000000
2018-02-23 22:25:53,0.00351100,19.27000000
2018-02-23 22:25:54,0.00351100,0.39000000
2018-02-23 22:25:54,0.00351100,17.51000000
2018-02-23 22:25:54,0.00351000,2.40000000
2018-02-23 22:25:55,0.00351000,98.06000000
2018-02-23 22:25:55,0.00351100,11.24000000
2018-02-23 22:25:55,0.00351200,0.31000000
2018-02-23 22:25:55,0.00351000,0.43000000
2018-02-23 22:25:56,0.00351000,2.30000000
2018-02-23 22:25:56,0.00351000,4.05000000
2018-02-23 22:25:57,0.00351100,24.13000000
2018-02-23 22:25:57,0.00351400,2.84000000
2018-02-23 22:25:57,0.00351500,26.31000000
2018-02-23 22:25:58,0.00351100,0.87000000
2018-02-23 22:25:58,0.00351000,21.24000000
2018-02-23 22:25:58,0.00351000,119.60000000
2018-02-23 22:25:58,0.00351000,43.43000000
2018-02-23 22:25:59,0.00351000,116.11000000
2018-02-23 22:25:59,0.00350900,7.32000000
2018-02-23 22:25:59,0.00350200,16.17000000
2018-02-23 22:26:00,0.00350500,0.72000000
2018-02-23 22:26:00,0.00350500,0.35000000
2018-02-23 22:26:01,0.00350500,1.78000000
2018-02-23 22:26:01,0.00350400,4.84000000
2018-02-23 22:26:01,0.00350500,2.04000000
2018-02-23 22:26:01,0.00350500,0.01000000
2018-02-23 22:26:01,0.00350400,0.87000000
2018-02-23 22:26:02,0.00350400,1.46000000
2018-02-23 22:26:02,0.00350400,1.72000000
2018-02-23 22:26:02,0.00350500,6.87000000
2018-02-23 22:26:02,0.00350500,18.85000000
2018-02-23 22:26:02,0.00350400,49.38000000
2018-02-23 22:26:02,0.00350400,0.52000000
2018-02-23 22:26:02,0.00350400,2.57000000
2018-02-23 22:26:03,0.00350300,0.57000000
2018-02-23 22:26:03,0.00350300,0.43000000
2018-02-23 22:26:05,0.00350200,1.88000000
2018-02-23 22:26:05,0.00350300,21.37000000
2018-02-23 22:26:05,0.00350200,1.01000000
2018-02-23 22:26:06,0.00350200,2.36000000
2018-02-23 22:26:06,0.00350200,0.64000000
2018-02-23 22:26:06,0.00350300,0.98000000
2018-02-23 22:26:06,0.00350300,19.67000000
2018-02-23 22:26:06,0.00350600,3.22000000
2018-02-23 22:26:06,0.00350200,0.64000000
2018-02-23 22:26:06,0.00350200,1.56000000
2018-02-23 22:26:07,0.00350200,0.72000000
2018-02-23 22:26:07,0.00350500,0.95000000
2018-02-23 22:26:07,0.00350200,1.13000000
2018-02-23 22:26:07,0.00350500,44.94000000
2018-02-23 22:26:07,0.00350200,15.62000000
2018-02-23 22:26:08,0.00350400,6.28000000
2018-02-23 22:26:08,0.00350500,2.72000000
2018-02-23 22:26:08,0.00350100,1.44000000
2018-02-23 22:26:09,0.00350100,2.20000000
2018-02-23 22:26:09,0.00350100,98.76000000
2018-02-23 22:26:10,0.00349900,0.75000000
2018-02-23 22:26:10,0.00349900,0.39000000
2018-02-23 22:26:10,0.00349800,0.57000000
2018-02-23 22:26:10,0.00349800,2.80000000
2018-02-23 22:26:11,0.00349700,0.72000000
2018-02-23 22:26:12,0.00349700,0.73000000
2018-02-23 22:26:12,0.00349800,1.42000000
2018-02-23 22:26:12,0.00349700,0.44000000
2018-02-23 22:26:12,0.00349800,2.86000000
2018-02-23 22:26:12,0.00349700,0.83000000
2018-02-23 22:26:12,0.00349700,0.73000000
2018-02-23 22:26:13,0.00349700,0.73000000
2018-02-23 22:26:13,0.00349700,2.90000000
2018-02-23 22:26:13,0.00349700,2.09000000
2018-02-23 22:26:13,0.00349700,0.73000000
2018-02-23 22:26:13,0.00349700,0.70000000
2018-02-23 22:26:13,0.00349700,2.72000000
2018-02-23 22:26:13,0.00349700,0.50000000
2018-02-23 22:26:13,0.00349700,10.22000000
2018-02-23 22:26:13,0.00349700,0.35000000
2018-02-23 22:26:13,0.00349700,1.07000000
2018-02-23 22:26:13,0.00349700,0.64000000
2018-02-23 22:26:13,0.00349700,0.44000000
2018-02-23 22:26:13,0.00349700,3.95000000
2018-02-23 22:26:13,0.00349700,0.87000000
2018-02-23 22:26:13,0.00349700,0.73000000
2018-02-23 22:26:14,0.00349700,0.73000000
2018-02-23 22:26:14,0.00349700,1.00000000
2018-02-23 22:26:14,0.00349700,0.85000000
2018-02-23 22:26:14,0.00349700,167.52000000
2018-02-23 22:26:14,0.00349600,0.60000000
2018-02-23 22:26:14,0.00349400,11.73000000
2018-02-23 22:26:14,0.00349700,2.86000000
2018-02-23 22:26:14,0.00349600,1.42000000
2018-02-23 22:26:14,0.00349600,2.85000000
2018-02-23 22:26:15,0.00349400,0.75000000
2018-02-23 22:26:15,0.00349400,7.08000000
2018-02-23 22:26:15,0.00349600,3.95000000
2018-02-23 22:26:15,0.00349700,187.71000000
2018-02-23 22:26:15,0.00349400,0.64000000
2018-02-23 22:26:16,0.00349700,230.60000000
2018-02-23 22:26:16,0.00349400,0.64000000
2018-02-23 22:26:16,0.00349400,8.90000000
2018-02-23 22:26:16,0.00349400,1.39000000
2018-02-23 22:26:17,0.00349600,2.39000000
2018-02-23 22:26:17,0.00349400,1.16000000
2018-02-23 22:26:17,0.00349400,0.58000000
2018-02-23 22:26:17,0.00349400,0.35000000
2018-02-23 22:26:17,0.00349600,41.01000000
2018-02-23 22:26:17,0.00349700,168.37000000
2018-02-23 22:26:17,0.00349400,0.72000000
2018-02-23 22:26:17,0.00349400,0.70000000
2018-02-23 22:26:17,0.00349400,0.67000000
2018-02-23 22:26:17,0.00349400,2.88000000
2018-02-23 22:26:17,0.00349400,0.85000000
2018-02-23 22:26:17,0.00349400,5.74000000
2018-02-23 22:26:17,0.00349400,0.73000000
2018-02-23 22:26:18,0.00349400,2.92000000
2018-02-23 22:26:18,0.00349400,0.64000000
2018-02-23 22:26:18,0.00349400,0.64000000
2018-02-23 22:26:18,0.00349600,25.00000000
2018-02-23 22:26:18,0.00349700,144.89000000
2018-02-23 22:26:18,0.00349400,0.73000000
2018-02-23 22:26:18,0.00349400,7.27000000
2018-02-23 22:26:18,0.00349400,0.32000000
2018-02-23 22:26:19,0.00349400,1.70000000
2018-02-23 22:26:19,0.00349400,0.70000000
2018-02-23 22:26:19,0.00349400,2.89000000
2018-02-23 22:26:19,0.00349400,0.73000000
2018-02-23 22:26:19,0.00349400,8.24000000
2018-02-23 22:26:19,0.00349400,47.30000000
2018-02-23 22:26:19,0.00349700,2.42000000
2018-02-23 22:26:21,0.00349200,1.46000000
2018-02-23 22:26:22,0.00349800,6.07000000
2018-02-23 22:26:22,0.00349200,0.73000000
2018-02-23 22:26:22,0.00349200,2.90000000
2018-02-23 22:26:22,0.00349200,3.74000000
2018-02-23 22:26:23,0.00349200,0.35000000
2018-02-23 22:26:23,0.00349200,0.73000000
2018-02-23 22:26:23,0.00349200,0.88000000
2018-02-23 22:26:23,0.00349800,4.46000000
2018-02-23 22:26:23,0.00349200,0.64000000
2018-02-23 22:26:24,0.00349200,0.88000000
2018-02-23 22:26:24,0.00349200,0.66000000
2018-02-23 22:26:24,0.00349800,0.68000000
2018-02-23 22:26:24,0.00349200,2.92000000
2018-02-23 22:26:24,0.00349200,1.45000000
2018-02-23 22:26:24,0.00349200,0.73000000
2018-02-23 22:26:24,0.00349200,2.32000000
2018-02-23 22:26:24,0.00349200,1.75000000
2018-02-23 22:26:24,0.00349200,1.44000000
2018-02-23 22:26:24,0.00349200,0.87000000
2018-02-23 22:26:25,0.00349200,1.63000000
2018-02-23 22:26:25,0.00349700,1.43000000
2018-02-23 22:26:25,0.00349200,0.72000000
2018-02-23 22:26:25,0.00349200,0.58000000
2018-02-23 22:26:25,0.00349200,1.11000000
2018-02-23 22:26:25,0.00349200,1.73000000
2018-02-23 22:26:25,0.00349200,7.34000000
2018-02-23 22:26:26,0.00349200,5.66000000
2018-02-23 22:26:27,0.00349200,0.38000000
2018-02-23 22:26:27,0.00349200,1.46000000
2018-02-23 22:26:27,0.00349200,0.61000000
2018-02-23 22:26:27,0.00349200,0.88000000
2018-02-23 22:26:28,0.00349200,0.87000000
2018-02-23 22:26:28,0.00349200,0.73000000
2018-02-23 22:26:28,0.00349200,0.87000000
2018-02-23 22:26:28,0.00349200,1.01000000
2018-02-23 22:26:28,0.00349200,2.33000000
2018-02-23 22:26:28,0.00349200,0.47000000
2018-02-23 22:26:28,0.00349200,0.35000000
2018-02-23 22:26:28,0.00349200,0.73000000
2018-02-23 22:26:28,0.00349200,0.73000000
2018-02-23 22:26:29,0.00349200,0.66000000
2018-02-23 22:26:29,0.00349200,0.51000000
2018-02-23 22:26:29,0.00349200,2.92000000
2018-02-23 22:26:29,0.00349200,0.84000000
2018-02-23 22:26:29,0.00349200,1.44000000
2018-02-23 22:26:29,0.00349200,1.19000000
2018-02-23 22:26:30,0.00349200,0.67000000
2018-02-23 22:26:30,0.00349100,0.72000000
2018-02-23 22:26:30,0.00349100,0.73000000
2018-02-23 22:26:30,0.00349700,2.85000000
2018-02-23 22:26:30,0.00349100,1.29000000
2018-02-23 22:26:30,0.00348800,0.14000000
2018-02-23 22:26:31,0.00349000,1.62000000
2018-02-23 22:26:34,0.00349000,0.56000000
2018-02-23 22:26:34,0.00348900,2.91000000
2018-02-23 22:26:34,0.00348900,1.26000000
2018-02-23 22:26:34,0.00349100,8.58000000
2018-02-23 22:26:34,0.00349100,8.82000000
2018-02-23 22:26:34,0.00349200,0.89000000
2018-02-23 22:26:35,0.00349200,1.26000000
2018-02-23 22:26:35,0.00349200,0.73000000
2018-02-23 22:26:35,0.00349200,0.13000000
2018-02-23 22:26:35,0.00349000,28.82000000
2018-02-23 22:26:36,0.00349100,0.73000000
2018-02-23 22:26:36,0.00349500,0.34000000
2018-02-23 22:26:36,0.00349100,2.91000000
2018-02-23 22:26:36,0.00349100,3.69000000
2018-02-23 22:26:36,0.00349100,0.64000000
2018-02-23 22:26:37,0.00349100,2.90000000
2018-02-23 22:26:37,0.00349100,0.97000000
2018-02-23 22:26:37,0.00349100,2.92000000
2018-02-23 22:26:38,0.00349100,3.01000000
2018-02-23 22:26:38,0.00349100,2.92000000
2018-02-23 22:26:38,0.00349100,17.59000000
2018-02-23 22:26:38,0.00349000,0.73000000
2018-02-23 22:26:39,0.00349000,0.87000000
2018-02-23 22:26:39,0.00349100,1.22000000
2018-02-23 22:26:40,0.00349100,0.73000000
2018-02-23 22:26:40,0.00349100,1.46000000
2018-02-23 22:26:40,0.00349100,0.73000000
2018-02-23 22:26:40,0.00349100,0.52000000
2018-02-23 22:26:40,0.00349000,0.64000000
2018-02-23 22:26:40,0.00349000,0.67000000
2018-02-23 22:26:41,0.00349100,1.50000000
2018-02-23 22:26:41,0.00349500,0.46000000
2018-02-23 22:26:43,0.00349600,32.07000000
2018-02-23 22:26:43,0.00349700,59.03000000
2018-02-23 22:26:43,0.00349200,1.14000000
2018-02-23 22:26:43,0.00349000,1.78000000
2018-02-23 22:26:44,0.00349000,0.73000000
2018-02-23 22:26:44,0.00349000,1.72000000
2018-02-23 22:26:45,0.00349000,4.35000000
2018-02-23 22:26:45,0.00349000,0.73000000
2018-02-23 22:26:45,0.00349000,1.45000000
2018-02-23 22:26:46,0.00349000,20.00000000
2018-02-23 22:26:46,0.00349000,2.92000000
2018-02-23 22:26:46,0.00349000,2.88000000
2018-02-23 22:26:47,0.00349700,4.52000000
2018-02-23 22:26:47,0.00349700,54.48000000
2018-02-23 22:26:47,0.00349800,12.26000000
2018-02-23 22:26:47,0.00350100,8.23000000
2018-02-23 22:26:47,0.00349000,0.56000000
2018-02-23 22:26:47,0.00349000,2.92000000
2018-02-23 22:26:48,0.00349100,1.18000000
2018-02-23 22:26:49,0.00349100,0.88000000
2018-02-23 22:26:49,0.00349100,2.92000000
2018-02-23 22:26:49,0.00349100,1.59000000
2018-02-23 22:26:49,0.00349000,0.41000000
2018-02-23 22:26:50,0.00349100,0.43000000
2018-02-23 22:26:50,0.00349100,2.43000000
2018-02-23 22:26:50,0.00349000,0.43000000
2018-02-23 22:26:51,0.00349100,0.63000000
2018-02-23 22:26:52,0.00349000,5.86000000
2018-02-23 22:26:52,0.00349000,1.19000000
2018-02-23 22:26:53,0.00349100,1.44000000
2018-02-23 22:26:53,0.00349100,0.74000000
2018-02-23 22:26:53,0.00349100,1.66000000
2018-02-23 22:26:53,0.00349100,1.44000000
2018-02-23 22:26:54,0.00349100,4.67000000
2018-02-23 22:26:55,0.00349100,0.64000000
2018-02-23 22:26:55,0.00349100,0.49000000
2018-02-23 22:26:55,0.00349100,5.95000000
2018-02-23 22:26:55,0.00349100,0.30000000
2018-02-23 22:26:59,0.00349100,0.68000000
2018-02-23 22:26:59,0.00349100,2.00000000
2018-02-23 22:26:59,0.00349100,8.99000000
2018-02-23 22:26:59,0.00349100,0.83000000
2018-02-23 22:26:59,0.00349100,0.85000000
2018-02-23 22:26:59,0.00349100,8.58000000
2018-02-23 22:26:59,0.00349000,0.85000000
2018-02-23 22:26:59,0.00349100,8.58000000
2018-02-23 22:26:59,0.00349000,25.72000000
2018-02-23 22:26:59,0.00349100,8.58000000
2018-02-23 22:26:59,0.00349100,8.58000000
2018-02-23 22:26:59,0.00349100,13.19000000
2018-02-23 22:26:59,0.00349100,1.39000000
2018-02-23 22:27:00,0.00349600,2.86000000
2018-02-23 22:27:00,0.00349100,2.76000000
2018-02-23 22:27:01,0.00349600,2.07000000
2018-02-23 22:27:01,0.00349700,17.33000000
2018-02-23 22:27:01,0.00349900,41.65000000
2018-02-23 22:27:01,0.00350000,55.02000000
2018-02-23 22:27:01,0.00350100,205.52000000
2018-02-23 22:27:01,0.00349100,0.44000000
2018-02-23 22:27:02,0.00349300,0.48000000
2018-02-23 22:27:02,0.00349300,25.94000000
2018-02-23 22:27:03,0.00350100,47.78000000
2018-02-23 22:27:03,0.00349300,12.58000000
2018-02-23 22:27:04,0.00349300,1.36000000
2018-02-23 22:27:04,0.00349300,0.75000000
2018-02-23 22:27:05,0.00349300,0.73000000
2018-02-23 22:27:05,0.00349300,0.35000000
2018-02-23 22:27:06,0.00349300,0.26000000
2018-02-23 22:27:06,0.00349200,2.86000000
2018-02-23 22:27:06,0.00349100,37.50000000
2018-02-23 22:27:06,0.00349000,116.11000000
2018-02-23 22:27:07,0.00349700,2.28000000
2018-02-23 22:27:09,0.00349700,0.58000000
2018-02-23 22:27:09,0.00349800,42.45000000
2018-02-23 22:27:09,0.00349900,27.68000000
2018-02-23 22:27:09,0.00350100,336.03000000
2018-02-23 22:27:11,0.00349300,1.16000000
2018-02-23 22:27:11,0.00349200,0.85000000
2018-02-23 22:27:11,0.00349100,2.33000000
2018-02-23 22:27:11,0.00350300,2.50000000
2018-02-23 22:27:11,0.00350400,1.20000000
2018-02-23 22:27:15,0.00350300,12.82000000
2018-02-23 22:27:16,0.00350400,0.07000000
2018-02-23 22:27:16,0.00350600,0.66000000
2018-02-23 22:27:16,0.00349600,2.86000000
2018-02-23 22:27:16,0.00349500,0.31000000
2018-02-23 22:27:18,0.00349600,1.16000000
2018-02-23 22:27:19,0.00350000,1.12000000
2018-02-23 22:27:19,0.00350200,2.86000000
2018-02-23 22:27:19,0.00350600,0.19000000
2018-02-23 22:27:19,0.00350700,0.77000000
2018-02-23 22:27:20,0.00349900,32.00000000
2018-02-23 22:27:21,0.00350300,1.63000000
2018-02-23 22:27:21,0.00350700,10.79000000
2018-02-23 22:27:21,0.00350900,0.91000000
2018-02-23 22:27:22,0.00350000,2.85000000
2018-02-23 22:27:22,0.00349900,9.29000000
2018-02-23 22:27:22,0.00349700,0.72000000
2018-02-23 22:27:22,0.00349900,4.32000000
2018-02-23 22:27:23,0.00349900,13.99000000
2018-02-23 22:27:24,0.00349900,39.55000000
2018-02-23 22:27:28,0.00350100,1.86000000
2018-02-23 22:27:29,0.00350600,1.84000000
2018-02-23 22:27:31,0.00350100,32.61000000
2018-02-23 22:27:32,0.00350600,1.01000000
2018-02-23 22:27:32,0.00350700,0.99000000
2018-02-23 22:27:38,0.00350600,1.42000000
2018-02-23 22:27:38,0.00350700,2.58000000
2018-02-23 22:27:38,0.00350700,35.15000000
2018-02-23 22:27:38,0.00350100,0.88000000
2018-02-23 22:27:38,0.00350100,0.58000000
2018-02-23 22:27:41,0.00350800,44.09000000
2018-02-23 22:27:41,0.00350900,77.27000000
2018-02-23 22:27:41,0.00351000,76.51000000
2018-02-23 22:27:41,0.00351000,4.00000000
2018-02-23 22:27:42,0.00351000,2.40000000
2018-02-23 22:27:42,0.00351000,0.53000000
2018-02-23 22:27:42,0.00351000,1.00000000
2018-02-23 22:27:42,0.00351000,0.37000000
2018-02-23 22:27:42,0.00351000,1.30000000
2018-02-23 22:27:42,0.00351000,2.40000000
2018-02-23 22:27:42,0.00351000,1.26000000
2018-02-23 22:27:44,0.00350400,2.50000000
2018-02-23 22:27:45,0.00350700,1.54000000
2018-02-23 22:27:46,0.00350700,14.98000000
2018-02-23 22:27:48,0.00350600,11.24000000
2018-02-23 22:27:48,0.00350600,2.30000000
2018-02-23 22:27:50,0.00350600,2.30000000
2018-02-23 22:27:51,0.00350600,4.76000000
2018-02-23 22:27:51,0.00350700,7.65000000
2018-02-23 22:27:52,0.00350700,2.25000000
2018-02-23 22:27:53,0.00350700,2.40000000
2018-02-23 22:27:55,0.00350700,1.40000000
2018-02-23 22:27:55,0.00350600,0.90000000
2018-02-23 22:27:56,0.00350600,1.40000000
2018-02-23 22:27:57,0.00350600,29.33000000
2018-02-23 22:27:58,0.00350600,2.30000000
2018-02-23 22:27:59,0.00350600,10.00000000
2018-02-23 22:28:00,0.00350700,2.30000000
2018-02-23 22:28:03,0.00350700,2.30000000
2018-02-23 22:28:03,0.00350900,11.25000000
2018-02-23 22:28:04,0.00350700,1.40000000
2018-02-23 22:28:05,0.00350700,2.40000000
2018-02-23 22:28:07,0.00350800,0.54000000
2018-02-23 22:28:08,0.00350700,2.20000000
2018-02-23 22:28:10,0.00350700,1.29000000
2018-02-23 22:28:10,0.00350700,25.18000000
2018-02-23 22:28:10,0.00350700,2.30000000
2018-02-23 22:28:12,0.00350700,35.83000000
2018-02-23 22:28:12,0.00350800,0.46000000
2018-02-23 22:28:12,0.00350700,2.50000000
2018-02-23 22:28:12,0.00350700,73.80000000
2018-02-23 22:28:12,0.00350500,2.50000000
2018-02-23 22:28:12,0.00350700,2.30000000
2018-02-23 22:28:14,0.00350800,45.89000000
2018-02-23 22:28:14,0.00350800,0.58000000
2018-02-23 22:28:15,0.00350800,2.30000000
2018-02-23 22:28:16,0.00350800,231.48000000
2018-02-23 22:28:16,0.00350800,6.02000000
2018-02-23 22:28:16,0.00350700,17.57000000
2018-02-23 22:28:16,0.00350100,2.85000000
2018-02-23 22:28:16,0.00350000,12.76000000
2018-02-23 22:28:16,0.00350100,1.55000000
2018-02-23 22:28:17,0.00350500,2.30000000
2018-02-23 22:28:20,0.00350500,0.57000000
2018-02-23 22:28:20,0.00350200,0.15000000
2018-02-23 22:28:20,0.00350700,25.45000000
2018-02-23 22:28:20,0.00350700,0.68000000
2018-02-23 22:28:20,0.00350700,0.57000000
2018-02-23 22:28:20,0.00350700,2.30000000
2018-02-23 22:28:20,0.00350700,3.65000000
2018-02-23 22:28:21,0.00350700,1.08000000
2018-02-23 22:28:21,0.00350700,0.72000000
2018-02-23 22:28:22,0.00350700,0.68000000
2018-02-23 22:28:22,0.00350700,0.50000000
2018-02-23 22:28:22,0.00350500,0.60000000
2018-02-23 22:28:23,0.00350500,2.30000000
2018-02-23 22:28:23,0.00350800,4.93000000
2018-02-23 22:28:23,0.00350500,0.14000000
2018-02-23 22:28:25,0.00350300,2.20000000
2018-02-23 22:28:25,0.00350300,0.57000000
2018-02-23 22:28:25,0.00350000,33.79000000
2018-02-23 22:28:25,0.00349800,10.09000000
2018-02-23 22:28:27,0.00349900,2.20000000
2018-02-23 22:28:28,0.00349800,2.50000000
2018-02-23 22:28:28,0.00350000,6.05000000
2018-02-23 22:28:28,0.00350200,8.23000000
2018-02-23 22:28:28,0.00349900,2.31000000
2018-02-23 22:28:29,0.00349900,0.72000000
2018-02-23 22:28:29,0.00349900,1.42000000
2018-02-23 22:28:29,0.00349900,1.44000000
2018-02-23 22:28:30,0.00350200,0.91000000
2018-02-23 22:28:32,0.00349800,1.42000000
2018-02-23 22:28:32,0.00349700,0.30000000
2018-02-23 22:28:33,0.00349700,2.14000000
2018-02-23 22:28:33,0.00350100,4.30000000
2018-02-23 22:28:33,0.00350200,7.10000000
2018-02-23 22:28:36,0.00349700,2.50000000
2018-02-23 22:28:36,0.00349900,4.77000000
2018-02-23 22:28:36,0.00349700,1.16000000
2018-02-23 22:28:36,0.00350000,14.29000000
2018-02-23 22:28:37,0.00349700,12.16000000
2018-02-23 22:28:37,0.00349500,1.36000000
2018-02-23 22:28:38,0.00349700,0.97000000
2018-02-23 22:28:38,0.00350000,13.32000000
2018-02-23 22:28:41,0.00349500,4.17000000
2018-02-23 22:28:42,0.00349500,0.64000000
2018-02-23 22:28:42,0.00349500,6.83000000
2018-02-23 22:28:42,0.00349400,0.41000000
2018-02-23 22:28:42,0.00349200,21.71000000
2018-02-23 22:28:43,0.00349500,0.86000000
2018-02-23 22:28:44,0.00349900,1.40000000
2018-02-23 22:28:45,0.00349600,1.26000000
2018-02-23 22:28:46,0.00349900,0.40000000
2018-02-23 22:28:46,0.00349900,69.60000000
2018-02-23 22:28:46,0.00349600,60.36000000
2018-02-23 22:28:46,0.00349900,1.42000000
2018-02-23 22:28:46,0.00350000,30.93000000
2018-02-23 22:28:47,0.00349700,6.11000000
2018-02-23 22:28:48,0.00349700,13.87000000
2018-02-23 22:28:48,0.00350000,3.37000000
2018-02-23 22:28:48,0.00350000,2.07000000
2018-02-23 22:28:48,0.00350000,77.88000000
2018-02-23 22:28:49,0.00350000,25.27000000
2018-02-23 22:28:54,0.00349700,8.91000000
2018-02-23 22:28:56,0.00350000,0.53000000
2018-02-23 22:28:57,0.00349800,4.36000000
2018-02-23 22:28:59,0.00349800,11.43000000
2018-02-23 22:29:01,0.00349900,1.42000000
2018-02-23 22:29:01,0.00350000,1.02000000
2018-02-23 22:29:02,0.00350000,5.84000000
2018-02-23 22:29:02,0.00350100,60.00000000
2018-02-23 22:29:02,0.00350200,25.00000000
2018-02-23 22:29:02,0.00350300,4.40000000
2018-02-23 22:29:02,0.00350700,2.92000000
2018-02-23 22:29:02,0.00350800,45.77000000
2018-02-23 22:29:02,0.00350900,4.76000000
2018-02-23 22:29:02,0.00351000,64.18000000
2018-02-23 22:29:02,0.00351600,13.31000000
2018-02-23 22:29:02,0.00351700,110.72000000
2018-02-23 22:29:02,0.00351900,14.64000000
2018-02-23 22:29:03,0.00350200,54.93000000
2018-02-23 22:29:03,0.00350100,4.47000000
2018-02-23 22:29:04,0.00350300,2.00000000
2018-02-23 22:29:05,0.00350700,1.27000000
2018-02-23 22:29:05,0.00350300,0.85000000
2018-02-23 22:29:05,0.00350100,24.77000000
2018-02-23 22:29:05,0.00350000,43.25000000
2018-02-23 22:29:06,0.00350100,8.56000000
2018-02-23 22:29:11,0.00350300,2.50000000
2018-02-23 22:29:12,0.00350300,3.54000000
2018-02-23 22:29:12,0.00350100,3.33000000
2018-02-23 22:29:12,0.00350000,1.43000000
2018-02-23 22:29:13,0.00350000,34.76000000
2018-02-23 22:29:14,0.00350000,1.87000000
2018-02-23 22:29:16,0.00350100,4.11000000
2018-02-23 22:29:17,0.00350100,1.43000000
2018-02-23 22:29:21,0.00350100,38.43000000
2018-02-23 22:29:22,0.00350000,28.76000000
2018-02-23 22:29:22,0.00350100,28.15000000
2018-02-23 22:29:26,0.00349900,9.30000000
2018-02-23 22:29:27,0.00349800,1.00000000
2018-02-23 22:29:27,0.00349700,69.00000000
2018-02-23 22:29:31,0.00349900,66.09000000
2018-02-23 22:29:31,0.00350000,1.29000000
2018-02-23 22:29:37,0.00349900,12.13000000
2018-02-23 22:29:39,0.00349900,21.22000000
2018-02-23 22:29:40,0.00349800,11.43000000
2018-02-23 22:29:41,0.00350000,0.57000000
2018-02-23 22:29:41,0.00350000,4.41000000
2018-02-23 22:29:42,0.00350100,4.47000000
2018-02-23 22:29:42,0.00350000,0.02000000
2018-02-23 22:29:42,0.00349900,94.54000000
2018-02-23 22:29:42,0.00349800,17.72000000
2018-02-23 22:29:43,0.00349900,10.98000000
2018-02-23 22:29:46,0.00349900,5.24000000
2018-02-23 22:29:46,0.00349900,3.86000000
2018-02-23 22:29:46,0.00349800,11.11000000
2018-02-23 22:29:46,0.00349800,14.37000000
2018-02-23 22:29:48,0.00349800,1.00000000
2018-02-23 22:29:48,0.00350100,2.44000000
2018-02-23 22:29:48,0.00350400,110.42000000
2018-02-23 22:29:48,0.00349800,142.93000000
2018-02-23 22:29:48,0.00349700,33.24000000
2018-02-23 22:29:50,0.00349700,15.88000000
2018-02-23 22:29:50,0.00349700,0.85000000
2018-02-23 22:29:51,0.00349700,305.54000000
2018-02-23 22:29:51,0.00349600,271.53000000
2018-02-23 22:29:51,0.00349500,9.00000000
2018-02-23 22:29:51,0.00349200,2.05000000
2018-02-23 22:29:51,0.00349100,40.86000000
2018-02-23 22:29:51,0.00349000,15.48000000
2018-02-23 22:29:51,0.00348900,56.08000000
2018-02-23 22:29:53,0.00349700,2.85000000
2018-02-23 22:29:53,0.00349800,25.29000000
2018-02-23 22:29:55,0.00349800,9.28000000
2018-02-23 22:30:00,0.00349300,10.04000000
2018-02-23 22:30:05,0.00349700,0.76000000
2018-02-23 22:30:09,0.00349700,70.06000000
2018-02-23 22:30:10,0.00349700,0.33000000
2018-02-23 22:30:10,0.00349700,13.68000000
2018-02-23 22:30:11,0.00349700,27.64000000
2018-02-23 22:30:11,0.00349700,11.91000000
2018-02-23 22:30:12,0.00349700,1.02000000
2018-02-23 22:30:13,0.00349700,10.00000000
2018-02-23 22:30:13,0.00349800,5.40000000
2018-02-23 22:30:13,0.00349800,5.00000000
2018-02-23 22:30:14,0.00349700,2.56000000
2018-02-23 22:30:14,0.00349800,1.42000000
2018-02-23 22:30:15,0.00349900,1.42000000
2018-02-23 22:30:15,0.00349700,2.89000000
2018-02-23 22:30:15,0.00349800,1.42000000
2018-02-23 22:30:15,0.00349800,4.10000000
2018-02-23 22:30:15,0.00349900,1.42000000
2018-02-23 22:30:15,0.00349900,0.88000000
2018-02-23 22:30:15,0.00350000,13.41000000
2018-02-23 22:30:16,0.00350000,1.42000000
2018-02-23 22:30:16,0.00350000,18.32000000
2018-02-23 22:30:16,0.00349800,1.60000000
2018-02-23 22:30:19,0.00350000,4.72000000
2018-02-23 22:30:20,0.00350000,2.74000000
2018-02-23 22:30:21,0.00349800,23.06000000
2018-02-23 22:30:21,0.00349800,0.50000000
2018-02-23 22:30:24,0.00349800,11.43000000
2018-02-23 22:30:28,0.00349900,10.97000000
2018-02-23 22:30:29,0.00350000,36.78000000
2018-02-23 22:30:31,0.00349900,5.71000000
2018-02-23 22:30:34,0.00350400,0.28000000
2018-02-23 22:30:36,0.00350000,0.31000000
2018-02-23 22:30:37,0.00350400,2.97000000
2018-02-23 22:30:42,0.00350300,5.00000000
2018-02-23 22:30:42,0.00350400,25.91000000
2018-02-23 22:30:42,0.00349800,23.73000000
2018-02-23 22:30:42,0.00349900,2.40000000
2018-02-23 22:30:44,0.00349900,0.73000000
2018-02-23 22:30:45,0.00349900,2.30000000
2018-02-23 22:30:52,0.00350000,1.00000000
2018-02-23 22:30:52,0.00349900,1.74000000
2018-02-23 22:30:54,0.00350300,2.40000000
2018-02-23 22:30:55,0.00350000,14.20000000
2018-02-23 22:30:57,0.00350100,2.66000000
2018-02-23 22:30:58,0.00350400,2.85000000
2018-02-23 22:30:58,0.00350400,2.33000000
2018-02-23 22:30:58,0.00350100,0.42000000
2018-02-23 22:30:58,0.00350000,52.11000000
2018-02-23 22:30:59,0.00350400,0.44000000
2018-02-23 22:31:00,0.00350400,5.23000000
2018-02-23 22:31:02,0.00350000,13.65000000
2018-02-23 22:31:02,0.00350100,25.71000000
2018-02-23 22:31:03,0.00350100,2.40000000
2018-02-23 22:31:05,0.00350100,18.17000000
2018-02-23 22:31:07,0.00350100,2.40000000
2018-02-23 22:31:07,0.00350400,14.33000000
2018-02-23 22:31:07,0.00350500,17.49000000
2018-02-23 22:31:09,0.00350100,0.39000000
2018-02-23 22:31:11,0.00350100,2.40000000
2018-02-23 22:31:12,0.00350400,1.42000000
2018-02-23 22:31:12,0.00350500,0.31000000
2018-02-23 22:31:12,0.00350100,2.20000000
2018-02-23 22:31:12,0.00350100,39.89000000
2018-02-23 22:31:14,0.00350500,110.44000000
2018-02-23 22:31:14,0.00350600,1.32000000
2018-02-23 22:31:14,0.00350800,3.48000000
2018-02-23 22:31:14,0.00350900,15.06000000
2018-02-23 22:31:14,0.00350100,2.30000000
2018-02-23 22:31:16,0.00350500,1.14000000
2018-02-23 22:31:16,0.00350800,25.00000000
2018-02-23 22:31:16,0.00350900,109.71000000
2018-02-23 22:31:16,0.00350200,2.50000000
2018-02-23 22:31:17,0.00350200,2.30000000
2018-02-23 22:31:19,0.00350200,2.40000000
2018-02-23 22:31:19,0.00350200,1.02000000
2018-02-23 22:31:20,0.00350200,0.51000000
2018-02-23 22:31:21,0.00350200,2.30000000
2018-02-23 22:31:21,0.00350200,1.98000000
2018-02-23 22:31:21,0.00350100,0.42000000
2018-02-23 22:31:23,0.00350200,2.70000000
2018-02-23 22:31:24,0.00350200,10.80000000
2018-02-23 22:31:25,0.00350200,22.21000000
2018-02-23 22:31:26,0.00350200,5.40000000
2018-02-23 22:31:26,0.00350200,2.40000000
2018-02-23 22:31:26,0.00350200,1.87000000
2018-02-23 22:31:26,0.00350200,0.92000000
2018-02-23 22:31:28,0.00350200,2.40000000
2018-02-23 22:31:31,0.00350200,2.30000000
2018-02-23 22:31:32,0.00350200,81.11000000
2018-02-23 22:31:33,0.00350200,5.33000000
2018-02-23 22:31:34,0.00350200,2.30000000
2018-02-23 22:31:36,0.00350400,2.20000000
2018-02-23 22:31:36,0.00350400,2.40000000
2018-02-23 22:31:38,0.00350400,4.00000000
2018-02-23 22:31:39,0.00350400,0.66000000
2018-02-23 22:31:39,0.00350200,1.64000000
2018-02-23 22:31:39,0.00350200,2.50000000
2018-02-23 22:31:41,0.00350200,0.31000000
2018-02-23 22:31:41,0.00350200,0.92000000
2018-02-23 22:31:41,0.00350200,2.30000000
2018-02-23 22:31:41,0.00350200,55.97000000
2018-02-23 22:31:42,0.00350200,52.19000000
2018-02-23 22:31:42,0.00350200,0.27000000
2018-02-23 22:31:43,0.00350100,24.44000000
2018-02-23 22:31:43,0.00350100,32.01000000
2018-02-23 22:31:43,0.00350100,39.94000000
2018-02-23 22:31:43,0.00350100,46.67000000
2018-02-23 22:31:43,0.00350100,27.78000000
2018-02-23 22:31:44,0.00349900,2.30000000
2018-02-23 22:31:44,0.00349900,0.72000000
2018-02-23 22:31:44,0.00350500,4.00000000
2018-02-23 22:31:45,0.00350100,1.42000000
2018-02-23 22:31:46,0.00349800,15.16000000
2018-02-23 22:31:46,0.00349700,4.85000000
2018-02-23 22:31:46,0.00349500,6.28000000
2018-02-23 22:31:46,0.00349300,17.75000000
