DATE,PRICE,VOLUME
2018-02-27 07:00:01,0.00345000,25.12000000
2018-02-27 07:00:02,0.00344600,5.18000000
2018-02-27 07:00:03,0.00344600,5.18000000
2018-02-27 07:00:11,0.00344700,0.42000000
2018-02-27 07:00:11,0.00344600,34.01000000
2018-02-27 07:00:13,0.00344600,8.71000000
2018-02-27 07:00:16,0.00344600,9.82000000
2018-02-27 07:00:19,0.00344700,10.39000000
2018-02-27 07:00:26,0.00344700,8.53000000
2018-02-27 07:00:38,0.00344700,58.88000000
2018-02-27 07:00:39,0.00344700,5.14000000
2018-02-27 07:00:45,0.00344800,45.43000000
2018-02-27 07:00:45,0.00344700,67.03000000
2018-02-27 07:00:45,0.00344600,7.44000000
2018-02-27 07:00:51,0.00344400,2.71000000
2018-02-27 07:00:51,0.00344200,2.84000000
2018-02-27 07:00:54,0.00344200,7.80000000
2018-02-27 07:00:54,0.00344200,0.01000000
2018-02-27 07:00:58,0.00344500,0.41000000
2018-02-27 07:01:06,0.00344500,1.13000000
2018-02-27 07:01:34,0.00344500,11.20000000
2018-02-27 07:01:39,0.00344400,2.15000000
2018-02-27 07:01:46,0.00344200,1.39000000
2018-02-27 07:01:55,0.00344400,23.16000000
2018-02-27 07:01:55,0.00344500,50.16000000
2018-02-27 07:02:05,0.00344500,2.84000000
2018-02-27 07:02:12,0.00344500,2.02000000
2018-02-27 07:02:13,0.00344500,26.67000000
2018-02-27 07:02:22,0.00344600,7.26000000
2018-02-27 07:02:26,0.00344600,5.48000000
2018-02-27 07:02:32,0.00344600,1.44000000
2018-02-27 07:02:32,0.00344700,8.43000000
2018-02-27 07:02:32,0.00344500,78.39000000
2018-02-27 07:02:35,0.00344500,41.82000000
2018-02-27 07:02:35,0.00344700,1.97000000
2018-02-27 07:02:42,0.00344700,24.74000000
2018-02-27 07:02:42,0.00344600,0.67000000
2018-02-27 07:02:43,0.00344600,3.20000000
2018-02-27 07:02:44,0.00344600,2.71000000
2018-02-27 07:02:46,0.00344700,45.81000000
2018-02-27 07:02:46,0.00344700,0.56000000
2018-02-27 07:02:47,0.00344600,20.27000000
2018-02-27 07:02:48,0.00344600,4.04000000
2018-02-27 07:02:51,0.00344600,0.02000000
2018-02-27 07:02:51,0.00344500,0.35000000
2018-02-27 07:02:52,0.00344700,8.95000000
2018-02-27 07:02:53,0.00344700,0.30000000
2018-02-27 07:02:55,0.00344500,43.66000000
2018-02-27 07:02:56,0.00344500,70.29000000
2018-02-27 07:03:03,0.00344500,1.90000000
2018-02-27 07:03:03,0.00344500,7.64000000
2018-02-27 07:03:03,0.00344500,1.82000000
2018-02-27 07:03:06,0.00344800,1.01000000
2018-02-27 07:03:08,0.00344500,8.00000000
2018-02-27 07:03:23,0.00344500,2.63000000
2018-02-27 07:03:23,0.00344500,10.00000000
2018-02-27 07:03:25,0.00344500,1.31000000
2018-02-27 07:03:28,0.00344800,6.98000000
2018-02-27 07:03:28,0.00344900,82.92000000
2018-02-27 07:03:29,0.00344800,2.90000000
2018-02-27 07:03:32,0.00344800,2.18000000
2018-02-27 07:03:32,0.00344900,0.72000000
2018-02-27 07:03:32,0.00344500,39.26000000
2018-02-27 07:03:33,0.00344500,0.38000000
2018-02-27 07:03:33,0.00344500,10.15000000
2018-02-27 07:03:33,0.00345000,2.90000000
2018-02-27 07:03:37,0.00345000,2.90000000
2018-02-27 07:03:38,0.00344600,2.02000000
2018-02-27 07:03:41,0.00345000,19.07000000
2018-02-27 07:03:44,0.00345000,4.47000000
2018-02-27 07:03:44,0.00345000,9.28000000
2018-02-27 07:03:46,0.00345100,1.57000000
2018-02-27 07:03:46,0.00345100,13.49000000
2018-02-27 07:03:47,0.00345100,5.78000000
2018-02-27 07:03:48,0.00345100,2.48000000
2018-02-27 07:03:48,0.00345100,1.87000000
2018-02-27 07:03:48,0.00345000,20.38000000
2018-02-27 07:03:48,0.00345000,0.33000000
2018-02-27 07:03:49,0.00345000,4.48000000
2018-02-27 07:03:50,0.00345000,6.23000000
2018-02-27 07:03:51,0.00345000,2.66000000
2018-02-27 07:03:51,0.00345000,2.66000000
2018-02-27 07:03:54,0.00345000,4.47000000
2018-02-27 07:03:59,0.00345000,4.48000000
2018-02-27 07:04:04,0.00345300,1.08000000
2018-02-27 07:04:04,0.00345500,25.19000000
2018-02-27 07:04:04,0.00345600,8.70000000
2018-02-27 07:04:04,0.00345700,29.44000000
2018-02-27 07:04:04,0.00345800,18.79000000
2018-02-27 07:04:04,0.00346000,35.53000000
2018-02-27 07:04:05,0.00345000,1.05000000
2018-02-27 07:04:12,0.00345200,8.69000000
2018-02-27 07:04:12,0.00345100,25.13000000
2018-02-27 07:04:12,0.00345000,20.07000000
2018-02-27 07:04:15,0.00345000,11.33000000
2018-02-27 07:04:16,0.00345100,50.26000000
2018-02-27 07:04:16,0.00345200,8.69000000
2018-02-27 07:04:16,0.00346000,13.49000000
2018-02-27 07:04:19,0.00345100,1.16000000
2018-02-27 07:04:20,0.00345100,1.16000000
2018-02-27 07:04:21,0.00345100,1.32000000
2018-02-27 07:04:23,0.00345100,1.32000000
2018-02-27 07:04:25,0.00345100,8.00000000
2018-02-27 07:04:25,0.00345100,7.07000000
2018-02-27 07:04:28,0.00345100,6.12000000
2018-02-27 07:04:30,0.00345100,5.14000000
2018-02-27 07:04:32,0.00345100,1.16000000
2018-02-27 07:04:34,0.00345100,1.16000000
2018-02-27 07:04:36,0.00345100,1.16000000
2018-02-27 07:04:38,0.00345500,1.44000000
2018-02-27 07:04:38,0.00345600,1.45000000
2018-02-27 07:04:38,0.00345100,1.16000000
2018-02-27 07:04:43,0.00345100,5.93000000
2018-02-27 07:04:45,0.00345600,2.89000000
2018-02-27 07:04:46,0.00345600,2.89000000
2018-02-27 07:04:55,0.00345600,3.60000000
2018-02-27 07:04:59,0.00345600,14.31000000
2018-02-27 07:04:59,0.00345600,20.25000000
2018-02-27 07:05:00,0.00345600,19.39000000
2018-02-27 07:05:01,0.00345600,25.08000000
2018-02-27 07:05:04,0.00346000,1.00000000
2018-02-27 07:05:04,0.00345600,7.81000000
2018-02-27 07:05:08,0.00345600,20.37000000
2018-02-27 07:05:08,0.00346000,7.13000000
2018-02-27 07:05:09,0.00345200,6.61000000
2018-02-27 07:05:20,0.00345900,12.60000000
2018-02-27 07:05:20,0.00346000,185.27000000
2018-02-27 07:05:21,0.00345400,11.58000000
2018-02-27 07:05:35,0.00345400,13.64000000
2018-02-27 07:05:37,0.00345900,11.58000000
2018-02-27 07:05:37,0.00346000,169.87000000
2018-02-27 07:05:37,0.00346100,22.38000000
2018-02-27 07:05:37,0.00346200,10.57000000
2018-02-27 07:05:40,0.00345500,11.22000000
2018-02-27 07:05:40,0.00345500,1.13000000
2018-02-27 07:05:41,0.00345500,3.93000000
2018-02-27 07:05:42,0.00345500,0.07000000
2018-02-27 07:05:42,0.00345500,3.55000000
2018-02-27 07:05:53,0.00346000,2.89000000
2018-02-27 07:06:00,0.00345400,0.18000000
2018-02-27 07:06:05,0.00345400,0.43000000
2018-02-27 07:06:12,0.00345500,1.26000000
2018-02-27 07:06:12,0.00345400,6.35000000
2018-02-27 07:06:22,0.00345900,0.61000000
2018-02-27 07:06:22,0.00346000,37.27000000
2018-02-27 07:06:22,0.00346000,0.32000000
2018-02-27 07:06:23,0.00346200,7.35000000
2018-02-27 07:06:23,0.00346000,2.90000000
2018-02-27 07:06:24,0.00346000,12.90000000
2018-02-27 07:06:25,0.00345500,2.90000000
2018-02-27 07:06:25,0.00345500,5.85000000
2018-02-27 07:06:30,0.00345500,4.00000000
2018-02-27 07:06:33,0.00345500,8.68000000
2018-02-27 07:06:36,0.00345400,125.00000000
2018-02-27 07:06:37,0.00345400,1.31000000
2018-02-27 07:06:57,0.00345500,20.08000000
2018-02-27 07:06:57,0.00345400,13.90000000
2018-02-27 07:07:06,0.00345300,53.77000000
2018-02-27 07:07:11,0.00345300,3.47000000
2018-02-27 07:07:31,0.00345500,6.07000000
2018-02-27 07:07:32,0.00345500,18.89000000
2018-02-27 07:07:32,0.00345400,52.91000000
2018-02-27 07:07:32,0.00345400,10.51000000
2018-02-27 07:07:33,0.00345400,28.94000000
2018-02-27 07:07:33,0.00345400,45.42000000
2018-02-27 07:07:38,0.00345600,2.89000000
2018-02-27 07:07:41,0.00345500,0.29000000
2018-02-27 07:07:41,0.00345400,110.71000000
2018-02-27 07:07:41,0.00345400,0.09000000
2018-02-27 07:07:42,0.00345600,2.89000000
2018-02-27 07:07:43,0.00345600,2.89000000
2018-02-27 07:07:43,0.00345400,19.36000000
2018-02-27 07:07:43,0.00345300,30.64000000
2018-02-27 07:07:46,0.00345400,0.71000000
2018-02-27 07:07:47,0.00345400,4.29000000
2018-02-27 07:07:47,0.00345600,1.12000000
2018-02-27 07:07:55,0.00345600,2.89000000
2018-02-27 07:07:57,0.00345400,2.20000000
2018-02-27 07:07:58,0.00345600,2.00000000
2018-02-27 07:07:59,0.00345400,0.57000000
2018-02-27 07:08:00,0.00345400,2.50000000
2018-02-27 07:08:01,0.00345600,10.00000000
2018-02-27 07:08:01,0.00345600,2.89000000
2018-02-27 07:08:07,0.00345400,100.13000000
2018-02-27 07:08:11,0.00345500,24.89000000
2018-02-27 07:08:11,0.00345600,2.73000000
2018-02-27 07:08:15,0.00345600,62.94000000
2018-02-27 07:08:16,0.00345600,49.44000000
2018-02-27 07:08:16,0.00345400,3.40000000
2018-02-27 07:08:16,0.00345400,2.99000000
2018-02-27 07:08:18,0.00345700,12.75000000
2018-02-27 07:08:20,0.00345800,2.89000000
2018-02-27 07:08:26,0.00345700,18.85000000
2018-02-27 07:08:30,0.00345800,2.89000000
2018-02-27 07:08:34,0.00345800,2.76000000
2018-02-27 07:08:35,0.00346000,38.83000000
2018-02-27 07:08:36,0.00346000,0.46000000
2018-02-27 07:08:36,0.00346200,2.89000000
2018-02-27 07:08:37,0.00346000,4.65000000
2018-02-27 07:08:41,0.00346000,16.00000000
2018-02-27 07:08:42,0.00346200,2.89000000
2018-02-27 07:08:44,0.00346200,5.05000000
2018-02-27 07:08:47,0.00346000,0.59000000
2018-02-27 07:08:48,0.00346000,11.56000000
2018-02-27 07:08:56,0.00346200,7.62000000
2018-02-27 07:08:57,0.00346200,8.50000000
2018-02-27 07:09:00,0.00346200,23.10000000
2018-02-27 07:09:01,0.00346200,20.30000000
2018-02-27 07:09:01,0.00346000,29.65000000
2018-02-27 07:09:03,0.00346200,1.75000000
2018-02-27 07:09:06,0.00346200,2.88000000
2018-02-27 07:09:07,0.00346000,21.01000000
2018-02-27 07:09:07,0.00346200,15.67000000
2018-02-27 07:09:07,0.00346500,3.76000000
2018-02-27 07:09:27,0.00346100,9.09000000
2018-02-27 07:09:30,0.00346100,8.66000000
2018-02-27 07:09:33,0.00346100,0.97000000
2018-02-27 07:09:35,0.00346200,21.66000000
2018-02-27 07:09:35,0.00346400,47.45000000
2018-02-27 07:09:37,0.00346100,2.88000000
2018-02-27 07:09:38,0.00346100,20.99000000
2018-02-27 07:09:49,0.00346500,110.48000000
2018-02-27 07:09:50,0.00346500,0.47000000
2018-02-27 07:09:50,0.00346500,38.21000000
2018-02-27 07:09:50,0.00346500,4.45000000
2018-02-27 07:09:50,0.00346500,2.90000000
2018-02-27 07:09:51,0.00346500,0.47000000
2018-02-27 07:09:51,0.00346500,37.51000000
2018-02-27 07:09:51,0.00346500,3.51000000
2018-02-27 07:09:51,0.00346500,15.43000000
2018-02-27 07:09:51,0.00346500,22.53000000
2018-02-27 07:09:52,0.00346500,0.47000000
2018-02-27 07:09:52,0.00346500,2.90000000
2018-02-27 07:09:53,0.00346500,1.27000000
2018-02-27 07:09:53,0.00346500,6.20000000
2018-02-27 07:09:54,0.00346500,0.47000000
2018-02-27 07:09:55,0.00346500,6.98000000
2018-02-27 07:09:55,0.00346500,0.58000000
2018-02-27 07:09:55,0.00346600,20.00000000
2018-02-27 07:09:55,0.00346500,2.00000000
2018-02-27 07:09:56,0.00346500,2.90000000
2018-02-27 07:09:56,0.00346500,32.24000000
2018-02-27 07:09:57,0.00346500,26.78000000
2018-02-27 07:09:57,0.00346100,4.96000000
2018-02-27 07:09:58,0.00346100,7.64000000
2018-02-27 07:09:59,0.00346200,0.57000000
2018-02-27 07:09:59,0.00346100,1.26000000
2018-02-27 07:10:00,0.00346600,25.14000000
2018-02-27 07:10:02,0.00346600,0.58000000
2018-02-27 07:10:03,0.00346100,52.00000000
2018-02-27 07:10:03,0.00346100,2.24000000
2018-02-27 07:10:06,0.00346100,1.02000000
2018-02-27 07:10:06,0.00346600,72.90000000
2018-02-27 07:10:08,0.00346100,766.90000000
2018-02-27 07:10:09,0.00346100,7.70000000
2018-02-27 07:10:10,0.00346600,19.58000000
2018-02-27 07:10:10,0.00346700,1.42000000
2018-02-27 07:10:10,0.00346700,4.15000000
2018-02-27 07:10:10,0.00346100,1.07000000
2018-02-27 07:10:11,0.00346700,2.03000000
2018-02-27 07:10:11,0.00346900,3.97000000
2018-02-27 07:10:12,0.00346900,2.00000000
2018-02-27 07:10:12,0.00346200,7.25000000
2018-02-27 07:10:16,0.00346200,1.41000000
2018-02-27 07:10:16,0.00346100,760.05000000
2018-02-27 07:10:17,0.00346100,124.34000000
2018-02-27 07:10:18,0.00346200,0.29000000
2018-02-27 07:10:18,0.00346100,0.75000000
2018-02-27 07:10:18,0.00346100,145.12000000
2018-02-27 07:10:19,0.00346100,108.32000000
2018-02-27 07:10:22,0.00346100,70.28000000
2018-02-27 07:10:24,0.00346500,25.82000000
2018-02-27 07:10:24,0.00346500,23.35000000
2018-02-27 07:10:24,0.00346100,107.85000000
2018-02-27 07:10:24,0.00346100,2.90000000
2018-02-27 07:10:25,0.00346100,4.00000000
2018-02-27 07:10:29,0.00346200,1.43000000
2018-02-27 07:10:32,0.00346100,60.67000000
2018-02-27 07:10:36,0.00346100,3.68000000
2018-02-27 07:10:36,0.00346100,4.42000000
2018-02-27 07:10:38,0.00346100,69.34000000
2018-02-27 07:10:44,0.00346100,4.00000000
2018-02-27 07:10:45,0.00346100,233.96000000
2018-02-27 07:10:45,0.00346200,0.87000000
2018-02-27 07:10:46,0.00346200,9.13000000
2018-02-27 07:10:46,0.00346100,60.87000000
2018-02-27 07:10:46,0.00346100,137.16000000
2018-02-27 07:10:48,0.00346100,59.91000000
2018-02-27 07:10:48,0.00346100,77.79000000
2018-02-27 07:10:53,0.00346200,1.00000000
2018-02-27 07:10:53,0.00346100,69.02000000
2018-02-27 07:10:56,0.00346200,4.00000000
2018-02-27 07:10:56,0.00346100,4.46000000
2018-02-27 07:10:57,0.00346600,13.00000000
2018-02-27 07:10:57,0.00346600,1.36000000
2018-02-27 07:11:04,0.00346600,11.38000000
2018-02-27 07:11:04,0.00346600,2.40000000
2018-02-27 07:11:05,0.00346600,2.66000000
2018-02-27 07:11:05,0.00346600,0.01000000
2018-02-27 07:11:06,0.00346100,2.67000000
2018-02-27 07:11:11,0.00346100,26.00000000
2018-02-27 07:11:13,0.00346200,0.09000000
2018-02-27 07:11:16,0.00346700,2.88000000
2018-02-27 07:11:20,0.00346200,25.12000000
2018-02-27 07:11:20,0.00346100,55.39000000
2018-02-27 07:11:20,0.00346000,241.85000000
2018-02-27 07:11:20,0.00346800,2.88000000
2018-02-27 07:11:22,0.00346700,2.88000000
2018-02-27 07:11:24,0.00346700,2.88000000
2018-02-27 07:11:27,0.00346100,3.53000000
2018-02-27 07:11:32,0.00346600,0.29000000
2018-02-27 07:11:32,0.00346700,2.59000000
2018-02-27 07:11:32,0.00346700,2.88000000
2018-02-27 07:11:35,0.00346200,2.41000000
2018-02-27 07:11:38,0.00346200,8.66000000
2018-02-27 07:11:40,0.00346700,2.88000000
2018-02-27 07:11:43,0.00346200,1.67000000
2018-02-27 07:11:43,0.00346200,9.52000000
2018-02-27 07:11:43,0.00346100,46.79000000
2018-02-27 07:11:43,0.00346200,1.67000000
2018-02-27 07:11:43,0.00346700,1.21000000
2018-02-27 07:11:48,0.00346700,2.88000000
2018-02-27 07:11:50,0.00346200,1.85000000
2018-02-27 07:11:51,0.00346200,2.45000000
2018-02-27 07:11:51,0.00346100,7.31000000
2018-02-27 07:11:56,0.00346200,0.63000000
2018-02-27 07:11:56,0.00346100,18.03000000
2018-02-27 07:11:56,0.00346600,2.88000000
2018-02-27 07:11:56,0.00346600,2.88000000
2018-02-27 07:11:57,0.00346600,4.04000000
2018-02-27 07:11:57,0.00346700,15.95000000
2018-02-27 07:11:57,0.00346900,32.01000000
2018-02-27 07:12:01,0.00346600,0.29000000
2018-02-27 07:12:06,0.00346200,0.69000000
2018-02-27 07:12:11,0.00346200,7.97000000
2018-02-27 07:12:12,0.00346300,2.11000000
2018-02-27 07:12:12,0.00346400,0.77000000
2018-02-27 07:12:13,0.00346400,4.23000000
2018-02-27 07:12:13,0.00346900,14.27000000
2018-02-27 07:12:13,0.00346100,0.01000000
2018-02-27 07:12:15,0.00346100,73.62000000
2018-02-27 07:12:18,0.00346000,0.73000000
2018-02-27 07:12:27,0.00346000,0.61000000
2018-02-27 07:12:31,0.00346000,9.72000000
2018-02-27 07:12:34,0.00346000,0.21000000
2018-02-27 07:12:35,0.00345900,25.12000000
2018-02-27 07:12:35,0.00345800,85.63000000
2018-02-27 07:12:35,0.00346000,2.79000000
2018-02-27 07:12:37,0.00346000,24.09000000
2018-02-27 07:12:37,0.00346000,1.13000000
2018-02-27 07:12:38,0.00346000,0.73000000
2018-02-27 07:12:38,0.00346000,24.09000000
2018-02-27 07:12:41,0.00346000,5.21000000
2018-02-27 07:12:42,0.00346300,2.50000000
2018-02-27 07:12:46,0.00346000,22.62000000
2018-02-27 07:12:46,0.00346100,46.33000000
2018-02-27 07:12:48,0.00346300,1.13000000
2018-02-27 07:12:48,0.00346300,21.04000000
2018-02-27 07:12:48,0.00346300,2.90000000
2018-02-27 07:12:52,0.00346300,2.90000000
2018-02-27 07:12:55,0.00346500,20.00000000
2018-02-27 07:12:55,0.00346500,3.35000000
2018-02-27 07:12:56,0.00346300,1.46000000
2018-02-27 07:12:57,0.00346300,2.90000000
2018-02-27 07:13:04,0.00346300,56.20000000
2018-02-27 07:13:04,0.00346500,7.00000000
2018-02-27 07:13:20,0.00346500,10.10000000
2018-02-27 07:13:22,0.00346500,35.00000000
2018-02-27 07:13:24,0.00346000,2.79000000
2018-02-27 07:13:26,0.00346000,0.19000000
2018-02-27 07:13:26,0.00346400,2.69000000
2018-02-27 07:13:32,0.00346300,0.85000000
2018-02-27 07:13:34,0.00346400,2.88000000
2018-02-27 07:13:40,0.00346400,1.20000000
2018-02-27 07:13:43,0.00346300,1.20000000
2018-02-27 07:13:43,0.00346300,7.88000000
2018-02-27 07:13:49,0.00345700,0.73000000
2018-02-27 07:13:51,0.00346300,2.88000000
2018-02-27 07:14:01,0.00346300,60.92000000
2018-02-27 07:14:01,0.00346400,53.08000000
2018-02-27 07:14:02,0.00345800,1.00000000
2018-02-27 07:14:03,0.00346300,9.17000000
2018-02-27 07:14:03,0.00346300,1.00000000
2018-02-27 07:14:04,0.00346400,2.88000000
2018-02-27 07:14:05,0.00346300,8.02000000
2018-02-27 07:14:12,0.00346400,2.88000000
2018-02-27 07:14:12,0.00346400,0.12000000
2018-02-27 07:14:13,0.00346400,2.88000000
2018-02-27 07:14:14,0.00346400,1.00000000
2018-02-27 07:14:16,0.00346400,0.43000000
2018-02-27 07:14:21,0.00346300,2.81000000
2018-02-27 07:14:22,0.00346400,3.35000000
2018-02-27 07:14:26,0.00346300,51.28000000
2018-02-27 07:14:29,0.00346400,2.88000000
2018-02-27 07:14:37,0.00346300,3.99000000
2018-02-27 07:14:41,0.00346300,1.00000000
2018-02-27 07:14:47,0.00346300,1.44000000
2018-02-27 07:14:47,0.00346300,8.66000000
2018-02-27 07:14:57,0.00346400,2.88000000
2018-02-27 07:14:58,0.00346400,2.88000000
2018-02-27 07:15:01,0.00346400,103.19000000
2018-02-27 07:15:02,0.00346300,5.55000000
2018-02-27 07:15:04,0.00346300,9.96000000
2018-02-27 07:15:04,0.00346400,1.01000000
2018-02-27 07:15:07,0.00346300,2.78000000
2018-02-27 07:15:08,0.00346300,32.48000000
2018-02-27 07:15:15,0.00346300,12.76000000
2018-02-27 07:15:16,0.00346300,1.03000000
2018-02-27 07:15:21,0.00346400,2.00000000
2018-02-27 07:15:21,0.00346300,66.07000000
2018-02-27 07:15:21,0.00346300,2.05000000
2018-02-27 07:15:22,0.00346500,1.92000000
2018-02-27 07:15:22,0.00346600,0.96000000
2018-02-27 07:15:22,0.00346300,2.78000000
2018-02-27 07:15:23,0.00346300,16.44000000
2018-02-27 07:15:27,0.00346300,0.30000000
2018-02-27 07:15:31,0.00346300,2.08000000
2018-02-27 07:15:31,0.00346300,14.68000000
2018-02-27 07:15:34,0.00346300,159.63000000
2018-02-27 07:15:41,0.00346000,2.78000000
2018-02-27 07:15:42,0.00346000,73.90000000
2018-02-27 07:15:42,0.00346000,2.88000000
2018-02-27 07:15:46,0.00346000,2.88000000
2018-02-27 07:15:46,0.00346000,2.88000000
2018-02-27 07:15:49,0.00346000,2.89000000
2018-02-27 07:15:51,0.00346000,2.89000000
2018-02-27 07:15:51,0.00346000,2.89000000
2018-02-27 07:15:52,0.00346000,1.75000000
2018-02-27 07:15:53,0.00346000,144.50000000
2018-02-27 07:15:53,0.00346000,41.23000000
2018-02-27 07:15:59,0.00346000,0.15000000
2018-02-27 07:16:04,0.00346300,2.88000000
2018-02-27 07:16:04,0.00346000,34.49000000
2018-02-27 07:16:05,0.00346000,63.58000000
2018-02-27 07:16:06,0.00346000,2.88000000
2018-02-27 07:16:11,0.00346300,25.87000000
2018-02-27 07:16:11,0.00346500,37.77000000
2018-02-27 07:16:11,0.00346600,8.55000000
2018-02-27 07:16:17,0.00346600,2.89000000
2018-02-27 07:16:18,0.00346600,2.89000000
2018-02-27 07:16:20,0.00346600,2.88000000
2018-02-27 07:16:23,0.00346600,49.04000000
2018-02-27 07:16:26,0.00346600,10.87000000
2018-02-27 07:16:29,0.00346600,14.72000000
2018-02-27 07:16:33,0.00345700,0.26000000
2018-02-27 07:16:42,0.00346600,2.88000000
2018-02-27 07:16:45,0.00346600,2.88000000
2018-02-27 07:16:47,0.00346600,5.77000000
2018-02-27 07:16:50,0.00346300,8.65000000
2018-02-27 07:16:52,0.00346600,2.88000000
2018-02-27 07:16:53,0.00346600,2.00000000
2018-02-27 07:17:00,0.00346400,2.30000000
2018-02-27 07:17:02,0.00346400,7.23000000
2018-02-27 07:17:02,0.00346600,16.00000000
2018-02-27 07:17:02,0.00346600,21.89000000
2018-02-27 07:17:03,0.00346600,8.40000000
2018-02-27 07:17:03,0.00346600,2.88000000
2018-02-27 07:17:04,0.00346600,9.82000000
2018-02-27 07:17:04,0.00346600,8.62000000
2018-02-27 07:17:04,0.00346600,8.62000000
2018-02-27 07:17:04,0.00346600,21.89000000
2018-02-27 07:17:05,0.00346600,8.62000000
2018-02-27 07:17:05,0.00346600,3.36000000
2018-02-27 07:17:05,0.00346900,5.26000000
2018-02-27 07:17:08,0.00346200,0.35000000
2018-02-27 07:17:12,0.00346600,7.40000000
2018-02-27 07:17:15,0.00346900,21.07000000
2018-02-27 07:17:16,0.00346900,51.20000000
2018-02-27 07:17:16,0.00346900,0.29000000
2018-02-27 07:17:21,0.00346900,2.88000000
2018-02-27 07:17:22,0.00346900,14.75000000
2018-02-27 07:17:23,0.00346400,30.93000000
2018-02-27 07:17:23,0.00346300,105.64000000
2018-02-27 07:17:27,0.00346900,15.87000000
2018-02-27 07:17:28,0.00346900,19.04000000
2018-02-27 07:17:28,0.00347000,11.28000000
2018-02-27 07:17:31,0.00347000,33.10000000
2018-02-27 07:17:32,0.00347000,8.60000000
2018-02-27 07:17:32,0.00347000,8.60000000
2018-02-27 07:17:33,0.00347000,2.88000000
2018-02-27 07:17:33,0.00347000,7.40000000
2018-02-27 07:17:33,0.00347000,8.60000000
2018-02-27 07:17:34,0.00347000,9.94000000
2018-02-27 07:17:34,0.00347000,9.94000000
2018-02-27 07:17:35,0.00347000,7.39000000
2018-02-27 07:17:35,0.00347000,2.03000000
2018-02-27 07:17:35,0.00347100,5.34000000
2018-02-27 07:17:35,0.00347300,1.66000000
2018-02-27 07:17:36,0.00347000,2.03000000
2018-02-27 07:17:36,0.00347000,0.87000000
2018-02-27 07:17:37,0.00347300,1.44000000
2018-02-27 07:17:38,0.00347000,10.00000000
2018-02-27 07:17:41,0.00347000,1.20000000
2018-02-27 07:17:46,0.00347100,9.99000000
2018-02-27 07:17:48,0.00347200,43.00000000
2018-02-27 07:17:50,0.00347200,22.16000000
2018-02-27 07:17:51,0.00347100,1.23000000
2018-02-27 07:17:51,0.00347200,2.00000000
2018-02-27 07:17:52,0.00347200,33.37000000
2018-02-27 07:17:53,0.00347200,3.95000000
2018-02-27 07:17:54,0.00347200,10.00000000
2018-02-27 07:17:54,0.00347100,2.33000000
2018-02-27 07:17:54,0.00347200,7.40000000
2018-02-27 07:17:57,0.00347200,11.03000000
2018-02-27 07:17:59,0.00347200,7.87000000
2018-02-27 07:17:59,0.00347200,10.93000000
2018-02-27 07:18:02,0.00347200,11.91000000
2018-02-27 07:18:03,0.00347200,10.00000000
2018-02-27 07:18:08,0.00346900,38.78000000
2018-02-27 07:18:10,0.00347200,5.70000000
2018-02-27 07:18:11,0.00347200,3.85000000
2018-02-27 07:18:12,0.00346900,1.02000000
2018-02-27 07:18:13,0.00346900,9.48000000
2018-02-27 07:18:16,0.00347100,1.54000000
2018-02-27 07:18:18,0.00347200,288.91000000
2018-02-27 07:18:23,0.00347300,3.87000000
2018-02-27 07:18:23,0.00347400,6.39000000
2018-02-27 07:18:23,0.00347500,5.86000000
2018-02-27 07:18:24,0.00347500,4.00000000
2018-02-27 07:18:27,0.00347500,1.12000000
2018-02-27 07:18:29,0.00347500,49.70000000
2018-02-27 07:18:29,0.00347500,70.00000000
2018-02-27 07:18:30,0.00347400,56.55000000
2018-02-27 07:18:30,0.00347500,97.37000000
2018-02-27 07:18:31,0.00347500,2.27000000
2018-02-27 07:18:33,0.00347500,2.33000000
2018-02-27 07:18:33,0.00347500,0.29000000
2018-02-27 07:18:33,0.00347500,11.50000000
2018-02-27 07:18:38,0.00347600,2.87000000
2018-02-27 07:18:39,0.00347600,2.87000000
2018-02-27 07:18:39,0.00347500,2.87000000
2018-02-27 07:18:40,0.00347600,25.11000000
2018-02-27 07:18:41,0.00347600,26.21000000
2018-02-27 07:18:45,0.00347700,2.87000000
2018-02-27 07:18:45,0.00347600,2.89000000
2018-02-27 07:18:48,0.00347600,0.73000000
2018-02-27 07:18:50,0.00347700,2.87000000
2018-02-27 07:18:50,0.00347600,2.33000000
2018-02-27 07:18:51,0.00347600,5.48000000
2018-02-27 07:18:52,0.00347600,3.08000000
2018-02-27 07:18:59,0.00347700,6.38000000
2018-02-27 07:18:59,0.00347800,3.08000000
2018-02-27 07:18:59,0.00347900,4.44000000
2018-02-27 07:18:59,0.00348000,14.81000000
2018-02-27 07:18:59,0.00348200,2.50000000
2018-02-27 07:18:59,0.00348300,1.96000000
2018-02-27 07:18:59,0.00348400,0.56000000
2018-02-27 07:18:59,0.00348500,118.32000000
2018-02-27 07:18:59,0.00348600,6.97000000
2018-02-27 07:18:59,0.00348700,500.00000000
2018-02-27 07:18:59,0.00348800,65.83000000
2018-02-27 07:18:59,0.00348900,171.19000000
2018-02-27 07:19:00,0.00348100,44.96000000
2018-02-27 07:19:00,0.00348900,16.04000000
2018-02-27 07:19:01,0.00348800,0.57000000
2018-02-27 07:19:01,0.00348900,158.34000000
2018-02-27 07:19:01,0.00348900,632.69000000
2018-02-27 07:19:03,0.00349000,0.79000000
2018-02-27 07:19:03,0.00348000,5.73000000
2018-02-27 07:19:04,0.00348000,1.01000000
2018-02-27 07:19:04,0.00348900,2.86000000
2018-02-27 07:19:07,0.00347900,0.31000000
2018-02-27 07:19:09,0.00347900,1.57000000
2018-02-27 07:19:10,0.00348500,0.31000000
2018-02-27 07:19:10,0.00348600,2.55000000
2018-02-27 07:19:10,0.00348500,1.57000000
2018-02-27 07:19:10,0.00348600,4.19000000
2018-02-27 07:19:10,0.00348600,5.07000000
2018-02-27 07:19:10,0.00348600,7.07000000
2018-02-27 07:19:10,0.00347800,5.07000000
2018-02-27 07:19:10,0.00347800,0.89000000
2018-02-27 07:19:11,0.00347800,0.56000000
2018-02-27 07:19:12,0.00347800,1.45000000
2018-02-27 07:19:13,0.00348700,15.00000000
2018-02-27 07:19:14,0.00348700,2.86000000
2018-02-27 07:19:18,0.00347900,3.68000000
2018-02-27 07:19:20,0.00348000,0.58000000
2018-02-27 07:19:23,0.00348700,0.58000000
2018-02-27 07:19:23,0.00348800,2.28000000
2018-02-27 07:19:25,0.00348000,3.10000000
2018-02-27 07:19:25,0.00348000,2.71000000
2018-02-27 07:19:25,0.00347900,42.18000000
2018-02-27 07:19:27,0.00348600,13.50000000
2018-02-27 07:19:27,0.00348500,0.57000000
2018-02-27 07:19:28,0.00347900,2.43000000
2018-02-27 07:19:29,0.00348100,0.90000000
2018-02-27 07:19:29,0.00348400,3.99000000
2018-02-27 07:19:30,0.00348100,10.00000000
2018-02-27 07:19:30,0.00348100,2.87000000
2018-02-27 07:19:30,0.00348100,2.86000000
2018-02-27 07:19:30,0.00348100,2.87000000
2018-02-27 07:19:31,0.00348100,2.15000000
2018-02-27 07:19:31,0.00348100,1.60000000
2018-02-27 07:19:31,0.00348100,1.51000000
2018-02-27 07:19:32,0.00348100,1.60000000
2018-02-27 07:19:32,0.00348100,0.72000000
2018-02-27 07:19:32,0.00348400,1.33000000
2018-02-27 07:19:36,0.00348400,2.87000000
2018-02-27 07:19:37,0.00348200,11.83000000
2018-02-27 07:19:37,0.00348200,2.87000000
2018-02-27 07:19:38,0.00348200,8.81000000
2018-02-27 07:19:39,0.00348200,11.25000000
2018-02-27 07:19:40,0.00348400,2.87000000
2018-02-27 07:19:41,0.00348200,0.72000000
2018-02-27 07:19:42,0.00348100,0.01000000
2018-02-27 07:19:43,0.00348400,1.00000000
2018-02-27 07:19:43,0.00348400,7.56000000
2018-02-27 07:19:44,0.00348400,1.00000000
2018-02-27 07:19:44,0.00348400,9.24000000
2018-02-27 07:19:45,0.00348400,4.41000000
2018-02-27 07:19:45,0.00348500,2.86000000
2018-02-27 07:19:45,0.00348500,2.86000000
2018-02-27 07:19:45,0.00348500,2.86000000
2018-02-27 07:19:45,0.00348500,2.86000000
2018-02-27 07:19:46,0.00348500,2.86000000
2018-02-27 07:19:46,0.00348500,2.85000000
2018-02-27 07:19:46,0.00348500,2.86000000
2018-02-27 07:19:46,0.00348500,3.68000000
2018-02-27 07:19:47,0.00348400,10.24000000
2018-02-27 07:19:48,0.00348400,16.87000000
2018-02-27 07:19:50,0.00348500,0.62000000
2018-02-27 07:19:52,0.00348400,1.43000000
2018-02-27 07:19:52,0.00348500,5.33000000
2018-02-27 07:19:53,0.00348400,8.00000000
2018-02-27 07:19:53,0.00348500,15.65000000
2018-02-27 07:19:53,0.00348900,12.59000000
2018-02-27 07:19:58,0.00348900,13.50000000
2018-02-27 07:19:58,0.00348500,7.07000000
2018-02-27 07:19:58,0.00348500,0.55000000
2018-02-27 07:19:59,0.00348500,0.56000000
2018-02-27 07:20:01,0.00348900,17.20000000
2018-02-27 07:20:03,0.00348900,7.00000000
2018-02-27 07:20:03,0.00348900,11.32000000
2018-02-27 07:20:05,0.00348800,1.23000000
2018-02-27 07:20:05,0.00348500,1.76000000
2018-02-27 07:20:07,0.00348600,2.58000000
2018-02-27 07:20:08,0.00348600,1.10000000
2018-02-27 07:20:08,0.00348600,3.00000000
2018-02-27 07:20:09,0.00348900,2.86000000
2018-02-27 07:20:09,0.00348700,2.75000000
2018-02-27 07:20:09,0.00348600,4.54000000
2018-02-27 07:20:10,0.00348900,2.86000000
2018-02-27 07:20:12,0.00348900,40.06000000
2018-02-27 07:20:13,0.00348900,1.93000000
2018-02-27 07:20:14,0.00349000,43.09000000
2018-02-27 07:20:14,0.00348900,4.44000000
2018-02-27 07:20:15,0.00348700,2.86000000
2018-02-27 07:20:20,0.00349000,2.86000000
2018-02-27 07:20:20,0.00349000,2.86000000
2018-02-27 07:20:21,0.00348900,2.37000000
2018-02-27 07:20:23,0.00348900,0.76000000
2018-02-27 07:20:24,0.00348900,5.30000000
2018-02-27 07:20:24,0.00348700,36.38000000
2018-02-27 07:20:25,0.00349000,5.03000000
2018-02-27 07:20:27,0.00349000,6.00000000
2018-02-27 07:20:27,0.00349000,2.86000000
2018-02-27 07:20:29,0.00349000,12.61000000
2018-02-27 07:20:32,0.00348900,2.25000000
2018-02-27 07:20:33,0.00349000,0.02000000
2018-02-27 07:20:37,0.00348900,2.86000000
2018-02-27 07:20:40,0.00348900,2.21000000
2018-02-27 07:20:41,0.00348900,10.00000000
2018-02-27 07:20:45,0.00348900,34.38000000
2018-02-27 07:20:47,0.00349000,3.57000000
2018-02-27 07:20:47,0.00349000,10.00000000
2018-02-27 07:20:51,0.00348900,4.28000000
2018-02-27 07:20:51,0.00349000,14.77000000
2018-02-27 07:20:54,0.00348900,16.82000000
2018-02-27 07:21:00,0.00349100,1.20000000
2018-02-27 07:21:00,0.00349200,5.81000000
2018-02-27 07:21:00,0.00349300,21.53000000
2018-02-27 07:21:00,0.00349400,36.78000000
2018-02-27 07:21:00,0.00349500,47.17000000
2018-02-27 07:21:03,0.00349500,35.00000000
2018-02-27 07:21:06,0.00349000,9.16000000
2018-02-27 07:21:07,0.00349100,11.46000000
2018-02-27 07:21:11,0.00349200,9.16000000
2018-02-27 07:21:11,0.00349300,9.16000000
2018-02-27 07:21:11,0.00349500,42.76000000
2018-02-27 07:21:12,0.00349200,9.16000000
2018-02-27 07:21:13,0.00349200,0.40000000
2018-02-27 07:21:13,0.00349100,8.59000000
2018-02-27 07:21:14,0.00349300,2.86000000
2018-02-27 07:21:17,0.00349100,0.56000000
2018-02-27 07:21:17,0.00349300,6.30000000
2018-02-27 07:21:19,0.00349300,2.31000000
2018-02-27 07:21:20,0.00349300,0.95000000
2018-02-27 07:21:21,0.00349300,6.45000000
2018-02-27 07:21:22,0.00349400,10.11000000
2018-02-27 07:21:24,0.00349400,2.86000000
2018-02-27 07:21:26,0.00349400,39.66000000
2018-02-27 07:21:26,0.00349400,2.86000000
2018-02-27 07:21:27,0.00349400,20.90000000
2018-02-27 07:21:27,0.00349300,1.15000000
2018-02-27 07:21:27,0.00349500,2.86000000
2018-02-27 07:21:28,0.00349300,11.00000000
2018-02-27 07:21:30,0.00349300,12.99000000
2018-02-27 07:21:32,0.00349500,9.65000000
2018-02-27 07:21:34,0.00349500,11.79000000
2018-02-27 07:21:36,0.00349500,1.65000000
2018-02-27 07:21:39,0.00349300,0.02000000
2018-02-27 07:21:40,0.00349500,119.59000000
2018-02-27 07:21:42,0.00349500,33.67000000
2018-02-27 07:21:42,0.00349300,0.38000000
2018-02-27 07:21:42,0.00349200,153.11000000
2018-02-27 07:21:44,0.00349200,1.44000000
2018-02-27 07:21:44,0.00349500,126.57000000
2018-02-27 07:21:44,0.00349200,21.60000000
2018-02-27 07:21:44,0.00349200,4.48000000
2018-02-27 07:21:44,0.00349200,2.07000000
2018-02-27 07:21:44,0.00349400,25.08000000
2018-02-27 07:21:44,0.00349500,6.62000000
2018-02-27 07:21:44,0.00349100,0.79000000
2018-02-27 07:21:46,0.00349100,1.00000000
2018-02-27 07:21:46,0.00349300,0.56000000
2018-02-27 07:21:46,0.00349300,2.30000000
2018-02-27 07:21:46,0.00349400,1.13000000
2018-02-27 07:21:46,0.00349300,6.35000000
2018-02-27 07:21:48,0.00349300,0.73000000
2018-02-27 07:21:48,0.00349300,1.34000000
2018-02-27 07:21:48,0.00349400,23.80000000
2018-02-27 07:21:48,0.00349500,79.16000000
2018-02-27 07:21:48,0.00349600,92.89000000
2018-02-27 07:21:51,0.00349300,10.52000000
2018-02-27 07:21:52,0.00349300,7.12000000
2018-02-27 07:21:55,0.00349600,0.02000000
2018-02-27 07:21:56,0.00349600,18.39000000
2018-02-27 07:21:56,0.00349700,21.45000000
2018-02-27 07:21:58,0.00349700,29.17000000
2018-02-27 07:21:58,0.00349800,68.26000000
2018-02-27 07:21:58,0.00349900,94.03000000
2018-02-27 07:21:58,0.00350000,400.24000000
2018-02-27 07:21:58,0.00349300,5.40000000
2018-02-27 07:22:04,0.00349500,8.58000000
2018-02-27 07:22:05,0.00349500,0.30000000
2018-02-27 07:22:06,0.00350000,60.12000000
2018-02-27 07:22:12,0.00349500,7.22000000
2018-02-27 07:22:13,0.00349400,0.17000000
2018-02-27 07:22:13,0.00349500,0.06000000
2018-02-27 07:22:13,0.00350000,115.64000000
2018-02-27 07:22:13,0.00349400,1.00000000
2018-02-27 07:22:16,0.00350000,2.85000000
2018-02-27 07:22:17,0.00350000,3.68000000
2018-02-27 07:22:19,0.00350000,39.66000000
2018-02-27 07:22:21,0.00350000,104.94000000
2018-02-27 07:22:24,0.00349500,0.02000000
2018-02-27 07:22:24,0.00349400,11.44000000
2018-02-27 07:22:28,0.00349900,1.17000000
2018-02-27 07:22:28,0.00350000,18.81000000
2018-02-27 07:22:28,0.00350100,8.16000000
2018-02-27 07:22:28,0.00350200,1.80000000
2018-02-27 07:22:28,0.00350300,34.99000000
2018-02-27 07:22:28,0.00350500,14.19000000
2018-02-27 07:22:31,0.00350000,21.68000000
2018-02-27 07:22:31,0.00350000,16.08000000
2018-02-27 07:22:33,0.00350000,40.53000000
2018-02-27 07:22:34,0.00350000,366.18000000
2018-02-27 07:22:35,0.00350000,19.75000000
2018-02-27 07:22:35,0.00350100,1.08000000
2018-02-27 07:22:35,0.00350100,1.66000000
2018-02-27 07:22:35,0.00349500,79.68000000
2018-02-27 07:22:37,0.00349600,0.81000000
2018-02-27 07:22:37,0.00349600,0.73000000
2018-02-27 07:22:37,0.00349600,7.04000000
2018-02-27 07:22:37,0.00349500,0.72000000
2018-02-27 07:22:38,0.00349500,1.45000000
2018-02-27 07:22:38,0.00349500,2.32000000
2018-02-27 07:22:38,0.00349500,2.00000000
2018-02-27 07:22:39,0.00349600,9.18000000
2018-02-27 07:22:40,0.00349500,0.73000000
2018-02-27 07:22:41,0.00349500,6.37000000
2018-02-27 07:22:41,0.00349500,1.36000000
2018-02-27 07:22:41,0.00349500,0.73000000
2018-02-27 07:22:41,0.00349500,14.00000000
2018-02-27 07:22:43,0.00349500,1.51000000
2018-02-27 07:22:43,0.00349500,0.63000000
2018-02-27 07:22:49,0.00350000,1.12000000
2018-02-27 07:22:50,0.00350000,23.74000000
2018-02-27 07:22:51,0.00350000,8.57000000
2018-02-27 07:22:53,0.00350000,1.44000000
2018-02-27 07:22:55,0.00350100,8.58000000
2018-02-27 07:22:55,0.00350500,232.15000000
2018-02-27 07:22:55,0.00350500,16.37000000
2018-02-27 07:22:55,0.00350500,3.96000000
2018-02-27 07:22:56,0.00350500,10.25000000
2018-02-27 07:22:56,0.00350500,18.89000000
2018-02-27 07:22:56,0.00350500,0.57000000
2018-02-27 07:22:57,0.00350500,0.53000000
2018-02-27 07:22:57,0.00350500,3.61000000
2018-02-27 07:22:58,0.00350000,1.09000000
2018-02-27 07:23:02,0.00350000,9.15000000
2018-02-27 07:23:02,0.00350000,1.32000000
2018-02-27 07:23:04,0.00350000,0.87000000
2018-02-27 07:23:04,0.00350000,0.88000000
2018-02-27 07:23:04,0.00350000,0.87000000
2018-02-27 07:23:04,0.00350000,1.45000000
2018-02-27 07:23:04,0.00350000,1.64000000
2018-02-27 07:23:05,0.00350000,1.45000000
2018-02-27 07:23:05,0.00350400,0.57000000
2018-02-27 07:23:06,0.00350100,0.58000000
2018-02-27 07:23:06,0.00350400,20.00000000
2018-02-27 07:23:07,0.00350400,5.82000000
2018-02-27 07:23:08,0.00350400,0.46000000
2018-02-27 07:23:08,0.00350400,8.56000000
2018-02-27 07:23:09,0.00350400,7.95000000
2018-02-27 07:23:10,0.00350400,1.45000000
2018-02-27 07:23:11,0.00350400,1.68000000
2018-02-27 07:23:12,0.00350400,0.02000000
2018-02-27 07:23:12,0.00350100,2.15000000
2018-02-27 07:23:12,0.00350000,4.94000000
2018-02-27 07:23:15,0.00350000,0.43000000
2018-02-27 07:23:15,0.00350000,0.87000000
2018-02-27 07:23:15,0.00350000,2.05000000
2018-02-27 07:23:15,0.00350000,11.92000000
2018-02-27 07:23:16,0.00350100,0.32000000
2018-02-27 07:23:16,0.00350100,0.27000000
2018-02-27 07:23:16,0.00350000,0.46000000
2018-02-27 07:23:17,0.00350000,1.11000000
2018-02-27 07:23:17,0.00350000,0.89000000
2018-02-27 07:23:18,0.00350000,0.73000000
2018-02-27 07:23:18,0.00350500,2.50000000
2018-02-27 07:23:18,0.00350000,3.15000000
2018-02-27 07:23:18,0.00350000,2.61000000
2018-02-27 07:23:19,0.00350000,5.61000000
2018-02-27 07:23:22,0.00350000,0.36000000
2018-02-27 07:23:26,0.00350000,1.37000000
2018-02-27 07:23:27,0.00350500,1.78000000
2018-02-27 07:23:27,0.00350500,1.08000000
2018-02-27 07:23:28,0.00350500,5.70000000
2018-02-27 07:23:28,0.00350500,2.31000000
2018-02-27 07:23:29,0.00350500,1.53000000
2018-02-27 07:23:30,0.00350600,8.79000000
2018-02-27 07:23:30,0.00350800,2.67000000
2018-02-27 07:23:30,0.00350900,6.13000000
2018-02-27 07:23:30,0.00351000,5.58000000
2018-02-27 07:23:30,0.00351100,1.81000000
2018-02-27 07:23:30,0.00351200,1.24000000
2018-02-27 07:23:30,0.00351300,6.97000000
2018-02-27 07:23:30,0.00351400,1.29000000
2018-02-27 07:23:30,0.00351500,36.00000000
2018-02-27 07:23:30,0.00351600,10.33000000
2018-02-27 07:23:30,0.00351800,1.42000000
2018-02-27 07:23:30,0.00351900,40.14000000
2018-02-27 07:23:30,0.00352000,157.63000000
2018-02-27 07:23:30,0.00352000,26.22000000
2018-02-27 07:23:30,0.00352100,85.14000000
2018-02-27 07:23:30,0.00352200,22.43000000
2018-02-27 07:23:30,0.00352300,0.40000000
2018-02-27 07:23:30,0.00352400,8.44000000
2018-02-27 07:23:30,0.00352500,66.04000000
2018-02-27 07:23:31,0.00350400,7.92000000
2018-02-27 07:23:34,0.00350700,0.64000000
2018-02-27 07:23:34,0.00350400,5.70000000
2018-02-27 07:23:35,0.00351600,0.64000000
2018-02-27 07:23:35,0.00351700,7.92000000
2018-02-27 07:23:35,0.00352400,91.44000000
2018-02-27 07:23:35,0.00352400,2.85000000
2018-02-27 07:23:36,0.00351100,0.85000000
2018-02-27 07:23:36,0.00350600,0.21000000
2018-02-27 07:23:38,0.00351700,20.35000000
2018-02-27 07:23:38,0.00351200,0.85000000
2018-02-27 07:23:38,0.00350700,0.57000000
2018-02-27 07:23:40,0.00350800,0.85000000
2018-02-27 07:23:41,0.00350800,0.56000000
2018-02-27 07:23:43,0.00351200,1.67000000
2018-02-27 07:23:43,0.00351700,0.02000000
2018-02-27 07:23:43,0.00352300,1.15000000
2018-02-27 07:23:43,0.00352300,2.84000000
2018-02-27 07:23:43,0.00351100,0.85000000
2018-02-27 07:23:43,0.00350800,0.15000000
2018-02-27 07:23:44,0.00350900,4.24000000
2018-02-27 07:23:44,0.00350900,18.46000000
2018-02-27 07:23:44,0.00352100,2.84000000
2018-02-27 07:23:44,0.00351000,1.71000000
2018-02-27 07:23:44,0.00352000,2.13000000
2018-02-27 07:23:44,0.00352100,0.35000000
2018-02-27 07:23:44,0.00352200,0.36000000
2018-02-27 07:23:44,0.00351000,8.54000000
2018-02-27 07:23:44,0.00351000,8.54000000
2018-02-27 07:23:44,0.00351000,1.42000000
2018-02-27 07:23:44,0.00350900,5.39000000
2018-02-27 07:23:44,0.00350800,1.73000000
2018-02-27 07:23:44,0.00352200,27.87000000
2018-02-27 07:23:44,0.00352300,15.68000000
2018-02-27 07:23:44,0.00352400,82.15000000
2018-02-27 07:23:45,0.00350800,8.54000000
2018-02-27 07:23:45,0.00350800,8.54000000
2018-02-27 07:23:45,0.00350800,8.54000000
2018-02-27 07:23:45,0.00350800,8.54000000
2018-02-27 07:23:45,0.00350900,8.54000000
2018-02-27 07:23:45,0.00350900,3.99000000
2018-02-27 07:23:45,0.00351000,3.20000000
2018-02-27 07:23:45,0.00350900,55.57000000
2018-02-27 07:23:46,0.00350900,0.85000000
2018-02-27 07:23:46,0.00350900,12.95000000
2018-02-27 07:23:46,0.00351000,2.53000000
2018-02-27 07:23:46,0.00350900,3.00000000
2018-02-27 07:23:47,0.00351000,0.43000000
2018-02-27 07:23:47,0.00350900,11.60000000
2018-02-27 07:23:47,0.00351000,2.84000000
2018-02-27 07:23:47,0.00350900,19.94000000
2018-02-27 07:23:47,0.00350900,24.90000000
2018-02-27 07:23:48,0.00351000,2.17000000
2018-02-27 07:23:48,0.00351000,0.43000000
2018-02-27 07:23:48,0.00351900,3.20000000
2018-02-27 07:23:48,0.00352000,0.85000000
2018-02-27 07:23:48,0.00352200,14.22000000
2018-02-27 07:23:48,0.00352300,68.10000000
2018-02-27 07:23:48,0.00352300,79.10000000
2018-02-27 07:23:48,0.00352300,9.90000000
2018-02-27 07:23:48,0.00352300,2.83000000
2018-02-27 07:23:48,0.00352300,2.83000000
2018-02-27 07:23:49,0.00352300,0.56000000
2018-02-27 07:23:49,0.00352300,1.84000000
2018-02-27 07:23:49,0.00352300,0.46000000
2018-02-27 07:23:49,0.00352300,0.20000000
2018-02-27 07:23:50,0.00351100,0.85000000
2018-02-27 07:23:51,0.00351100,7.00000000
2018-02-27 07:23:52,0.00351100,0.02000000
2018-02-27 07:23:53,0.00351000,2.11000000
2018-02-27 07:23:54,0.00350900,5.52000000
2018-02-27 07:23:54,0.00350900,19.94000000
2018-02-27 07:23:54,0.00350900,0.32000000
2018-02-27 07:23:54,0.00350900,11.60000000
2018-02-27 07:23:55,0.00351000,7.62000000
2018-02-27 07:23:55,0.00350900,0.29000000
2018-02-27 07:23:56,0.00350900,0.58000000
2018-02-27 07:23:57,0.00350900,0.25000000
2018-02-27 07:23:57,0.00350900,11.60000000
2018-02-27 07:23:57,0.00350900,0.39000000
2018-02-27 07:23:57,0.00351000,3.98000000
2018-02-27 07:23:57,0.00351100,3.73000000
2018-02-27 07:23:57,0.00351100,0.02000000
2018-02-27 07:23:57,0.00350900,0.55000000
2018-02-27 07:23:57,0.00350900,15.26000000
2018-02-27 07:23:58,0.00350900,21.61000000
2018-02-27 07:23:58,0.00350900,11.60000000
2018-02-27 07:23:59,0.00351000,5.36000000
2018-02-27 07:23:59,0.00351000,10.39000000
2018-02-27 07:24:00,0.00351000,9.41000000
2018-02-27 07:24:00,0.00351000,3.69000000
2018-02-27 07:24:00,0.00351000,0.56000000
2018-02-27 07:24:01,0.00351000,1.58000000
2018-02-27 07:24:01,0.00351000,1.14000000
2018-02-27 07:24:02,0.00351000,1.58000000
2018-02-27 07:24:03,0.00351600,12.00000000
2018-02-27 07:24:04,0.00351000,1.14000000
2018-02-27 07:24:04,0.00351000,113.96000000
2018-02-27 07:24:05,0.00351000,23.78000000
2018-02-27 07:24:05,0.00351000,145.39000000
2018-02-27 07:24:06,0.00351000,4.20000000
2018-02-27 07:24:06,0.00351000,0.56000000
2018-02-27 07:24:10,0.00351000,1.42000000
2018-02-27 07:24:10,0.00351000,4.03000000
2018-02-27 07:24:11,0.00351000,1.45000000
2018-02-27 07:24:12,0.00351000,2.09000000
2018-02-27 07:24:13,0.00351000,1.70000000
2018-02-27 07:24:14,0.00351600,2.84000000
2018-02-27 07:24:15,0.00351100,1.42000000
2018-02-27 07:24:15,0.00351200,18.90000000
2018-02-27 07:24:15,0.00351100,99.29000000
2018-02-27 07:24:15,0.00351200,6.33000000
2018-02-27 07:24:16,0.00351200,11.37000000
2018-02-27 07:24:16,0.00351200,8.54000000
2018-02-27 07:24:16,0.00351200,8.54000000
2018-02-27 07:24:16,0.00351200,8.54000000
2018-02-27 07:24:16,0.00351200,8.54000000
2018-02-27 07:24:17,0.00351200,8.19000000
2018-02-27 07:24:17,0.00351100,0.35000000
2018-02-27 07:24:17,0.00351100,8.54000000
2018-02-27 07:24:17,0.00351100,8.54000000
2018-02-27 07:24:17,0.00351100,8.54000000
2018-02-27 07:24:17,0.00351100,25.62000000
2018-02-27 07:24:17,0.00351100,53.32000000
2018-02-27 07:24:17,0.00351100,8.54000000
2018-02-27 07:24:17,0.00351100,8.54000000
2018-02-27 07:24:17,0.00351100,8.54000000
2018-02-27 07:24:17,0.00351100,8.54000000
2018-02-27 07:24:17,0.00351100,8.54000000
2018-02-27 07:24:17,0.00351100,8.54000000
2018-02-27 07:24:17,0.00351100,8.54000000
2018-02-27 07:24:17,0.00351600,10.85000000
2018-02-27 07:24:17,0.00351700,8.52000000
2018-02-27 07:24:17,0.00351800,2.40000000
2018-02-27 07:24:17,0.00352000,2.36000000
2018-02-27 07:24:17,0.00352100,33.35000000
2018-02-27 07:24:18,0.00352100,56.40000000
2018-02-27 07:24:18,0.00352300,3.20000000
2018-02-27 07:24:18,0.00352400,9.55000000
2018-02-27 07:24:18,0.00352500,50.85000000
2018-02-27 07:24:19,0.00351300,3.09000000
2018-02-27 07:24:19,0.00351200,32.31000000
2018-02-27 07:24:21,0.00351100,32.45000000
2018-02-27 07:24:22,0.00352000,1.00000000
2018-02-27 07:24:22,0.00352100,1.84000000
2018-02-27 07:24:22,0.00352100,8.54000000
2018-02-27 07:24:23,0.00351200,2.27000000
2018-02-27 07:24:23,0.00351100,4.19000000
2018-02-27 07:24:23,0.00352100,13.39000000
2018-02-27 07:24:23,0.00352200,8.54000000
2018-02-27 07:24:23,0.00352500,93.07000000
2018-02-27 07:24:23,0.00351100,17.08000000
2018-02-27 07:24:27,0.00351700,65.03000000
2018-02-27 07:24:27,0.00351100,8.51000000
2018-02-27 07:24:29,0.00351300,0.90000000
2018-02-27 07:24:29,0.00351300,9.83000000
2018-02-27 07:24:29,0.00351100,2.07000000
2018-02-27 07:24:31,0.00351800,3.97000000
2018-02-27 07:24:31,0.00351900,3.09000000
2018-02-27 07:24:31,0.00352500,45.87000000
2018-02-27 07:24:33,0.00351200,0.29000000
2018-02-27 07:24:33,0.00351200,2.80000000
2018-02-27 07:24:34,0.00351200,1.01000000
2018-02-27 07:24:34,0.00351200,7.53000000
2018-02-27 07:24:34,0.00351100,122.86000000
2018-02-27 07:24:35,0.00351200,14.04000000
2018-02-27 07:24:35,0.00351200,11.63000000
2018-02-27 07:24:35,0.00351100,111.26000000
2018-02-27 07:24:37,0.00351100,119.45000000
2018-02-27 07:24:39,0.00351200,11.29000000
2018-02-27 07:24:40,0.00351800,26.54000000
2018-02-27 07:24:40,0.00351100,0.87000000
2018-02-27 07:24:41,0.00351100,5.69000000
2018-02-27 07:24:42,0.00351800,5.00000000
2018-02-27 07:24:43,0.00351800,2.94000000
2018-02-27 07:24:43,0.00351800,2.58000000
2018-02-27 07:24:43,0.00351600,1.48000000
2018-02-27 07:24:43,0.00351600,3.26000000
2018-02-27 07:24:44,0.00351800,2.88000000
2018-02-27 07:24:44,0.00351600,0.50000000
2018-02-27 07:24:44,0.00351300,7.00000000
2018-02-27 07:24:44,0.00351800,0.05000000
2018-02-27 07:24:44,0.00351900,0.54000000
2018-02-27 07:24:45,0.00351300,0.63000000
2018-02-27 07:24:45,0.00351900,2.84000000
2018-02-27 07:24:46,0.00351900,0.50000000
2018-02-27 07:24:46,0.00351900,2.84000000
2018-02-27 07:24:47,0.00351300,5.69000000
2018-02-27 07:24:47,0.00351900,7.71000000
2018-02-27 07:24:47,0.00351900,2.84000000
2018-02-27 07:24:48,0.00351300,4.68000000
2018-02-27 07:24:48,0.00351200,1.76000000
2018-02-27 07:24:49,0.00351900,173.30000000
2018-02-27 07:24:49,0.00351900,2.84000000
2018-02-27 07:24:49,0.00351900,2.84000000
2018-02-27 07:24:49,0.00351200,6.56000000
2018-02-27 07:24:50,0.00351900,50.00000000
2018-02-27 07:24:51,0.00351900,6.52000000
2018-02-27 07:24:51,0.00351200,1.02000000
2018-02-27 07:24:52,0.00351800,3.15000000
2018-02-27 07:24:52,0.00351800,2.06000000
2018-02-27 07:24:52,0.00351800,11.68000000
2018-02-27 07:24:52,0.00351800,9.34000000
2018-02-27 07:24:52,0.00351800,2.06000000
2018-02-27 07:24:53,0.00351800,3.09000000
2018-02-27 07:24:54,0.00351800,75.59000000
2018-02-27 07:24:54,0.00351800,36.95000000
2018-02-27 07:24:55,0.00351800,37.81000000
2018-02-27 07:24:55,0.00351800,0.86000000
2018-02-27 07:24:55,0.00351800,0.01000000
2018-02-27 07:24:56,0.00351800,0.99000000
2018-02-27 07:24:56,0.00351900,142.97000000
2018-02-27 07:24:57,0.00351900,26.83000000
2018-02-27 07:24:57,0.00351900,2.86000000
2018-02-27 07:24:57,0.00351900,4.20000000
2018-02-27 07:25:00,0.00351500,0.87000000
2018-02-27 07:25:00,0.00351800,3.41000000
2018-02-27 07:25:01,0.00351800,13.89000000
2018-02-27 07:25:01,0.00351800,2.30000000
2018-02-27 07:25:02,0.00351800,1.76000000
2018-02-27 07:25:03,0.00351800,2.16000000
2018-02-27 07:25:04,0.00351800,0.43000000
2018-02-27 07:25:04,0.00351800,7.25000000
2018-02-27 07:25:04,0.00351500,25.09000000
2018-02-27 07:25:05,0.00351900,2.84000000
2018-02-27 07:25:06,0.00351500,14.22000000
2018-02-27 07:25:08,0.00351500,0.29000000
2018-02-27 07:25:08,0.00351500,1.44000000
2018-02-27 07:25:09,0.00351500,4.23000000
2018-02-27 07:25:09,0.00351500,0.63000000
2018-02-27 07:25:10,0.00351800,0.91000000
2018-02-27 07:25:10,0.00351900,1.93000000
2018-02-27 07:25:10,0.00351500,7.70000000
2018-02-27 07:25:12,0.00351500,0.46000000
2018-02-27 07:25:12,0.00351500,1.42000000
2018-02-27 07:25:12,0.00351400,5.68000000
2018-02-27 07:25:13,0.00351400,2.85000000
2018-02-27 07:25:13,0.00351400,5.79000000
2018-02-27 07:25:13,0.00351400,29.19000000
2018-02-27 07:25:15,0.00351900,2.84000000
2018-02-27 07:25:16,0.00351900,10.39000000
2018-02-27 07:25:18,0.00351500,17.06000000
2018-02-27 07:25:20,0.00351900,9.14000000
2018-02-27 07:25:22,0.00351900,2.40000000
2018-02-27 07:25:22,0.00352000,0.85000000
2018-02-27 07:25:22,0.00352400,1.99000000
2018-02-27 07:25:23,0.00351900,9.99000000
2018-02-27 07:25:24,0.00351900,5.68000000
2018-02-27 07:25:24,0.00352400,0.56000000
2018-02-27 07:25:24,0.00352500,2.28000000
2018-02-27 07:25:25,0.00351900,2.30000000
2018-02-27 07:25:26,0.00351900,4.40000000
2018-02-27 07:25:26,0.00351800,3.48000000
2018-02-27 07:25:30,0.00351800,102.33000000
2018-02-27 07:25:30,0.00351800,7.53000000
2018-02-27 07:25:30,0.00352400,0.68000000
2018-02-27 07:25:32,0.00351800,294.91000000
2018-02-27 07:25:32,0.00351800,4.40000000
2018-02-27 07:25:35,0.00351900,2.11000000
2018-02-27 07:25:36,0.00351900,19.89000000
2018-02-27 07:25:36,0.00351900,16.62000000
2018-02-27 07:25:36,0.00351900,9.99000000
2018-02-27 07:25:38,0.00351900,3.32000000
2018-02-27 07:25:39,0.00352000,0.90000000
2018-02-27 07:25:39,0.00351900,24.09000000
2018-02-27 07:25:40,0.00351900,0.57000000
2018-02-27 07:25:42,0.00351900,68.20000000
2018-02-27 07:25:44,0.00352000,0.56000000
2018-02-27 07:25:45,0.00352000,6.92000000
2018-02-27 07:25:46,0.00352000,1.79000000
2018-02-27 07:25:46,0.00352000,2.30000000
2018-02-27 07:25:47,0.00351900,1.60000000
2018-02-27 07:25:48,0.00352000,36.86000000
2018-02-27 07:25:49,0.00351900,0.02000000
2018-02-27 07:25:50,0.00352000,9.04000000
2018-02-27 07:25:50,0.00351900,8.52000000
2018-02-27 07:25:51,0.00352000,10.00000000
2018-02-27 07:25:51,0.00351900,0.48000000
2018-02-27 07:25:52,0.00352000,36.54000000
2018-02-27 07:25:54,0.00352000,3.12000000
2018-02-27 07:25:54,0.00352000,2.80000000
2018-02-27 07:25:58,0.00352000,1.16000000
2018-02-27 07:25:58,0.00352200,4.96000000
2018-02-27 07:25:59,0.00352000,1.32000000
2018-02-27 07:26:00,0.00352200,4.24000000
2018-02-27 07:26:00,0.00352200,1.65000000
2018-02-27 07:26:01,0.00352000,1.16000000
2018-02-27 07:26:03,0.00352100,8.54000000
2018-02-27 07:26:04,0.00352200,2.83000000
2018-02-27 07:26:05,0.00352100,4.51000000
2018-02-27 07:26:05,0.00352100,4.51000000
2018-02-27 07:26:07,0.00352200,0.82000000
2018-02-27 07:26:07,0.00352200,4.60000000
2018-02-27 07:26:09,0.00352200,5.00000000
2018-02-27 07:26:11,0.00352200,0.84000000
2018-02-27 07:26:11,0.00352200,4.10000000
2018-02-27 07:26:12,0.00352200,6.26000000
2018-02-27 07:26:12,0.00352500,13.74000000
2018-02-27 07:26:12,0.00352100,14.66000000
2018-02-27 07:26:12,0.00352100,1.14000000
2018-02-27 07:26:14,0.00352300,1.14000000
2018-02-27 07:26:15,0.00352300,0.75000000
2018-02-27 07:26:16,0.00352300,2.90000000
2018-02-27 07:26:16,0.00352500,17.22000000
2018-02-27 07:26:17,0.00352300,0.82000000
2018-02-27 07:26:17,0.00352300,0.82000000
2018-02-27 07:26:18,0.00352300,1.18000000
2018-02-27 07:26:18,0.00352300,2.90000000
2018-02-27 07:26:20,0.00352300,8.53000000
2018-02-27 07:26:20,0.00352300,1.61000000
2018-02-27 07:26:21,0.00352500,4.01000000
2018-02-27 07:26:22,0.00352300,25.31000000
2018-02-27 07:26:22,0.00352200,18.01000000
2018-02-27 07:26:22,0.00352300,2.89000000
2018-02-27 07:26:23,0.00352500,5.75000000
2018-02-27 07:26:24,0.00352500,40.00000000
2018-02-27 07:26:24,0.00352300,1.26000000
2018-02-27 07:26:27,0.00352300,4.31000000
2018-02-27 07:26:28,0.00352400,2.71000000
2018-02-27 07:26:28,0.00352500,7.79000000
2018-02-27 07:26:29,0.00352500,207.41000000
2018-02-27 07:26:29,0.00352300,4.31000000
2018-02-27 07:26:29,0.00352300,12.65000000
2018-02-27 07:26:30,0.00352500,2.83000000
2018-02-27 07:26:31,0.00352500,19.38000000
2018-02-27 07:26:31,0.00352300,1.14000000
2018-02-27 07:26:32,0.00352500,2.83000000
2018-02-27 07:26:32,0.00352300,0.56000000
2018-02-27 07:26:32,0.00352300,12.72000000
2018-02-27 07:26:33,0.00352500,42.64000000
2018-02-27 07:26:33,0.00352300,10.88000000
2018-02-27 07:26:34,0.00352300,1.14000000
2018-02-27 07:26:34,0.00352300,5.67000000
2018-02-27 07:26:34,0.00352300,1.28000000
2018-02-27 07:26:34,0.00352300,10.92000000
2018-02-27 07:26:34,0.00352500,2.47000000
2018-02-27 07:26:35,0.00352500,70.92000000
2018-02-27 07:26:36,0.00352300,1.14000000
2018-02-27 07:26:36,0.00352300,0.81000000
2018-02-27 07:26:36,0.00352500,85.02000000
2018-02-27 07:26:37,0.00352500,85.02000000
2018-02-27 07:26:37,0.00352500,70.92000000
2018-02-27 07:26:38,0.00352300,5.00000000
2018-02-27 07:26:38,0.00352300,2.66000000
2018-02-27 07:26:38,0.00352500,33.81000000
2018-02-27 07:26:38,0.00352300,9.99000000
2018-02-27 07:26:39,0.00352500,7.33000000
2018-02-27 07:26:40,0.00352500,23.71000000
2018-02-27 07:26:40,0.00352300,8.51000000
2018-02-27 07:26:40,0.00352300,1.14000000
2018-02-27 07:26:41,0.00352500,2.44000000
2018-02-27 07:26:42,0.00352300,38.93000000
2018-02-27 07:26:43,0.00352300,2.66000000
2018-02-27 07:26:43,0.00352500,100.00000000
2018-02-27 07:26:43,0.00352500,12.83000000
2018-02-27 07:26:44,0.00352500,143.23000000
2018-02-27 07:26:44,0.00352600,3.87000000
2018-02-27 07:26:44,0.00352700,89.47000000
2018-02-27 07:26:45,0.00352300,3.14000000
2018-02-27 07:26:46,0.00352900,2.83000000
2018-02-27 07:26:47,0.00352500,1.09000000
2018-02-27 07:26:47,0.00352500,3.14000000
2018-02-27 07:26:47,0.00352900,10.00000000
2018-02-27 07:26:47,0.00352500,3.72000000
2018-02-27 07:26:49,0.00352900,2.83000000
2018-02-27 07:26:49,0.00352500,5.67000000
2018-02-27 07:26:49,0.00352500,2.74000000
2018-02-27 07:26:50,0.00352500,1.30000000
2018-02-27 07:26:51,0.00352900,131.22000000
2018-02-27 07:26:51,0.00352900,7.00000000
2018-02-27 07:26:52,0.00352500,1.13000000
2018-02-27 07:26:53,0.00352500,1.13000000
2018-02-27 07:26:53,0.00352900,92.91000000
2018-02-27 07:26:54,0.00352500,1.13000000
2018-02-27 07:26:54,0.00352900,108.93000000
2018-02-27 07:26:55,0.00352900,22.69000000
2018-02-27 07:26:55,0.00352900,3.29000000
2018-02-27 07:26:55,0.00352900,2.90000000
2018-02-27 07:26:56,0.00352900,1.13000000
2018-02-27 07:26:59,0.00352900,1.13000000
2018-02-27 07:26:59,0.00352900,3.39000000
2018-02-27 07:27:01,0.00352900,2.14000000
2018-02-27 07:27:01,0.00353000,2.27000000
2018-02-27 07:27:01,0.00353000,113.48000000
2018-02-27 07:27:01,0.00352900,107.67000000
2018-02-27 07:27:02,0.00353000,23.62000000
2018-02-27 07:27:03,0.00353000,57.89000000
2018-02-27 07:27:03,0.00353000,16.29000000
2018-02-27 07:27:03,0.00352900,2.48000000
2018-02-27 07:27:04,0.00352900,10.00000000
2018-02-27 07:27:05,0.00352900,0.45000000
2018-02-27 07:27:06,0.00352500,0.57000000
2018-02-27 07:27:07,0.00352500,2.01000000
2018-02-27 07:27:07,0.00352500,5.67000000
2018-02-27 07:27:07,0.00352500,2.61000000
2018-02-27 07:27:08,0.00352900,2.83000000
2018-02-27 07:27:08,0.00352500,1.13000000
2018-02-27 07:27:08,0.00352500,0.34000000
2018-02-27 07:27:08,0.00352500,4.88000000
2018-02-27 07:27:08,0.00352500,7.61000000
2018-02-27 07:27:08,0.00352900,0.33000000
2018-02-27 07:27:08,0.00353000,73.98000000
2018-02-27 07:27:09,0.00353000,0.92000000
2018-02-27 07:27:09,0.00353000,1.29000000
2018-02-27 07:27:10,0.00353000,1.37000000
2018-02-27 07:27:10,0.00352900,2.50000000
2018-02-27 07:27:10,0.00352900,2.83000000
2018-02-27 07:27:10,0.00352900,10.09000000
2018-02-27 07:27:10,0.00352900,2.02000000
2018-02-27 07:27:10,0.00352600,2.01000000
2018-02-27 07:27:10,0.00352600,0.81000000
2018-02-27 07:27:10,0.00352600,6.68000000
2018-02-27 07:27:11,0.00352600,1.13000000
2018-02-27 07:27:12,0.00352600,0.33000000
2018-02-27 07:27:14,0.00353100,2.83000000
2018-02-27 07:27:15,0.00353100,2.83000000
2018-02-27 07:27:15,0.00352600,3.81000000
2018-02-27 07:27:16,0.00352600,5.00000000
2018-02-27 07:27:16,0.00353100,6.29000000
2018-02-27 07:27:16,0.00352600,1.13000000
2018-02-27 07:27:17,0.00353100,4.58000000
2018-02-27 07:27:19,0.00353000,1.37000000
2018-02-27 07:27:19,0.00353000,8.49000000
2018-02-27 07:27:19,0.00353000,1.41000000
2018-02-27 07:27:19,0.00353000,8.35000000
2018-02-27 07:27:19,0.00353000,12.55000000
2018-02-27 07:27:19,0.00353100,123.45000000
2018-02-27 07:27:20,0.00353100,2.83000000
2018-02-27 07:27:24,0.00353000,1.09000000
2018-02-27 07:27:25,0.00353000,0.04000000
2018-02-27 07:27:25,0.00353100,0.78000000
2018-02-27 07:27:25,0.00353100,11.82000000
2018-02-27 07:27:25,0.00352700,0.34000000
2018-02-27 07:27:25,0.00352600,2.01000000
2018-02-27 07:27:25,0.00352600,8.51000000
2018-02-27 07:27:26,0.00352600,1.00000000
2018-02-27 07:27:26,0.00352600,8.51000000
2018-02-27 07:27:26,0.00352700,1.13000000
2018-02-27 07:27:26,0.00353200,13.60000000
2018-02-27 07:27:27,0.00353200,112.33000000
2018-02-27 07:27:27,0.00352600,1.97000000
2018-02-27 07:27:28,0.00352600,1.13000000
2018-02-27 07:27:28,0.00352600,8.51000000
2018-02-27 07:27:28,0.00352600,1.13000000
2018-02-27 07:27:29,0.00352600,8.51000000
2018-02-27 07:27:30,0.00352600,1.13000000
2018-02-27 07:27:31,0.00352600,8.51000000
2018-02-27 07:27:32,0.00352800,1.13000000
2018-02-27 07:27:32,0.00352800,8.51000000
2018-02-27 07:27:33,0.00352800,8.50000000
2018-02-27 07:27:33,0.00352800,27.93000000
2018-02-27 07:27:34,0.00352800,1.31000000
2018-02-27 07:27:34,0.00352800,12.38000000
2018-02-27 07:27:34,0.00352800,8.50000000
2018-02-27 07:27:35,0.00352800,8.50000000
2018-02-27 07:27:35,0.00353100,0.20000000
2018-02-27 07:27:36,0.00352800,1.44000000
2018-02-27 07:27:36,0.00352800,12.91000000
2018-02-27 07:27:36,0.00352800,1.13000000
2018-02-27 07:27:36,0.00352800,8.50000000
2018-02-27 07:27:37,0.00353100,1.00000000
2018-02-27 07:27:37,0.00352800,5.66000000
2018-02-27 07:27:37,0.00352800,35.96000000
2018-02-27 07:27:37,0.00353100,1.82000000
2018-02-27 07:27:37,0.00353300,1.01000000
2018-02-27 07:27:38,0.00352800,7.78000000
2018-02-27 07:27:39,0.00352700,27.03000000
2018-02-27 07:27:39,0.00352600,8.51000000
2018-02-27 07:27:39,0.00352800,1.13000000
2018-02-27 07:27:39,0.00353100,16.22000000
2018-02-27 07:27:40,0.00353100,0.79000000
2018-02-27 07:27:41,0.00352800,0.80000000
2018-02-27 07:27:41,0.00352800,0.33000000
2018-02-27 07:27:41,0.00353100,0.49000000
2018-02-27 07:27:41,0.00352700,8.51000000
2018-02-27 07:27:42,0.00353100,2.83000000
2018-02-27 07:27:42,0.00352700,51.33000000
2018-02-27 07:27:42,0.00352700,2.93000000
2018-02-27 07:27:43,0.00352700,6.55000000
2018-02-27 07:27:43,0.00352700,20.61000000
2018-02-27 07:27:44,0.00352700,2.83000000
2018-02-27 07:27:44,0.00352800,1.24000000
2018-02-27 07:27:45,0.00352800,2.84000000
2018-02-27 07:27:45,0.00352800,11.69000000
2018-02-27 07:27:45,0.00352800,1.13000000
2018-02-27 07:27:48,0.00352900,9.87000000
2018-02-27 07:27:48,0.00352900,2.84000000
2018-02-27 07:27:49,0.00353000,25.23000000
2018-02-27 07:27:49,0.00352900,3.81000000
2018-02-27 07:27:50,0.00352900,0.98000000
2018-02-27 07:27:50,0.00353000,1.56000000
2018-02-27 07:27:52,0.00352900,4.88000000
2018-02-27 07:27:52,0.00352900,2.84000000
2018-02-27 07:27:53,0.00352900,11.59000000
2018-02-27 07:27:53,0.00352900,10.73000000
2018-02-27 07:27:53,0.00352900,0.87000000
2018-02-27 07:27:53,0.00352800,14.91000000
2018-02-27 07:27:53,0.00352700,64.43000000
2018-02-27 07:27:54,0.00352700,1.44000000
2018-02-27 07:27:54,0.00352900,2.71000000
2018-02-27 07:27:54,0.00353000,20.59000000
2018-02-27 07:27:54,0.00353000,4.23000000
2018-02-27 07:27:56,0.00353000,1.24000000
2018-02-27 07:27:56,0.00353000,25.65000000
2018-02-27 07:27:56,0.00352700,27.16000000
2018-02-27 07:27:56,0.00352700,2.84000000
2018-02-27 07:27:56,0.00352700,122.79000000
2018-02-27 07:27:58,0.00353000,10.00000000
2018-02-27 07:27:58,0.00353000,1.44000000
2018-02-27 07:28:00,0.00353000,1.84000000
2018-02-27 07:28:00,0.00352700,0.89000000
2018-02-27 07:28:00,0.00352700,122.79000000
2018-02-27 07:28:01,0.00353100,2.83000000
2018-02-27 07:28:02,0.00352700,2.83000000
2018-02-27 07:28:05,0.00353000,2.80000000
2018-02-27 07:28:05,0.00352700,23.14000000
2018-02-27 07:28:07,0.00352700,4.25000000
2018-02-27 07:28:07,0.00353000,0.05000000
2018-02-27 07:28:08,0.00352700,4.20000000
2018-02-27 07:28:08,0.00353000,2.83000000
2018-02-27 07:28:10,0.00353000,5.92000000
2018-02-27 07:28:10,0.00353100,1.01000000
2018-02-27 07:28:11,0.00352700,10.24000000
2018-02-27 07:28:12,0.00353100,7.35000000
2018-02-27 07:28:12,0.00352700,11.43000000
2018-02-27 07:28:13,0.00352700,3.06000000
2018-02-27 07:28:13,0.00352700,10.11000000
2018-02-27 07:28:14,0.00352700,13.93000000
2018-02-27 07:28:15,0.00353000,2.46000000
2018-02-27 07:28:15,0.00352700,9.93000000
2018-02-27 07:28:16,0.00353000,2.83000000
2018-02-27 07:28:16,0.00352700,51.53000000
2018-02-27 07:28:17,0.00352700,4.01000000
2018-02-27 07:28:17,0.00352700,18.30000000
2018-02-27 07:28:18,0.00352700,29.23000000
2018-02-27 07:28:18,0.00352600,38.66000000
2018-02-27 07:28:18,0.00353000,8.15000000
2018-02-27 07:28:18,0.00352900,2.83000000
2018-02-27 07:28:18,0.00352900,2.83000000
2018-02-27 07:28:18,0.00352900,2.82000000
2018-02-27 07:28:18,0.00352900,2.82000000
2018-02-27 07:28:18,0.00352900,0.64000000
2018-02-27 07:28:19,0.00352600,16.38000000
2018-02-27 07:28:19,0.00352700,2.78000000
2018-02-27 07:28:19,0.00352600,3.18000000
2018-02-27 07:28:20,0.00352600,15.51000000
2018-02-27 07:28:20,0.00352600,4.22000000
2018-02-27 07:28:23,0.00352600,87.32000000
2018-02-27 07:28:23,0.00352700,5.41000000
2018-02-27 07:28:24,0.00352600,43.66000000
2018-02-27 07:28:25,0.00352600,11.63000000
2018-02-27 07:28:25,0.00352600,25.68000000
2018-02-27 07:28:26,0.00352600,7.02000000
2018-02-27 07:28:29,0.00352600,1.78000000
2018-02-27 07:28:30,0.00352600,47.14000000
2018-02-27 07:28:32,0.00352600,23.71000000
2018-02-27 07:28:33,0.00352500,0.68000000
2018-02-27 07:28:34,0.00352600,0.40000000
2018-02-27 07:28:34,0.00352600,10.00000000
2018-02-27 07:28:36,0.00352500,7.14000000
2018-02-27 07:28:36,0.00352500,48.31000000
2018-02-27 07:28:36,0.00352600,11.84000000
2018-02-27 07:28:36,0.00352600,0.36000000
2018-02-27 07:28:36,0.00352500,0.43000000
2018-02-27 07:28:37,0.00352500,1.46000000
2018-02-27 07:28:37,0.00352500,2.76000000
2018-02-27 07:28:37,0.00352500,2.02000000
2018-02-27 07:28:37,0.00352500,0.38000000
2018-02-27 07:28:38,0.00352500,2.00000000
2018-02-27 07:28:38,0.00352600,4.11000000
2018-02-27 07:28:38,0.00352600,21.42000000
2018-02-27 07:28:39,0.00352500,1.60000000
2018-02-27 07:28:39,0.00352500,0.44000000
2018-02-27 07:28:39,0.00352500,61.38000000
2018-02-27 07:28:39,0.00352600,6.58000000
2018-02-27 07:28:40,0.00352500,0.68000000
2018-02-27 07:28:40,0.00352500,1.02000000
2018-02-27 07:28:40,0.00352500,7.18000000
2018-02-27 07:28:41,0.00352500,0.68000000
2018-02-27 07:28:41,0.00352600,2.83000000
2018-02-27 07:28:41,0.00352500,9.26000000
2018-02-27 07:28:41,0.00352600,71.28000000
2018-02-27 07:28:41,0.00352600,2.51000000
2018-02-27 07:28:42,0.00352600,2.83000000
2018-02-27 07:28:43,0.00352500,122.71000000
2018-02-27 07:28:44,0.00352500,1.68000000
2018-02-27 07:28:44,0.00352500,34.97000000
2018-02-27 07:28:45,0.00352500,39.75000000
2018-02-27 07:28:45,0.00352500,65.72000000
2018-02-27 07:28:46,0.00352600,2.83000000
2018-02-27 07:28:48,0.00352500,17.39000000
2018-02-27 07:28:49,0.00352500,24.19000000
2018-02-27 07:28:51,0.00352500,25.60000000
2018-02-27 07:28:51,0.00352300,0.80000000
2018-02-27 07:28:51,0.00352200,2.80000000
2018-02-27 07:28:52,0.00352600,2.83000000
2018-02-27 07:28:52,0.00352200,3.98000000
2018-02-27 07:28:52,0.00352200,2.85000000
2018-02-27 07:28:53,0.00352200,2.64000000
2018-02-27 07:28:53,0.00352200,0.40000000
2018-02-27 07:28:53,0.00352200,9.75000000
2018-02-27 07:28:53,0.00352200,5.66000000
2018-02-27 07:28:53,0.00352100,8.51000000
2018-02-27 07:28:54,0.00352100,1.40000000
2018-02-27 07:28:54,0.00352100,1.36000000
2018-02-27 07:28:55,0.00352000,22.28000000
2018-02-27 07:28:56,0.00352000,0.29000000
2018-02-27 07:28:56,0.00352000,2.74000000
2018-02-27 07:28:56,0.00352000,1.21000000
2018-02-27 07:28:56,0.00352000,0.58000000
2018-02-27 07:28:56,0.00352000,5.02000000
2018-02-27 07:28:56,0.00352000,0.87000000
2018-02-27 07:28:56,0.00352000,0.73000000
2018-02-27 07:28:56,0.00352000,1.19000000
2018-02-27 07:28:56,0.00352000,3.56000000
2018-02-27 07:28:57,0.00352000,0.66000000
2018-02-27 07:28:57,0.00352000,6.28000000
2018-02-27 07:28:57,0.00352000,0.72000000
2018-02-27 07:28:57,0.00352000,0.35000000
2018-02-27 07:28:57,0.00352000,33.13000000
2018-02-27 07:28:57,0.00352000,25.14000000
2018-02-27 07:28:57,0.00352000,0.29000000
2018-02-27 07:28:57,0.00352000,7.71000000
2018-02-27 07:28:59,0.00351900,3.48000000
2018-02-27 07:28:59,0.00351900,1.48000000
2018-02-27 07:28:59,0.00351900,6.23000000
2018-02-27 07:29:00,0.00351900,28.24000000
2018-02-27 07:29:00,0.00351900,0.56000000
2018-02-27 07:29:00,0.00351900,1.44000000
2018-02-27 07:29:00,0.00352000,15.00000000
2018-02-27 07:29:00,0.00352500,11.27000000
2018-02-27 07:29:00,0.00352600,5.93000000
2018-02-27 07:29:00,0.00352700,67.80000000
2018-02-27 07:29:01,0.00351900,1.40000000
2018-02-27 07:29:01,0.00351900,1.44000000
2018-02-27 07:29:01,0.00352500,1.42000000
2018-02-27 07:29:01,0.00352600,1.41000000
2018-02-27 07:29:01,0.00351900,2.96000000
2018-02-27 07:29:02,0.00351900,0.56000000
2018-02-27 07:29:02,0.00351900,2.24000000
2018-02-27 07:29:02,0.00351900,0.70000000
2018-02-27 07:29:03,0.00351900,1.44000000
2018-02-27 07:29:04,0.00351900,9.28000000
2018-02-27 07:29:05,0.00351900,0.11000000
2018-02-27 07:29:06,0.00351900,4.84000000
2018-02-27 07:29:06,0.00351900,5.45000000
2018-02-27 07:29:06,0.00351800,1.69000000
2018-02-27 07:29:07,0.00351800,2.24000000
2018-02-27 07:29:07,0.00351800,2.91000000
2018-02-27 07:29:07,0.00351800,0.72000000
2018-02-27 07:29:07,0.00351900,13.41000000
2018-02-27 07:29:07,0.00351900,1.53000000
2018-02-27 07:29:07,0.00351800,0.56000000
2018-02-27 07:29:07,0.00351800,0.64000000
2018-02-27 07:29:07,0.00351800,0.32000000
2018-02-27 07:29:07,0.00351800,1.22000000
2018-02-27 07:29:07,0.00351800,0.24000000
2018-02-27 07:29:07,0.00351800,2.16000000
2018-02-27 07:29:09,0.00351500,1.48000000
2018-02-27 07:29:10,0.00351400,0.49000000
2018-02-27 07:29:10,0.00351400,1.45000000
2018-02-27 07:29:11,0.00351800,2.84000000
2018-02-27 07:29:11,0.00351800,0.33000000
2018-02-27 07:29:11,0.00351800,1.45000000
2018-02-27 07:29:11,0.00351800,2.84000000
2018-02-27 07:29:11,0.00351800,3.44000000
2018-02-27 07:29:11,0.00351800,0.53000000
2018-02-27 07:29:11,0.00351800,0.73000000
2018-02-27 07:29:11,0.00351800,1.02000000
2018-02-27 07:29:11,0.00351800,2.86000000
2018-02-27 07:29:11,0.00351800,0.88000000
2018-02-27 07:29:11,0.00351800,8.80000000
2018-02-27 07:29:11,0.00352400,2.84000000
2018-02-27 07:29:11,0.00351800,0.72000000
2018-02-27 07:29:11,0.00351800,0.39000000
2018-02-27 07:29:13,0.00351400,2.84000000
2018-02-27 07:29:13,0.00351200,0.70000000
2018-02-27 07:29:13,0.00351200,1.42000000
2018-02-27 07:29:14,0.00352100,0.68000000
2018-02-27 07:29:15,0.00351200,4.39000000
2018-02-27 07:29:16,0.00351200,1.30000000
2018-02-27 07:29:16,0.00352000,2.84000000
2018-02-27 07:29:17,0.00351100,2.84000000
2018-02-27 07:29:17,0.00351100,11.41000000
2018-02-27 07:29:17,0.00351200,1.00000000
2018-02-27 07:29:17,0.00351100,8.32000000
2018-02-27 07:29:17,0.00351200,0.23000000
2018-02-27 07:29:17,0.00351900,7.11000000
2018-02-27 07:29:17,0.00352000,4.83000000
2018-02-27 07:29:18,0.00351100,1.72000000
2018-02-27 07:29:18,0.00351100,1.16000000
2018-02-27 07:29:18,0.00351100,0.73000000
2018-02-27 07:29:18,0.00351100,0.34000000
2018-02-27 07:29:18,0.00351100,0.35000000
2018-02-27 07:29:19,0.00351100,2.72000000
2018-02-27 07:29:19,0.00351100,3.97000000
2018-02-27 07:29:19,0.00351100,3.78000000
2018-02-27 07:29:19,0.00351100,1.52000000
2018-02-27 07:29:19,0.00351800,0.85000000
2018-02-27 07:29:19,0.00352000,1.74000000
2018-02-27 07:29:19,0.00351100,0.73000000
2018-02-27 07:29:19,0.00351100,0.73000000
2018-02-27 07:29:20,0.00351100,8.22000000
2018-02-27 07:29:20,0.00351100,0.73000000
2018-02-27 07:29:20,0.00351100,1.02000000
2018-02-27 07:29:20,0.00351100,10.24000000
2018-02-27 07:29:20,0.00351100,5.81000000
2018-02-27 07:29:20,0.00351100,3.63000000
2018-02-27 07:29:20,0.00351000,3.02000000
2018-02-27 07:29:21,0.00351000,28.48000000
2018-02-27 07:29:21,0.00351000,2.25000000
2018-02-27 07:29:21,0.00351100,1.00000000
2018-02-27 07:29:21,0.00351000,0.72000000
2018-02-27 07:29:22,0.00351000,1.44000000
2018-02-27 07:29:22,0.00351000,0.34000000
2018-02-27 07:29:22,0.00350900,71.28000000
2018-02-27 07:29:23,0.00350900,3.02000000
2018-02-27 07:29:23,0.00350900,1.08000000
2018-02-27 07:29:23,0.00350900,9.22000000
2018-02-27 07:29:24,0.00350900,0.46000000
2018-02-27 07:29:24,0.00351100,29.35000000
2018-02-27 07:29:24,0.00351100,5.74000000
2018-02-27 07:29:24,0.00350900,0.64000000
2018-02-27 07:29:24,0.00351100,0.74000000
2018-02-27 07:29:24,0.00351600,2.87000000
2018-02-27 07:29:25,0.00350900,4.84000000
2018-02-27 07:29:26,0.00350900,14.41000000
2018-02-27 07:29:26,0.00350900,126.24000000
2018-02-27 07:29:27,0.00350900,2.09000000
2018-02-27 07:29:27,0.00350900,10.18000000
2018-02-27 07:29:27,0.00350900,1.46000000
2018-02-27 07:29:28,0.00350900,3.69000000
2018-02-27 07:29:28,0.00351500,2.28000000
2018-02-27 07:29:28,0.00351600,6.14000000
2018-02-27 07:29:28,0.00350900,45.53000000
2018-02-27 07:29:28,0.00351600,3.00000000
2018-02-27 07:29:29,0.00350900,1.43000000
2018-02-27 07:29:29,0.00350900,0.69000000
2018-02-27 07:29:29,0.00350900,2.97000000
2018-02-27 07:29:29,0.00350900,0.72000000
2018-02-27 07:29:29,0.00351600,4.40000000
2018-02-27 07:29:30,0.00350900,2.91000000
2018-02-27 07:29:30,0.00350900,0.35000000
2018-02-27 07:29:30,0.00351600,10.00000000
2018-02-27 07:29:30,0.00350900,6.12000000
2018-02-27 07:29:30,0.00350900,0.72000000
2018-02-27 07:29:30,0.00350900,0.58000000
2018-02-27 07:29:31,0.00350900,0.34000000
2018-02-27 07:29:31,0.00350900,3.59000000
2018-02-27 07:29:31,0.00351000,2.39000000
2018-02-27 07:29:31,0.00351000,0.92000000
2018-02-27 07:29:31,0.00350900,1.22000000
2018-02-27 07:29:32,0.00350900,1.44000000
2018-02-27 07:29:32,0.00350900,3.84000000
2018-02-27 07:29:32,0.00350900,0.87000000
2018-02-27 07:29:32,0.00350900,3.11000000
2018-02-27 07:29:33,0.00350900,2.87000000
2018-02-27 07:29:34,0.00350900,1.48000000
2018-02-27 07:29:34,0.00351000,0.75000000
2018-02-27 07:29:34,0.00351200,12.30000000
2018-02-27 07:29:34,0.00351300,4.72000000
2018-02-27 07:29:34,0.00351600,103.40000000
2018-02-27 07:29:34,0.00350900,0.88000000
2018-02-27 07:29:34,0.00350900,36.70000000
2018-02-27 07:29:34,0.00350900,1.15000000
2018-02-27 07:29:35,0.00351600,8.92000000
2018-02-27 07:29:35,0.00350900,5.36000000
2018-02-27 07:29:36,0.00350900,1.46000000
2018-02-27 07:29:36,0.00350900,14.06000000
2018-02-27 07:29:36,0.00350900,0.32000000
2018-02-27 07:29:36,0.00350900,0.86000000
2018-02-27 07:29:36,0.00350900,2.16000000
2018-02-27 07:29:37,0.00350900,54.52000000
2018-02-27 07:29:37,0.00350900,1.90000000
2018-02-27 07:29:37,0.00350900,0.35000000
2018-02-27 07:29:38,0.00350900,1.31000000
2018-02-27 07:29:38,0.00350900,0.73000000
2018-02-27 07:29:39,0.00350900,0.35000000
2018-02-27 07:29:39,0.00350900,5.60000000
2018-02-27 07:29:40,0.00351000,143.64000000
2018-02-27 07:29:40,0.00351100,4.24000000
2018-02-27 07:29:40,0.00351300,6.90000000
2018-02-27 07:29:40,0.00351000,0.50000000
2018-02-27 07:29:40,0.00351100,0.32000000
2018-02-27 07:29:40,0.00351000,0.56000000
2018-02-27 07:29:40,0.00351000,6.74000000
2018-02-27 07:29:40,0.00351000,106.01000000
2018-02-27 07:29:40,0.00350900,137.97000000
2018-02-27 07:29:41,0.00350900,1.48000000
2018-02-27 07:29:42,0.00350900,2.18000000
2018-02-27 07:29:42,0.00350900,171.34000000
2018-02-27 07:29:42,0.00351300,2.52000000
2018-02-27 07:29:42,0.00351500,3.84000000
2018-02-27 07:29:42,0.00351600,65.38000000
2018-02-27 07:29:45,0.00350900,0.88000000
2018-02-27 07:29:45,0.00351200,1.68000000
2018-02-27 07:29:45,0.00351600,0.36000000
2018-02-27 07:29:46,0.00351600,3.14000000
2018-02-27 07:29:46,0.00350900,0.88000000
2018-02-27 07:29:49,0.00351300,4.73000000
2018-02-27 07:29:49,0.00351500,1.44000000
2018-02-27 07:29:49,0.00351600,62.85000000
2018-02-27 07:29:50,0.00350900,0.62000000
2018-02-27 07:29:50,0.00350900,0.86000000
2018-02-27 07:29:51,0.00350900,16.29000000
2018-02-27 07:29:52,0.00350900,0.49000000
2018-02-27 07:29:57,0.00350900,28.94000000
2018-02-27 07:29:58,0.00351000,4.86000000
2018-02-27 07:29:58,0.00351000,0.46000000
2018-02-27 07:29:58,0.00351000,2.90000000
2018-02-27 07:29:59,0.00351000,2.92000000
2018-02-27 07:30:01,0.00351000,1.11000000
2018-02-27 07:30:02,0.00351000,2.84000000
2018-02-27 07:30:04,0.00351000,35.88000000
2018-02-27 07:30:06,0.00351300,4.13000000
2018-02-27 07:30:06,0.00351400,0.62000000
2018-02-27 07:30:06,0.00351000,2.46000000
2018-02-27 07:30:07,0.00351000,16.71000000
2018-02-27 07:30:09,0.00351000,0.69000000
2018-02-27 07:30:09,0.00351000,1.43000000
2018-02-27 07:30:10,0.00351000,5.15000000
2018-02-27 07:30:11,0.00351000,0.68000000
2018-02-27 07:30:12,0.00351000,8.75000000
2018-02-27 07:30:16,0.00351000,0.02000000
2018-02-27 07:30:16,0.00350900,1.33000000
2018-02-27 07:30:17,0.00351300,2.86000000
2018-02-27 07:30:18,0.00350900,6.30000000
2018-02-27 07:30:18,0.00350900,93.35000000
2018-02-27 07:30:19,0.00350900,1.00000000
2018-02-27 07:30:19,0.00350900,39.79000000
2018-02-27 07:30:20,0.00350900,182.26000000
2018-02-27 07:30:20,0.00350900,91.25000000
2018-02-27 07:30:20,0.00350900,29.31000000
2018-02-27 07:30:20,0.00350800,9.26000000
2018-02-27 07:30:23,0.00350800,31.42000000
2018-02-27 07:30:24,0.00351000,7.38000000
2018-02-27 07:30:24,0.00350700,11.24000000
2018-02-27 07:30:28,0.00350800,9.43000000
2018-02-27 07:30:28,0.00350700,14.14000000
2018-02-27 07:30:28,0.00350700,8.75000000
2018-02-27 07:30:29,0.00350700,0.39000000
2018-02-27 07:30:30,0.00350700,63.92000000
2018-02-27 07:30:30,0.00350600,6.08000000
2018-02-27 07:30:31,0.00350800,2.00000000
2018-02-27 07:30:31,0.00350800,7.99000000
2018-02-27 07:30:31,0.00350400,228.14000000
2018-02-27 07:30:31,0.00350400,2.54000000
2018-02-27 07:30:33,0.00350300,5.13000000
2018-02-27 07:30:33,0.00350700,4.12000000
2018-02-27 07:30:33,0.00350300,9.90000000
2018-02-27 07:30:34,0.00350300,11.27000000
2018-02-27 07:30:34,0.00350300,11.27000000
2018-02-27 07:30:36,0.00350200,4.98000000
2018-02-27 07:30:36,0.00350100,25.39000000
2018-02-27 07:30:36,0.00350300,24.00000000
2018-02-27 07:30:36,0.00350100,11.69000000
2018-02-27 07:30:37,0.00350300,22.28000000
2018-02-27 07:30:38,0.00350100,2.90000000
2018-02-27 07:30:39,0.00350100,2.91000000
2018-02-27 07:30:41,0.00350100,6.06000000
2018-02-27 07:30:42,0.00350100,1.45000000
2018-02-27 07:30:42,0.00350100,0.39000000
2018-02-27 07:30:42,0.00350300,12.24000000
2018-02-27 07:30:43,0.00350100,0.39000000
2018-02-27 07:30:43,0.00350100,0.40000000
2018-02-27 07:30:43,0.00350000,226.54000000
2018-02-27 07:30:43,0.00349800,0.39000000
2018-02-27 07:30:44,0.00350000,71.67000000
2018-02-27 07:30:44,0.00349800,1.09000000
2018-02-27 07:30:44,0.00349500,18.93000000
2018-02-27 07:30:44,0.00349400,56.42000000
2018-02-27 07:30:44,0.00350000,14.49000000
2018-02-27 07:30:45,0.00350000,0.41000000
2018-02-27 07:30:45,0.00350200,6.62000000
2018-02-27 07:30:45,0.00350200,27.06000000
2018-02-27 07:30:45,0.00350200,15.91000000
2018-02-27 07:30:45,0.00349400,57.63000000
2018-02-27 07:30:45,0.00349400,64.06000000
2018-02-27 07:30:45,0.00350100,5.00000000
2018-02-27 07:30:45,0.00349400,1.00000000
2018-02-27 07:30:46,0.00350000,6.35000000
2018-02-27 07:30:47,0.00349400,1.09000000
2018-02-27 07:30:47,0.00350000,8.55000000
2018-02-27 07:30:47,0.00350100,30.70000000
2018-02-27 07:30:48,0.00349400,0.56000000
2018-02-27 07:30:49,0.00350100,13.77000000
2018-02-27 07:30:50,0.00350100,13.76000000
2018-02-27 07:30:51,0.00350100,1.68000000
2018-02-27 07:30:51,0.00350100,13.76000000
2018-02-27 07:30:52,0.00349400,1.21000000
2018-02-27 07:30:52,0.00350100,13.17000000
2018-02-27 07:30:52,0.00350100,8.10000000
2018-02-27 07:30:53,0.00349400,38.76000000
2018-02-27 07:30:57,0.00349400,82.67000000
2018-02-27 07:30:58,0.00349400,4.45000000
2018-02-27 07:30:58,0.00349400,325.29000000
2018-02-27 07:30:58,0.00349500,18.66000000
2018-02-27 07:30:58,0.00349400,11.31000000
2018-02-27 07:31:00,0.00349500,101.35000000
2018-02-27 07:31:00,0.00349400,33.72000000
2018-02-27 07:31:01,0.00349400,2.94000000
2018-02-27 07:31:02,0.00349400,2.94000000
2018-02-27 07:31:03,0.00349500,10.02000000
2018-02-27 07:31:08,0.00349500,5.02000000
2018-02-27 07:31:09,0.00349500,17.37000000
2018-02-27 07:31:09,0.00350000,2.85000000
2018-02-27 07:31:09,0.00349500,21.90000000
2018-02-27 07:31:13,0.00349500,35.27000000
2018-02-27 07:31:13,0.00350000,2.85000000
2018-02-27 07:31:14,0.00350000,0.86000000
2018-02-27 07:31:14,0.00349500,9.64000000
2018-02-27 07:31:15,0.00350000,5.92000000
2018-02-27 07:31:16,0.00350000,25.16000000
2018-02-27 07:31:16,0.00350100,2.85000000
2018-02-27 07:31:16,0.00350000,28.28000000
2018-02-27 07:31:17,0.00350100,71.40000000
2018-02-27 07:31:17,0.00350100,10.98000000
2018-02-27 07:31:17,0.00350100,82.68000000
2018-02-27 07:31:18,0.00350000,18.11000000
2018-02-27 07:31:18,0.00349900,5.93000000
2018-02-27 07:31:19,0.00350100,11.37000000
2018-02-27 07:31:22,0.00350100,14.28000000
2018-02-27 07:31:24,0.00350100,2.85000000
2018-02-27 07:31:25,0.00350100,0.29000000
2018-02-27 07:31:25,0.00350100,20.03000000
2018-02-27 07:31:25,0.00350100,6.26000000
2018-02-27 07:31:26,0.00350400,5.48000000
2018-02-27 07:31:26,0.00350600,1.44000000
2018-02-27 07:31:26,0.00350700,7.36000000
2018-02-27 07:31:27,0.00350700,3.75000000
2018-02-27 07:31:29,0.00350100,0.73000000
2018-02-27 07:31:33,0.00350100,2.94000000
2018-02-27 07:31:33,0.00350100,1.37000000
2018-02-27 07:31:38,0.00350700,2.85000000
2018-02-27 07:31:41,0.00350700,12.22000000
2018-02-27 07:31:42,0.00350700,6.00000000
2018-02-27 07:31:42,0.00350700,0.41000000
2018-02-27 07:31:42,0.00350700,24.41000000
2018-02-27 07:31:43,0.00350700,0.95000000
2018-02-27 07:31:44,0.00351000,16.24000000
2018-02-27 07:31:45,0.00350700,0.29000000
2018-02-27 07:31:49,0.00351000,2.85000000
2018-02-27 07:31:49,0.00350700,2.85000000
2018-02-27 07:31:49,0.00350700,2.84000000
2018-02-27 07:31:49,0.00350700,2.85000000
2018-02-27 07:31:49,0.00350700,1.86000000
2018-02-27 07:31:50,0.00351000,2.84000000
2018-02-27 07:31:51,0.00350700,11.78000000
2018-02-27 07:31:51,0.00351000,0.37000000
2018-02-27 07:31:51,0.00351000,2.69000000
2018-02-27 07:31:51,0.00351000,3.35000000
2018-02-27 07:31:51,0.00350700,2.84000000
2018-02-27 07:31:55,0.00351000,2.64000000
2018-02-27 07:31:55,0.00351400,10.50000000
2018-02-27 07:31:55,0.00351000,1.15000000
2018-02-27 07:31:56,0.00351000,2.99000000
2018-02-27 07:31:56,0.00350800,13.83000000
2018-02-27 07:31:56,0.00350700,2.88000000
2018-02-27 07:31:58,0.00351000,11.91000000
2018-02-27 07:31:59,0.00350700,10.00000000
2018-02-27 07:32:00,0.00350900,2.84000000
2018-02-27 07:32:01,0.00350700,10.97000000
2018-02-27 07:32:01,0.00350700,19.69000000
2018-02-27 07:32:02,0.00350700,2.00000000
2018-02-27 07:32:02,0.00350800,20.51000000
2018-02-27 07:32:04,0.00350900,10.99000000
2018-02-27 07:32:04,0.00350900,0.39000000
2018-02-27 07:32:04,0.00351000,2.84000000
2018-02-27 07:32:04,0.00350900,9.37000000
2018-02-27 07:32:04,0.00350900,0.39000000
2018-02-27 07:32:05,0.00350900,5.00000000
2018-02-27 07:32:05,0.00350900,0.39000000
2018-02-27 07:32:06,0.00350900,0.39000000
2018-02-27 07:32:08,0.00350900,21.55000000
2018-02-27 07:32:08,0.00351000,5.23000000
2018-02-27 07:32:09,0.00351100,2.92000000
2018-02-27 07:32:09,0.00351100,0.77000000
2018-02-27 07:32:10,0.00351100,0.70000000
2018-02-27 07:32:10,0.00351000,2.22000000
2018-02-27 07:32:10,0.00351000,0.01000000
2018-02-27 07:32:10,0.00351000,2.92000000
2018-02-27 07:32:10,0.00351000,0.08000000
2018-02-27 07:32:10,0.00350900,2.84000000
2018-02-27 07:32:11,0.00350900,2.92000000
2018-02-27 07:32:12,0.00350900,0.81000000
2018-02-27 07:32:13,0.00350900,2.92000000
2018-02-27 07:32:14,0.00351000,2.92000000
2018-02-27 07:32:15,0.00351000,2.90000000
2018-02-27 07:32:15,0.00351000,10.00000000
2018-02-27 07:32:15,0.00351000,2.80000000
2018-02-27 07:32:15,0.00351000,1.00000000
2018-02-27 07:32:15,0.00351000,2.92000000
2018-02-27 07:32:16,0.00351000,2.90000000
2018-02-27 07:32:16,0.00351000,14.27000000
2018-02-27 07:32:17,0.00351000,2.92000000
2018-02-27 07:32:17,0.00351300,5.05000000
2018-02-27 07:32:17,0.00351400,94.68000000
2018-02-27 07:32:17,0.00351500,92.33000000
2018-02-27 07:32:18,0.00351000,14.27000000
2018-02-27 07:32:20,0.00351000,1.00000000
2018-02-27 07:32:20,0.00351000,2.85000000
2018-02-27 07:32:21,0.00351500,49.00000000
2018-02-27 07:32:21,0.00351600,85.11000000
2018-02-27 07:32:21,0.00351000,2.91000000
2018-02-27 07:32:23,0.00351000,1.00000000
2018-02-27 07:32:25,0.00351600,10.00000000
2018-02-27 07:32:27,0.00351000,14.33000000
2018-02-27 07:32:28,0.00351500,1.79000000
2018-02-27 07:32:28,0.00351500,0.34000000
2018-02-27 07:32:29,0.00351500,0.31000000
2018-02-27 07:32:29,0.00351500,13.28000000
2018-02-27 07:32:30,0.00351500,0.60000000
2018-02-27 07:32:30,0.00351000,14.27000000
2018-02-27 07:32:31,0.00351200,1.69000000
2018-02-27 07:32:31,0.00351200,1.00000000
2018-02-27 07:32:32,0.00351200,14.27000000
2018-02-27 07:32:32,0.00351200,2.83000000
2018-02-27 07:32:32,0.00351500,73.06000000
2018-02-27 07:32:32,0.00351100,0.80000000
2018-02-27 07:32:32,0.00351100,2.92000000
2018-02-27 07:32:33,0.00351500,6.17000000
2018-02-27 07:32:34,0.00351100,14.27000000
2018-02-27 07:32:34,0.00351100,2.90000000
2018-02-27 07:32:37,0.00351500,2.84000000
2018-02-27 07:32:37,0.00351200,1.64000000
2018-02-27 07:32:37,0.00351100,12.63000000
2018-02-27 07:32:37,0.00351100,2.32000000
2018-02-27 07:32:38,0.00351100,0.93000000
2018-02-27 07:32:38,0.00351100,1.00000000
2018-02-27 07:32:38,0.00351100,1.00000000
2018-02-27 07:32:39,0.00351100,2.26000000
2018-02-27 07:32:39,0.00351100,2.85000000
2018-02-27 07:32:39,0.00351100,57.80000000
2018-02-27 07:32:39,0.00351200,12.57000000
2018-02-27 07:32:39,0.00351100,54.97000000
2018-02-27 07:32:39,0.00351000,53.88000000
2018-02-27 07:32:40,0.00351300,17.82000000
2018-02-27 07:32:41,0.00351200,0.49000000
2018-02-27 07:32:41,0.00351100,0.81000000
2018-02-27 07:32:42,0.00351100,37.48000000
2018-02-27 07:32:42,0.00351000,81.61000000
2018-02-27 07:32:47,0.00351000,1.14000000
2018-02-27 07:32:49,0.00351000,9.61000000
2018-02-27 07:32:49,0.00351000,3.00000000
2018-02-27 07:32:49,0.00351000,3.22000000
2018-02-27 07:32:51,0.00351000,7.31000000
2018-02-27 07:32:54,0.00351000,1.64000000
2018-02-27 07:32:54,0.00351100,8.52000000
2018-02-27 07:32:54,0.00350900,1.64000000
2018-02-27 07:32:54,0.00350900,6.99000000
2018-02-27 07:32:54,0.00350800,24.48000000
2018-02-27 07:32:56,0.00350800,3.08000000
2018-02-27 07:32:58,0.00350800,4.27000000
2018-02-27 07:32:58,0.00351100,12.34000000
2018-02-27 07:32:59,0.00351000,2.85000000
2018-02-27 07:33:00,0.00351000,2.92000000
2018-02-27 07:33:00,0.00351000,1.61000000
2018-02-27 07:33:00,0.00350800,1.30000000
2018-02-27 07:33:00,0.00350800,2.91000000
2018-02-27 07:33:01,0.00350800,2.92000000
2018-02-27 07:33:01,0.00350800,2.92000000
2018-02-27 07:33:01,0.00350800,2.92000000
2018-02-27 07:33:02,0.00350800,2.92000000
2018-02-27 07:33:02,0.00350800,2.92000000
2018-02-27 07:33:02,0.00350800,2.90000000
2018-02-27 07:33:03,0.00350800,1.14000000
2018-02-27 07:33:03,0.00350800,2.92000000
2018-02-27 07:33:03,0.00350800,2.90000000
2018-02-27 07:33:03,0.00350800,2.90000000
2018-02-27 07:33:04,0.00350800,8.42000000
2018-02-27 07:33:04,0.00350800,2.90000000
2018-02-27 07:33:04,0.00350800,2.91000000
2018-02-27 07:33:05,0.00350800,1.14000000
2018-02-27 07:33:06,0.00350800,0.70000000
2018-02-27 07:33:06,0.00350800,2.90000000
2018-02-27 07:33:06,0.00350800,2.92000000
2018-02-27 07:33:07,0.00350800,2.91000000
2018-02-27 07:33:07,0.00350800,3.80000000
2018-02-27 07:33:07,0.00350800,2.92000000
2018-02-27 07:33:08,0.00351000,2.84000000
2018-02-27 07:33:08,0.00350800,2.92000000
2018-02-27 07:33:08,0.00350800,2.90000000
2018-02-27 07:33:09,0.00350800,2.92000000
2018-02-27 07:33:09,0.00350800,2.92000000
2018-02-27 07:33:09,0.00350800,2.92000000
2018-02-27 07:33:09,0.00351000,0.38000000
2018-02-27 07:33:09,0.00351200,1.14000000
2018-02-27 07:33:09,0.00351500,1.32000000
2018-02-27 07:33:10,0.00350800,2.92000000
2018-02-27 07:33:10,0.00350800,2.92000000
2018-02-27 07:33:10,0.00350800,2.92000000
2018-02-27 07:33:11,0.00350800,2.92000000
2018-02-27 07:33:11,0.00351500,22.03000000
2018-02-27 07:33:11,0.00350800,2.92000000
2018-02-27 07:33:11,0.00350800,2.90000000
2018-02-27 07:33:12,0.00350800,26.88000000
2018-02-27 07:33:12,0.00351000,2.92000000
2018-02-27 07:33:12,0.00351100,2.84000000
2018-02-27 07:33:12,0.00351000,2.92000000
2018-02-27 07:33:13,0.00351100,1.70000000
2018-02-27 07:33:15,0.00351000,2.90000000
2018-02-27 07:33:16,0.00351000,2.91000000
2018-02-27 07:33:17,0.00351000,2.85000000
2018-02-27 07:33:18,0.00351000,2.90000000
2018-02-27 07:33:18,0.00351000,2.85000000
2018-02-27 07:33:19,0.00351100,22.30000000
2018-02-27 07:33:19,0.00351100,2.90000000
2018-02-27 07:33:19,0.00351100,4.23000000
2018-02-27 07:33:20,0.00351100,91.02000000
2018-02-27 07:33:20,0.00351100,88.68000000
2018-02-27 07:33:20,0.00351100,2.85000000
2018-02-27 07:33:21,0.00351100,20.66000000
2018-02-27 07:33:22,0.00351000,2.85000000
2018-02-27 07:33:23,0.00351000,1.87000000
2018-02-27 07:33:23,0.00351000,38.13000000
2018-02-27 07:33:24,0.00351000,1.14000000
2018-02-27 07:33:24,0.00351000,2.85000000
2018-02-27 07:33:26,0.00351000,1.14000000
2018-02-27 07:33:27,0.00351000,34.42000000
2018-02-27 07:33:29,0.00351000,1.14000000
2018-02-27 07:33:31,0.00351000,16.64000000
2018-02-27 07:33:32,0.00351000,1.75000000
2018-02-27 07:33:33,0.00351500,10.15000000
2018-02-27 07:33:34,0.00351000,1.14000000
2018-02-27 07:33:34,0.00351000,0.74000000
2018-02-27 07:33:35,0.00351500,2.84000000
2018-02-27 07:33:36,0.00351000,1.14000000
2018-02-27 07:33:37,0.00351000,11.88000000
2018-02-27 07:33:37,0.00350800,4.43000000
2018-02-27 07:33:37,0.00350800,53.57000000
2018-02-27 07:33:38,0.00351000,2.00000000
2018-02-27 07:33:38,0.00351000,1.46000000
2018-02-27 07:33:38,0.00350800,29.17000000
2018-02-27 07:33:40,0.00350800,18.01000000
2018-02-27 07:33:45,0.00351000,4.66000000
2018-02-27 07:33:47,0.00350800,9.01000000
2018-02-27 07:33:49,0.00350800,4.44000000
2018-02-27 07:33:50,0.00350800,3.00000000
2018-02-27 07:33:54,0.00350800,1.58000000
2018-02-27 07:33:56,0.00350800,7.01000000
2018-02-27 07:33:58,0.00350800,2.84000000
2018-02-27 07:33:59,0.00350700,1.09000000
2018-02-27 07:33:59,0.00350400,8.12000000
2018-02-27 07:34:00,0.00350800,31.57000000
2018-02-27 07:34:02,0.00350800,49.37000000
2018-02-27 07:34:03,0.00350800,5.99000000
2018-02-27 07:34:03,0.00350800,115.38000000
2018-02-27 07:34:04,0.00350800,29.85000000
2018-02-27 07:34:05,0.00350800,2.00000000
2018-02-27 07:34:06,0.00350800,14.09000000
2018-02-27 07:34:10,0.00350800,7.04000000
2018-02-27 07:34:12,0.00351000,1.00000000
2018-02-27 07:34:12,0.00351100,1.09000000
2018-02-27 07:34:12,0.00351400,198.56000000
2018-02-27 07:34:12,0.00351400,0.59000000
2018-02-27 07:34:12,0.00351600,2.84000000
2018-02-27 07:34:13,0.00351400,0.40000000
2018-02-27 07:34:13,0.00351400,17.67000000
2018-02-27 07:34:14,0.00350800,0.70000000
2018-02-27 07:34:14,0.00351100,3.33000000
2018-02-27 07:34:15,0.00351100,6.67000000
2018-02-27 07:34:15,0.00351400,17.44000000
2018-02-27 07:34:15,0.00351600,463.98000000
2018-02-27 07:34:16,0.00351600,2.84000000
2018-02-27 07:34:17,0.00350900,4.44000000
2018-02-27 07:34:17,0.00351600,21.27000000
2018-02-27 07:34:17,0.00351700,2.84000000
2018-02-27 07:34:17,0.00351900,4.11000000
2018-02-27 07:34:17,0.00352000,199.75000000
2018-02-27 07:34:17,0.00352000,2.84000000
2018-02-27 07:34:17,0.00350900,7.02000000
2018-02-27 07:34:20,0.00351200,2.84000000
2018-02-27 07:34:20,0.00351100,2.31000000
2018-02-27 07:34:20,0.00351000,0.54000000
2018-02-27 07:34:20,0.00351000,5.76000000
2018-02-27 07:34:23,0.00351000,13.77000000
2018-02-27 07:34:23,0.00351100,2.30000000
2018-02-27 07:34:23,0.00351700,188.93000000
2018-02-27 07:34:24,0.00350900,2.23000000
2018-02-27 07:34:24,0.00350800,2.01000000
2018-02-27 07:34:25,0.00351700,2.84000000
2018-02-27 07:34:25,0.00351700,2.84000000
2018-02-27 07:34:26,0.00351000,0.36000000
2018-02-27 07:34:29,0.00351000,0.03000000
2018-02-27 07:34:30,0.00351000,1.79000000
2018-02-27 07:34:30,0.00351600,1.05000000
2018-02-27 07:34:32,0.00351600,2.84000000
2018-02-27 07:34:32,0.00350900,14.59000000
2018-02-27 07:34:33,0.00351600,10.46000000
2018-02-27 07:34:33,0.00351600,2.85000000
2018-02-27 07:34:33,0.00351600,58.22000000
2018-02-27 07:34:34,0.00351600,9.66000000
2018-02-27 07:34:34,0.00351600,26.25000000
2018-02-27 07:34:35,0.00351600,2.45000000
2018-02-27 07:34:35,0.00351600,11.90000000
2018-02-27 07:34:35,0.00351600,73.77000000
2018-02-27 07:34:35,0.00351600,0.42000000
2018-02-27 07:34:35,0.00351000,13.77000000
2018-02-27 07:34:35,0.00350900,14.60000000
2018-02-27 07:34:35,0.00350800,2.56000000
2018-02-27 07:34:36,0.00350800,2.85000000
2018-02-27 07:34:36,0.00350800,31.99000000
2018-02-27 07:34:37,0.00351500,2.85000000
2018-02-27 07:34:38,0.00350900,4.24000000
2018-02-27 07:34:39,0.00350900,0.32000000
2018-02-27 07:34:40,0.00350900,30.16000000
2018-02-27 07:34:44,0.00351300,10.71000000
2018-02-27 07:34:44,0.00351500,22.89000000
2018-02-27 07:34:44,0.00351500,3.06000000
2018-02-27 07:34:44,0.00350900,0.76000000
2018-02-27 07:34:44,0.00350900,21.73000000
2018-02-27 07:34:45,0.00350500,15.08000000
2018-02-27 07:34:45,0.00350900,14.88000000
2018-02-27 07:34:46,0.00350800,2.84000000
2018-02-27 07:34:46,0.00350800,0.41000000
2018-02-27 07:34:46,0.00350800,0.41000000
2018-02-27 07:34:46,0.00350800,0.30000000
2018-02-27 07:34:46,0.00350800,6.75000000
2018-02-27 07:34:46,0.00350900,6.85000000
2018-02-27 07:34:46,0.00351600,27.52000000
2018-02-27 07:34:48,0.00351600,2.84000000
2018-02-27 07:34:49,0.00351400,14.27000000
2018-02-27 07:34:49,0.00351600,117.29000000
2018-02-27 07:34:49,0.00351800,2.85000000
2018-02-27 07:34:50,0.00351600,0.81000000
2018-02-27 07:34:50,0.00351600,9.50000000
2018-02-27 07:34:50,0.00351400,8.53000000
2018-02-27 07:34:50,0.00351400,0.40000000
2018-02-27 07:34:50,0.00350800,8.55000000
2018-02-27 07:34:50,0.00350600,5.72000000
2018-02-27 07:34:51,0.00350900,2.92000000
2018-02-27 07:34:51,0.00350900,5.52000000
2018-02-27 07:34:51,0.00350900,2.92000000
2018-02-27 07:34:51,0.00350900,2.92000000
2018-02-27 07:34:52,0.00350900,4.24000000
2018-02-27 07:34:52,0.00350900,2.92000000
2018-02-27 07:34:52,0.00350900,0.78000000
2018-02-27 07:34:52,0.00350600,2.14000000
2018-02-27 07:34:52,0.00350600,2.90000000
2018-02-27 07:34:52,0.00350600,2.90000000
2018-02-27 07:34:53,0.00350600,2.92000000
2018-02-27 07:34:53,0.00350500,2.92000000
2018-02-27 07:34:54,0.00350500,2.91000000
2018-02-27 07:34:54,0.00350500,2.90000000
2018-02-27 07:34:54,0.00350800,2.34000000
2018-02-27 07:34:54,0.00351200,0.51000000
2018-02-27 07:34:54,0.00350500,2.92000000
2018-02-27 07:34:54,0.00350500,7.69000000
2018-02-27 07:34:54,0.00351200,2.85000000
2018-02-27 07:34:54,0.00351400,42.25000000
2018-02-27 07:34:54,0.00351700,104.66000000
2018-02-27 07:34:54,0.00351800,2.74000000
2018-02-27 07:34:54,0.00351700,10.41000000
2018-02-27 07:34:55,0.00351700,0.47000000
2018-02-27 07:34:55,0.00350500,2.43000000
2018-02-27 07:34:55,0.00350600,2.90000000
2018-02-27 07:34:55,0.00350600,0.46000000
2018-02-27 07:34:55,0.00350500,2.44000000
2018-02-27 07:34:55,0.00350500,2.90000000
2018-02-27 07:34:56,0.00350600,2.90000000
2018-02-27 07:34:56,0.00350600,5.30000000
2018-02-27 07:34:56,0.00350500,10.25000000
2018-02-27 07:34:56,0.00350500,2.90000000
2018-02-27 07:34:56,0.00350700,2.85000000
2018-02-27 07:34:56,0.00350600,0.05000000
2018-02-27 07:34:56,0.00350600,2.90000000
2018-02-27 07:34:57,0.00350500,1.39000000
2018-02-27 07:34:57,0.00350500,2.90000000
2018-02-27 07:34:57,0.00350500,2.91000000
2018-02-27 07:34:58,0.00350900,2.90000000
2018-02-27 07:34:59,0.00350900,10.12000000
2018-02-27 07:34:59,0.00350500,4.88000000
2018-02-27 07:35:00,0.00350500,2.90000000
2018-02-27 07:35:01,0.00350500,2.90000000
2018-02-27 07:35:03,0.00350500,4.80000000
2018-02-27 07:35:03,0.00350500,2.92000000
2018-02-27 07:35:04,0.00350500,2.92000000
2018-02-27 07:35:04,0.00350500,2.92000000
2018-02-27 07:35:05,0.00350500,2.92000000
2018-02-27 07:35:05,0.00350500,2.91000000
2018-02-27 07:35:05,0.00350500,2.92000000
2018-02-27 07:35:05,0.00350500,1.91000000
2018-02-27 07:35:05,0.00350400,1.01000000
2018-02-27 07:35:06,0.00350400,2.92000000
2018-02-27 07:35:06,0.00350500,41.29000000
2018-02-27 07:35:06,0.00350500,2.91000000
2018-02-27 07:35:06,0.00350500,2.92000000
2018-02-27 07:35:06,0.00350500,2.90000000
2018-02-27 07:35:07,0.00350600,6.31000000
2018-02-27 07:35:07,0.00350700,0.86000000
2018-02-27 07:35:07,0.00350500,2.92000000
2018-02-27 07:35:07,0.00350500,2.92000000
2018-02-27 07:35:07,0.00350500,2.91000000
2018-02-27 07:35:07,0.00350500,2.91000000
2018-02-27 07:35:08,0.00350500,2.91000000
2018-02-27 07:35:08,0.00350500,2.91000000
2018-02-27 07:35:09,0.00350500,2.90000000
2018-02-27 07:35:09,0.00350500,2.92000000
2018-02-27 07:35:09,0.00350500,2.91000000
2018-02-27 07:35:09,0.00350500,2.91000000
2018-02-27 07:35:09,0.00350600,3.13000000
2018-02-27 07:35:10,0.00350500,2.91000000
2018-02-27 07:35:10,0.00350500,0.54000000
2018-02-27 07:35:10,0.00350400,2.37000000
2018-02-27 07:35:10,0.00350400,2.91000000
2018-02-27 07:35:10,0.00350400,2.92000000
2018-02-27 07:35:10,0.00350400,2.91000000
2018-02-27 07:35:11,0.00350500,2.48000000
2018-02-27 07:35:11,0.00350600,1.56000000
2018-02-27 07:35:11,0.00350400,1.35000000
2018-02-27 07:35:11,0.00350400,2.91000000
2018-02-27 07:35:12,0.00350500,2.91000000
2018-02-27 07:35:12,0.00350800,2.85000000
2018-02-27 07:35:12,0.00350500,2.91000000
2018-02-27 07:35:12,0.00350800,27.22000000
2018-02-27 07:35:12,0.00350800,2.85000000
2018-02-27 07:35:12,0.00350500,0.06000000
2018-02-27 07:35:12,0.00350500,0.60000000
2018-02-27 07:35:12,0.00350400,2.31000000
2018-02-27 07:35:12,0.00351000,2.85000000
2018-02-27 07:35:13,0.00350400,2.91000000
2018-02-27 07:35:13,0.00350400,48.24000000
2018-02-27 07:35:13,0.00350300,14.38000000
2018-02-27 07:35:13,0.00350100,2.90000000
2018-02-27 07:35:13,0.00350100,7.98000000
2018-02-27 07:35:13,0.00350000,17.59000000
2018-02-27 07:35:13,0.00350000,2.90000000
2018-02-27 07:35:14,0.00350300,2.91000000
2018-02-27 07:35:14,0.00350000,2.91000000
2018-02-27 07:35:14,0.00350000,2.91000000
2018-02-27 07:35:14,0.00350000,2.91000000
2018-02-27 07:35:15,0.00350000,2.91000000
2018-02-27 07:35:15,0.00350000,44.40000000
2018-02-27 07:35:15,0.00350000,2.91000000
2018-02-27 07:35:16,0.00350000,2.90000000
2018-02-27 07:35:16,0.00350000,2.91000000
2018-02-27 07:35:16,0.00350500,5.23000000
2018-02-27 07:35:16,0.00351300,8.55000000
2018-02-27 07:35:16,0.00351600,88.87000000
2018-02-27 07:35:17,0.00350300,0.80000000
2018-02-27 07:35:17,0.00350300,2.12000000
2018-02-27 07:35:17,0.00350000,2.90000000
2018-02-27 07:35:18,0.00350000,2.92000000
2018-02-27 07:35:19,0.00350000,2.90000000
2018-02-27 07:35:19,0.00350300,308.90000000
2018-02-27 07:35:19,0.00350000,2.92000000
2018-02-27 07:35:20,0.00350000,2.92000000
2018-02-27 07:35:20,0.00350000,2.92000000
2018-02-27 07:35:21,0.00350000,2.92000000
2018-02-27 07:35:21,0.00350000,2.92000000
2018-02-27 07:35:21,0.00350500,13.98000000
2018-02-27 07:35:21,0.00350500,2.85000000
2018-02-27 07:35:21,0.00350000,2.92000000
2018-02-27 07:35:22,0.00350000,2.92000000
2018-02-27 07:35:22,0.00350000,2.92000000
2018-02-27 07:35:22,0.00350000,2.92000000
2018-02-27 07:35:22,0.00350500,0.10000000
2018-02-27 07:35:22,0.00351500,0.56000000
2018-02-27 07:35:23,0.00351500,9.66000000
2018-02-27 07:35:23,0.00351500,9.25000000
2018-02-27 07:35:23,0.00351500,2.92000000
2018-02-27 07:35:23,0.00351500,2.92000000
2018-02-27 07:35:23,0.00351500,14.16000000
2018-02-27 07:35:23,0.00351500,19.96000000
2018-02-27 07:35:23,0.00351500,16.69000000
2018-02-27 07:35:23,0.00350100,2.91000000
2018-02-27 07:35:23,0.00350100,2.92000000
2018-02-27 07:35:23,0.00350100,0.79000000
2018-02-27 07:35:23,0.00350100,2.92000000
2018-02-27 07:35:23,0.00350300,0.85000000
2018-02-27 07:35:23,0.00350100,13.44000000
2018-02-27 07:35:24,0.00350300,2.92000000
2018-02-27 07:35:24,0.00350300,0.21000000
2018-02-27 07:35:24,0.00350200,2.71000000
2018-02-27 07:35:24,0.00350200,2.91000000
2018-02-27 07:35:24,0.00350400,2.85000000
2018-02-27 07:35:24,0.00350200,0.07000000
2018-02-27 07:35:24,0.00350400,0.85000000
2018-02-27 07:35:24,0.00350200,2.07000000
2018-02-27 07:35:25,0.00350200,1.66000000
2018-02-27 07:35:25,0.00350000,1.25000000
2018-02-27 07:35:25,0.00350400,0.85000000
2018-02-27 07:35:25,0.00350000,2.06000000
2018-02-27 07:35:25,0.00350000,2.90000000
2018-02-27 07:35:25,0.00350000,2.91000000
2018-02-27 07:35:26,0.00350000,2.92000000
2018-02-27 07:35:26,0.00350000,2.91000000
2018-02-27 07:35:26,0.00350000,2.91000000
2018-02-27 07:35:27,0.00350000,2.91000000
2018-02-27 07:35:27,0.00350000,2.91000000
2018-02-27 07:35:27,0.00350100,1.42000000
2018-02-27 07:35:27,0.00350000,1.49000000
2018-02-27 07:35:27,0.00350400,2.91000000
2018-02-27 07:35:27,0.00350400,2.91000000
2018-02-27 07:35:28,0.00350400,2.91000000
2018-02-27 07:35:28,0.00350400,2.91000000
2018-02-27 07:35:28,0.00350400,2.45000000
2018-02-27 07:35:28,0.00350000,0.41000000
2018-02-27 07:35:28,0.00350000,2.91000000
2018-02-27 07:35:28,0.00350000,2.91000000
2018-02-27 07:35:29,0.00350000,2.91000000
2018-02-27 07:35:29,0.00350000,0.87000000
2018-02-27 07:35:29,0.00350000,2.91000000
2018-02-27 07:35:30,0.00350000,2.91000000
2018-02-27 07:35:30,0.00350000,2.91000000
2018-02-27 07:35:30,0.00350000,2.91000000
2018-02-27 07:35:30,0.00350200,0.56000000
2018-02-27 07:35:31,0.00350000,2.91000000
2018-02-27 07:35:31,0.00350000,2.91000000
2018-02-27 07:35:31,0.00350000,21.08000000
2018-02-27 07:35:31,0.00350000,2.91000000
2018-02-27 07:35:31,0.00350000,2.91000000
2018-02-27 07:35:32,0.00350100,0.70000000
2018-02-27 07:35:32,0.00350000,2.91000000
2018-02-27 07:35:32,0.00350100,2.15000000
2018-02-27 07:35:32,0.00350600,3.13000000
2018-02-27 07:35:32,0.00350800,8.56000000
2018-02-27 07:35:32,0.00351000,2.91000000
2018-02-27 07:35:33,0.00351000,2.91000000
2018-02-27 07:35:33,0.00351000,2.91000000
2018-02-27 07:35:33,0.00351000,19.11000000
2018-02-27 07:35:33,0.00351000,71.46000000
2018-02-27 07:35:33,0.00351000,2.25000000
2018-02-27 07:35:34,0.00351000,2.91000000
2018-02-27 07:35:34,0.00351000,1.36000000
2018-02-27 07:35:34,0.00350100,1.54000000
2018-02-27 07:35:34,0.00350100,1.00000000
2018-02-27 07:35:34,0.00350100,1.03000000
2018-02-27 07:35:35,0.00350200,2.91000000
2018-02-27 07:35:35,0.00351200,22.98000000
2018-02-27 07:35:35,0.00351400,0.86000000
2018-02-27 07:35:35,0.00351600,63.90000000
2018-02-27 07:35:35,0.00350200,2.91000000
2018-02-27 07:35:36,0.00350200,2.91000000
2018-02-27 07:35:36,0.00350200,2.91000000
2018-02-27 07:35:37,0.00350300,2.91000000
2018-02-27 07:35:37,0.00350500,2.85000000
2018-02-27 07:35:37,0.00350300,0.06000000
2018-02-27 07:35:37,0.00350300,2.91000000
2018-02-27 07:35:37,0.00350300,2.91000000
2018-02-27 07:35:38,0.00350500,2.91000000
2018-02-27 07:35:38,0.00350500,0.91000000
2018-02-27 07:35:38,0.00350100,2.00000000
2018-02-27 07:35:38,0.00350100,2.91000000
2018-02-27 07:35:39,0.00351200,17.35000000
2018-02-27 07:35:39,0.00351300,3.28000000
2018-02-27 07:35:39,0.00350100,0.10000000
2018-02-27 07:35:39,0.00350000,2.81000000
2018-02-27 07:35:39,0.00350000,2.91000000
2018-02-27 07:35:39,0.00350000,2.91000000
2018-02-27 07:35:40,0.00350100,2.91000000
2018-02-27 07:35:40,0.00350100,2.91000000
2018-02-27 07:35:40,0.00350100,2.91000000
2018-02-27 07:35:41,0.00350100,2.91000000
2018-02-27 07:35:41,0.00350100,2.91000000
2018-02-27 07:35:41,0.00350100,2.91000000
2018-02-27 07:35:42,0.00350100,2.92000000
2018-02-27 07:35:42,0.00350100,0.12000000
2018-02-27 07:35:42,0.00350000,2.79000000
2018-02-27 07:35:42,0.00350000,2.91000000
2018-02-27 07:35:43,0.00350000,2.91000000
2018-02-27 07:35:43,0.00350000,2.91000000
2018-02-27 07:35:43,0.00350000,2.90000000
2018-02-27 07:35:44,0.00350000,2.60000000
2018-02-27 07:35:44,0.00349800,0.31000000
2018-02-27 07:35:44,0.00350400,8.56000000
2018-02-27 07:35:45,0.00350100,2.90000000
2018-02-27 07:35:47,0.00350200,10.41000000
2018-02-27 07:35:47,0.00350100,0.11000000
2018-02-27 07:35:47,0.00349800,2.79000000
2018-02-27 07:35:48,0.00350100,4.25000000
2018-02-27 07:35:48,0.00350100,3.22000000
2018-02-27 07:35:48,0.00350000,3.39000000
2018-02-27 07:35:48,0.00350000,2.90000000
2018-02-27 07:35:49,0.00350000,0.56000000
2018-02-27 07:35:49,0.00350100,91.95000000
2018-02-27 07:35:49,0.00350000,83.45000000
2018-02-27 07:35:50,0.00350000,2.91000000
2018-02-27 07:35:51,0.00350000,57.49000000
2018-02-27 07:35:52,0.00350000,57.50000000
2018-02-27 07:35:52,0.00349800,6.41000000
2018-02-27 07:35:52,0.00349600,1.04000000
2018-02-27 07:35:52,0.00349500,30.00000000
2018-02-27 07:35:52,0.00349400,51.24000000
2018-02-27 07:35:52,0.00349200,9.00000000
2018-02-27 07:35:52,0.00349100,31.00000000
2018-02-27 07:35:52,0.00349000,22.28000000
2018-02-27 07:35:52,0.00348900,1.06000000
2018-02-27 07:35:52,0.00348800,4.12000000
2018-02-27 07:35:52,0.00349300,72.99000000
2018-02-27 07:35:52,0.00350100,43.66000000
2018-02-27 07:35:52,0.00350300,3.15000000
2018-02-27 07:35:52,0.00350800,85.41000000
2018-02-27 07:35:52,0.00348800,7.00000000
2018-02-27 07:35:58,0.00350800,22.84000000
2018-02-27 07:36:00,0.00350800,101.75000000
2018-02-27 07:36:01,0.00349900,2.93000000
2018-02-27 07:36:03,0.00349500,2.93000000
2018-02-27 07:36:03,0.00349600,2.90000000
2018-02-27 07:36:04,0.00349600,0.26000000
2018-02-27 07:36:04,0.00349500,2.66000000
2018-02-27 07:36:05,0.00349500,0.06000000
2018-02-27 07:36:05,0.00349400,1.44000000
2018-02-27 07:36:05,0.00349300,1.41000000
2018-02-27 07:36:05,0.00350600,1.60000000
2018-02-27 07:36:06,0.00350500,2.72000000
2018-02-27 07:36:06,0.00350600,0.12000000
2018-02-27 07:36:06,0.00349200,2.35000000
2018-02-27 07:36:06,0.00349100,0.56000000
2018-02-27 07:36:07,0.00349400,2.93000000
2018-02-27 07:36:07,0.00350600,7.30000000
2018-02-27 07:36:07,0.00350700,48.71000000
2018-02-27 07:36:10,0.00350000,2.93000000
