DATE,PRICE,VOLUME
2018-02-28 06:00:00,0.00323000,2.50000000
2018-02-28 06:00:01,0.00323000,0.36000000
2018-02-28 06:00:09,0.00322500,8.24000000
2018-02-28 06:00:10,0.00323000,2.96000000
2018-02-28 06:00:10,0.00323000,46.75000000
2018-02-28 06:00:14,0.00323000,0.01000000
2018-02-28 06:00:15,0.00323100,0.02000000
2018-02-28 06:00:28,0.00323100,0.61000000
2018-02-28 06:00:28,0.00322600,1.28000000
2018-02-28 06:00:28,0.00322500,0.39000000
2018-02-28 06:00:32,0.00323000,0.81000000
2018-02-28 06:00:32,0.00322600,11.11000000
2018-02-28 06:00:34,0.00322500,28.22000000
2018-02-28 06:00:37,0.00323000,24.26000000
2018-02-28 06:00:47,0.00322900,6.07000000
2018-02-28 06:00:49,0.00322900,5.04000000
2018-02-28 06:00:49,0.00323000,8.00000000
2018-02-28 06:00:54,0.00323300,3.05000000
2018-02-28 06:00:57,0.00323300,1.24000000
2018-02-28 06:00:57,0.00322700,0.01000000
2018-02-28 06:00:57,0.00323300,3.03000000
2018-02-28 06:00:58,0.00322700,4.03000000
2018-02-28 06:00:58,0.00323300,0.92000000
2018-02-28 06:00:58,0.00323300,0.78000000
2018-02-28 06:00:59,0.00323300,2.46000000
2018-02-28 06:01:00,0.00323300,15.94000000
2018-02-28 06:01:01,0.00322700,0.59000000
2018-02-28 06:01:03,0.00323300,1.24000000
2018-02-28 06:01:07,0.00323200,0.50000000
2018-02-28 06:01:08,0.00323200,2.04000000
2018-02-28 06:01:08,0.00323200,0.01000000
2018-02-28 06:01:08,0.00323300,6.33000000
2018-02-28 06:01:08,0.00323300,10.00000000
2018-02-28 06:01:12,0.00323300,1.23000000
2018-02-28 06:01:20,0.00323200,3.00000000
2018-02-28 06:01:20,0.00323300,0.09000000
2018-02-28 06:01:21,0.00322800,3.78000000
2018-02-28 06:01:24,0.00323300,2.34000000
2018-02-28 06:01:24,0.00323400,0.66000000
2018-02-28 06:01:29,0.00323400,3.09000000
2018-02-28 06:01:38,0.00323000,1.18000000
2018-02-28 06:01:47,0.00323000,75.26000000
2018-02-28 06:01:53,0.00323200,2.58000000
2018-02-28 06:01:53,0.00323300,12.77000000
2018-02-28 06:02:01,0.00322800,6.22000000
2018-02-28 06:02:01,0.00322700,1.65000000
2018-02-28 06:02:01,0.00322600,20.93000000
2018-02-28 06:02:07,0.00323300,6.19000000
2018-02-28 06:02:29,0.00323300,2.29000000
2018-02-28 06:02:29,0.00323300,17.64000000
2018-02-28 06:02:41,0.00323300,3.09000000
2018-02-28 06:02:42,0.00322800,26.76000000
2018-02-28 06:02:46,0.00322800,0.63000000
2018-02-28 06:02:57,0.00323300,0.31000000
2018-02-28 06:03:20,0.00322800,5.53000000
2018-02-28 06:03:20,0.00323300,1.59000000
2018-02-28 06:03:21,0.00323300,3.60000000
2018-02-28 06:03:21,0.00322800,20.02000000
2018-02-28 06:03:22,0.00322800,3.46000000
2018-02-28 06:03:22,0.00322800,2.05000000
2018-02-28 06:03:45,0.00322800,57.48000000
2018-02-28 06:03:52,0.00322800,9.33000000
2018-02-28 06:03:53,0.00322800,5.00000000
2018-02-28 06:03:56,0.00322800,2.15000000
2018-02-28 06:03:58,0.00322800,2.88000000
2018-02-28 06:04:33,0.00322800,146.85000000
2018-02-28 06:04:33,0.00322800,242.19000000
2018-02-28 06:04:45,0.00322800,0.01000000
2018-02-28 06:04:51,0.00323400,4.55000000
2018-02-28 06:04:54,0.00323400,2.69000000
2018-02-28 06:04:56,0.00322800,2.00000000
2018-02-28 06:04:56,0.00322700,9.29000000
2018-02-28 06:04:56,0.00322600,38.71000000
2018-02-28 06:04:59,0.00322600,1.17000000
2018-02-28 06:05:01,0.00323300,5.12000000
2018-02-28 06:05:02,0.00323300,4.16000000
2018-02-28 06:05:05,0.00322600,7.99000000
2018-02-28 06:05:20,0.00323300,0.01000000
2018-02-28 06:05:20,0.00323400,5.98000000
2018-02-28 06:05:20,0.00323400,8.06000000
2018-02-28 06:05:20,0.00323400,0.52000000
2018-02-28 06:05:21,0.00323400,0.50000000
2018-02-28 06:05:22,0.00323400,0.50000000
2018-02-28 06:05:22,0.00323400,0.62000000
2018-02-28 06:05:23,0.00323400,0.50000000
2018-02-28 06:05:24,0.00323300,2.00000000
2018-02-28 06:05:24,0.00323400,5.15000000
2018-02-28 06:05:24,0.00322700,10.57000000
2018-02-28 06:05:24,0.00322600,2.43000000
2018-02-28 06:05:25,0.00322600,3.19000000
2018-02-28 06:05:26,0.00322600,3.19000000
2018-02-28 06:05:28,0.00322600,3.19000000
2018-02-28 06:05:29,0.00322700,2.76000000
2018-02-28 06:05:32,0.00323200,3.09000000
2018-02-28 06:05:47,0.00323000,2.25000000
2018-02-28 06:05:47,0.00322700,6.53000000
2018-02-28 06:05:47,0.00322600,11.21000000
2018-02-28 06:05:49,0.00323200,0.25000000
2018-02-28 06:05:50,0.00323300,0.02000000
2018-02-28 06:05:57,0.00323200,1.84000000
2018-02-28 06:05:57,0.00322800,9.45000000
2018-02-28 06:05:57,0.00322700,1.55000000
2018-02-28 06:05:59,0.00322700,1.05000000
2018-02-28 06:06:02,0.00323300,1.16000000
2018-02-28 06:06:09,0.00323300,1.00000000
2018-02-28 06:06:09,0.00323300,52.88000000
2018-02-28 06:06:15,0.00322600,95.77000000
2018-02-28 06:06:17,0.00323200,1.00000000
2018-02-28 06:06:17,0.00323200,0.99000000
2018-02-28 06:06:17,0.00323200,10.48000000
2018-02-28 06:06:17,0.00323300,19.52000000
2018-02-28 06:06:19,0.00322600,1.14000000
2018-02-28 06:06:20,0.00323200,0.02000000
2018-02-28 06:06:20,0.00323200,30.00000000
2018-02-28 06:06:20,0.00323200,7.81000000
2018-02-28 06:06:23,0.00323200,1.59000000
2018-02-28 06:06:28,0.00323300,2.50000000
2018-02-28 06:06:39,0.00323300,1.50000000
2018-02-28 06:06:50,0.00322600,70.15000000
2018-02-28 06:07:02,0.00323100,2.72000000
2018-02-28 06:07:10,0.00322600,22.49000000
2018-02-28 06:07:23,0.00322600,3.00000000
2018-02-28 06:07:26,0.00323100,0.93000000
2018-02-28 06:07:27,0.00322600,3.44000000
2018-02-28 06:07:27,0.00322500,9.55000000
2018-02-28 06:07:28,0.00323100,3.09000000
2018-02-28 06:07:41,0.00323100,0.92000000
2018-02-28 06:07:42,0.00323100,66.96000000
2018-02-28 06:07:42,0.00323300,30.98000000
2018-02-28 06:07:42,0.00323400,2.15000000
2018-02-28 06:07:49,0.00322700,9.29000000
2018-02-28 06:07:49,0.00322600,6.19000000
2018-02-28 06:07:50,0.00322600,0.50000000
2018-02-28 06:07:50,0.00322600,0.02000000
2018-02-28 06:07:50,0.00323400,24.77000000
2018-02-28 06:08:20,0.00323100,34.55000000
2018-02-28 06:08:20,0.00322500,175.43000000
2018-02-28 06:08:20,0.00322400,3.39000000
2018-02-28 06:08:20,0.00322300,3.87000000
2018-02-28 06:08:20,0.00322200,96.85000000
2018-02-28 06:08:20,0.00322100,159.53000000
2018-02-28 06:08:20,0.00322000,391.06000000
2018-02-28 06:08:20,0.00322000,89.89000000
2018-02-28 06:08:20,0.00322000,1.87000000
2018-02-28 06:08:20,0.00322000,26.98000000
2018-02-28 06:08:20,0.00322000,35.82000000
2018-02-28 06:08:20,0.00322000,130.01000000
2018-02-28 06:08:20,0.00322000,20.38000000
2018-02-28 06:08:20,0.00322200,4.52000000
2018-02-28 06:08:20,0.00322200,0.50000000
2018-02-28 06:08:20,0.00322200,3.09000000
2018-02-28 06:08:20,0.00322200,3.10000000
2018-02-28 06:08:31,0.00323300,3.09000000
2018-02-28 06:08:35,0.00323300,9.42000000
2018-02-28 06:09:01,0.00323100,3.31000000
2018-02-28 06:09:44,0.00322800,3.72000000
2018-02-28 06:10:01,0.00322700,8.99000000
2018-02-28 06:10:12,0.00322800,3.90000000
2018-02-28 06:10:12,0.00323000,1.90000000
2018-02-28 06:10:19,0.00322800,2.51000000
2018-02-28 06:10:19,0.00322700,9.84000000
2018-02-28 06:10:19,0.00322700,2.78000000
2018-02-28 06:10:20,0.00322700,6.00000000
2018-02-28 06:10:21,0.00322700,1.60000000
2018-02-28 06:10:24,0.00323000,1.82000000
2018-02-28 06:10:27,0.00323000,10.55000000
2018-02-28 06:10:35,0.00322800,64.79000000
2018-02-28 06:10:36,0.00322900,0.87000000
2018-02-28 06:10:39,0.00322300,11.94000000
2018-02-28 06:10:43,0.00322300,3.53000000
2018-02-28 06:10:43,0.00322100,4.54000000
2018-02-28 06:10:43,0.00322000,1.93000000
2018-02-28 06:10:44,0.00322800,5.95000000
2018-02-28 06:10:45,0.00322800,3.35000000
2018-02-28 06:10:46,0.00322100,0.73000000
2018-02-28 06:10:54,0.00322200,207.31000000
2018-02-28 06:11:00,0.00322800,4.08000000
2018-02-28 06:11:02,0.00322200,70.00000000
2018-02-28 06:11:02,0.00322200,39.23000000
2018-02-28 06:11:02,0.00322800,5.23000000
2018-02-28 06:11:02,0.00322900,18.94000000
2018-02-28 06:11:02,0.00323000,15.03000000
2018-02-28 06:11:15,0.00323000,9.28000000
2018-02-28 06:11:25,0.00323000,11.46000000
2018-02-28 06:11:28,0.00323000,79.88000000
2018-02-28 06:11:30,0.00323000,3.09000000
2018-02-28 06:11:50,0.00323000,2.06000000
2018-02-28 06:11:52,0.00323000,0.92000000
2018-02-28 06:11:54,0.00323000,68.11000000
2018-02-28 06:11:59,0.00323000,0.62000000
2018-02-28 06:12:02,0.00322800,0.82000000
2018-02-28 06:12:19,0.00322800,0.72000000
2018-02-28 06:12:25,0.00323000,0.02000000
2018-02-28 06:12:35,0.00323000,49.53000000
2018-02-28 06:12:39,0.00322900,44.91000000
2018-02-28 06:12:39,0.00323000,90.79000000
2018-02-28 06:12:43,0.00322800,12.05000000
2018-02-28 06:12:43,0.00323000,3.09000000
2018-02-28 06:12:46,0.00322700,1.95000000
2018-02-28 06:12:46,0.00322600,75.99000000
2018-02-28 06:12:49,0.00322600,3.07000000
2018-02-28 06:12:49,0.00322900,0.02000000
2018-02-28 06:12:51,0.00322500,25.43000000
2018-02-28 06:12:51,0.00322400,152.83000000
2018-02-28 06:12:54,0.00322900,0.15000000
2018-02-28 06:12:54,0.00322900,0.76000000
2018-02-28 06:12:55,0.00322900,0.36000000
2018-02-28 06:12:55,0.00322900,3.09000000
2018-02-28 06:12:56,0.00322900,10.04000000
2018-02-28 06:12:57,0.00322900,13.65000000
2018-02-28 06:12:58,0.00322900,14.25000000
2018-02-28 06:12:58,0.00322600,1.13000000
2018-02-28 06:12:58,0.00322400,67.02000000
2018-02-28 06:13:04,0.00322300,86.66000000
2018-02-28 06:13:08,0.00322200,13.88000000
2018-02-28 06:13:08,0.00322100,61.97000000
2018-02-28 06:13:10,0.00322400,15.82000000
2018-02-28 06:13:10,0.00322600,9.28000000
2018-02-28 06:13:12,0.00322900,5.59000000
2018-02-28 06:13:15,0.00322900,1.49000000
2018-02-28 06:13:16,0.00322900,2.96000000
2018-02-28 06:13:16,0.00322900,9.10000000
2018-02-28 06:13:17,0.00322900,2.22000000
2018-02-28 06:13:18,0.00322200,20.37000000
2018-02-28 06:13:20,0.00322800,0.76000000
2018-02-28 06:13:24,0.00322800,0.73000000
2018-02-28 06:13:25,0.00322800,4.58000000
2018-02-28 06:13:51,0.00322800,3.23000000
2018-02-28 06:13:51,0.00322800,0.01000000
2018-02-28 06:13:51,0.00322900,125.30000000
2018-02-28 06:13:51,0.00323000,25.11000000
2018-02-28 06:14:04,0.00322300,0.26000000
2018-02-28 06:14:04,0.00323000,0.07000000
2018-02-28 06:14:04,0.00323100,3.78000000
2018-02-28 06:14:08,0.00323100,0.37000000
2018-02-28 06:14:12,0.00323200,1.54000000
2018-02-28 06:14:26,0.00323000,44.14000000
2018-02-28 06:14:26,0.00322800,3.00000000
2018-02-28 06:14:26,0.00322300,8.86000000
2018-02-28 06:14:31,0.00323100,3.09000000
2018-02-28 06:14:34,0.00322400,17.42000000
2018-02-28 06:14:34,0.00322300,45.77000000
2018-02-28 06:14:35,0.00322200,14.15000000
2018-02-28 06:14:46,0.00322300,0.02000000
2018-02-28 06:14:53,0.00323000,6.19000000
2018-02-28 06:14:54,0.00322400,6.99000000
2018-02-28 06:14:56,0.00322900,0.60000000
2018-02-28 06:14:59,0.00322300,3.80000000
2018-02-28 06:14:59,0.00322200,25.56000000
2018-02-28 06:15:03,0.00322700,3.09000000
2018-02-28 06:15:09,0.00322700,6.19000000
2018-02-28 06:15:10,0.00323000,2.00000000
2018-02-28 06:15:17,0.00322400,20.96000000
2018-02-28 06:15:18,0.00322400,31.01000000
2018-02-28 06:15:23,0.00322400,1.00000000
2018-02-28 06:15:24,0.00322400,6.20000000
2018-02-28 06:15:42,0.00322400,6.20000000
2018-02-28 06:15:51,0.00322400,3.25000000
2018-02-28 06:15:51,0.00322700,4.04000000
2018-02-28 06:15:51,0.00322900,4.71000000
2018-02-28 06:15:51,0.00322900,10.74000000
2018-02-28 06:15:59,0.00322400,3.10000000
2018-02-28 06:15:59,0.00322400,0.31000000
2018-02-28 06:16:01,0.00322400,3.09000000
2018-02-28 06:16:12,0.00322300,1.50000000
2018-02-28 06:16:14,0.00322400,2.44000000
2018-02-28 06:16:14,0.00322900,2.99000000
2018-02-28 06:16:16,0.00322400,2.00000000
2018-02-28 06:16:16,0.00322300,64.12000000
2018-02-28 06:16:16,0.00322300,43.62000000
2018-02-28 06:16:16,0.00322300,14.03000000
2018-02-28 06:16:16,0.00322900,2.95000000
2018-02-28 06:16:16,0.00322900,27.92000000
2018-02-28 06:16:18,0.00322300,0.50000000
2018-02-28 06:16:20,0.00322900,19.38000000
2018-02-28 06:16:21,0.00322900,3.86000000
2018-02-28 06:16:24,0.00322900,0.61000000
2018-02-28 06:16:25,0.00322500,22.68000000
2018-02-28 06:16:26,0.00322400,6.20000000
2018-02-28 06:16:27,0.00322400,4.22000000
2018-02-28 06:16:28,0.00322400,2.90000000
2018-02-28 06:16:34,0.00322400,13.00000000
2018-02-28 06:16:38,0.00322400,1.41000000
2018-02-28 06:16:39,0.00322400,10.44000000
2018-02-28 06:16:44,0.00322400,58.07000000
2018-02-28 06:16:46,0.00322900,20.27000000
2018-02-28 06:17:03,0.00322400,1.52000000
2018-02-28 06:17:15,0.00322400,0.50000000
2018-02-28 06:17:21,0.00322500,1.18000000
2018-02-28 06:17:21,0.00322500,1.20000000
2018-02-28 06:17:22,0.00322500,3.70000000
2018-02-28 06:17:32,0.00322500,11.21000000
2018-02-28 06:17:32,0.00322500,197.19000000
2018-02-28 06:17:38,0.00322400,20.16000000
2018-02-28 06:17:40,0.00322500,22.68000000
2018-02-28 06:17:41,0.00322400,0.34000000
2018-02-28 06:17:46,0.00322400,5.29000000
2018-02-28 06:17:50,0.00322500,54.23000000
2018-02-28 06:17:51,0.00322400,1.54000000
2018-02-28 06:17:51,0.00322400,14.99000000
2018-02-28 06:17:56,0.00322900,3.09000000
2018-02-28 06:17:56,0.00323000,10.00000000
2018-02-28 06:17:56,0.00323000,3.20000000
2018-02-28 06:17:56,0.00323000,24.75000000
2018-02-28 06:17:56,0.00322400,13.20000000
2018-02-28 06:17:59,0.00322500,1.37000000
2018-02-28 06:17:59,0.00322500,5.10000000
2018-02-28 06:18:26,0.00322400,142.58000000
2018-02-28 06:18:26,0.00322200,0.45000000
2018-02-28 06:18:26,0.00322100,53.83000000
2018-02-28 06:18:26,0.00322100,0.26000000
2018-02-28 06:18:26,0.00322000,2.60000000
2018-02-28 06:18:31,0.00322600,3.09000000
2018-02-28 06:18:31,0.00322100,19.58000000
2018-02-28 06:18:31,0.00322000,78.91000000
2018-02-28 06:18:37,0.00322000,5.40000000
2018-02-28 06:18:47,0.00322300,69.19000000
2018-02-28 06:18:47,0.00322400,5.30000000
2018-02-28 06:18:47,0.00322500,7.29000000
2018-02-28 06:18:51,0.00322500,0.93000000
2018-02-28 06:18:53,0.00322500,8.32000000
2018-02-28 06:19:03,0.00322000,1.00000000
2018-02-28 06:19:05,0.00322000,1.17000000
2018-02-28 06:19:12,0.00322000,8.28000000
2018-02-28 06:19:21,0.00322400,52.72000000
2018-02-28 06:19:27,0.00322000,263.62000000
2018-02-28 06:19:31,0.00322000,17.68000000
2018-02-28 06:19:36,0.00322000,2.29000000
2018-02-28 06:19:38,0.00322000,118.54000000
2018-02-28 06:19:45,0.00322000,4.82000000
2018-02-28 06:19:46,0.00322200,0.62000000
2018-02-28 06:19:51,0.00322000,2.41000000
2018-02-28 06:19:57,0.00322000,56.06000000
2018-02-28 06:19:59,0.00322000,12.00000000
2018-02-28 06:20:01,0.00322000,31.05000000
2018-02-28 06:20:01,0.00322000,153.46000000
2018-02-28 06:20:05,0.00322200,5.47000000
2018-02-28 06:20:05,0.00322400,24.53000000
2018-02-28 06:20:06,0.00322000,35.58000000
2018-02-28 06:20:27,0.00322000,2.00000000
2018-02-28 06:20:30,0.00322400,50.00000000
2018-02-28 06:20:36,0.00322400,10.39000000
2018-02-28 06:20:39,0.00322000,156.39000000
2018-02-28 06:20:42,0.00322000,0.02000000
2018-02-28 06:20:48,0.00322000,60.23000000
2018-02-28 06:20:56,0.00322000,0.45000000
2018-02-28 06:20:56,0.00322100,4.04000000
2018-02-28 06:20:57,0.00322100,5.97000000
2018-02-28 06:20:57,0.00322000,29.54000000
2018-02-28 06:20:58,0.00322000,7.37000000
2018-02-28 06:21:04,0.00322000,9.00000000
2018-02-28 06:21:11,0.00322000,371.24000000
2018-02-28 06:21:13,0.00322400,8.12000000
2018-02-28 06:21:13,0.00322500,2.09000000
2018-02-28 06:21:19,0.00322500,1.12000000
2018-02-28 06:21:23,0.00322000,32.07000000
2018-02-28 06:21:27,0.00322000,1.36000000
2018-02-28 06:21:30,0.00322500,1.80000000
2018-02-28 06:21:32,0.00322500,1.53000000
2018-02-28 06:21:35,0.00322500,0.62000000
2018-02-28 06:21:40,0.00322000,0.40000000
2018-02-28 06:21:40,0.00322000,2.42000000
2018-02-28 06:21:41,0.00322000,2.86000000
2018-02-28 06:21:43,0.00322000,5.10000000
2018-02-28 06:21:43,0.00322400,0.31000000
2018-02-28 06:21:50,0.00322400,1.53000000
2018-02-28 06:21:51,0.00322400,0.75000000
2018-02-28 06:21:58,0.00322400,1.94000000
2018-02-28 06:22:02,0.00322400,25.98000000
2018-02-28 06:22:06,0.00321900,15.60000000
2018-02-28 06:22:06,0.00321900,15.60000000
2018-02-28 06:22:07,0.00321900,15.60000000
2018-02-28 06:22:11,0.00321900,28.46000000
2018-02-28 06:22:12,0.00321800,1.00000000
2018-02-28 06:22:20,0.00321900,0.37000000
2018-02-28 06:22:21,0.00321900,1.54000000
2018-02-28 06:22:21,0.00321800,4.20000000
2018-02-28 06:22:21,0.00321700,4.20000000
2018-02-28 06:22:22,0.00321900,1.52000000
2018-02-28 06:22:37,0.00321900,1.83000000
2018-02-28 06:22:38,0.00321900,191.35000000
2018-02-28 06:22:39,0.00321900,15.60000000
2018-02-28 06:22:40,0.00321900,8.33000000
2018-02-28 06:22:40,0.00321900,8.33000000
2018-02-28 06:22:41,0.00321900,2.80000000
2018-02-28 06:22:41,0.00321900,8.33000000
2018-02-28 06:22:41,0.00321900,4.20000000
2018-02-28 06:22:41,0.00321700,4.13000000
2018-02-28 06:22:41,0.00321700,15.00000000
2018-02-28 06:22:42,0.00321900,0.76000000
2018-02-28 06:22:42,0.00321900,1.04000000
2018-02-28 06:22:49,0.00321700,10.64000000
2018-02-28 06:22:52,0.00321700,10.90000000
2018-02-28 06:22:54,0.00321700,128.49000000
2018-02-28 06:22:57,0.00321700,92.54000000
2018-02-28 06:22:57,0.00321600,33.05000000
2018-02-28 06:22:57,0.00321500,255.32000000
2018-02-28 06:22:59,0.00321500,3.45000000
2018-02-28 06:23:01,0.00321500,1.80000000
2018-02-28 06:23:04,0.00321400,3.05000000
2018-02-28 06:23:06,0.00321400,0.61000000
2018-02-28 06:23:08,0.00321400,17.84000000
2018-02-28 06:23:12,0.00321400,3.11000000
2018-02-28 06:23:17,0.00321400,0.93000000
2018-02-28 06:23:23,0.00321300,0.48000000
2018-02-28 06:23:27,0.00321400,3.30000000
2018-02-28 06:23:34,0.00321300,4.82000000
2018-02-28 06:23:39,0.00321300,11.01000000
2018-02-28 06:23:41,0.00321300,23.58000000
2018-02-28 06:23:56,0.00321300,0.52000000
2018-02-28 06:23:59,0.00321300,14.07000000
2018-02-28 06:24:00,0.00321300,7.00000000
2018-02-28 06:24:05,0.00321300,108.29000000
2018-02-28 06:24:05,0.00321200,31.00000000
2018-02-28 06:24:05,0.00321100,10.13000000
2018-02-28 06:24:05,0.00321000,81.05000000
2018-02-28 06:24:05,0.00320900,7.88000000
2018-02-28 06:24:05,0.00320800,150.56000000
2018-02-28 06:24:05,0.00320700,210.06000000
2018-02-28 06:24:05,0.00320600,5.74000000
2018-02-28 06:24:05,0.00320500,76.88000000
2018-02-28 06:24:05,0.00320400,138.99000000
2018-02-28 06:24:05,0.00320300,125.92000000
2018-02-28 06:24:05,0.00320200,1136.46000000
2018-02-28 06:24:05,0.00320100,405.92000000
2018-02-28 06:24:05,0.00320000,1814.88000000
2018-02-28 06:24:05,0.00319900,45.85000000
2018-02-28 06:24:05,0.00319900,42.40000000
2018-02-28 06:24:05,0.00319900,3.99000000
2018-02-28 06:24:05,0.00319900,21.37000000
2018-02-28 06:24:05,0.00319800,4.53000000
2018-02-28 06:24:05,0.00319700,41.10000000
2018-02-28 06:24:05,0.00319600,46.56000000
2018-02-28 06:24:05,0.00319600,7.10000000
2018-02-28 06:24:05,0.00319500,18.10000000
2018-02-28 06:24:05,0.00320000,3.12000000
2018-02-28 06:24:05,0.00319500,20.79000000
2018-02-28 06:24:05,0.00319500,17.05000000
2018-02-28 06:24:05,0.00319500,1.00000000
2018-02-28 06:24:05,0.00319500,8.34000000
2018-02-28 06:24:05,0.00319500,16.09000000
2018-02-28 06:24:05,0.00319400,24.67000000
2018-02-28 06:24:05,0.00319400,1.96000000
2018-02-28 06:24:05,0.00319400,4.67000000
2018-02-28 06:24:05,0.00319300,15.33000000
2018-02-28 06:24:05,0.00319300,20.00000000
2018-02-28 06:24:05,0.00319300,11.44000000
2018-02-28 06:24:05,0.00319300,18.01000000
2018-02-28 06:24:05,0.00319300,28.96000000
2018-02-28 06:24:05,0.00319300,35.73000000
2018-02-28 06:24:05,0.00319300,100.00000000
2018-02-28 06:24:05,0.00319700,50.00000000
2018-02-28 06:24:05,0.00319300,146.64000000
2018-02-28 06:24:05,0.00319300,123.19000000
2018-02-28 06:24:05,0.00319200,12.69000000
2018-02-28 06:24:05,0.00319200,179.52000000
2018-02-28 06:24:05,0.00319200,86.67000000
2018-02-28 06:24:05,0.00319400,3.33000000
2018-02-28 06:24:05,0.00319400,3.17000000
2018-02-28 06:24:05,0.00319400,27.00000000
2018-02-28 06:24:05,0.00319700,45.90000000
2018-02-28 06:24:05,0.00319800,14.04000000
2018-02-28 06:24:05,0.00319800,2.78000000
2018-02-28 06:24:05,0.00319800,3.11000000
2018-02-28 06:24:05,0.00319800,0.57000000
2018-02-28 06:24:05,0.00319800,112.40000000
2018-02-28 06:24:05,0.00319800,62.40000000
2018-02-28 06:24:05,0.00319800,3.11000000
2018-02-28 06:24:05,0.00319800,6.71000000
2018-02-28 06:24:05,0.00319800,63.76000000
2018-02-28 06:24:05,0.00319900,0.30000000
2018-02-28 06:24:05,0.00319900,2.30000000
2018-02-28 06:24:05,0.00319900,2.00000000
2018-02-28 06:24:05,0.00319900,5.38000000
2018-02-28 06:24:05,0.00320000,72.69000000
2018-02-28 06:24:05,0.00320000,6.87000000
2018-02-28 06:24:06,0.00320000,14.12000000
2018-02-28 06:24:06,0.00320000,3.12000000
2018-02-28 06:24:06,0.00320000,9.00000000
2018-02-28 06:24:06,0.00320000,11.19000000
2018-02-28 06:24:06,0.00320000,15.63000000
2018-02-28 06:24:06,0.00320000,2.29000000
2018-02-28 06:24:06,0.00320000,5.38000000
2018-02-28 06:24:06,0.00320000,5.38000000
2018-02-28 06:24:06,0.00320000,8.00000000
2018-02-28 06:24:06,0.00320000,5.38000000
2018-02-28 06:24:06,0.00320000,5.38000000
2018-02-28 06:24:06,0.00320000,5.38000000
2018-02-28 06:24:06,0.00320000,5.38000000
2018-02-28 06:24:06,0.00320000,5.38000000
2018-02-28 06:24:06,0.00320000,5.38000000
2018-02-28 06:24:06,0.00320000,2.50000000
2018-02-28 06:24:06,0.00320000,15.42000000
2018-02-28 06:24:06,0.00320000,1.70000000
2018-02-28 06:24:06,0.00320000,1.70000000
2018-02-28 06:24:06,0.00320000,126.92000000
2018-02-28 06:24:06,0.00319800,62.40000000
2018-02-28 06:24:07,0.00320000,1.70000000
2018-02-28 06:24:07,0.00320000,1.70000000
2018-02-28 06:24:07,0.00320000,1.70000000
2018-02-28 06:24:07,0.00320000,1.70000000
2018-02-28 06:24:07,0.00320000,1.70000000
2018-02-28 06:24:07,0.00320000,1.70000000
2018-02-28 06:24:07,0.00320000,50.00000000
2018-02-28 06:24:07,0.00320000,3.33000000
2018-02-28 06:24:07,0.00320000,40.06000000
2018-02-28 06:24:07,0.00320000,39.49000000
2018-02-28 06:24:07,0.00320000,10.00000000
2018-02-28 06:24:07,0.00320000,0.32000000
2018-02-28 06:24:07,0.00320000,2.12000000
2018-02-28 06:24:07,0.00320000,1.00000000
2018-02-28 06:24:07,0.00320000,2.40000000
2018-02-28 06:24:08,0.00320000,4.55000000
2018-02-28 06:24:08,0.00320000,12.67000000
2018-02-28 06:24:08,0.00320000,50.75000000
2018-02-28 06:24:08,0.00320000,126.58000000
2018-02-28 06:24:08,0.00320000,279.40000000
2018-02-28 06:24:09,0.00320000,3.67000000
2018-02-28 06:24:09,0.00319900,1.66000000
2018-02-28 06:24:09,0.00320000,6.46000000
2018-02-28 06:24:09,0.00320000,126.92000000
2018-02-28 06:24:09,0.00320000,2.88000000
2018-02-28 06:24:10,0.00320000,35.84000000
2018-02-28 06:24:10,0.00319900,3.05000000
2018-02-28 06:24:11,0.00320000,17.29000000
2018-02-28 06:24:11,0.00320000,126.92000000
2018-02-28 06:24:11,0.00319900,2.28000000
2018-02-28 06:24:11,0.00319900,0.40000000
2018-02-28 06:24:11,0.00319900,100.00000000
2018-02-28 06:24:11,0.00319900,1.65000000
2018-02-28 06:24:11,0.00319800,33.55000000
2018-02-28 06:24:11,0.00319100,3.93000000
2018-02-28 06:24:11,0.00319000,68.03000000
2018-02-28 06:24:11,0.00318900,2.10000000
2018-02-28 06:24:11,0.00318800,107.39000000
2018-02-28 06:24:11,0.00318800,59.06000000
2018-02-28 06:24:11,0.00318800,3.53000000
2018-02-28 06:24:11,0.00318800,43.03000000
2018-02-28 06:24:11,0.00319000,119.95000000
2018-02-28 06:24:11,0.00319900,316.36000000
2018-02-28 06:24:12,0.00319900,30.47000000
2018-02-28 06:24:12,0.00319900,3.13000000
2018-02-28 06:24:12,0.00319800,30.00000000
2018-02-28 06:24:12,0.00319800,1.27000000
2018-02-28 06:24:12,0.00319900,14.13000000
2018-02-28 06:24:12,0.00320000,140.89000000
2018-02-28 06:24:12,0.00320000,15.62000000
2018-02-28 06:24:12,0.00319900,9.30000000
2018-02-28 06:24:12,0.00320000,10.00000000
2018-02-28 06:24:13,0.00319800,0.78000000
2018-02-28 06:24:13,0.00319800,1.32000000
2018-02-28 06:24:13,0.00320000,3.04000000
2018-02-28 06:24:13,0.00319900,0.87000000
2018-02-28 06:24:14,0.00319900,2.40000000
2018-02-28 06:24:14,0.00319900,14.92000000
2018-02-28 06:24:14,0.00319900,13.11000000
2018-02-28 06:24:14,0.00320000,3.13000000
2018-02-28 06:24:14,0.00320000,30.00000000
2018-02-28 06:24:14,0.00319200,1.54000000
2018-02-28 06:24:14,0.00320000,30.00000000
2018-02-28 06:24:15,0.00320000,126.92000000
2018-02-28 06:24:15,0.00320000,4.55000000
2018-02-28 06:24:15,0.00320000,234.50000000
2018-02-28 06:24:16,0.00320000,2.30000000
2018-02-28 06:24:16,0.00320000,0.20000000
2018-02-28 06:24:16,0.00319300,11.13000000
2018-02-28 06:24:17,0.00319900,0.97000000
2018-02-28 06:24:17,0.00320000,29.03000000
2018-02-28 06:24:17,0.00320000,5.06000000
2018-02-28 06:24:18,0.00320000,12.50000000
2018-02-28 06:24:18,0.00320000,2.30000000
2018-02-28 06:24:19,0.00320000,45.19000000
2018-02-28 06:24:19,0.00319300,9.39000000
2018-02-28 06:24:19,0.00319200,1.56000000
2018-02-28 06:24:19,0.00319100,2.96000000
2018-02-28 06:24:19,0.00319000,469.74000000
2018-02-28 06:24:19,0.00318900,58.57000000
2018-02-28 06:24:19,0.00318800,77.88000000
2018-02-28 06:24:19,0.00318700,4.50000000
2018-02-28 06:24:19,0.00318600,59.78000000
2018-02-28 06:24:19,0.00318500,22.83000000
2018-02-28 06:24:19,0.00318400,160.53000000
2018-02-28 06:24:19,0.00318300,6.00000000
2018-02-28 06:24:19,0.00318200,41.18000000
2018-02-28 06:24:19,0.00318100,35.93000000
2018-02-28 06:24:19,0.00318000,210.21000000
2018-02-28 06:24:19,0.00318000,0.60000000
2018-02-28 06:24:19,0.00318000,8.35000000
2018-02-28 06:24:19,0.00317900,13.94000000
2018-02-28 06:24:19,0.00317900,5.30000000
2018-02-28 06:24:19,0.00317800,2.34000000
2018-02-28 06:24:19,0.00317700,63.77000000
2018-02-28 06:24:19,0.00317600,33.28000000
2018-02-28 06:24:19,0.00317500,216.62000000
2018-02-28 06:24:19,0.00317300,37.22000000
2018-02-28 06:24:19,0.00317200,122.67000000
2018-02-28 06:24:19,0.00317800,63.00000000
2018-02-28 06:24:19,0.00317200,78.33000000
2018-02-28 06:24:19,0.00317100,23.48000000
2018-02-28 06:24:19,0.00317100,15.68000000
2018-02-28 06:24:19,0.00317000,7.13000000
2018-02-28 06:24:19,0.00317000,2.00000000
2018-02-28 06:24:19,0.00317000,34.43000000
2018-02-28 06:24:19,0.00317000,11.34000000
2018-02-28 06:24:19,0.00317200,7.33000000
2018-02-28 06:24:19,0.00317500,1.00000000
2018-02-28 06:24:19,0.00318400,25.17000000
2018-02-28 06:24:19,0.00318400,8.33000000
2018-02-28 06:24:19,0.00318600,29.80000000
2018-02-28 06:24:19,0.00320000,2.44000000
2018-02-28 06:24:19,0.00320000,15.62000000
2018-02-28 06:24:19,0.00320000,300.00000000
2018-02-28 06:24:19,0.00320000,6.98000000
2018-02-28 06:24:19,0.00319300,1.55000000
2018-02-28 06:24:20,0.00319300,1.58000000
2018-02-28 06:24:20,0.00317300,3.48000000
2018-02-28 06:24:20,0.00317200,15.51000000
2018-02-28 06:24:20,0.00317100,1.14000000
2018-02-28 06:24:20,0.00317000,38.62000000
2018-02-28 06:24:20,0.00316900,14.07000000
2018-02-28 06:24:20,0.00316900,26.59000000
2018-02-28 06:24:20,0.00316800,73.41000000
2018-02-28 06:24:20,0.00319900,14.09000000
2018-02-28 06:24:20,0.00320000,1.54000000
2018-02-28 06:24:20,0.00319200,0.66000000
2018-02-28 06:24:20,0.00319700,9.39000000
2018-02-28 06:24:20,0.00319800,1.14000000
2018-02-28 06:24:20,0.00320000,12.07000000
2018-02-28 06:24:20,0.00317300,2.63000000
2018-02-28 06:24:20,0.00320000,2.30000000
2018-02-28 06:24:21,0.00319900,5.44000000
2018-02-28 06:24:21,0.00320000,30.52000000
2018-02-28 06:24:21,0.00319000,0.62000000
2018-02-28 06:24:21,0.00318200,229.60000000
2018-02-28 06:24:21,0.00319900,0.32000000
2018-02-28 06:24:21,0.00319900,1.21000000
2018-02-28 06:24:21,0.00320000,124.29000000
2018-02-28 06:24:22,0.00319100,2.28000000
2018-02-28 06:24:22,0.00319000,0.32000000
2018-02-28 06:24:22,0.00318300,3.74000000
2018-02-28 06:24:22,0.00319800,19.64000000
2018-02-28 06:24:22,0.00320000,10.36000000
2018-02-28 06:24:23,0.00320000,2.30000000
2018-02-28 06:24:23,0.00320000,41.83000000
2018-02-28 06:24:23,0.00319800,2.34000000
2018-02-28 06:24:23,0.00320000,2.21000000
2018-02-28 06:24:23,0.00319100,3.38000000
2018-02-28 06:24:23,0.00318400,9.42000000
2018-02-28 06:24:23,0.00318300,21.64000000
2018-02-28 06:24:23,0.00318200,56.40000000
2018-02-28 06:24:23,0.00317900,4.50000000
2018-02-28 06:24:23,0.00317800,1.76000000
2018-02-28 06:24:23,0.00317400,66.75000000
2018-02-28 06:24:23,0.00317300,50.44000000
2018-02-28 06:24:23,0.00317000,1.14000000
2018-02-28 06:24:23,0.00316800,53.39000000
2018-02-28 06:24:23,0.00316700,22.39000000
2018-02-28 06:24:23,0.00316600,19.09000000
2018-02-28 06:24:23,0.00316500,721.08000000
2018-02-28 06:24:23,0.00316400,13.08000000
2018-02-28 06:24:23,0.00316300,1.71000000
2018-02-28 06:24:23,0.00316400,27.12000000
2018-02-28 06:24:24,0.00319700,0.62000000
2018-02-28 06:24:24,0.00320000,27.81000000
2018-02-28 06:24:24,0.00319100,0.62000000
2018-02-28 06:24:24,0.00319400,1.14000000
2018-02-28 06:24:24,0.00319900,1.14000000
2018-02-28 06:24:24,0.00320000,53.96000000
2018-02-28 06:24:24,0.00320000,92.34000000
2018-02-28 06:24:24,0.00320100,19.45000000
2018-02-28 06:24:24,0.00320200,2.93000000
2018-02-28 06:24:24,0.00319200,1.46000000
2018-02-28 06:24:24,0.00319100,0.12000000
2018-02-28 06:24:24,0.00319300,1.13000000
2018-02-28 06:24:24,0.00319300,0.01000000
2018-02-28 06:24:24,0.00319900,2.43000000
2018-02-28 06:24:25,0.00319900,9.52000000
2018-02-28 06:24:25,0.00319900,1.00000000
2018-02-28 06:24:25,0.00319900,1.00000000
2018-02-28 06:24:25,0.00319600,56.33000000
2018-02-28 06:24:25,0.00319600,2.20000000
2018-02-28 06:24:26,0.00319600,9.35000000
2018-02-28 06:24:26,0.00319500,9.35000000
2018-02-28 06:24:26,0.00319500,9.35000000
2018-02-28 06:24:26,0.00319500,9.35000000
2018-02-28 06:24:26,0.00319500,1.21000000
2018-02-28 06:24:26,0.00319500,2.22000000
2018-02-28 06:24:26,0.00319600,7.13000000
2018-02-28 06:24:26,0.00319600,9.35000000
2018-02-28 06:24:26,0.00319600,5.64000000
2018-02-28 06:24:26,0.00319900,3.71000000
2018-02-28 06:24:26,0.00319900,9.35000000
2018-02-28 06:24:26,0.00319900,9.35000000
2018-02-28 06:24:26,0.00319900,9.35000000
2018-02-28 06:24:26,0.00319900,9.35000000
2018-02-28 06:24:26,0.00319900,4.44000000
2018-02-28 06:24:26,0.00319900,42.31000000
2018-02-28 06:24:26,0.00319900,9.35000000
2018-02-28 06:24:26,0.00319800,15.63000000
2018-02-28 06:24:26,0.00319600,1.00000000
2018-02-28 06:24:26,0.00319500,9.35000000
2018-02-28 06:24:27,0.00319500,9.35000000
2018-02-28 06:24:27,0.00319500,47.13000000
2018-02-28 06:24:27,0.00319500,12.51000000
2018-02-28 06:24:27,0.00319300,1.00000000
2018-02-28 06:24:27,0.00318900,5.25000000
2018-02-28 06:24:27,0.00319500,4.10000000
2018-02-28 06:24:27,0.00319500,9.35000000
2018-02-28 06:24:27,0.00319500,0.80000000
2018-02-28 06:24:27,0.00319900,8.55000000
2018-02-28 06:24:27,0.00319900,2.76000000
2018-02-28 06:24:27,0.00319100,5.50000000
2018-02-28 06:24:27,0.00319900,4.76000000
2018-02-28 06:24:27,0.00319800,9.42000000
2018-02-28 06:24:27,0.00319900,50.52000000
2018-02-28 06:24:28,0.00319900,30.00000000
2018-02-28 06:24:28,0.00319900,2.20000000
2018-02-28 06:24:28,0.00319900,1.50000000
2018-02-28 06:24:28,0.00319900,127.05000000
2018-02-28 06:24:29,0.00319900,31.51000000
2018-02-28 06:24:29,0.00320000,0.46000000
2018-02-28 06:24:30,0.00320000,30.00000000
2018-02-28 06:24:30,0.00320000,102.55000000
2018-02-28 06:24:30,0.00320000,2.30000000
2018-02-28 06:24:30,0.00319900,0.64000000
2018-02-28 06:24:30,0.00320000,1.50000000
2018-02-28 06:24:31,0.00319900,2.13000000
2018-02-28 06:24:31,0.00319100,0.62000000
2018-02-28 06:24:31,0.00320000,14.10000000
2018-02-28 06:24:31,0.00320000,14.88000000
2018-02-28 06:24:31,0.00320000,1.25000000
2018-02-28 06:24:32,0.00320000,23.56000000
2018-02-28 06:24:32,0.00320000,2.12000000
2018-02-28 06:24:32,0.00320000,4.40000000
2018-02-28 06:24:32,0.00320000,2.30000000
2018-02-28 06:24:32,0.00320000,1.52000000
2018-02-28 06:24:33,0.00320000,1.19000000
2018-02-28 06:24:33,0.00320000,1.53000000
2018-02-28 06:24:33,0.00320000,37.90000000
2018-02-28 06:24:33,0.00320000,30.00000000
2018-02-28 06:24:33,0.00320000,1.07000000
2018-02-28 06:24:33,0.00320000,1.71000000
2018-02-28 06:24:34,0.00320000,0.90000000
2018-02-28 06:24:34,0.00320000,7.73000000
2018-02-28 06:24:34,0.00320100,1.48000000
2018-02-28 06:24:34,0.00320000,1.25000000
2018-02-28 06:24:34,0.00319200,4.75000000
2018-02-28 06:24:35,0.00319900,3.28000000
2018-02-28 06:24:35,0.00319900,51.29000000
2018-02-28 06:24:35,0.00319900,0.76000000
2018-02-28 06:24:35,0.00319900,2.20000000
2018-02-28 06:24:36,0.00319800,1.34000000
2018-02-28 06:24:36,0.00319800,3.41000000
2018-02-28 06:24:36,0.00319900,2.67000000
2018-02-28 06:24:36,0.00320200,3.57000000
2018-02-28 06:24:36,0.00320400,31.00000000
2018-02-28 06:24:36,0.00320500,1.95000000
2018-02-28 06:24:36,0.00320500,0.73000000
2018-02-28 06:24:37,0.00320500,71.76000000
2018-02-28 06:24:37,0.00320500,45.76000000
2018-02-28 06:24:38,0.00320500,2.96000000
2018-02-28 06:24:38,0.00320500,1.50000000
2018-02-28 06:24:38,0.00320500,2.22000000
2018-02-28 06:24:39,0.00320500,0.64000000
2018-02-28 06:24:39,0.00320500,1.05000000
2018-02-28 06:24:39,0.00320500,0.92000000
2018-02-28 06:24:39,0.00320500,1.24000000
2018-02-28 06:24:39,0.00320500,1.07000000
2018-02-28 06:24:39,0.00320500,1.90000000
2018-02-28 06:24:39,0.00320500,1.46000000
2018-02-28 06:24:39,0.00320500,0.57000000
2018-02-28 06:24:40,0.00320500,3.20000000
2018-02-28 06:24:40,0.00320500,1.44000000
2018-02-28 06:24:40,0.00320500,2.42000000
2018-02-28 06:24:40,0.00320500,0.76000000
2018-02-28 06:24:40,0.00320500,2.88000000
2018-02-28 06:24:40,0.00320500,0.74000000
2018-02-28 06:24:40,0.00320500,2.33000000
2018-02-28 06:24:40,0.00320500,0.76000000
2018-02-28 06:24:40,0.00320500,2.40000000
2018-02-28 06:24:40,0.00319800,1.38000000
2018-02-28 06:24:40,0.00320500,0.46000000
2018-02-28 06:24:40,0.00320500,0.57000000
2018-02-28 06:24:41,0.00320500,5.09000000
2018-02-28 06:24:41,0.00320500,11.32000000
2018-02-28 06:24:41,0.00320500,2.29000000
2018-02-28 06:24:41,0.00320500,1.80000000
2018-02-28 06:24:41,0.00320500,3.84000000
2018-02-28 06:24:41,0.00320500,0.76000000
2018-02-28 06:24:41,0.00320500,1.40000000
2018-02-28 06:24:42,0.00320500,0.74000000
2018-02-28 06:24:42,0.00320500,4.28000000
2018-02-28 06:24:42,0.00320500,0.75000000
2018-02-28 06:24:42,0.00320500,39.90000000
2018-02-28 06:24:42,0.00320500,0.96000000
2018-02-28 06:24:42,0.00320500,9.25000000
2018-02-28 06:24:42,0.00320500,0.90000000
2018-02-28 06:24:43,0.00320500,40.56000000
2018-02-28 06:24:43,0.00320500,0.93000000
2018-02-28 06:24:43,0.00320500,2.38000000
2018-02-28 06:24:43,0.00320500,4.72000000
2018-02-28 06:24:43,0.00320500,1.32000000
2018-02-28 06:24:43,0.00320500,1.32000000
2018-02-28 06:24:44,0.00320500,0.47000000
2018-02-28 06:24:44,0.00320500,1.47000000
2018-02-28 06:24:45,0.00320500,1.82000000
2018-02-28 06:24:46,0.00320400,0.37000000
2018-02-28 06:24:46,0.00319800,0.69000000
2018-02-28 06:24:47,0.00320300,2.30000000
2018-02-28 06:24:48,0.00319800,10.73000000
2018-02-28 06:24:48,0.00319400,19.67000000
2018-02-28 06:24:48,0.00319200,23.32000000
2018-02-28 06:24:49,0.00320200,6.24000000
2018-02-28 06:24:49,0.00320200,1.50000000
2018-02-28 06:24:50,0.00320200,1.64000000
2018-02-28 06:24:50,0.00320400,0.56000000
2018-02-28 06:24:51,0.00319500,0.34000000
2018-02-28 06:24:53,0.00320300,0.34000000
2018-02-28 06:24:53,0.00320400,1.96000000
2018-02-28 06:24:53,0.00320400,0.90000000
2018-02-28 06:24:55,0.00320400,18.72000000
2018-02-28 06:24:55,0.00320400,0.66000000
2018-02-28 06:24:57,0.00320400,7.40000000
2018-02-28 06:24:57,0.00320400,17.52000000
2018-02-28 06:24:57,0.00320500,91.84000000
2018-02-28 06:25:00,0.00320300,0.61000000
2018-02-28 06:25:00,0.00320400,0.89000000
2018-02-28 06:25:01,0.00320300,0.61000000
2018-02-28 06:25:01,0.00320400,1.69000000
2018-02-28 06:25:02,0.00319500,1.02000000
2018-02-28 06:25:02,0.00319500,8.36000000
2018-02-28 06:25:02,0.00319400,3.90000000
2018-02-28 06:25:02,0.00319200,145.85000000
2018-02-28 06:25:02,0.00318800,1.56000000
2018-02-28 06:25:02,0.00318700,60.20000000
2018-02-28 06:25:02,0.00318600,403.11000000
2018-02-28 06:25:03,0.00320100,2.30000000
2018-02-28 06:25:04,0.00320100,7.08000000
2018-02-28 06:25:04,0.00320200,119.65000000
2018-02-28 06:25:04,0.00320200,0.69000000
2018-02-28 06:25:04,0.00320200,137.41000000
2018-02-28 06:25:04,0.00318800,6.79000000
2018-02-28 06:25:05,0.00318900,0.60000000
2018-02-28 06:25:05,0.00320200,42.37000000
2018-02-28 06:25:06,0.00320200,2.30000000
2018-02-28 06:25:06,0.00320200,32.25000000
2018-02-28 06:25:06,0.00320200,5.92000000
2018-02-28 06:25:07,0.00320200,2.13000000
2018-02-28 06:25:07,0.00320300,46.35000000
2018-02-28 06:25:08,0.00320300,2.30000000
2018-02-28 06:25:08,0.00320300,66.43000000
2018-02-28 06:25:09,0.00320200,1.87000000
2018-02-28 06:25:09,0.00320100,0.33000000
2018-02-28 06:25:10,0.00320100,6.24000000
2018-02-28 06:25:10,0.00320000,3.13000000
2018-02-28 06:25:10,0.00320100,26.87000000
2018-02-28 06:25:10,0.00320100,12.50000000
2018-02-28 06:25:10,0.00320100,3.25000000
2018-02-28 06:25:10,0.00320100,0.66000000
2018-02-28 06:25:11,0.00320100,1.50000000
2018-02-28 06:25:11,0.00320100,2.20000000
2018-02-28 06:25:12,0.00320000,2.50000000
2018-02-28 06:25:12,0.00320100,1.75000000
2018-02-28 06:25:13,0.00320100,2.30000000
2018-02-28 06:25:14,0.00320000,1.25000000
2018-02-28 06:25:14,0.00320000,0.31000000
2018-02-28 06:25:14,0.00320100,1.35000000
2018-02-28 06:25:14,0.00320100,41.81000000
2018-02-28 06:25:15,0.00320100,4.90000000
2018-02-28 06:25:15,0.00320100,30.00000000
2018-02-28 06:25:15,0.00320100,2.20000000
2018-02-28 06:25:16,0.00320100,12.50000000
2018-02-28 06:25:16,0.00320100,115.58000000
2018-02-28 06:25:16,0.00320100,4.31000000
2018-02-28 06:25:17,0.00320000,30.00000000
2018-02-28 06:25:18,0.00320000,2.40000000
2018-02-28 06:25:18,0.00320000,12.50000000
2018-02-28 06:25:18,0.00320000,10.20000000
2018-02-28 06:25:20,0.00320000,1.34000000
2018-02-28 06:25:20,0.00320000,2.40000000
2018-02-28 06:25:20,0.00319200,2.21000000
2018-02-28 06:25:21,0.00320000,30.00000000
2018-02-28 06:25:21,0.00320000,37.38000000
2018-02-28 06:25:21,0.00320000,1.50000000
2018-02-28 06:25:22,0.00319900,1.34000000
2018-02-28 06:25:22,0.00319900,0.87000000
2018-02-28 06:25:22,0.00320000,36.63000000
2018-02-28 06:25:22,0.00320000,2.20000000
2018-02-28 06:25:25,0.00319900,6.83000000
2018-02-28 06:25:25,0.00320000,5.67000000
2018-02-28 06:25:25,0.00320000,2.40000000
2018-02-28 06:25:26,0.00320000,30.00000000
2018-02-28 06:25:26,0.00320000,12.50000000
2018-02-28 06:25:27,0.00320000,1.84000000
2018-02-28 06:25:27,0.00320000,2.20000000
2018-02-28 06:25:28,0.00320000,56.24000000
2018-02-28 06:25:28,0.00320000,12.50000000
2018-02-28 06:25:29,0.00320000,25.70000000
2018-02-28 06:25:30,0.00320000,2.20000000
2018-02-28 06:25:30,0.00320000,12.50000000
2018-02-28 06:25:30,0.00319900,12.97000000
2018-02-28 06:25:31,0.00320000,45.96000000
2018-02-28 06:25:32,0.00320000,2.40000000
2018-02-28 06:25:32,0.00320000,1.56000000
2018-02-28 06:25:32,0.00320000,1.50000000
2018-02-28 06:25:32,0.00320000,2.13000000
2018-02-28 06:25:33,0.00319900,10.71000000
2018-02-28 06:25:33,0.00319300,1.00000000
2018-02-28 06:25:33,0.00319200,4.88000000
2018-02-28 06:25:34,0.00319900,4.88000000
2018-02-28 06:25:34,0.00320000,20.12000000
2018-02-28 06:25:34,0.00320000,2.20000000
2018-02-28 06:25:34,0.00320000,0.75000000
2018-02-28 06:25:36,0.00320000,0.75000000
2018-02-28 06:25:37,0.00320000,2.30000000
2018-02-28 06:25:39,0.00320000,2.30000000
2018-02-28 06:25:40,0.00320000,156.25000000
2018-02-28 06:25:41,0.00320000,35.00000000
2018-02-28 06:25:41,0.00320000,0.67000000
2018-02-28 06:25:41,0.00320000,2.30000000
2018-02-28 06:25:42,0.00319300,23.58000000
2018-02-28 06:25:43,0.00319200,2.96000000
2018-02-28 06:25:43,0.00319200,1.00000000
2018-02-28 06:25:43,0.00320000,2.84000000
2018-02-28 06:25:43,0.00319900,0.30000000
2018-02-28 06:25:45,0.00319900,1.40000000
2018-02-28 06:25:45,0.00319900,1.50000000
2018-02-28 06:25:46,0.00319900,2.30000000
2018-02-28 06:25:47,0.00319900,3.89000000
2018-02-28 06:25:48,0.00319500,2.20000000
2018-02-28 06:25:48,0.00319200,1.25000000
2018-02-28 06:25:48,0.00318700,3.12000000
2018-02-28 06:25:49,0.00320000,2.30000000
2018-02-28 06:25:50,0.00319800,0.48000000
2018-02-28 06:25:51,0.00319800,2.30000000
2018-02-28 06:25:51,0.00319100,9.40000000
2018-02-28 06:25:51,0.00319000,11.00000000
2018-02-28 06:25:51,0.00318900,4.00000000
2018-02-28 06:25:51,0.00318700,95.60000000
2018-02-28 06:25:51,0.00318600,145.43000000
2018-02-28 06:25:51,0.00318300,1.56000000
2018-02-28 06:25:51,0.00318200,46.58000000
2018-02-28 06:25:51,0.00318000,23.68000000
2018-02-28 06:25:51,0.00317900,2.00000000
2018-02-28 06:25:51,0.00317700,8.53000000
2018-02-28 06:25:51,0.00317500,31.49000000
2018-02-28 06:25:51,0.00317300,472.26000000
2018-02-28 06:25:51,0.00317300,30.45000000
2018-02-28 06:25:52,0.00319800,6.25000000
2018-02-28 06:25:53,0.00319600,2.40000000
2018-02-28 06:25:54,0.00319600,1.17000000
2018-02-28 06:25:54,0.00319600,1.59000000
2018-02-28 06:25:54,0.00319700,6.70000000
2018-02-28 06:25:54,0.00319700,8.29000000
2018-02-28 06:25:54,0.00319700,1.50000000
2018-02-28 06:25:55,0.00319700,1.34000000
2018-02-28 06:25:55,0.00319700,5.54000000
2018-02-28 06:25:55,0.00319100,1.56000000
2018-02-28 06:25:55,0.00318400,14.19000000
2018-02-28 06:25:55,0.00318300,31.22000000
2018-02-28 06:25:55,0.00318200,77.98000000
2018-02-28 06:25:55,0.00317300,2.52000000
2018-02-28 06:25:55,0.00317200,4.72000000
2018-02-28 06:25:55,0.00317100,77.77000000
2018-02-28 06:25:55,0.00317000,11.79000000
2018-02-28 06:25:56,0.00319700,2.20000000
2018-02-28 06:25:56,0.00319000,2.76000000
2018-02-28 06:25:56,0.00319000,1.56000000
2018-02-28 06:25:56,0.00318300,25.89000000
2018-02-28 06:25:56,0.00319000,30.98000000
2018-02-28 06:25:57,0.00318900,2.30000000
2018-02-28 06:25:57,0.00318900,6.87000000
2018-02-28 06:25:57,0.00318900,5.02000000
2018-02-28 06:25:57,0.00319000,0.01000000
2018-02-28 06:25:57,0.00319100,10.64000000
2018-02-28 06:25:57,0.00319100,43.26000000
2018-02-28 06:25:57,0.00319100,31.68000000
2018-02-28 06:25:57,0.00319100,43.26000000
2018-02-28 06:25:57,0.00319100,32.42000000
2018-02-28 06:25:57,0.00319000,1.06000000
2018-02-28 06:25:57,0.00319000,0.29000000
2018-02-28 06:25:57,0.00318400,0.71000000
2018-02-28 06:25:57,0.00318400,2.00000000
2018-02-28 06:25:58,0.00319500,2.30000000
2018-02-28 06:25:59,0.00319500,0.75000000
2018-02-28 06:25:59,0.00319500,3.47000000
2018-02-28 06:25:59,0.00319500,9.38000000
2018-02-28 06:25:59,0.00319400,22.70000000
2018-02-28 06:25:59,0.00319400,1.54000000
2018-02-28 06:26:00,0.00319400,4.63000000
2018-02-28 06:26:01,0.00319400,2.20000000
2018-02-28 06:26:01,0.00319100,5.00000000
2018-02-28 06:26:02,0.00319400,0.42000000
2018-02-28 06:26:02,0.00319500,21.75000000
2018-02-28 06:26:02,0.00319500,12.51000000
2018-02-28 06:26:03,0.00319600,2.30000000
2018-02-28 06:26:03,0.00319600,0.44000000
2018-02-28 06:26:03,0.00319100,26.09000000
2018-02-28 06:26:04,0.00319100,9.66000000
2018-02-28 06:26:04,0.00319100,4.78000000
2018-02-28 06:26:04,0.00319100,351.70000000
2018-02-28 06:26:04,0.00319100,14.59000000
2018-02-28 06:26:04,0.00319100,2.07000000
2018-02-28 06:26:04,0.00319700,1.56000000
2018-02-28 06:26:04,0.00319500,0.76000000
2018-02-28 06:26:05,0.00319500,4.57000000
2018-02-28 06:26:05,0.00319500,15.64000000
2018-02-28 06:26:05,0.00319500,2.30000000
2018-02-28 06:26:07,0.00319400,0.33000000
2018-02-28 06:26:07,0.00319400,1.23000000
2018-02-28 06:26:07,0.00319500,1.17000000
2018-02-28 06:26:09,0.00319500,7.08000000
2018-02-28 06:26:09,0.00319500,0.01000000
2018-02-28 06:26:09,0.00319700,34.00000000
2018-02-28 06:26:09,0.00319700,34.84000000
2018-02-28 06:26:09,0.00319700,28.31000000
2018-02-28 06:26:10,0.00319700,0.64000000
2018-02-28 06:26:10,0.00319700,19.61000000
2018-02-28 06:26:11,0.00319700,43.79000000
2018-02-28 06:26:12,0.00319700,6.06000000
2018-02-28 06:26:13,0.00319700,5.28000000
2018-02-28 06:26:13,0.00319200,2.00000000
2018-02-28 06:26:13,0.00319700,27.83000000
2018-02-28 06:26:13,0.00319700,18.50000000
2018-02-28 06:26:15,0.00319700,2.72000000
2018-02-28 06:26:15,0.00319700,29.06000000
2018-02-28 06:26:15,0.00319700,0.93000000
2018-02-28 06:26:16,0.00319700,2.30000000
2018-02-28 06:26:16,0.00319700,1.51000000
2018-02-28 06:26:16,0.00319700,13.44000000
2018-02-28 06:26:18,0.00319500,2.20000000
2018-02-28 06:26:18,0.00319100,1.25000000
2018-02-28 06:26:18,0.00319100,5.13000000
2018-02-28 06:26:19,0.00319100,6.93000000
2018-02-28 06:26:19,0.00319100,11.60000000
2018-02-28 06:26:19,0.00319100,81.76000000
2018-02-28 06:26:21,0.00319700,3.25000000
2018-02-28 06:26:23,0.00319700,21.89000000
2018-02-28 06:26:23,0.00319700,0.91000000
2018-02-28 06:26:23,0.00319700,303.11000000
2018-02-28 06:26:24,0.00319700,66.48000000
2018-02-28 06:26:26,0.00319800,0.75000000
2018-02-28 06:26:26,0.00319800,0.25000000
2018-02-28 06:26:26,0.00319900,9.20000000
2018-02-28 06:26:26,0.00319900,1.00000000
2018-02-28 06:26:27,0.00319900,5.11000000
2018-02-28 06:26:27,0.00319700,8.01000000
2018-02-28 06:26:28,0.00319700,0.46000000
2018-02-28 06:26:29,0.00319700,0.76000000
2018-02-28 06:26:29,0.00319700,18.76000000
2018-02-28 06:26:30,0.00319700,14.75000000
2018-02-28 06:26:30,0.00319800,2.05000000
2018-02-28 06:26:30,0.00319800,2.20000000
2018-02-28 06:26:31,0.00319800,1.82000000
2018-02-28 06:26:31,0.00319800,0.77000000
2018-02-28 06:26:32,0.00319800,3.09000000
2018-02-28 06:26:33,0.00319800,0.76000000
2018-02-28 06:26:33,0.00319100,8.00000000
2018-02-28 06:26:34,0.00319500,5.40000000
2018-02-28 06:26:34,0.00319500,10.00000000
2018-02-28 06:26:34,0.00319500,23.88000000
2018-02-28 06:26:35,0.00319500,50.07000000
2018-02-28 06:26:35,0.00319500,23.88000000
2018-02-28 06:26:36,0.00319500,0.38000000
2018-02-28 06:26:36,0.00319500,0.75000000
2018-02-28 06:26:36,0.00319500,20.45000000
2018-02-28 06:26:37,0.00319400,2.72000000
2018-02-28 06:26:37,0.00318900,14.18000000
2018-02-28 06:26:37,0.00318800,65.82000000
2018-02-28 06:26:37,0.00319400,3.43000000
2018-02-28 06:26:37,0.00319400,0.62000000
2018-02-28 06:26:37,0.00319300,1.50000000
2018-02-28 06:26:38,0.00319300,0.50000000
2018-02-28 06:26:38,0.00319300,0.75000000
2018-02-28 06:26:38,0.00319200,11.43000000
2018-02-28 06:26:39,0.00319400,1.23000000
2018-02-28 06:26:39,0.00319500,5.72000000
2018-02-28 06:26:39,0.00319800,8.68000000
2018-02-28 06:26:39,0.00319800,56.25000000
2018-02-28 06:26:39,0.00319800,59.51000000
2018-02-28 06:26:40,0.00319800,15.63000000
2018-02-28 06:26:40,0.00319500,5.72000000
2018-02-28 06:26:40,0.00319300,1.00000000
2018-02-28 06:26:40,0.00319200,24.22000000
2018-02-28 06:26:41,0.00319700,37.53000000
2018-02-28 06:26:41,0.00319200,74.34000000
2018-02-28 06:26:41,0.00319000,9.40000000
2018-02-28 06:26:41,0.00318800,45.33000000
2018-02-28 06:26:41,0.00318700,572.47000000
2018-02-28 06:26:42,0.00318900,37.27000000
2018-02-28 06:26:43,0.00318900,0.01000000
2018-02-28 06:26:43,0.00319700,31.27000000
2018-02-28 06:26:46,0.00319600,0.81000000
2018-02-28 06:26:47,0.00319600,6.25000000
2018-02-28 06:26:48,0.00319600,1.50000000
2018-02-28 06:26:49,0.00319600,0.84000000
2018-02-28 06:26:49,0.00319600,0.84000000
2018-02-28 06:26:52,0.00319600,0.75000000
2018-02-28 06:26:55,0.00319600,10.18000000
2018-02-28 06:26:56,0.00319600,2.30000000
2018-02-28 06:26:56,0.00319100,0.50000000
2018-02-28 06:26:56,0.00319000,10.86000000
2018-02-28 06:26:57,0.00319500,2.68000000
2018-02-28 06:26:58,0.00319500,2.30000000
2018-02-28 06:26:59,0.00319500,9.38000000
2018-02-28 06:26:59,0.00318900,0.10000000
2018-02-28 06:26:59,0.00319500,0.38000000
2018-02-28 06:27:00,0.00319500,0.93000000
2018-02-28 06:27:02,0.00319500,5.52000000
2018-02-28 06:27:03,0.00319500,1.93000000
2018-02-28 06:27:04,0.00319500,0.89000000
2018-02-28 06:27:05,0.00319500,3.12000000
2018-02-28 06:27:05,0.00319500,0.75000000
2018-02-28 06:27:08,0.00319400,1.00000000
2018-02-28 06:27:08,0.00319400,4.62000000
2018-02-28 06:27:09,0.00319500,1.30000000
2018-02-28 06:27:09,0.00319400,24.07000000
2018-02-28 06:27:11,0.00319400,0.27000000
2018-02-28 06:27:11,0.00319500,1.23000000
2018-02-28 06:27:13,0.00319500,2.30000000
2018-02-28 06:27:15,0.00319500,2.30000000
2018-02-28 06:27:16,0.00319400,3.47000000
2018-02-28 06:27:16,0.00319500,15.95000000
2018-02-28 06:27:16,0.00319600,53.46000000
2018-02-28 06:27:17,0.00319600,13.75000000
2018-02-28 06:27:18,0.00319600,67.43000000
2018-02-28 06:27:18,0.00319600,2.40000000
2018-02-28 06:27:18,0.00319600,0.38000000
2018-02-28 06:27:20,0.00319600,2.30000000
2018-02-28 06:27:22,0.00319600,1.02000000
2018-02-28 06:27:23,0.00319600,2.30000000
2018-02-28 06:27:23,0.00319600,0.91000000
2018-02-28 06:27:24,0.00319600,3.12000000
2018-02-28 06:27:24,0.00319600,0.75000000
2018-02-28 06:27:25,0.00319600,1.94000000
2018-02-28 06:27:26,0.00319600,5.93000000
2018-02-28 06:27:28,0.00319600,2.40000000
2018-02-28 06:27:29,0.00319600,2.93000000
2018-02-28 06:27:30,0.00319600,22.39000000
2018-02-28 06:27:30,0.00319600,2.20000000
2018-02-28 06:27:31,0.00319600,5.09000000
2018-02-28 06:27:31,0.00319100,100.07000000
2018-02-28 06:27:33,0.00319600,4.55000000
2018-02-28 06:27:34,0.00319600,1.50000000
2018-02-28 06:27:35,0.00319600,0.75000000
2018-02-28 06:27:36,0.00319600,5.76000000
2018-02-28 06:27:37,0.00319600,10.86000000
2018-02-28 06:27:38,0.00319600,7.25000000
2018-02-28 06:27:40,0.00319600,1.54000000
2018-02-28 06:27:41,0.00319600,1.28000000
2018-02-28 06:27:43,0.00319600,18.00000000
2018-02-28 06:27:44,0.00319700,6.69000000
2018-02-28 06:27:45,0.00319700,18.35000000
2018-02-28 06:27:45,0.00319900,59.93000000
2018-02-28 06:27:45,0.00320000,55.35000000
2018-02-28 06:27:45,0.00320100,3.77000000
2018-02-28 06:27:45,0.00320400,9.00000000
2018-02-28 06:27:45,0.00320500,200.00000000
2018-02-28 06:27:45,0.00320500,0.45000000
2018-02-28 06:27:45,0.00320500,3.17000000
2018-02-28 06:27:45,0.00320500,3.07000000
2018-02-28 06:27:48,0.00320500,0.73000000
2018-02-28 06:27:48,0.00320500,0.20000000
2018-02-28 06:27:50,0.00319700,23.53000000
2018-02-28 06:27:50,0.00319600,9.47000000
2018-02-28 06:27:51,0.00320500,1.51000000
2018-02-28 06:27:51,0.00320500,12.64000000
2018-02-28 06:27:51,0.00320700,110.00000000
2018-02-28 06:27:51,0.00320800,332.43000000
2018-02-28 06:27:51,0.00320600,1.78000000
2018-02-28 06:27:51,0.00320600,4.60000000
2018-02-28 06:27:51,0.00320600,1.24000000
2018-02-28 06:27:51,0.00320600,1.86000000
2018-02-28 06:27:51,0.00320600,0.60000000
2018-02-28 06:27:52,0.00320500,3.64000000
2018-02-28 06:27:52,0.00320500,1.65000000
2018-02-28 06:27:52,0.00320500,1.50000000
2018-02-28 06:27:52,0.00320500,2.59000000
2018-02-28 06:27:52,0.00320600,10.41000000
2018-02-28 06:27:52,0.00320600,2.28000000
2018-02-28 06:27:52,0.00320600,2.68000000
2018-02-28 06:27:52,0.00320000,0.55000000
2018-02-28 06:27:52,0.00320000,0.67000000
2018-02-28 06:27:53,0.00320000,0.78000000
2018-02-28 06:27:53,0.00320000,0.46000000
2018-02-28 06:27:53,0.00320000,15.59000000
2018-02-28 06:27:53,0.00320000,1.00000000
2018-02-28 06:27:55,0.00320000,4.63000000
2018-02-28 06:27:55,0.00320600,1.44000000
2018-02-28 06:27:59,0.00320100,14.00000000
2018-02-28 06:27:59,0.00320800,3.20000000
2018-02-28 06:28:00,0.00320700,1.18000000
2018-02-28 06:28:00,0.00320700,0.76000000
2018-02-28 06:28:00,0.00320700,2.68000000
2018-02-28 06:28:00,0.00320700,0.52000000
2018-02-28 06:28:00,0.00320700,5.94000000
2018-02-28 06:28:00,0.00320700,1.56000000
2018-02-28 06:28:00,0.00320700,1.36000000
2018-02-28 06:28:00,0.00320800,8.64000000
2018-02-28 06:28:01,0.00320800,1.18000000
2018-02-28 06:28:02,0.00320800,8.30000000
2018-02-28 06:28:02,0.00320800,0.78000000
2018-02-28 06:28:02,0.00320800,4.00000000
2018-02-28 06:28:02,0.00320800,0.45000000
2018-02-28 06:28:03,0.00320800,0.78000000
2018-02-28 06:28:03,0.00320800,0.94000000
2018-02-28 06:28:07,0.00320800,1.12000000
2018-02-28 06:28:08,0.00320800,1.80000000
2018-02-28 06:28:10,0.00320800,0.60000000
2018-02-28 06:28:12,0.00320800,2.83000000
2018-02-28 06:28:15,0.00320700,82.77000000
2018-02-28 06:28:18,0.00320200,11.20000000
2018-02-28 06:28:22,0.00320700,0.62000000
2018-02-28 06:28:27,0.00320200,1.00000000
2018-02-28 06:28:27,0.00320000,1.80000000
2018-02-28 06:28:35,0.00320000,7.57000000
2018-02-28 06:28:35,0.00319900,37.15000000
2018-02-28 06:28:35,0.00319600,5.23000000
2018-02-28 06:28:39,0.00319600,34.95000000
2018-02-28 06:28:40,0.00319600,0.34000000
2018-02-28 06:28:41,0.00319600,6.59000000
2018-02-28 06:28:44,0.00319900,0.35000000
2018-02-28 06:28:44,0.00319900,1.51000000
2018-02-28 06:28:44,0.00320200,0.98000000
2018-02-28 06:28:51,0.00320200,0.62000000
2018-02-28 06:28:51,0.00320200,1.75000000
2018-02-28 06:28:57,0.00320200,1.07000000
2018-02-28 06:29:03,0.00319900,0.55000000
2018-02-28 06:29:05,0.00319900,0.94000000
2018-02-28 06:29:11,0.00320000,1.00000000
2018-02-28 06:29:11,0.00319900,1.23000000
2018-02-28 06:29:12,0.00319900,0.01000000
2018-02-28 06:29:12,0.00319700,1.99000000
2018-02-28 06:29:17,0.00320000,25.85000000
2018-02-28 06:29:21,0.00319700,2.00000000
2018-02-28 06:29:27,0.00319700,0.98000000
2018-02-28 06:29:29,0.00320100,27.64000000
2018-02-28 06:29:33,0.00320000,8.68000000
2018-02-28 06:29:35,0.00319700,48.66000000
2018-02-28 06:29:39,0.00319700,0.89000000
2018-02-28 06:29:40,0.00320000,1.00000000
2018-02-28 06:29:41,0.00319700,46.29000000
2018-02-28 06:29:41,0.00319700,0.61000000
2018-02-28 06:29:43,0.00319700,0.61000000
2018-02-28 06:29:46,0.00319700,10.00000000
2018-02-28 06:29:50,0.00319700,3.24000000
2018-02-28 06:29:54,0.00319700,6.74000000
2018-02-28 06:30:02,0.00319700,8.03000000
2018-02-28 06:30:04,0.00319900,1.00000000
2018-02-28 06:30:08,0.00319700,35.27000000
2018-02-28 06:30:14,0.00319600,261.66000000
2018-02-28 06:30:14,0.00319500,19.67000000
2018-02-28 06:30:14,0.00319100,68.67000000
2018-02-28 06:30:17,0.00319000,2.68000000
2018-02-28 06:30:17,0.00319700,8.14000000
2018-02-28 06:30:21,0.00319700,0.25000000
2018-02-28 06:30:21,0.00319800,27.43000000
2018-02-28 06:30:21,0.00319900,14.22000000
2018-02-28 06:30:30,0.00319700,7.76000000
2018-02-28 06:30:41,0.00319100,71.87000000
2018-02-28 06:30:47,0.00319600,236.19000000
2018-02-28 06:30:51,0.00319600,7.09000000
2018-02-28 06:30:54,0.00319000,9.61000000
2018-02-28 06:30:57,0.00319600,1.08000000
2018-02-28 06:30:59,0.00319600,7.80000000
2018-02-28 06:31:05,0.00319600,0.75000000
2018-02-28 06:31:06,0.00319600,0.47000000
2018-02-28 06:31:06,0.00319600,15.15000000
2018-02-28 06:31:06,0.00319600,0.40000000
2018-02-28 06:31:07,0.00319600,0.53000000
2018-02-28 06:31:08,0.00319600,11.25000000
2018-02-28 06:31:08,0.00319600,0.67000000
2018-02-28 06:31:08,0.00319600,0.44000000
2018-02-28 06:31:09,0.00319600,0.59000000
2018-02-28 06:31:10,0.00319600,3.15000000
2018-02-28 06:31:11,0.00319600,0.51000000
2018-02-28 06:31:13,0.00319600,2.69000000
2018-02-28 06:31:13,0.00319600,0.71000000
2018-02-28 06:31:15,0.00319600,1.37000000
2018-02-28 06:31:17,0.00319600,1.56000000
2018-02-28 06:31:18,0.00319600,1.12000000
2018-02-28 06:31:19,0.00319600,1.07000000
2018-02-28 06:31:22,0.00319500,0.75000000
2018-02-28 06:31:22,0.00319500,15.16000000
2018-02-28 06:31:24,0.00319500,2.61000000
2018-02-28 06:31:30,0.00319500,2.93000000
2018-02-28 06:31:33,0.00319000,9.41000000
2018-02-28 06:31:33,0.00318900,9.54000000
2018-02-28 06:31:34,0.00318900,6.42000000
2018-02-28 06:31:37,0.00319000,1.42000000
2018-02-28 06:31:38,0.00319500,0.77000000
2018-02-28 06:31:38,0.00319000,5.44000000
2018-02-28 06:31:40,0.00319500,10.96000000
2018-02-28 06:31:42,0.00319500,12.94000000
2018-02-28 06:31:42,0.00319500,1.84000000
2018-02-28 06:31:44,0.00319500,0.56000000
2018-02-28 06:31:44,0.00319000,24.50000000
2018-02-28 06:31:45,0.00319500,0.62000000
2018-02-28 06:31:45,0.00319000,125.08000000
2018-02-28 06:31:46,0.00319000,3.94000000
2018-02-28 06:31:49,0.00319000,10.08000000
2018-02-28 06:31:50,0.00319000,17.82000000
2018-02-28 06:31:50,0.00319500,9.25000000
2018-02-28 06:31:53,0.00318900,1.36000000
2018-02-28 06:31:54,0.00319500,3.37000000
2018-02-28 06:31:56,0.00319400,0.62000000
2018-02-28 06:31:57,0.00319400,0.95000000
2018-02-28 06:32:01,0.00318900,9.20000000
2018-02-28 06:32:10,0.00319400,0.32000000
2018-02-28 06:32:10,0.00319400,0.62000000
2018-02-28 06:32:11,0.00318900,0.05000000
2018-02-28 06:32:14,0.00319400,55.31000000
2018-02-28 06:32:19,0.00319400,5.82000000
2018-02-28 06:32:24,0.00318900,9.67000000
2018-02-28 06:32:31,0.00319000,111.76000000
2018-02-28 06:32:31,0.00318500,19.35000000
2018-02-28 06:32:31,0.00318400,9.42000000
2018-02-28 06:32:31,0.00318300,1.00000000
2018-02-28 06:32:31,0.00318100,9.11000000
2018-02-28 06:32:31,0.00318000,1.00000000
2018-02-28 06:32:31,0.00317900,37.50000000
2018-02-28 06:32:31,0.00317600,36.71000000
2018-02-28 06:32:33,0.00318000,1.12000000
2018-02-28 06:32:33,0.00318900,0.51000000
2018-02-28 06:32:33,0.00318900,1.63000000
2018-02-28 06:32:35,0.00318500,0.50000000
2018-02-28 06:32:35,0.00318500,0.11000000
2018-02-28 06:32:35,0.00318900,0.86000000
2018-02-28 06:32:35,0.00318800,2.30000000
2018-02-28 06:32:36,0.00318700,6.49000000
2018-02-28 06:32:36,0.00318700,3.00000000
2018-02-28 06:32:36,0.00318500,1.80000000
2018-02-28 06:32:37,0.00318500,0.14000000
2018-02-28 06:32:37,0.00318900,7.11000000
2018-02-28 06:32:37,0.00319200,43.40000000
2018-02-28 06:32:38,0.00318500,0.50000000
2018-02-28 06:32:38,0.00318500,1.44000000
2018-02-28 06:32:39,0.00319200,20.95000000
2018-02-28 06:32:40,0.00319000,2.40000000
2018-02-28 06:32:40,0.00319000,4.96000000
2018-02-28 06:32:40,0.00319000,20.26000000
2018-02-28 06:32:40,0.00319100,13.64000000
2018-02-28 06:32:40,0.00319200,2.76000000
2018-02-28 06:32:40,0.00319400,52.04000000
2018-02-28 06:32:41,0.00319000,6.91000000
2018-02-28 06:32:41,0.00318400,2.09000000
2018-02-28 06:32:43,0.00319200,2.09000000
2018-02-28 06:32:43,0.00319300,1.73000000
2018-02-28 06:32:43,0.00319400,0.81000000
2018-02-28 06:32:43,0.00319400,2.30000000
2018-02-28 06:32:44,0.00319400,0.65000000
2018-02-28 06:32:47,0.00318600,39.98000000
2018-02-28 06:32:47,0.00318600,0.50000000
2018-02-28 06:32:47,0.00318600,54.78000000
2018-02-28 06:32:47,0.00318100,1.42000000
2018-02-28 06:32:47,0.00318000,43.77000000
2018-02-28 06:32:48,0.00318600,1.26000000
2018-02-28 06:32:48,0.00318200,0.91000000
2018-02-28 06:32:48,0.00318600,3.36000000
2018-02-28 06:32:49,0.00318500,3.79000000
2018-02-28 06:32:49,0.00318500,1.56000000
2018-02-28 06:32:53,0.00318500,21.16000000
2018-02-28 06:32:56,0.00318000,1.46000000
2018-02-28 06:32:56,0.00318000,3.77000000
2018-02-28 06:32:56,0.00318000,2.30000000
2018-02-28 06:32:56,0.00318000,25.22000000
2018-02-28 06:32:57,0.00318000,22.62000000
2018-02-28 06:32:57,0.00318000,25.86000000
2018-02-28 06:32:58,0.00318000,1.00000000
2018-02-28 06:32:58,0.00318000,18.53000000
2018-02-28 06:32:58,0.00318000,3.90000000
2018-02-28 06:32:59,0.00318000,2.30000000
2018-02-28 06:32:59,0.00318000,13.82000000
2018-02-28 06:32:59,0.00318000,1.14000000
2018-02-28 06:33:00,0.00318000,9.25000000
2018-02-28 06:33:00,0.00318000,3.77000000
2018-02-28 06:33:00,0.00318000,1.78000000
2018-02-28 06:33:01,0.00317800,2.61000000
2018-02-28 06:33:01,0.00317900,0.61000000
2018-02-28 06:33:01,0.00318000,1.69000000
2018-02-28 06:33:02,0.00317800,1.94000000
2018-02-28 06:33:02,0.00318000,9.69000000
2018-02-28 06:33:03,0.00318000,25.76000000
2018-02-28 06:33:03,0.00318000,0.33000000
2018-02-28 06:33:04,0.00318400,1.00000000
2018-02-28 06:33:04,0.00318400,8.41000000
2018-02-28 06:33:04,0.00318400,1.28000000
2018-02-28 06:33:04,0.00318200,4.39000000
2018-02-28 06:33:05,0.00318200,12.57000000
2018-02-28 06:33:05,0.00318200,6.78000000
2018-02-28 06:33:05,0.00318200,3.06000000
2018-02-28 06:33:05,0.00318200,21.29000000
2018-02-28 06:33:05,0.00318200,1.50000000
2018-02-28 06:33:05,0.00318200,11.48000000
2018-02-28 06:33:05,0.00318200,35.86000000
2018-02-28 06:33:07,0.00318500,0.64000000
2018-02-28 06:33:07,0.00318500,12.43000000
2018-02-28 06:33:08,0.00318500,1.54000000
2018-02-28 06:33:08,0.00318500,1.50000000
2018-02-28 06:33:09,0.00318200,24.94000000
2018-02-28 06:33:09,0.00318000,0.91000000
2018-02-28 06:33:09,0.00318000,0.77000000
2018-02-28 06:33:09,0.00318000,0.89000000
2018-02-28 06:33:09,0.00318000,61.03000000
2018-02-28 06:33:09,0.00318000,2.30000000
2018-02-28 06:33:10,0.00318000,5.28000000
2018-02-28 06:33:10,0.00318000,0.90000000
2018-02-28 06:33:10,0.00318000,21.71000000
2018-02-28 06:33:11,0.00318000,2.20000000
2018-02-28 06:33:12,0.00318000,17.09000000
2018-02-28 06:33:12,0.00318000,2.51000000
2018-02-28 06:33:13,0.00318000,34.66000000
2018-02-28 06:33:13,0.00318000,6.37000000
2018-02-28 06:33:14,0.00318000,2.46000000
2018-02-28 06:33:14,0.00318500,0.82000000
2018-02-28 06:33:16,0.00317900,5.00000000
2018-02-28 06:33:16,0.00318500,0.32000000
2018-02-28 06:33:17,0.00318500,0.43000000
2018-02-28 06:33:17,0.00317900,9.43000000
2018-02-28 06:33:17,0.00317800,108.95000000
2018-02-28 06:33:17,0.00317600,15.19000000
2018-02-28 06:33:17,0.00317500,381.99000000
2018-02-28 06:33:17,0.00317300,27.77000000
2018-02-28 06:33:17,0.00317100,11.86000000
2018-02-28 06:33:17,0.00318000,9.13000000
2018-02-28 06:33:17,0.00318000,5.84000000
2018-02-28 06:33:18,0.00318000,2.30000000
2018-02-28 06:33:18,0.00317900,3.65000000
2018-02-28 06:33:18,0.00317900,10.48000000
2018-02-28 06:33:18,0.00318000,1.48000000
2018-02-28 06:33:19,0.00317900,2.83000000
2018-02-28 06:33:19,0.00317800,2.83000000
2018-02-28 06:33:19,0.00317800,2.83000000
2018-02-28 06:33:19,0.00317800,2.83000000
2018-02-28 06:33:19,0.00317800,2.83000000
2018-02-28 06:33:19,0.00317800,2.00000000
2018-02-28 06:33:19,0.00317800,1.95000000
2018-02-28 06:33:20,0.00317800,9.40000000
2018-02-28 06:33:20,0.00317800,9.40000000
2018-02-28 06:33:20,0.00317800,9.40000000
2018-02-28 06:33:20,0.00317800,9.40000000
2018-02-28 06:33:20,0.00317800,9.40000000
2018-02-28 06:33:20,0.00317800,2.00000000
2018-02-28 06:33:20,0.00317800,4.80000000
2018-02-28 06:33:20,0.00317800,5.03000000
2018-02-28 06:33:20,0.00317800,9.40000000
2018-02-28 06:33:20,0.00317800,9.40000000
2018-02-28 06:33:20,0.00317800,9.40000000
2018-02-28 06:33:20,0.00317800,2.30000000
2018-02-28 06:33:20,0.00317800,9.40000000
2018-02-28 06:33:20,0.00317800,1.02000000
2018-02-28 06:33:20,0.00317800,9.40000000
2018-02-28 06:33:21,0.00317800,0.78000000
2018-02-28 06:33:21,0.00317800,99.96000000
2018-02-28 06:33:21,0.00317800,12.00000000
2018-02-28 06:33:22,0.00317800,3.13000000
2018-02-28 06:33:22,0.00317800,3.13000000
2018-02-28 06:33:22,0.00317800,3.13000000
2018-02-28 06:33:22,0.00317800,3.13000000
2018-02-28 06:33:22,0.00317800,3.13000000
2018-02-28 06:33:22,0.00317800,100.10000000
2018-02-28 06:33:22,0.00317800,3.42000000
2018-02-28 06:33:22,0.00317800,8.00000000
2018-02-28 06:33:22,0.00317800,3.13000000
2018-02-28 06:33:22,0.00317800,9.40000000
2018-02-28 06:33:22,0.00317800,9.40000000
2018-02-28 06:33:22,0.00317800,9.40000000
2018-02-28 06:33:22,0.00317800,3.13000000
2018-02-28 06:33:23,0.00317800,3.93000000
2018-02-28 06:33:23,0.00317800,0.76000000
2018-02-28 06:33:23,0.00317800,2.30000000
2018-02-28 06:33:23,0.00317800,10.25000000
2018-02-28 06:33:23,0.00317800,77.14000000
2018-02-28 06:33:23,0.00317800,9.40000000
2018-02-28 06:33:23,0.00317800,8.00000000
2018-02-28 06:33:23,0.00317800,9.40000000
2018-02-28 06:33:23,0.00317800,9.40000000
2018-02-28 06:33:23,0.00317800,9.40000000
2018-02-28 06:33:23,0.00317800,9.40000000
2018-02-28 06:33:23,0.00317800,1.02000000
2018-02-28 06:33:23,0.00317800,5.21000000
2018-02-28 06:33:23,0.00317800,2.83000000
2018-02-28 06:33:23,0.00317800,5.27000000
2018-02-28 06:33:23,0.00317800,9.40000000
2018-02-28 06:33:24,0.00317800,0.48000000
2018-02-28 06:33:24,0.00317800,9.40000000
2018-02-28 06:33:24,0.00317800,9.40000000
2018-02-28 06:33:24,0.00317800,9.40000000
2018-02-28 06:33:24,0.00317800,9.40000000
2018-02-28 06:33:24,0.00317800,7.86000000
2018-02-28 06:33:25,0.00317800,8.00000000
2018-02-28 06:33:25,0.00317800,5.97000000
2018-02-28 06:33:25,0.00317800,1.26000000
2018-02-28 06:33:25,0.00317800,9.39000000
2018-02-28 06:33:25,0.00317800,10.61000000
2018-02-28 06:33:25,0.00317800,9.39000000
2018-02-28 06:33:25,0.00317800,9.39000000
2018-02-28 06:33:25,0.00317800,2.30000000
2018-02-28 06:33:25,0.00317800,21.61000000
2018-02-28 06:33:25,0.00317800,0.47000000
2018-02-28 06:33:25,0.00317800,9.39000000
2018-02-28 06:33:25,0.00317800,8.00000000
2018-02-28 06:33:25,0.00317800,9.39000000
2018-02-28 06:33:25,0.00317800,9.39000000
2018-02-28 06:33:26,0.00317800,9.39000000
2018-02-28 06:33:26,0.00317800,9.39000000
2018-02-28 06:33:26,0.00317800,9.39000000
2018-02-28 06:33:26,0.00317800,9.39000000
2018-02-28 06:33:26,0.00317800,9.39000000
2018-02-28 06:33:26,0.00317800,9.39000000
2018-02-28 06:33:26,0.00317800,9.39000000
2018-02-28 06:33:26,0.00317800,9.40000000
2018-02-28 06:33:26,0.00317800,8.00000000
2018-02-28 06:33:26,0.00317800,9.40000000
2018-02-28 06:33:26,0.00317800,9.39000000
2018-02-28 06:33:26,0.00317800,9.39000000
2018-02-28 06:33:26,0.00317800,9.40000000
2018-02-28 06:33:26,0.00317800,9.39000000
2018-02-28 06:33:26,0.00317800,9.39000000
2018-02-28 06:33:26,0.00317800,9.40000000
2018-02-28 06:33:26,0.00317800,9.39000000
2018-02-28 06:33:26,0.00317800,9.40000000
2018-02-28 06:33:26,0.00317800,9.40000000
2018-02-28 06:33:26,0.00317800,18.39000000
2018-02-28 06:33:26,0.00317800,9.40000000
2018-02-28 06:33:27,0.00317800,9.39000000
2018-02-28 06:33:27,0.00317800,9.39000000
2018-02-28 06:33:27,0.00317800,9.39000000
2018-02-28 06:33:27,0.00317800,0.34000000
2018-02-28 06:33:27,0.00318000,4.57000000
2018-02-28 06:33:27,0.00318000,9.39000000
2018-02-28 06:33:27,0.00318000,9.39000000
2018-02-28 06:33:27,0.00318000,15.73000000
2018-02-28 06:33:27,0.00318000,9.39000000
2018-02-28 06:33:27,0.00318000,2.30000000
2018-02-28 06:33:27,0.00318000,9.39000000
2018-02-28 06:33:27,0.00318000,9.39000000
2018-02-28 06:33:28,0.00318000,9.39000000
2018-02-28 06:33:28,0.00318000,1.86000000
2018-02-28 06:33:28,0.00318000,9.39000000
2018-02-28 06:33:28,0.00318000,4.71000000
2018-02-28 06:33:29,0.00318000,2.97000000
2018-02-28 06:33:29,0.00317800,3.01000000
2018-02-28 06:33:29,0.00318000,3.46000000
2018-02-28 06:33:30,0.00318000,2.30000000
2018-02-28 06:33:30,0.00318000,20.00000000
2018-02-28 06:33:30,0.00318000,0.27000000
2018-02-28 06:33:30,0.00318300,15.71000000
2018-02-28 06:33:31,0.00318000,109.87000000
2018-02-28 06:33:32,0.00318300,2.76000000
2018-02-28 06:33:34,0.00318600,2.38000000
2018-02-28 06:33:35,0.00318600,8.28000000
2018-02-28 06:33:36,0.00318600,58.83000000
2018-02-28 06:33:36,0.00318900,4.51000000
2018-02-28 06:33:38,0.00318900,1.19000000
2018-02-28 06:33:39,0.00318600,1.85000000
2018-02-28 06:33:39,0.00318300,0.43000000
2018-02-28 06:33:39,0.00318600,0.78000000
2018-02-28 06:33:39,0.00318600,0.92000000
2018-02-28 06:33:39,0.00318600,2.56000000
2018-02-28 06:33:40,0.00318600,0.76000000
2018-02-28 06:33:41,0.00318300,0.92000000
2018-02-28 06:33:41,0.00318300,0.78000000
2018-02-28 06:33:41,0.00318300,0.74000000
2018-02-28 06:33:42,0.00318300,1.80000000
2018-02-28 06:33:42,0.00318300,1.20000000
2018-02-28 06:33:43,0.00318600,4.00000000
2018-02-28 06:33:43,0.00318900,15.14000000
2018-02-28 06:33:45,0.00318500,13.94000000
2018-02-28 06:33:46,0.00318900,5.45000000
2018-02-28 06:33:46,0.00318900,0.38000000
2018-02-28 06:33:47,0.00318300,4.78000000
2018-02-28 06:33:48,0.00318300,1.21000000
2018-02-28 06:33:49,0.00318300,0.50000000
2018-02-28 06:33:49,0.00318300,4.50000000
2018-02-28 06:33:49,0.00318300,5.00000000
2018-02-28 06:33:49,0.00318300,7.97000000
2018-02-28 06:33:49,0.00318300,9.66000000
2018-02-28 06:33:49,0.00318900,7.43000000
2018-02-28 06:33:53,0.00319300,1.15000000
2018-02-28 06:33:53,0.00319300,1.34000000
2018-02-28 06:33:54,0.00319300,0.38000000
2018-02-28 06:33:54,0.00319300,5.00000000
2018-02-28 06:33:54,0.00319300,1.50000000
2018-02-28 06:33:55,0.00319300,0.52000000
2018-02-28 06:33:56,0.00318900,0.79000000
2018-02-28 06:33:56,0.00318900,0.41000000
2018-02-28 06:33:57,0.00318900,0.45000000
2018-02-28 06:33:58,0.00318900,4.60000000
2018-02-28 06:34:05,0.00318900,116.27000000
2018-02-28 06:34:06,0.00318400,0.82000000
2018-02-28 06:34:06,0.00318300,0.44000000
2018-02-28 06:34:06,0.00318400,13.81000000
2018-02-28 06:34:07,0.00319000,116.53000000
2018-02-28 06:34:17,0.00318900,8.22000000
2018-02-28 06:34:17,0.00318900,3.72000000
2018-02-28 06:34:19,0.00318900,67.67000000
2018-02-28 06:34:22,0.00318900,99.94000000
2018-02-28 06:34:23,0.00318900,84.31000000
2018-02-28 06:34:25,0.00318900,31.39000000
2018-02-28 06:34:25,0.00318900,8.42000000
2018-02-28 06:34:28,0.00318900,40.89000000
2018-02-28 06:34:30,0.00318500,5.56000000
2018-02-28 06:34:30,0.00318400,4.58000000
2018-02-28 06:34:34,0.00318400,0.08000000
2018-02-28 06:34:34,0.00318800,106.81000000
2018-02-28 06:34:35,0.00318800,41.94000000
2018-02-28 06:34:37,0.00318400,4.65000000
2018-02-28 06:34:39,0.00318800,1.58000000
2018-02-28 06:34:40,0.00318400,0.11000000
2018-02-28 06:34:41,0.00318400,7.33000000
2018-02-28 06:34:41,0.00318800,1.00000000
2018-02-28 06:34:44,0.00318800,124.39000000
2018-02-28 06:34:47,0.00318500,0.03000000
2018-02-28 06:34:47,0.00318400,4.49000000
2018-02-28 06:34:48,0.00318400,4.51000000
2018-02-28 06:34:49,0.00318400,5.36000000
2018-02-28 06:34:49,0.00318400,7.33000000
2018-02-28 06:34:49,0.00318400,1.00000000
2018-02-28 06:34:50,0.00318400,145.38000000
2018-02-28 06:34:51,0.00318400,4.86000000
2018-02-28 06:34:52,0.00318400,16.70000000
2018-02-28 06:34:53,0.00318400,27.43000000
2018-02-28 06:34:54,0.00318400,15.35000000
2018-02-28 06:34:56,0.00318400,41.74000000
2018-02-28 06:34:56,0.00318500,15.00000000
2018-02-28 06:34:56,0.00318600,6.80000000
2018-02-28 06:34:58,0.00318600,20.00000000
2018-02-28 06:34:59,0.00318600,30.83000000
2018-02-28 06:34:59,0.00318600,1.86000000
2018-02-28 06:35:00,0.00318600,56.03000000
2018-02-28 06:35:01,0.00318600,117.77000000
2018-02-28 06:35:06,0.00318600,7.59000000
2018-02-28 06:35:06,0.00318600,274.81000000
2018-02-28 06:35:08,0.00318500,24.73000000
2018-02-28 06:35:09,0.00318500,0.94000000
2018-02-28 06:35:09,0.00318500,46.53000000
2018-02-28 06:35:09,0.00318500,4.00000000
2018-02-28 06:35:10,0.00318400,4.07000000
2018-02-28 06:35:13,0.00318300,4.48000000
2018-02-28 06:35:13,0.00318000,32.90000000
2018-02-28 06:35:17,0.00318000,19.34000000
2018-02-28 06:35:18,0.00318000,3.77000000
2018-02-28 06:35:18,0.00317800,12.46000000
2018-02-28 06:35:18,0.00317700,11.77000000
2018-02-28 06:35:21,0.00318300,2.30000000
2018-02-28 06:35:22,0.00318300,4.68000000
2018-02-28 06:35:22,0.00318300,0.77000000
2018-02-28 06:35:23,0.00318300,1.68000000
2018-02-28 06:35:23,0.00318400,19.50000000
2018-02-28 06:35:23,0.00318500,37.94000000
2018-02-28 06:35:24,0.00318500,2.30000000
2018-02-28 06:35:25,0.00318500,8.29000000
2018-02-28 06:35:26,0.00318000,2.30000000
2018-02-28 06:35:26,0.00318000,2.20000000
2018-02-28 06:35:27,0.00318000,31.40000000
2018-02-28 06:35:27,0.00318000,15.72000000
2018-02-28 06:35:27,0.00318000,56.89000000
2018-02-28 06:35:28,0.00318300,2.20000000
2018-02-28 06:35:28,0.00318300,2.30000000
2018-02-28 06:35:29,0.00318300,18.10000000
2018-02-28 06:35:30,0.00318300,96.74000000
2018-02-28 06:35:32,0.00318500,2.94000000
2018-02-28 06:35:33,0.00318500,15.16000000
2018-02-28 06:35:33,0.00318700,13.27000000
2018-02-28 06:35:33,0.00318800,86.41000000
2018-02-28 06:35:36,0.00318800,20.17000000
2018-02-28 06:35:36,0.00318800,11.16000000
2018-02-28 06:35:38,0.00318800,4.55000000
2018-02-28 06:35:38,0.00318800,2.35000000
2018-02-28 06:35:39,0.00318100,38.00000000
2018-02-28 06:35:40,0.00318700,1.25000000
2018-02-28 06:35:41,0.00318700,9.21000000
2018-02-28 06:35:42,0.00318700,3.74000000
2018-02-28 06:35:42,0.00318800,17.70000000
2018-02-28 06:35:43,0.00318300,2.30000000
2018-02-28 06:35:43,0.00318300,2.30000000
2018-02-28 06:35:43,0.00318300,1.00000000
2018-02-28 06:35:43,0.00318300,0.64000000
2018-02-28 06:35:43,0.00318300,1.02000000
2018-02-28 06:35:45,0.00318300,2.40000000
2018-02-28 06:35:45,0.00318300,29.43000000
2018-02-28 06:35:45,0.00318800,115.16000000
2018-02-28 06:35:47,0.00318800,15.66000000
2018-02-28 06:35:47,0.00318800,100.10000000
2018-02-28 06:35:49,0.00318700,12.39000000
2018-02-28 06:35:52,0.00318700,3.03000000
2018-02-28 06:35:53,0.00318700,2.24000000
2018-02-28 06:35:53,0.00318100,9.13000000
2018-02-28 06:35:56,0.00318100,32.15000000
2018-02-28 06:35:56,0.00318700,2.00000000
2018-02-28 06:35:57,0.00318700,2.14000000
2018-02-28 06:36:02,0.00318700,49.77000000
2018-02-28 06:36:03,0.00318700,8.02000000
2018-02-28 06:36:03,0.00318800,73.90000000
2018-02-28 06:36:06,0.00318800,4.97000000
2018-02-28 06:36:07,0.00318200,50.78000000
2018-02-28 06:36:07,0.00318100,74.77000000
2018-02-28 06:36:07,0.00318000,15.72000000
2018-02-28 06:36:11,0.00318800,254.08000000
2018-02-28 06:36:13,0.00318800,23.79000000
2018-02-28 06:36:14,0.00318800,1.29000000
2018-02-28 06:36:14,0.00318800,26.54000000
2018-02-28 06:36:14,0.00318800,133.08000000
2018-02-28 06:36:16,0.00318800,262.65000000
2018-02-28 06:36:17,0.00318800,62.04000000
2018-02-28 06:36:20,0.00318800,51.08000000
2018-02-28 06:36:20,0.00318800,5.44000000
2018-02-28 06:36:21,0.00318200,3.87000000
2018-02-28 06:36:23,0.00318300,0.35000000
2018-02-28 06:36:24,0.00318600,0.24000000
2018-02-28 06:36:27,0.00318700,2.40000000
2018-02-28 06:36:28,0.00318600,1.61000000
2018-02-28 06:36:28,0.00318300,2.38000000
2018-02-28 06:36:28,0.00318300,0.48000000
2018-02-28 06:36:29,0.00318700,4.38000000
2018-02-28 06:36:29,0.00318800,45.62000000
2018-02-28 06:36:30,0.00318800,100.10000000
2018-02-28 06:36:30,0.00318700,0.50000000
2018-02-28 06:36:31,0.00318800,2.51000000
2018-02-28 06:36:32,0.00318800,3.51000000
2018-02-28 06:36:32,0.00318800,22.57000000
2018-02-28 06:36:32,0.00318800,3.14000000
2018-02-28 06:36:33,0.00318800,51.20000000
2018-02-28 06:36:33,0.00318800,1.88000000
2018-02-28 06:36:33,0.00318700,1.68000000
2018-02-28 06:36:33,0.00318300,107.81000000
2018-02-28 06:36:33,0.00318800,173.02000000
2018-02-28 06:36:35,0.00318800,1.57000000
2018-02-28 06:36:35,0.00318800,4.56000000
2018-02-28 06:36:35,0.00318800,48.49000000
2018-02-28 06:36:36,0.00318800,15.68000000
2018-02-28 06:36:38,0.00318800,15.68000000
2018-02-28 06:36:38,0.00318800,19.99000000
2018-02-28 06:36:39,0.00318800,3.05000000
2018-02-28 06:36:41,0.00318800,22.09000000
2018-02-28 06:36:41,0.00318800,35.13000000
2018-02-28 06:36:42,0.00318800,8.00000000
2018-02-28 06:36:42,0.00318800,10.98000000
2018-02-28 06:36:43,0.00318800,36.49000000
2018-02-28 06:36:43,0.00318800,4.56000000
2018-02-28 06:36:43,0.00318800,7.80000000
2018-02-28 06:36:44,0.00318800,23.81000000
2018-02-28 06:36:44,0.00318800,19.96000000
2018-02-28 06:36:45,0.00318800,2.74000000
2018-02-28 06:36:45,0.00318900,2.51000000
2018-02-28 06:36:46,0.00318900,3.26000000
2018-02-28 06:36:47,0.00318900,2.40000000
2018-02-28 06:36:50,0.00318900,54.06000000
2018-02-28 06:36:50,0.00319000,165.97000000
2018-02-28 06:36:50,0.00319000,21.11000000
2018-02-28 06:36:50,0.00319000,254.80000000
2018-02-28 06:36:51,0.00319000,117.17000000
2018-02-28 06:36:52,0.00319000,2.30000000
2018-02-28 06:36:53,0.00319000,4.56000000
2018-02-28 06:36:53,0.00319000,76.25000000
2018-02-28 06:36:53,0.00319000,40.04000000
2018-02-28 06:36:54,0.00319000,12.06000000
2018-02-28 06:36:54,0.00319000,11.68000000
2018-02-28 06:36:54,0.00319000,2.30000000
2018-02-28 06:36:54,0.00319000,12.00000000
2018-02-28 06:36:55,0.00319000,8.33000000
2018-02-28 06:36:55,0.00319000,5.24000000
2018-02-28 06:36:57,0.00319000,4.99000000
2018-02-28 06:36:58,0.00319000,15.48000000
2018-02-28 06:36:58,0.00319000,4.95000000
2018-02-28 06:37:00,0.00319000,3.15000000
2018-02-28 06:37:01,0.00319300,0.45000000
2018-02-28 06:37:01,0.00319400,5.19000000
2018-02-28 06:37:01,0.00319400,2.20000000
2018-02-28 06:37:02,0.00319400,254.68000000
2018-02-28 06:37:03,0.00319400,2.20000000
2018-02-28 06:37:04,0.00319400,33.22000000
2018-02-28 06:37:04,0.00319400,4.92000000
2018-02-28 06:37:05,0.00319400,1.14000000
2018-02-28 06:37:05,0.00319400,8.03000000
2018-02-28 06:37:05,0.00319400,2.30000000
2018-02-28 06:37:05,0.00319400,5.32000000
2018-02-28 06:37:07,0.00319400,1.00000000
2018-02-28 06:37:08,0.00319400,2.30000000
2018-02-28 06:37:08,0.00319400,63.60000000
2018-02-28 06:37:09,0.00319400,6.83000000
2018-02-28 06:37:10,0.00319400,8.30000000
2018-02-28 06:37:11,0.00319400,106.85000000
2018-02-28 06:37:12,0.00319400,127.30000000
2018-02-28 06:37:13,0.00319400,0.75000000
2018-02-28 06:37:13,0.00319400,2.30000000
2018-02-28 06:37:13,0.00319400,1.37000000
2018-02-28 06:37:14,0.00319400,254.84000000
2018-02-28 06:37:14,0.00319300,0.47000000
2018-02-28 06:37:15,0.00319400,0.75000000
2018-02-28 06:37:17,0.00319400,3.45000000
2018-02-28 06:37:17,0.00319400,6.49000000
2018-02-28 06:37:17,0.00319400,2.40000000
2018-02-28 06:37:22,0.00319400,214.43000000
2018-02-28 06:37:23,0.00319400,13.75000000
2018-02-28 06:37:23,0.00319400,3.75000000
2018-02-28 06:37:23,0.00319400,11.67000000
2018-02-28 06:37:23,0.00319400,24.77000000
2018-02-28 06:37:23,0.00319400,0.32000000
2018-02-28 06:37:23,0.00319400,62.48000000
2018-02-28 06:37:24,0.00319400,13.80000000
2018-02-28 06:37:24,0.00319400,219.92000000
2018-02-28 06:37:24,0.00319400,2.30000000
2018-02-28 06:37:24,0.00319300,18.55000000
2018-02-28 06:37:25,0.00319400,3.63000000
2018-02-28 06:37:25,0.00319400,108.48000000
2018-02-28 06:37:25,0.00319400,140.00000000
2018-02-28 06:37:25,0.00319400,1.11000000
2018-02-28 06:37:26,0.00319400,2.20000000
2018-02-28 06:37:27,0.00319400,16.56000000
2018-02-28 06:37:27,0.00319400,23.80000000
2018-02-28 06:37:27,0.00319400,3.13000000
2018-02-28 06:37:28,0.00319400,76.92000000
2018-02-28 06:37:28,0.00319400,9.69000000
2018-02-28 06:37:29,0.00319400,2.40000000
2018-02-28 06:37:29,0.00319400,54.74000000
2018-02-28 06:37:29,0.00319400,6.56000000
2018-02-28 06:37:29,0.00319400,3.13000000
2018-02-28 06:37:30,0.00319400,33.21000000
2018-02-28 06:37:30,0.00319400,50.00000000
2018-02-28 06:37:30,0.00319400,50.00000000
2018-02-28 06:37:31,0.00319400,2.20000000
2018-02-28 06:37:31,0.00319400,75.87000000
2018-02-28 06:37:31,0.00319400,8.00000000
2018-02-28 06:37:32,0.00319400,28.02000000
2018-02-28 06:37:33,0.00319400,162.30000000
2018-02-28 06:37:33,0.00319300,42.39000000
2018-02-28 06:37:33,0.00319400,3.22000000
2018-02-28 06:37:33,0.00319400,2.20000000
2018-02-28 06:37:34,0.00319400,0.96000000
2018-02-28 06:37:34,0.00319300,21.26000000
2018-02-28 06:37:34,0.00319400,81.07000000
2018-02-28 06:37:35,0.00319400,50.25000000
2018-02-28 06:37:36,0.00319400,109.49000000
2018-02-28 06:37:36,0.00319400,2.30000000
2018-02-28 06:37:37,0.00319400,2.03000000
2018-02-28 06:37:37,0.00319400,3.93000000
2018-02-28 06:37:37,0.00319400,2.36000000
2018-02-28 06:37:37,0.00319400,10.00000000
2018-02-28 06:37:37,0.00319400,0.35000000
2018-02-28 06:37:38,0.00319400,8.68000000
2018-02-28 06:37:38,0.00319400,2.30000000
2018-02-28 06:37:39,0.00319400,9.35000000
2018-02-28 06:37:39,0.00319400,12.74000000
2018-02-28 06:37:39,0.00319400,9.35000000
2018-02-28 06:37:39,0.00319400,9.35000000
2018-02-28 06:37:39,0.00319400,9.35000000
2018-02-28 06:37:40,0.00319400,68.79000000
2018-02-28 06:37:40,0.00319400,5.71000000
2018-02-28 06:37:40,0.00319400,1.00000000
2018-02-28 06:37:41,0.00319400,2.40000000
2018-02-28 06:37:41,0.00319400,2.16000000
2018-02-28 06:37:41,0.00319400,6.83000000
2018-02-28 06:37:41,0.00319400,156.51000000
2018-02-28 06:37:42,0.00319400,19.23000000
2018-02-28 06:37:42,0.00319400,10.00000000
2018-02-28 06:37:43,0.00319400,0.78000000
2018-02-28 06:37:43,0.00319400,9.37000000
2018-02-28 06:37:43,0.00319400,1.09000000
2018-02-28 06:37:43,0.00319400,2.30000000
2018-02-28 06:37:44,0.00319400,15.65000000
2018-02-28 06:37:44,0.00319400,1.88000000
2018-02-28 06:37:44,0.00319400,0.73000000
2018-02-28 06:37:44,0.00319400,1.91000000
2018-02-28 06:37:44,0.00319400,100.00000000
2018-02-28 06:37:45,0.00319400,15.46000000
2018-02-28 06:37:45,0.00319400,2.20000000
2018-02-28 06:37:45,0.00319400,2.40000000
2018-02-28 06:37:46,0.00319400,15.65000000
2018-02-28 06:37:46,0.00319400,0.34000000
2018-02-28 06:37:46,0.00319400,163.22000000
2018-02-28 06:37:46,0.00319400,2.32000000
2018-02-28 06:37:46,0.00319400,4.01000000
2018-02-28 06:37:47,0.00319400,10.00000000
2018-02-28 06:37:48,0.00319400,2.30000000
2018-02-28 06:37:48,0.00319400,2.40000000
2018-02-28 06:37:48,0.00319400,39.93000000
2018-02-28 06:37:48,0.00319400,13.22000000
2018-02-28 06:37:49,0.00319400,1.12000000
2018-02-28 06:37:49,0.00319400,0.62000000
2018-02-28 06:37:50,0.00319400,2.30000000
2018-02-28 06:37:50,0.00319400,2.30000000
2018-02-28 06:37:50,0.00319400,0.62000000
2018-02-28 06:37:51,0.00319400,6.62000000
2018-02-28 06:37:52,0.00319400,2.30000000
2018-02-28 06:37:52,0.00319400,54.97000000
2018-02-28 06:37:53,0.00319400,2.50000000
2018-02-28 06:37:53,0.00319400,26.54000000
2018-02-28 06:37:53,0.00319400,0.75000000
2018-02-28 06:37:54,0.00319400,7.00000000
2018-02-28 06:37:54,0.00319400,1.46000000
2018-02-28 06:37:54,0.00319400,59.80000000
2018-02-28 06:37:55,0.00319400,2.30000000
2018-02-28 06:37:55,0.00319400,2.40000000
2018-02-28 06:37:55,0.00319400,64.99000000
2018-02-28 06:37:56,0.00319300,7.03000000
2018-02-28 06:37:56,0.00319400,82.70000000
2018-02-28 06:37:57,0.00319400,2.20000000
2018-02-28 06:37:57,0.00319400,10.18000000
2018-02-28 06:37:58,0.00319400,34.59000000
2018-02-28 06:37:59,0.00319300,1.67000000
2018-02-28 06:37:59,0.00319400,121.62000000
2018-02-28 06:37:59,0.00319400,2.30000000
2018-02-28 06:37:59,0.00319400,57.35000000
2018-02-28 06:38:00,0.00319400,2.17000000
2018-02-28 06:38:01,0.00319400,2.30000000
2018-02-28 06:38:02,0.00319400,25.33000000
2018-02-28 06:38:02,0.00319400,2.40000000
2018-02-28 06:38:02,0.00319400,18.95000000
2018-02-28 06:38:02,0.00319400,8.10000000
2018-02-28 06:38:02,0.00319400,15.65000000
2018-02-28 06:38:02,0.00319400,4.77000000
2018-02-28 06:38:02,0.00319400,50.00000000
2018-02-28 06:38:02,0.00319400,11.20000000
2018-02-28 06:38:03,0.00319400,3.78000000
2018-02-28 06:38:03,0.00319400,169.68000000
2018-02-28 06:38:03,0.00319400,225.88000000
2018-02-28 06:38:04,0.00319400,2.30000000
2018-02-28 06:38:04,0.00319400,2.40000000
2018-02-28 06:38:04,0.00319400,6.77000000
2018-02-28 06:38:04,0.00319400,2.27000000
2018-02-28 06:38:05,0.00319400,8.27000000
2018-02-28 06:38:05,0.00319400,28.02000000
2018-02-28 06:38:06,0.00319400,2.30000000
2018-02-28 06:38:07,0.00319400,1.00000000
2018-02-28 06:38:07,0.00319400,431.34000000
2018-02-28 06:38:07,0.00319400,11.93000000
2018-02-28 06:38:07,0.00319400,51.01000000
2018-02-28 06:38:07,0.00319400,23.85000000
2018-02-28 06:38:08,0.00319400,4.55000000
2018-02-28 06:38:08,0.00319400,23.85000000
2018-02-28 06:38:08,0.00319400,3.42000000
2018-02-28 06:38:08,0.00319400,2.20000000
2018-02-28 06:38:08,0.00319400,102.67000000
2018-02-28 06:38:09,0.00319500,2.40000000
2018-02-28 06:38:09,0.00319500,2.95000000
2018-02-28 06:38:10,0.00319500,26.71000000
2018-02-28 06:38:11,0.00319500,54.65000000
2018-02-28 06:38:11,0.00319500,2.40000000
2018-02-28 06:38:12,0.00319500,107.16000000
2018-02-28 06:38:13,0.00319500,24.21000000
2018-02-28 06:38:14,0.00319500,50.57000000
2018-02-28 06:38:15,0.00319500,8.01000000
2018-02-28 06:38:16,0.00319500,2.30000000
2018-02-28 06:38:16,0.00319500,196.99000000
2018-02-28 06:38:17,0.00319500,7.39000000
2018-02-28 06:38:17,0.00319500,50.57000000
2018-02-28 06:38:17,0.00319500,56.01000000
2018-02-28 06:38:18,0.00319500,2.30000000
2018-02-28 06:38:18,0.00319500,27.39000000
2018-02-28 06:38:20,0.00319500,2.20000000
2018-02-28 06:38:20,0.00319500,14.47000000
2018-02-28 06:38:22,0.00319500,0.75000000
2018-02-28 06:38:22,0.00319500,2.40000000
2018-02-28 06:38:23,0.00319400,19.68000000
2018-02-28 06:38:24,0.00319500,7.05000000
2018-02-28 06:38:24,0.00319500,2.40000000
2018-02-28 06:38:26,0.00319500,2.04000000
2018-02-28 06:38:27,0.00319500,2.20000000
2018-02-28 06:38:27,0.00319500,1.00000000
2018-02-28 06:38:28,0.00319500,55.12000000
2018-02-28 06:38:29,0.00319500,0.75000000
2018-02-28 06:38:29,0.00319500,31.53000000
2018-02-28 06:38:29,0.00319500,2.20000000
2018-02-28 06:38:30,0.00319500,50.57000000
2018-02-28 06:38:31,0.00319500,3.12000000
2018-02-28 06:38:32,0.00319400,14.00000000
2018-02-28 06:38:32,0.00319500,0.44000000
2018-02-28 06:38:32,0.00319500,2.25000000
2018-02-28 06:38:32,0.00319500,0.86000000
2018-02-28 06:38:33,0.00319500,3.63000000
2018-02-28 06:38:33,0.00319500,1.34000000
2018-02-28 06:38:34,0.00319500,8.42000000
2018-02-28 06:38:34,0.00319500,30.00000000
2018-02-28 06:38:34,0.00319500,2.20000000
2018-02-28 06:38:35,0.00319500,1.25000000
2018-02-28 06:38:35,0.00319500,0.34000000
2018-02-28 06:38:36,0.00319500,2.36000000
2018-02-28 06:38:36,0.00319500,10.00000000
2018-02-28 06:38:36,0.00319500,17.32000000
2018-02-28 06:38:36,0.00319500,2.36000000
2018-02-28 06:38:36,0.00319500,24.20000000
2018-02-28 06:38:37,0.00319500,15.64000000
2018-02-28 06:38:37,0.00319500,2.30000000
2018-02-28 06:38:37,0.00319500,0.97000000
2018-02-28 06:38:38,0.00319500,2.71000000
2018-02-28 06:38:39,0.00319500,1.06000000
2018-02-28 06:38:39,0.00319600,2.50000000
2018-02-28 06:38:39,0.00319600,2.40000000
2018-02-28 06:38:40,0.00319600,7.39000000
2018-02-28 06:38:41,0.00319600,7.39000000
2018-02-28 06:38:42,0.00319600,2.40000000
2018-02-28 06:38:42,0.00319600,0.84000000
2018-02-28 06:38:42,0.00319600,203.22000000
2018-02-28 06:38:42,0.00319600,5.02000000
2018-02-28 06:38:42,0.00319600,26.68000000
2018-02-28 06:38:43,0.00319600,2.24000000
2018-02-28 06:38:43,0.00319500,67.86000000
2018-02-28 06:38:43,0.00319500,10.56000000
2018-02-28 06:38:43,0.00319500,4.12000000
2018-02-28 06:38:44,0.00319500,2.20000000
2018-02-28 06:38:45,0.00319500,50.57000000
2018-02-28 06:38:45,0.00319500,6.95000000
2018-02-28 06:38:46,0.00319600,2.30000000
2018-02-28 06:38:46,0.00319600,15.64000000
2018-02-28 06:38:47,0.00319600,0.75000000
2018-02-28 06:38:47,0.00319600,50.56000000
2018-02-28 06:38:49,0.00319600,2.40000000
2018-02-28 06:38:50,0.00319600,2.44000000
2018-02-28 06:38:50,0.00319600,15.64000000
2018-02-28 06:38:51,0.00319600,2.00000000
2018-02-28 06:38:51,0.00319600,2.20000000
2018-02-28 06:38:51,0.00319600,1.66000000
2018-02-28 06:38:52,0.00319600,0.75000000
2018-02-28 06:38:53,0.00319600,15.64000000
2018-02-28 06:38:53,0.00319600,2.30000000
2018-02-28 06:38:54,0.00319600,4.71000000
2018-02-28 06:38:54,0.00319600,99.05000000
2018-02-28 06:38:54,0.00319600,0.75000000
2018-02-28 06:38:54,0.00319600,3.42000000
2018-02-28 06:38:56,0.00319600,3.33000000
2018-02-28 06:38:56,0.00319600,2.40000000
2018-02-28 06:38:56,0.00319600,12.60000000
2018-02-28 06:38:56,0.00319600,15.64000000
2018-02-28 06:38:57,0.00319500,10.49000000
2018-02-28 06:38:58,0.00319600,261.49000000
2018-02-28 06:38:58,0.00319600,2.40000000
2018-02-28 06:39:00,0.00319600,15.64000000
2018-02-28 06:39:01,0.00319600,2.30000000
2018-02-28 06:39:01,0.00319600,162.95000000
2018-02-28 06:39:01,0.00319700,2.04000000
2018-02-28 06:39:01,0.00320000,278.02000000
2018-02-28 06:39:05,0.00320200,0.70000000
2018-02-28 06:39:06,0.00320200,0.90000000
2018-02-28 06:39:08,0.00320200,0.34000000
2018-02-28 06:39:09,0.00320200,15.62000000
2018-02-28 06:39:09,0.00320200,4.88000000
2018-02-28 06:39:09,0.00320200,15.62000000
2018-02-28 06:39:10,0.00320200,10.00000000
2018-02-28 06:39:11,0.00320200,2.70000000
2018-02-28 06:39:11,0.00320200,15.62000000
2018-02-28 06:39:13,0.00320200,5.00000000
2018-02-28 06:39:13,0.00320000,3.25000000
2018-02-28 06:39:13,0.00320200,3.12000000
2018-02-28 06:39:13,0.00320200,118.63000000
2018-02-28 06:39:14,0.00320200,106.10000000
2018-02-28 06:39:15,0.00320200,12.95000000
2018-02-28 06:39:15,0.00320200,6.93000000
2018-02-28 06:39:16,0.00320200,3.52000000
2018-02-28 06:39:18,0.00320300,0.60000000
2018-02-28 06:39:18,0.00320400,311.87000000
2018-02-28 06:39:18,0.00320500,1.23000000
2018-02-28 06:39:18,0.00320700,29.10000000
2018-02-28 06:39:18,0.00320900,754.11000000
2018-02-28 06:39:18,0.00321000,398.86000000
2018-02-28 06:39:18,0.00321000,0.52000000
2018-02-28 06:39:18,0.00321000,4.50000000
2018-02-28 06:39:18,0.00321000,0.71000000
2018-02-28 06:39:18,0.00321000,3.11000000
2018-02-28 06:39:18,0.00321000,5.53000000
2018-02-28 06:39:18,0.00321000,1.10000000
2018-02-28 06:39:18,0.00321000,133.33000000
2018-02-28 06:39:18,0.00321000,3.11000000
2018-02-28 06:39:18,0.00321000,2.70000000
2018-02-28 06:39:18,0.00321000,20.86000000
2018-02-28 06:39:18,0.00321000,3.11000000
2018-02-28 06:39:18,0.00321000,3.35000000
2018-02-28 06:39:18,0.00321000,1.74000000
2018-02-28 06:39:18,0.00321000,3.11000000
2018-02-28 06:39:18,0.00321000,0.50000000
2018-02-28 06:39:18,0.00321000,8.42000000
2018-02-28 06:39:18,0.00321000,3.11000000
2018-02-28 06:39:18,0.00321000,5.39000000
2018-02-28 06:39:18,0.00321000,4.76000000
2018-02-28 06:39:19,0.00321000,0.35000000
2018-02-28 06:39:19,0.00321000,11.91000000
2018-02-28 06:39:19,0.00321000,279.40000000
2018-02-28 06:39:19,0.00321000,2.50000000
2018-02-28 06:39:19,0.00321000,10.44000000
2018-02-28 06:39:20,0.00321000,3.41000000
2018-02-28 06:39:20,0.00321100,93.78000000
2018-02-28 06:39:20,0.00321000,0.32000000
2018-02-28 06:39:20,0.00321000,0.34000000
2018-02-28 06:39:21,0.00321000,0.35000000
2018-02-28 06:39:23,0.00321000,5.00000000
2018-02-28 06:39:23,0.00321100,1.16000000
2018-02-28 06:39:24,0.00321100,6.22000000
2018-02-28 06:39:24,0.00321000,8.42000000
2018-02-28 06:39:24,0.00321000,3.11000000
2018-02-28 06:39:24,0.00321000,3.11000000
2018-02-28 06:39:25,0.00321000,13.13000000
2018-02-28 06:39:25,0.00321000,3.11000000
2018-02-28 06:39:25,0.00321000,20.12000000
2018-02-28 06:39:26,0.00321000,0.90000000
2018-02-28 06:39:26,0.00321000,0.98000000
2018-02-28 06:39:27,0.00321100,17.18000000
2018-02-28 06:39:29,0.00321100,20.00000000
2018-02-28 06:39:30,0.00321100,119.80000000
2018-02-28 06:39:30,0.00321000,1.38000000
2018-02-28 06:39:31,0.00321100,3.60000000
2018-02-28 06:39:31,0.00321200,1.56000000
2018-02-28 06:39:31,0.00321400,0.31000000
2018-02-28 06:39:31,0.00321800,1.80000000
2018-02-28 06:39:31,0.00322200,0.97000000
2018-02-28 06:39:32,0.00321100,5.00000000
2018-02-28 06:39:33,0.00322100,1.00000000
2018-02-28 06:39:33,0.00321200,5.00000000
2018-02-28 06:39:33,0.00322100,1.34000000
2018-02-28 06:39:33,0.00321300,0.45000000
2018-02-28 06:39:34,0.00321300,3.10000000
2018-02-28 06:39:34,0.00321300,2.50000000
2018-02-28 06:39:34,0.00321300,3.28000000
2018-02-28 06:39:34,0.00321100,3.10000000
2018-02-28 06:39:34,0.00321200,2.80000000
2018-02-28 06:39:35,0.00321200,6.24000000
2018-02-28 06:39:36,0.00321200,0.32000000
2018-02-28 06:39:37,0.00321500,17.22000000
2018-02-28 06:39:37,0.00321700,3.11000000
2018-02-28 06:39:37,0.00321500,31.10000000
2018-02-28 06:39:37,0.00321500,3.33000000
2018-02-28 06:39:37,0.00321700,0.51000000
2018-02-28 06:39:38,0.00321500,0.01000000
2018-02-28 06:39:38,0.00321200,0.31000000
2018-02-28 06:39:41,0.00321200,8.96000000
2018-02-28 06:39:41,0.00321500,11.05000000
2018-02-28 06:39:41,0.00321600,7.30000000
2018-02-28 06:39:41,0.00321600,0.64000000
2018-02-28 06:39:42,0.00321300,6.24000000
2018-02-28 06:39:43,0.00321300,4.87000000
2018-02-28 06:39:44,0.00321300,0.02000000
2018-02-28 06:39:44,0.00321200,0.41000000
2018-02-28 06:39:45,0.00321600,22.79000000
2018-02-28 06:39:48,0.00321600,19.51000000
2018-02-28 06:39:49,0.00321600,3.33000000
2018-02-28 06:39:49,0.00321600,20.00000000
2018-02-28 06:39:49,0.00321600,4.41000000
2018-02-28 06:39:49,0.00321200,2.64000000
2018-02-28 06:39:49,0.00321100,6.25000000
2018-02-28 06:39:49,0.00321200,14.19000000
2018-02-28 06:39:50,0.00321100,14.19000000
2018-02-28 06:39:51,0.00321200,13.77000000
2018-02-28 06:39:52,0.00321800,22.86000000
2018-02-28 06:39:52,0.00322100,10.31000000
2018-02-28 06:39:55,0.00322200,8.24000000
2018-02-28 06:39:56,0.00322200,2.71000000
2018-02-28 06:39:57,0.00321500,7.14000000
2018-02-28 06:39:57,0.00321600,1.00000000
2018-02-28 06:40:00,0.00321900,1.00000000
2018-02-28 06:40:00,0.00322000,3.10000000
2018-02-28 06:40:01,0.00322000,3.10000000
2018-02-28 06:40:01,0.00322000,27.17000000
2018-02-28 06:40:01,0.00322000,37.20000000
2018-02-28 06:40:01,0.00321300,25.51000000
2018-02-28 06:40:01,0.00321200,4.76000000
2018-02-28 06:40:01,0.00321200,1.97000000
2018-02-28 06:40:01,0.00321200,7.41000000
2018-02-28 06:40:01,0.00322000,0.77000000
2018-02-28 06:40:01,0.00322100,7.14000000
2018-02-28 06:40:01,0.00322200,0.69000000
2018-02-28 06:40:01,0.00322400,9.58000000
2018-02-28 06:40:01,0.00322500,9.82000000
2018-02-28 06:40:02,0.00322200,11.54000000
2018-02-28 06:40:02,0.00322200,1.19000000
2018-02-28 06:40:02,0.00322200,1.00000000
2018-02-28 06:40:02,0.00322200,1.16000000
2018-02-28 06:40:02,0.00322200,3.01000000
2018-02-28 06:40:02,0.00322200,20.06000000
2018-02-28 06:40:03,0.00321300,15.56000000
2018-02-28 06:40:03,0.00321200,1.26000000
2018-02-28 06:40:04,0.00321800,0.67000000
2018-02-28 06:40:04,0.00321800,21.87000000
2018-02-28 06:40:05,0.00321200,32.68000000
2018-02-28 06:40:06,0.00321200,24.12000000
2018-02-28 06:40:06,0.00321200,1.19000000
2018-02-28 06:40:07,0.00321600,0.68000000
2018-02-28 06:40:07,0.00321600,1.55000000
2018-02-28 06:40:07,0.00321600,1.08000000
2018-02-28 06:40:07,0.00321600,0.62000000
2018-02-28 06:40:07,0.00321600,0.62000000
2018-02-28 06:40:07,0.00321600,0.62000000
2018-02-28 06:40:07,0.00321500,6.23000000
2018-02-28 06:40:07,0.00321600,2.97000000
2018-02-28 06:40:07,0.00321600,0.62000000
2018-02-28 06:40:07,0.00321600,1.55000000
2018-02-28 06:40:07,0.00321600,0.98000000
2018-02-28 06:40:07,0.00321600,0.77000000
2018-02-28 06:40:08,0.00321600,0.24000000
2018-02-28 06:40:08,0.00322100,1.31000000
2018-02-28 06:40:08,0.00321700,3.00000000
2018-02-28 06:40:09,0.00321700,2.58000000
2018-02-28 06:40:09,0.00321300,0.83000000
2018-02-28 06:40:10,0.00321400,9.33000000
2018-02-28 06:40:10,0.00321300,23.12000000
2018-02-28 06:40:11,0.00321300,0.89000000
2018-02-28 06:40:11,0.00321200,49.43000000
2018-02-28 06:40:11,0.00321700,1.24000000
2018-02-28 06:40:14,0.00321200,18.00000000
2018-02-28 06:40:16,0.00321300,14.19000000
2018-02-28 06:40:16,0.00321300,31.19000000
2018-02-28 06:40:16,0.00321300,6.04000000
2018-02-28 06:40:17,0.00321200,9.97000000
2018-02-28 06:40:22,0.00321200,18.73000000
2018-02-28 06:40:23,0.00321200,93.78000000
2018-02-28 06:40:23,0.00321300,4.00000000
2018-02-28 06:40:23,0.00321300,1.00000000
2018-02-28 06:40:24,0.00321300,0.93000000
2018-02-28 06:40:27,0.00321300,2.40000000
2018-02-28 06:40:28,0.00321300,2.79000000
2018-02-28 06:40:28,0.00321400,8.00000000
2018-02-28 06:40:32,0.00321400,42.27000000
2018-02-28 06:40:32,0.00321500,4.68000000
2018-02-28 06:40:36,0.00321400,17.18000000
2018-02-28 06:40:48,0.00321500,18.73000000
2018-02-28 06:40:48,0.00321400,43.49000000
2018-02-28 06:40:48,0.00321700,208.05000000
2018-02-28 06:40:48,0.00321800,13.79000000
2018-02-28 06:40:48,0.00322000,0.89000000
2018-02-28 06:40:48,0.00322100,1.79000000
2018-02-28 06:40:48,0.00322500,190.80000000
2018-02-28 06:40:48,0.00322800,344.00000000
2018-02-28 06:40:48,0.00322900,92.19000000
2018-02-28 06:40:48,0.00323000,0.89000000
2018-02-28 06:40:48,0.00323100,9.23000000
2018-02-28 06:40:48,0.00323200,129.14000000
2018-02-28 06:40:48,0.00323400,613.45000000
2018-02-28 06:40:48,0.00323400,3.17000000
2018-02-28 06:40:48,0.00323400,165.00000000
2018-02-28 06:40:48,0.00323400,3.17000000
2018-02-28 06:40:48,0.00323400,1.66000000
2018-02-28 06:40:48,0.00323400,3.17000000
2018-02-28 06:40:49,0.00323400,93.44000000
2018-02-28 06:40:49,0.00323400,1.89000000
2018-02-28 06:40:49,0.00323400,108.76000000
2018-02-28 06:40:49,0.00323400,1.89000000
2018-02-28 06:40:49,0.00323400,137.12000000
2018-02-28 06:40:49,0.00323400,2.76000000
2018-02-28 06:40:49,0.00323400,1.89000000
2018-02-28 06:40:49,0.00323400,2.00000000
2018-02-28 06:40:49,0.00323400,15.64000000
2018-02-28 06:40:49,0.00323400,5.97000000
2018-02-28 06:40:49,0.00323400,15.57000000
2018-02-28 06:40:49,0.00323400,6.18000000
2018-02-28 06:40:49,0.00323400,22.41000000
2018-02-28 06:40:50,0.00323400,15.80000000
2018-02-28 06:40:50,0.00323400,12.36000000
2018-02-28 06:40:50,0.00323400,15.55000000
2018-02-28 06:40:50,0.00323400,3.17000000
2018-02-28 06:40:50,0.00323400,29.97000000
2018-02-28 06:40:50,0.00323400,3.17000000
2018-02-28 06:40:50,0.00323400,16.00000000
2018-02-28 06:40:50,0.00323400,30.00000000
2018-02-28 06:40:51,0.00323400,26.66000000
2018-02-28 06:40:51,0.00323400,15.64000000
2018-02-28 06:40:51,0.00323400,0.34000000
2018-02-28 06:40:51,0.00323400,4.33000000
2018-02-28 06:40:51,0.00323400,5.00000000
2018-02-28 06:40:52,0.00323400,0.35000000
2018-02-28 06:40:52,0.00323400,8.99000000
2018-02-28 06:40:52,0.00323400,15.64000000
2018-02-28 06:40:52,0.00323400,2.04000000
2018-02-28 06:40:52,0.00323400,5.00000000
2018-02-28 06:40:53,0.00323400,20.21000000
2018-02-28 06:40:53,0.00323400,378.00000000
2018-02-28 06:40:53,0.00323400,29.60000000
2018-02-28 06:40:53,0.00323400,77.48000000
2018-02-28 06:40:53,0.00323400,4.41000000
2018-02-28 06:40:53,0.00323400,15.64000000
2018-02-28 06:40:53,0.00323400,15.54000000
2018-02-28 06:40:54,0.00323500,0.80000000
2018-02-28 06:40:54,0.00323400,2.30000000
2018-02-28 06:40:54,0.00323400,16.39000000
2018-02-28 06:40:54,0.00323400,19.92000000
2018-02-28 06:40:55,0.00323400,344.00000000
2018-02-28 06:40:55,0.00323400,15.64000000
2018-02-28 06:40:55,0.00323400,24.75000000
2018-02-28 06:40:55,0.00323400,20.00000000
2018-02-28 06:40:56,0.00323400,0.74000000
2018-02-28 06:40:56,0.00323500,0.36000000
2018-02-28 06:40:56,0.00323700,0.64000000
2018-02-28 06:40:56,0.00323400,18.60000000
2018-02-28 06:40:56,0.00323400,3.00000000
2018-02-28 06:40:56,0.00323400,11.54000000
2018-02-28 06:40:57,0.00323400,41.19000000
2018-02-28 06:40:57,0.00323400,154.60000000
2018-02-28 06:40:57,0.00323400,152.31000000
2018-02-28 06:40:57,0.00323400,2.97000000
2018-02-28 06:40:57,0.00323400,0.62000000
2018-02-28 06:40:57,0.00323400,20.00000000
2018-02-28 06:40:57,0.00323400,3.28000000
2018-02-28 06:40:57,0.00323400,15.54000000
2018-02-28 06:40:57,0.00323400,9.69000000
2018-02-28 06:40:57,0.00323400,77.47000000
2018-02-28 06:40:58,0.00323400,1.95000000
2018-02-28 06:40:58,0.00323400,0.62000000
2018-02-28 06:40:58,0.00323400,3.00000000
2018-02-28 06:40:59,0.00323400,20.00000000
2018-02-28 06:40:59,0.00323700,17.06000000
2018-02-28 06:40:59,0.00323400,3.04000000
2018-02-28 06:40:59,0.00323400,8.37000000
2018-02-28 06:40:59,0.00323400,381.64000000
2018-02-28 06:41:00,0.00323700,0.46000000
2018-02-28 06:41:00,0.00323400,3.04000000
2018-02-28 06:41:00,0.00323700,0.37000000
2018-02-28 06:41:00,0.00323400,99.93000000
2018-02-28 06:41:01,0.00323400,3.00000000
2018-02-28 06:41:01,0.00323400,49.96000000
2018-02-28 06:41:01,0.00323400,4.10000000
2018-02-28 06:41:02,0.00323400,55.10000000
2018-02-28 06:41:02,0.00323400,30.00000000
2018-02-28 06:41:03,0.00323400,3.37000000
2018-02-28 06:41:03,0.00323400,3.58000000
2018-02-28 06:41:03,0.00323400,235.16000000
2018-02-28 06:41:03,0.00323700,65.00000000
2018-02-28 06:41:04,0.00323700,4.96000000
2018-02-28 06:41:04,0.00323500,6.73000000
2018-02-28 06:41:05,0.00323500,15.56000000
2018-02-28 06:41:05,0.00323500,17.48000000
2018-02-28 06:41:05,0.00323400,3.00000000
2018-02-28 06:41:08,0.00323400,245.09000000
2018-02-28 06:41:08,0.00323400,12.36000000
2018-02-28 06:41:09,0.00323400,61.06000000
2018-02-28 06:41:09,0.00323400,103.55000000
2018-02-28 06:41:10,0.00323400,0.78000000
2018-02-28 06:41:10,0.00323400,3.00000000
2018-02-28 06:41:11,0.00323400,19.95000000
2018-02-28 06:41:11,0.00323400,29.88000000
2018-02-28 06:41:11,0.00323400,0.47000000
2018-02-28 06:41:11,0.00323400,8.54000000
2018-02-28 06:41:11,0.00323400,4.86000000
2018-02-28 06:41:12,0.00323400,170.79000000
2018-02-28 06:41:12,0.00323400,2.47000000
2018-02-28 06:41:12,0.00323400,1.27000000
2018-02-28 06:41:13,0.00323500,3.79000000
2018-02-28 06:41:13,0.00323600,27.32000000
2018-02-28 06:41:16,0.00323500,4.96000000
2018-02-28 06:41:17,0.00323500,5.19000000
2018-02-28 06:41:19,0.00323600,0.62000000
2018-02-28 06:41:19,0.00323900,0.65000000
2018-02-28 06:41:27,0.00323600,0.25000000
2018-02-28 06:41:27,0.00323600,11.37000000
2018-02-28 06:41:27,0.00323500,0.59000000
2018-02-28 06:41:27,0.00323700,6.00000000
2018-02-28 06:41:28,0.00323700,6.88000000
2018-02-28 06:41:28,0.00323700,23.76000000
2018-02-28 06:41:28,0.00323700,18.53000000
2018-02-28 06:41:29,0.00323700,9.82000000
2018-02-28 06:41:32,0.00323800,32.22000000
2018-02-28 06:41:32,0.00323900,9.92000000
2018-02-28 06:41:33,0.00323900,2.22000000
2018-02-28 06:41:38,0.00323700,0.01000000
2018-02-28 06:41:39,0.00323600,0.61000000
2018-02-28 06:41:39,0.00323900,37.14000000
2018-02-28 06:41:39,0.00324000,2.50000000
2018-02-28 06:41:39,0.00324300,150.00000000
2018-02-28 06:41:39,0.00324500,1.14000000
2018-02-28 06:41:39,0.00324600,20.00000000
