DATE,PRICE,VOLUME
2018-02-27 12:00:09,0.00336700,5.23000000
2018-02-27 12:00:15,0.00336800,1.19000000
2018-02-27 12:00:16,0.00336800,23.10000000
2018-02-27 12:00:16,0.00336900,0.74000000
2018-02-27 12:00:16,0.00337000,16.95000000
2018-02-27 12:00:16,0.00337100,1.27000000
2018-02-27 12:00:16,0.00337400,11.21000000
2018-02-27 12:00:16,0.00337500,11.13000000
2018-02-27 12:00:18,0.00337500,21.37000000
2018-02-27 12:00:22,0.00337500,1.19000000
2018-02-27 12:00:33,0.00337500,48.02000000
2018-02-27 12:00:34,0.00337500,2.37000000
2018-02-27 12:00:45,0.00337500,42.45000000
2018-02-27 12:00:52,0.00337000,25.05000000
2018-02-27 12:00:52,0.00336900,13.52000000
2018-02-27 12:00:54,0.00337400,0.76000000
2018-02-27 12:01:01,0.00337400,0.74000000
2018-02-27 12:01:01,0.00337400,5.31000000
2018-02-27 12:01:04,0.00337400,0.59000000
2018-02-27 12:01:05,0.00337000,18.67000000
2018-02-27 12:01:05,0.00336900,7.21000000
2018-02-27 12:01:05,0.00336800,8.90000000
2018-02-27 12:01:05,0.00336600,6.18000000
2018-02-27 12:01:05,0.00336300,3.55000000
2018-02-27 12:01:07,0.00337200,0.96000000
2018-02-27 12:01:09,0.00336200,0.74000000
2018-02-27 12:01:09,0.00337000,11.97000000
2018-02-27 12:01:10,0.00337000,0.74000000
2018-02-27 12:01:10,0.00337100,8.90000000
2018-02-27 12:01:10,0.00337200,5.58000000
2018-02-27 12:01:19,0.00337000,0.80000000
2018-02-27 12:01:19,0.00337100,4.98000000
2018-02-27 12:01:19,0.00337200,11.11000000
2018-02-27 12:01:19,0.00337400,4.31000000
2018-02-27 12:01:24,0.00337000,29.10000000
2018-02-27 12:01:24,0.00337400,116.63000000
2018-02-27 12:01:29,0.00337000,13.56000000
2018-02-27 12:01:29,0.00336500,13.14000000
2018-02-27 12:01:39,0.00336500,1.37000000
2018-02-27 12:01:50,0.00336500,6.73000000
2018-02-27 12:01:50,0.00337200,6.52000000
2018-02-27 12:01:50,0.00337300,8.24000000
2018-02-27 12:01:52,0.00337300,7.11000000
2018-02-27 12:01:54,0.00336500,23.57000000
2018-02-27 12:01:54,0.00336400,24.95000000
2018-02-27 12:01:54,0.00336300,257.48000000
2018-02-27 12:01:54,0.00336400,2.50000000
2018-02-27 12:01:55,0.00337200,5.28000000
2018-02-27 12:01:55,0.00336400,2.30000000
2018-02-27 12:02:04,0.00336400,3.02000000
2018-02-27 12:02:17,0.00336900,24.95000000
2018-02-27 12:02:17,0.00337000,13.04000000
2018-02-27 12:02:17,0.00337300,29.19000000
2018-02-27 12:02:20,0.00336600,1.06000000
2018-02-27 12:02:27,0.00336600,0.97000000
2018-02-27 12:02:32,0.00336600,1.13000000
2018-02-27 12:02:38,0.00336600,1.04000000
2018-02-27 12:02:43,0.00336600,0.80000000
2018-02-27 12:03:01,0.00336600,11.21000000
2018-02-27 12:03:08,0.00336500,13.48000000
2018-02-27 12:03:21,0.00336500,1.97000000
2018-02-27 12:03:21,0.00336600,2.10000000
2018-02-27 12:03:24,0.00336600,1.77000000
2018-02-27 12:03:33,0.00336400,24.25000000
2018-02-27 12:03:33,0.00336200,126.87000000
2018-02-27 12:03:36,0.00336500,0.45000000
2018-02-27 12:03:37,0.00336100,28.91000000
2018-02-27 12:03:37,0.00336000,101.09000000
2018-02-27 12:03:55,0.00336100,18.92000000
2018-02-27 12:03:55,0.00336500,13.59000000
2018-02-27 12:03:59,0.00336100,1.11000000
2018-02-27 12:04:05,0.00336100,0.99000000
2018-02-27 12:04:18,0.00336100,99.90000000
2018-02-27 12:04:21,0.00336500,17.80000000
2018-02-27 12:04:22,0.00336500,1.43000000
2018-02-27 12:04:31,0.00336500,2.97000000
2018-02-27 12:04:32,0.00336100,22.60000000
2018-02-27 12:04:52,0.00336100,2.00000000
2018-02-27 12:04:52,0.00336100,1.66000000
2018-02-27 12:04:56,0.00336100,1.00000000
2018-02-27 12:04:56,0.00336500,28.81000000
2018-02-27 12:04:57,0.00336500,1.85000000
2018-02-27 12:05:00,0.00336500,14.92000000
2018-02-27 12:05:01,0.00336500,14.92000000
2018-02-27 12:05:02,0.00336500,14.92000000
2018-02-27 12:05:03,0.00336500,14.92000000
2018-02-27 12:05:03,0.00336500,1.69000000
2018-02-27 12:05:03,0.00336500,10.00000000
2018-02-27 12:05:05,0.00336600,0.68000000
2018-02-27 12:05:07,0.00336600,49.32000000
2018-02-27 12:05:07,0.00336500,41.32000000
2018-02-27 12:05:07,0.00336500,86.15000000
2018-02-27 12:05:07,0.00336500,2.92000000
2018-02-27 12:05:22,0.00336600,3.18000000
2018-02-27 12:05:27,0.00336700,2.17000000
2018-02-27 12:05:31,0.00336600,29.98000000
2018-02-27 12:05:33,0.00336600,0.35000000
2018-02-27 12:05:40,0.00336700,9.22000000
2018-02-27 12:05:41,0.00336700,29.50000000
2018-02-27 12:05:44,0.00336700,14.52000000
2018-02-27 12:05:44,0.00336600,23.36000000
2018-02-27 12:05:44,0.00336500,6.14000000
2018-02-27 12:05:44,0.00336200,28.97000000
2018-02-27 12:05:44,0.00336100,42.68000000
2018-02-27 12:05:44,0.00336000,52.28000000
2018-02-27 12:05:45,0.00336200,3.49000000
2018-02-27 12:05:53,0.00336100,29.67000000
2018-02-27 12:05:53,0.00336000,0.33000000
2018-02-27 12:06:01,0.00336000,221.15000000
2018-02-27 12:06:06,0.00336700,1.03000000
2018-02-27 12:06:08,0.00336100,7.24000000
2018-02-27 12:06:08,0.00336100,0.32000000
2018-02-27 12:06:08,0.00336000,72.68000000
2018-02-27 12:06:09,0.00336200,1.70000000
2018-02-27 12:06:09,0.00336200,7.26000000
2018-02-27 12:06:09,0.00336200,2.12000000
2018-02-27 12:06:11,0.00336200,1.19000000
2018-02-27 12:06:12,0.00336200,4.00000000
2018-02-27 12:06:12,0.00336200,1.37000000
2018-02-27 12:06:17,0.00336200,22.61000000
2018-02-27 12:06:19,0.00336200,19.93000000
2018-02-27 12:06:20,0.00336200,15.40000000
2018-02-27 12:06:22,0.00336200,3.58000000
2018-02-27 12:06:24,0.00336000,2.88000000
2018-02-27 12:06:37,0.00335900,0.59000000
2018-02-27 12:06:38,0.00336000,10.38000000
2018-02-27 12:06:41,0.00335900,30.53000000
2018-02-27 12:06:41,0.00335800,50.56000000
2018-02-27 12:06:41,0.00335700,2.65000000
2018-02-27 12:06:41,0.00335600,116.26000000
2018-02-27 12:06:44,0.00336000,240.64000000
2018-02-27 12:06:44,0.00335600,165.15000000
2018-02-27 12:06:45,0.00335900,5.92000000
2018-02-27 12:06:45,0.00335900,17.96000000
2018-02-27 12:06:45,0.00336000,100.01000000
2018-02-27 12:06:49,0.00336000,23.80000000
2018-02-27 12:06:51,0.00336000,2.00000000
2018-02-27 12:06:54,0.00335500,1.00000000
2018-02-27 12:06:54,0.00335400,8.07000000
2018-02-27 12:06:54,0.00335300,856.73000000
2018-02-27 12:06:54,0.00335900,3.54000000
2018-02-27 12:06:55,0.00335900,2.36000000
2018-02-27 12:06:55,0.00336000,4.36000000
2018-02-27 12:06:56,0.00336000,11.90000000
2018-02-27 12:06:57,0.00335900,0.71000000
2018-02-27 12:07:00,0.00335900,0.71000000
2018-02-27 12:07:02,0.00335900,2.97000000
2018-02-27 12:07:03,0.00335900,14.20000000
2018-02-27 12:07:06,0.00335900,29.82000000
2018-02-27 12:07:06,0.00335900,15.81000000
2018-02-27 12:07:07,0.00335900,2.68000000
2018-02-27 12:07:08,0.00335900,29.82000000
2018-02-27 12:07:08,0.00335900,15.01000000
2018-02-27 12:07:12,0.00335700,0.22000000
2018-02-27 12:07:14,0.00335700,0.65000000
2018-02-27 12:07:19,0.00335700,16.35000000
2018-02-27 12:07:22,0.00335600,2.98000000
2018-02-27 12:07:22,0.00335600,7.02000000
2018-02-27 12:07:22,0.00335700,7.87000000
2018-02-27 12:07:23,0.00335700,16.38000000
2018-02-27 12:07:24,0.00335700,7.75000000
2018-02-27 12:07:28,0.00335700,8.93000000
2018-02-27 12:07:30,0.00335400,95.87000000
2018-02-27 12:07:32,0.00335700,59.33000000
2018-02-27 12:07:32,0.00335700,1.43000000
2018-02-27 12:07:32,0.00335700,42.92000000
2018-02-27 12:07:34,0.00335900,7.08000000
2018-02-27 12:07:38,0.00335900,15.15000000
2018-02-27 12:07:40,0.00335900,8.93000000
2018-02-27 12:07:44,0.00335900,11.58000000
2018-02-27 12:07:46,0.00335900,29.77000000
2018-02-27 12:07:48,0.00335900,29.76000000
2018-02-27 12:07:48,0.00335900,2.22000000
2018-02-27 12:07:52,0.00335900,0.01000000
2018-02-27 12:07:53,0.00335900,1.18000000
2018-02-27 12:07:53,0.00335800,16.78000000
2018-02-27 12:07:53,0.00335700,17.17000000
2018-02-27 12:07:56,0.00335900,2.47000000
2018-02-27 12:07:59,0.00335900,1.19000000
2018-02-27 12:07:59,0.00335900,29.77000000
2018-02-27 12:08:00,0.00335900,1.00000000
2018-02-27 12:08:04,0.00335900,1.19000000
2018-02-27 12:08:06,0.00335900,1.19000000
2018-02-27 12:08:08,0.00335900,1.91000000
2018-02-27 12:08:10,0.00335900,1.91000000
2018-02-27 12:08:11,0.00335800,4.22000000
2018-02-27 12:08:16,0.00335700,5.28000000
2018-02-27 12:08:18,0.00335800,0.70000000
2018-02-27 12:08:20,0.00335700,26.13000000
2018-02-27 12:08:22,0.00335600,88.63000000
2018-02-27 12:08:25,0.00335600,0.44000000
2018-02-27 12:08:28,0.00335600,1.44000000
2018-02-27 12:08:30,0.00335600,0.72000000
2018-02-27 12:08:31,0.00335500,298.84000000
2018-02-27 12:08:34,0.00335500,10.07000000
2018-02-27 12:08:38,0.00335400,0.54000000
2018-02-27 12:08:39,0.00335400,74.54000000
2018-02-27 12:08:40,0.00335300,9.07000000
2018-02-27 12:08:41,0.00335300,20.57000000
2018-02-27 12:08:42,0.00335500,74.50000000
2018-02-27 12:08:44,0.00335500,14.90000000
2018-02-27 12:08:47,0.00335300,12.65000000
2018-02-27 12:08:47,0.00335300,2.22000000
2018-02-27 12:08:47,0.00335300,9.04000000
2018-02-27 12:08:47,0.00335300,14.91000000
2018-02-27 12:08:49,0.00335300,22.63000000
2018-02-27 12:08:49,0.00335300,14.91000000
2018-02-27 12:08:50,0.00335300,8.92000000
2018-02-27 12:08:51,0.00335500,2.43000000
2018-02-27 12:08:51,0.00335600,12.47000000
2018-02-27 12:08:53,0.00335600,14.90000000
2018-02-27 12:08:54,0.00335600,2.00000000
2018-02-27 12:08:54,0.00335600,14.90000000
2018-02-27 12:08:56,0.00335600,2.00000000
2018-02-27 12:08:56,0.00335600,14.90000000
2018-02-27 12:08:57,0.00335600,2.74000000
2018-02-27 12:08:58,0.00335700,14.89000000
2018-02-27 12:09:00,0.00335700,1.37000000
2018-02-27 12:09:00,0.00335700,14.89000000
2018-02-27 12:09:02,0.00335700,14.89000000
2018-02-27 12:09:03,0.00335300,17.09000000
2018-02-27 12:09:06,0.00335700,14.89000000
2018-02-27 12:09:07,0.00335700,14.89000000
2018-02-27 12:09:09,0.00335700,14.89000000
2018-02-27 12:09:09,0.00335700,21.39000000
2018-02-27 12:09:12,0.00335700,14.89000000
2018-02-27 12:09:14,0.00335600,3.46000000
2018-02-27 12:09:14,0.00335700,11.43000000
2018-02-27 12:09:16,0.00335700,14.89000000
2018-02-27 12:09:17,0.00335700,1.00000000
2018-02-27 12:09:18,0.00335700,14.89000000
2018-02-27 12:09:19,0.00335700,14.89000000
2018-02-27 12:09:21,0.00335600,7.16000000
2018-02-27 12:09:28,0.00335600,0.24000000
2018-02-27 12:09:32,0.00335600,18.00000000
2018-02-27 12:09:32,0.00335600,9.88000000
2018-02-27 12:09:32,0.00335800,5.02000000
2018-02-27 12:09:34,0.00335800,14.89000000
2018-02-27 12:09:34,0.00335500,2.90000000
2018-02-27 12:09:36,0.00335500,0.27000000
2018-02-27 12:09:36,0.00335300,2.63000000
2018-02-27 12:09:36,0.00335800,14.89000000
2018-02-27 12:09:37,0.00335700,2.88000000
2018-02-27 12:09:37,0.00335800,6.34000000
2018-02-27 12:09:48,0.00335800,0.65000000
2018-02-27 12:09:48,0.00335800,1.00000000
2018-02-27 12:09:54,0.00335800,2.34000000
2018-02-27 12:09:59,0.00335800,32.50000000
2018-02-27 12:10:14,0.00335800,14.89000000
2018-02-27 12:10:15,0.00335800,2.22000000
2018-02-27 12:10:16,0.00335800,14.89000000
2018-02-27 12:10:20,0.00335800,1.00000000
2018-02-27 12:10:21,0.00335800,3.24000000
2018-02-27 12:10:29,0.00335700,0.51000000
2018-02-27 12:10:29,0.00335300,0.99000000
2018-02-27 12:10:34,0.00335300,20.37000000
2018-02-27 12:10:35,0.00335300,66.84000000
2018-02-27 12:10:36,0.00335300,2.41000000
2018-02-27 12:10:36,0.00335300,14.91000000
2018-02-27 12:10:37,0.00335300,14.91000000
2018-02-27 12:10:39,0.00335300,14.91000000
2018-02-27 12:10:41,0.00335300,3.83000000
2018-02-27 12:10:42,0.00335300,8.34000000
2018-02-27 12:10:42,0.00335300,14.91000000
2018-02-27 12:10:43,0.00335300,2.22000000
2018-02-27 12:10:44,0.00335300,11.54000000
2018-02-27 12:10:45,0.00335300,12.17000000
2018-02-27 12:10:45,0.00335800,2.74000000
2018-02-27 12:10:46,0.00335800,1.00000000
2018-02-27 12:10:50,0.00335800,5.48000000
2018-02-27 12:10:57,0.00335800,1.22000000
2018-02-27 12:10:57,0.00335800,0.91000000
2018-02-27 12:11:03,0.00335800,135.55000000
2018-02-27 12:11:07,0.00335300,54.00000000
2018-02-27 12:11:07,0.00335200,112.99000000
2018-02-27 12:11:27,0.00335800,1.00000000
2018-02-27 12:11:28,0.00335400,4.77000000
2018-02-27 12:11:29,0.00335400,0.15000000
2018-02-27 12:11:32,0.00335400,0.64000000
2018-02-27 12:11:38,0.00335400,0.08000000
2018-02-27 12:11:39,0.00335400,61.06000000
2018-02-27 12:11:39,0.00335800,14.91000000
2018-02-27 12:11:43,0.00335100,15.35000000
2018-02-27 12:11:44,0.00335100,8.31000000
2018-02-27 12:11:47,0.00335400,14.90000000
2018-02-27 12:11:47,0.00335400,5.10000000
2018-02-27 12:11:52,0.00335800,14.89000000
2018-02-27 12:11:54,0.00335100,22.76000000
2018-02-27 12:11:54,0.00335000,27.38000000
2018-02-27 12:11:59,0.00335400,4.23000000
2018-02-27 12:12:00,0.00335400,2.98000000
2018-02-27 12:12:02,0.00335400,2.98000000
2018-02-27 12:12:02,0.00335400,1.43000000
2018-02-27 12:12:05,0.00335400,2.21000000
2018-02-27 12:12:05,0.00335800,0.77000000
2018-02-27 12:12:22,0.00335100,10.00000000
2018-02-27 12:12:22,0.00335000,496.51000000
2018-02-27 12:12:22,0.00334900,76.03000000
2018-02-27 12:12:22,0.00334700,18.08000000
2018-02-27 12:12:22,0.00334500,25.93000000
2018-02-27 12:12:22,0.00334400,94.51000000
2018-02-27 12:12:22,0.00334200,279.23000000
2018-02-27 12:12:24,0.00335500,8.95000000
2018-02-27 12:12:24,0.00335600,5.95000000
2018-02-27 12:12:25,0.00335200,2.38000000
2018-02-27 12:12:25,0.00335600,12.52000000
2018-02-27 12:12:26,0.00334600,1.49000000
2018-02-27 12:12:26,0.00334500,8.96000000
2018-02-27 12:12:26,0.00334400,29.73000000
2018-02-27 12:12:26,0.00334400,36.29000000
2018-02-27 12:12:27,0.00335600,14.90000000
2018-02-27 12:12:28,0.00334500,4.25000000
2018-02-27 12:12:29,0.00335500,8.96000000
2018-02-27 12:12:29,0.00335600,5.94000000
2018-02-27 12:12:31,0.00335600,14.90000000
2018-02-27 12:12:33,0.00335600,14.90000000
2018-02-27 12:12:34,0.00335600,14.90000000
2018-02-27 12:12:38,0.00335200,2.39000000
2018-02-27 12:12:38,0.00335600,12.51000000
2018-02-27 12:12:38,0.00335600,41.76000000
2018-02-27 12:12:40,0.00335000,1.00000000
2018-02-27 12:12:40,0.00335600,1.39000000
2018-02-27 12:12:44,0.00335600,14.90000000
2018-02-27 12:12:52,0.00335600,12.18000000
2018-02-27 12:12:52,0.00335700,2.72000000
2018-02-27 12:13:03,0.00335700,76.11000000
2018-02-27 12:13:15,0.00334700,3.00000000
2018-02-27 12:13:19,0.00335700,3.00000000
2018-02-27 12:13:25,0.00335600,2.98000000
2018-02-27 12:13:27,0.00335600,2.98000000
2018-02-27 12:13:31,0.00335600,2.98000000
2018-02-27 12:13:35,0.00335600,2.98000000
2018-02-27 12:13:36,0.00335600,1.89000000
2018-02-27 12:13:36,0.00335800,1.09000000
2018-02-27 12:13:39,0.00335600,0.39000000
2018-02-27 12:13:41,0.00335800,20.76000000
2018-02-27 12:13:57,0.00335800,6.42000000
2018-02-27 12:13:58,0.00335800,3.67000000
2018-02-27 12:13:59,0.00335800,3.67000000
2018-02-27 12:14:00,0.00335800,0.66000000
2018-02-27 12:14:01,0.00335700,6.67000000
2018-02-27 12:14:03,0.00335700,3.33000000
2018-02-27 12:14:07,0.00335600,2.27000000
2018-02-27 12:14:10,0.00335600,1.49000000
2018-02-27 12:14:17,0.00335600,1.85000000
2018-02-27 12:14:17,0.00334900,8.95000000
2018-02-27 12:14:17,0.00334500,89.40000000
2018-02-27 12:14:17,0.00334400,52.43000000
2018-02-27 12:14:17,0.00334100,64.71000000
2018-02-27 12:14:17,0.00335700,10.00000000
2018-02-27 12:14:18,0.00335600,2.98000000
2018-02-27 12:14:21,0.00335600,2.98000000
2018-02-27 12:14:22,0.00335600,2.98000000
2018-02-27 12:14:24,0.00335500,2.85000000
2018-02-27 12:14:24,0.00335600,0.13000000
2018-02-27 12:14:28,0.00335500,2.98000000
2018-02-27 12:14:29,0.00335000,5.26000000
2018-02-27 12:14:30,0.00335000,8.92000000
2018-02-27 12:14:30,0.00335000,8.92000000
2018-02-27 12:14:30,0.00335000,3.74000000
2018-02-27 12:14:30,0.00335400,2.86000000
2018-02-27 12:14:30,0.00335500,7.62000000
2018-02-27 12:14:30,0.00335600,0.70000000
2018-02-27 12:14:31,0.00335600,5.97000000
2018-02-27 12:14:32,0.00335600,2.98000000
2018-02-27 12:14:32,0.00335600,19.98000000
2018-02-27 12:14:37,0.00335400,15.00000000
2018-02-27 12:14:39,0.00335500,1.00000000
2018-02-27 12:14:46,0.00335500,16.04000000
2018-02-27 12:14:47,0.00335500,8.92000000
2018-02-27 12:14:47,0.00335500,0.70000000
2018-02-27 12:14:47,0.00335600,7.42000000
2018-02-27 12:14:48,0.00335600,0.80000000
2018-02-27 12:14:48,0.00335500,8.92000000
2018-02-27 12:14:49,0.00335500,8.92000000
2018-02-27 12:14:52,0.00335500,8.02000000
2018-02-27 12:14:53,0.00335400,7.55000000
2018-02-27 12:14:58,0.00335500,0.60000000
2018-02-27 12:14:58,0.00335600,0.43000000
2018-02-27 12:14:58,0.00335800,4.26000000
2018-02-27 12:14:59,0.00335400,18.12000000
2018-02-27 12:15:02,0.00335400,1.50000000
2018-02-27 12:15:03,0.00335400,1.50000000
2018-02-27 12:15:06,0.00335400,3.70000000
2018-02-27 12:15:08,0.00335400,14.91000000
2018-02-27 12:15:14,0.00335000,12.44000000
2018-02-27 12:15:23,0.00335000,2.86000000
2018-02-27 12:15:25,0.00335000,24.40000000
2018-02-27 12:15:30,0.00335000,139.94000000
2018-02-27 12:15:31,0.00335000,27.48000000
2018-02-27 12:15:34,0.00335000,132.45000000
2018-02-27 12:15:34,0.00335000,2.98000000
2018-02-27 12:15:35,0.00335400,0.30000000
2018-02-27 12:15:38,0.00335000,23.97000000
2018-02-27 12:15:49,0.00335400,79.28000000
2018-02-27 12:15:53,0.00335400,3.91000000
2018-02-27 12:15:56,0.00335400,17.91000000
2018-02-27 12:16:00,0.00335200,1.43000000
2018-02-27 12:16:00,0.00335400,14.79000000
2018-02-27 12:16:03,0.00335400,1.28000000
2018-02-27 12:16:11,0.00335400,48.45000000
2018-02-27 12:16:19,0.00335600,40.00000000
2018-02-27 12:16:19,0.00335600,21.55000000
2018-02-27 12:16:26,0.00335700,3.32000000
2018-02-27 12:16:37,0.00335700,3.23000000
2018-02-27 12:16:38,0.00335700,11.24000000
2018-02-27 12:16:39,0.00335700,70.00000000
2018-02-27 12:16:42,0.00335700,10.91000000
2018-02-27 12:16:43,0.00335700,3.00000000
2018-02-27 12:16:45,0.00335400,0.99000000
2018-02-27 12:16:48,0.00335900,11.90000000
2018-02-27 12:16:54,0.00335900,66.62000000
2018-02-27 12:16:54,0.00336000,4.82000000
2018-02-27 12:16:56,0.00336000,3.32000000
2018-02-27 12:16:58,0.00335700,2.66000000
2018-02-27 12:17:02,0.00335800,0.30000000
2018-02-27 12:17:03,0.00335400,5.04000000
2018-02-27 12:17:11,0.00335400,4.68000000
2018-02-27 12:17:12,0.00335800,0.03000000
2018-02-27 12:17:13,0.00335400,9.00000000
2018-02-27 12:17:15,0.00335400,9.00000000
2018-02-27 12:17:21,0.00335400,3.10000000
2018-02-27 12:17:25,0.00335400,1.71000000
2018-02-27 12:17:28,0.00335800,3.84000000
2018-02-27 12:17:31,0.00335400,28.34000000
2018-02-27 12:17:39,0.00335800,46.83000000
2018-02-27 12:17:42,0.00336000,1.00000000
2018-02-27 12:17:45,0.00336000,40.32000000
2018-02-27 12:17:48,0.00336000,349.07000000
2018-02-27 12:17:55,0.00335900,51.64000000
2018-02-27 12:17:58,0.00335900,11.39000000
2018-02-27 12:18:11,0.00335900,16.41000000
2018-02-27 12:18:11,0.00335900,56.56000000
2018-02-27 12:18:12,0.00335900,1.83000000
2018-02-27 12:18:13,0.00335900,12.52000000
2018-02-27 12:18:20,0.00335900,9.42000000
2018-02-27 12:18:24,0.00335700,5.95000000
2018-02-27 12:18:34,0.00335500,22.00000000
2018-02-27 12:18:35,0.00336000,2.37000000
2018-02-27 12:18:56,0.00336000,3.13000000
2018-02-27 12:18:57,0.00336000,0.17000000
2018-02-27 12:18:58,0.00335600,15.96000000
2018-02-27 12:18:58,0.00335500,2.04000000
2018-02-27 12:19:08,0.00335600,8.88000000
2018-02-27 12:19:08,0.00335500,26.48000000
2018-02-27 12:19:09,0.00335500,19.27000000
2018-02-27 12:19:09,0.00336000,2.98000000
2018-02-27 12:19:46,0.00336000,11.84000000
2018-02-27 12:20:02,0.00335800,12.95000000
2018-02-27 12:20:03,0.00335800,23.76000000
2018-02-27 12:20:03,0.00335800,26.39000000
2018-02-27 12:20:04,0.00335800,27.94000000
2018-02-27 12:20:06,0.00336000,31.72000000
2018-02-27 12:20:06,0.00335800,140.00000000
2018-02-27 12:20:36,0.00335800,0.55000000
2018-02-27 12:20:39,0.00335900,45.04000000
2018-02-27 12:20:47,0.00335900,184.70000000
2018-02-27 12:20:49,0.00335800,29.52000000
2018-02-27 12:20:50,0.00335800,1.67000000
2018-02-27 12:20:50,0.00335800,1.45000000
2018-02-27 12:20:51,0.00335800,8.58000000
2018-02-27 12:20:51,0.00335800,1.62000000
2018-02-27 12:20:52,0.00335800,0.56000000
2018-02-27 12:20:52,0.00335800,2.99000000
2018-02-27 12:20:53,0.00335800,15.16000000
2018-02-27 12:20:57,0.00335800,4.57000000
2018-02-27 12:20:58,0.00335800,1.45000000
2018-02-27 12:20:58,0.00335800,3.17000000
2018-02-27 12:20:59,0.00335800,3.70000000
2018-02-27 12:21:00,0.00335800,1.53000000
2018-02-27 12:21:01,0.00335800,3.53000000
2018-02-27 12:21:05,0.00335800,2.77000000
2018-02-27 12:21:15,0.00335900,142.53000000
2018-02-27 12:21:17,0.00335800,279.89000000
2018-02-27 12:21:21,0.00335800,1.48000000
2018-02-27 12:21:26,0.00335800,32.57000000
2018-02-27 12:21:28,0.00335800,14.52000000
2018-02-27 12:21:33,0.00335500,2.97000000
2018-02-27 12:21:46,0.00335500,8.89000000
2018-02-27 12:21:46,0.00335800,62.64000000
2018-02-27 12:21:47,0.00335400,213.86000000
2018-02-27 12:21:48,0.00335400,14.90000000
2018-02-27 12:21:54,0.00335000,12.38000000
2018-02-27 12:21:57,0.00335300,43.75000000
2018-02-27 12:21:57,0.00335400,33.79000000
2018-02-27 12:22:05,0.00335400,9.90000000
2018-02-27 12:22:06,0.00335400,9.58000000
2018-02-27 12:22:10,0.00335400,18.33000000
2018-02-27 12:22:13,0.00335400,15.00000000
2018-02-27 12:22:16,0.00335400,26.83000000
2018-02-27 12:22:20,0.00335400,20.00000000
2018-02-27 12:22:25,0.00335400,131.17000000
2018-02-27 12:22:28,0.00335400,5.18000000
2018-02-27 12:22:29,0.00335800,50.71000000
2018-02-27 12:22:29,0.00335800,28.75000000
2018-02-27 12:22:38,0.00335800,26.55000000
2018-02-27 12:22:40,0.00335800,0.86000000
2018-02-27 12:22:42,0.00335800,10.00000000
2018-02-27 12:22:51,0.00335400,11.92000000
2018-02-27 12:22:58,0.00335200,30.00000000
2018-02-27 12:22:58,0.00335400,6.10000000
2018-02-27 12:23:04,0.00335400,0.01000000
2018-02-27 12:23:04,0.00335800,6.10000000
2018-02-27 12:23:06,0.00335800,10.00000000
2018-02-27 12:23:22,0.00335800,2.30000000
2018-02-27 12:23:25,0.00335800,3.39000000
2018-02-27 12:23:31,0.00335800,9.24000000
2018-02-27 12:23:37,0.00335800,29.95000000
2018-02-27 12:23:40,0.00335800,96.54000000
2018-02-27 12:23:40,0.00336000,36.00000000
2018-02-27 12:23:45,0.00336000,76.39000000
2018-02-27 12:23:49,0.00335800,0.41000000
2018-02-27 12:23:53,0.00335800,2.56000000
2018-02-27 12:23:53,0.00335300,8.94000000
2018-02-27 12:23:53,0.00335300,2.96000000
2018-02-27 12:23:53,0.00335300,7.53000000
2018-02-27 12:23:53,0.00335300,2.97000000
2018-02-27 12:23:54,0.00335300,1.38000000
2018-02-27 12:23:54,0.00335800,3.83000000
2018-02-27 12:23:55,0.00335800,33.55000000
2018-02-27 12:23:55,0.00336000,188.87000000
2018-02-27 12:23:55,0.00335900,8.94000000
2018-02-27 12:23:55,0.00336000,8.97000000
2018-02-27 12:23:55,0.00336200,57.79000000
2018-02-27 12:23:57,0.00335200,20.71000000
2018-02-27 12:24:05,0.00335400,8.94000000
2018-02-27 12:24:05,0.00335300,8.85000000
2018-02-27 12:24:20,0.00336000,8.94000000
2018-02-27 12:24:20,0.00336100,13.56000000
2018-02-27 12:24:55,0.00335900,2.64000000
2018-02-27 12:24:57,0.00335500,10.00000000
2018-02-27 12:24:59,0.00335400,2.87000000
2018-02-27 12:25:09,0.00335500,2.86000000
2018-02-27 12:25:10,0.00335500,15.36000000
2018-02-27 12:25:16,0.00335900,56.75000000
2018-02-27 12:25:17,0.00335900,0.33000000
2018-02-27 12:25:53,0.00335500,9.26000000
2018-02-27 12:26:12,0.00335600,3.62000000
2018-02-27 12:26:14,0.00335600,6.38000000
2018-02-27 12:26:14,0.00335500,48.31000000
2018-02-27 12:26:14,0.00335400,57.52000000
2018-02-27 12:26:15,0.00335400,118.96000000
2018-02-27 12:26:22,0.00335700,3.00000000
2018-02-27 12:26:25,0.00335300,0.32000000
2018-02-27 12:26:30,0.00335400,8.68000000
2018-02-27 12:26:30,0.00335400,5.95000000
2018-02-27 12:26:32,0.00335400,6.12000000
2018-02-27 12:26:35,0.00335400,2.96000000
2018-02-27 12:26:38,0.00335400,0.80000000
2018-02-27 12:26:39,0.00335300,121.49000000
2018-02-27 12:26:39,0.00335200,1.84000000
2018-02-27 12:26:39,0.00335100,14.82000000
2018-02-27 12:26:39,0.00335000,133.81000000
2018-02-27 12:26:41,0.00335400,0.35000000
2018-02-27 12:26:44,0.00335600,3.03000000
2018-02-27 12:26:49,0.00335400,0.37000000
2018-02-27 12:26:50,0.00335300,12.63000000
2018-02-27 12:26:51,0.00335300,89.50000000
2018-02-27 12:26:52,0.00335300,0.94000000
2018-02-27 12:26:56,0.00335300,44.04000000
2018-02-27 12:26:57,0.00335300,1.16000000
2018-02-27 12:26:59,0.00335300,1.00000000
2018-02-27 12:27:04,0.00335200,10.44000000
2018-02-27 12:27:04,0.00335300,62.12000000
2018-02-27 12:27:04,0.00335300,10.44000000
2018-02-27 12:27:05,0.00335600,6.12000000
2018-02-27 12:27:08,0.00335600,6.87000000
2018-02-27 12:27:08,0.00335600,0.95000000
2018-02-27 12:27:42,0.00335600,7.21000000
2018-02-27 12:28:07,0.00335600,5.00000000
2018-02-27 12:28:11,0.00335500,8.84000000
2018-02-27 12:28:14,0.00335500,1.16000000
2018-02-27 12:28:26,0.00335100,1.00000000
2018-02-27 12:28:27,0.00335300,0.18000000
2018-02-27 12:28:31,0.00335300,3.89000000
2018-02-27 12:28:31,0.00335400,0.96000000
2018-02-27 12:28:34,0.00335400,1.87000000
2018-02-27 12:28:37,0.00335400,25.02000000
2018-02-27 12:28:42,0.00335400,25.02000000
2018-02-27 12:28:52,0.00335200,27.84000000
2018-02-27 12:28:57,0.00335300,29.82000000
2018-02-27 12:28:57,0.00335300,3.39000000
2018-02-27 12:28:58,0.00335300,4.70000000
2018-02-27 12:29:02,0.00335300,0.78000000
2018-02-27 12:29:03,0.00335300,5.71000000
2018-02-27 12:29:03,0.00335300,0.82000000
2018-02-27 12:29:07,0.00335300,1.06000000
2018-02-27 12:29:11,0.00335300,169.04000000
2018-02-27 12:29:11,0.00335300,8.29000000
2018-02-27 12:29:12,0.00335100,1.04000000
2018-02-27 12:29:12,0.00335000,8.96000000
2018-02-27 12:29:15,0.00335300,11.92000000
2018-02-27 12:29:17,0.00335200,22.00000000
2018-02-27 12:29:19,0.00335300,27.53000000
2018-02-27 12:29:19,0.00335100,9.77000000
2018-02-27 12:29:22,0.00335100,0.99000000
2018-02-27 12:29:27,0.00335000,2.16000000
2018-02-27 12:29:37,0.00335300,0.47000000
2018-02-27 12:29:39,0.00335300,5.96000000
2018-02-27 12:29:41,0.00335300,3.57000000
2018-02-27 12:29:43,0.00335200,10.00000000
2018-02-27 12:29:43,0.00335100,85.40000000
2018-02-27 12:29:43,0.00335000,69.24000000
2018-02-27 12:29:43,0.00334700,5.39000000
2018-02-27 12:29:43,0.00334500,0.89000000
2018-02-27 12:29:43,0.00334400,19.37000000
2018-02-27 12:29:43,0.00334200,69.10000000
2018-02-27 12:29:44,0.00335500,3.57000000
2018-02-27 12:29:49,0.00335500,12.82000000
2018-02-27 12:29:49,0.00335600,1.39000000
2018-02-27 12:29:50,0.00335500,12.82000000
2018-02-27 12:29:50,0.00335500,6.50000000
2018-02-27 12:29:50,0.00335500,7.03000000
2018-02-27 12:29:51,0.00335500,12.82000000
2018-02-27 12:29:52,0.00334800,2.90000000
2018-02-27 12:29:55,0.00335500,1.74000000
2018-02-27 12:30:00,0.00335500,1.16000000
2018-02-27 12:30:00,0.00335600,0.16000000
2018-02-27 12:30:05,0.00335600,1.39000000
2018-02-27 12:30:07,0.00335600,1.10000000
2018-02-27 12:30:08,0.00335600,2.32000000
2018-02-27 12:30:08,0.00335600,27.81000000
2018-02-27 12:30:10,0.00335600,0.88000000
2018-02-27 12:30:13,0.00335600,68.16000000
2018-02-27 12:30:16,0.00335600,0.81000000
2018-02-27 12:30:26,0.00335500,1.43000000
2018-02-27 12:30:30,0.00335500,2.98000000
2018-02-27 12:30:30,0.00335500,2.89000000
2018-02-27 12:30:31,0.00335300,0.34000000
2018-02-27 12:30:31,0.00334900,3.03000000
2018-02-27 12:30:34,0.00335500,0.49000000
2018-02-27 12:30:38,0.00335500,2.20000000
2018-02-27 12:30:39,0.00335500,16.16000000
2018-02-27 12:30:39,0.00335000,2.38000000
2018-02-27 12:30:39,0.00334900,4.46000000
2018-02-27 12:30:39,0.00335600,32.08000000
2018-02-27 12:30:40,0.00335600,28.36000000
2018-02-27 12:30:48,0.00335500,32.78000000
2018-02-27 12:30:54,0.00335500,1.39000000
2018-02-27 12:30:58,0.00335300,0.96000000
2018-02-27 12:31:03,0.00335500,2.32000000
2018-02-27 12:31:03,0.00335500,2.19000000
2018-02-27 12:31:05,0.00335300,21.88000000
2018-02-27 12:31:14,0.00335300,12.76000000
2018-02-27 12:31:14,0.00335500,5.05000000
2018-02-27 12:31:14,0.00335500,2.19000000
2018-02-27 12:31:17,0.00335500,5.84000000
2018-02-27 12:31:18,0.00335500,19.66000000
2018-02-27 12:31:20,0.00335500,0.50000000
2018-02-27 12:31:25,0.00335300,16.40000000
2018-02-27 12:31:26,0.00335500,2.10000000
2018-02-27 12:31:26,0.00335500,40.06000000
2018-02-27 12:31:26,0.00335500,144.09000000
2018-02-27 12:31:26,0.00335600,28.25000000
2018-02-27 12:31:27,0.00335600,1.51000000
2018-02-27 12:31:29,0.00335600,4.88000000
2018-02-27 12:31:35,0.00335600,48.35000000
2018-02-27 12:31:41,0.00335500,9.29000000
2018-02-27 12:31:42,0.00335500,0.45000000
2018-02-27 12:31:46,0.00335100,10.00000000
2018-02-27 12:32:12,0.00335400,6.00000000
2018-02-27 12:32:12,0.00335400,6.02000000
2018-02-27 12:32:14,0.00335400,10.43000000
2018-02-27 12:32:21,0.00335000,2.75000000
2018-02-27 12:32:28,0.00335300,5.13000000
2018-02-27 12:32:28,0.00335000,15.39000000
2018-02-27 12:32:28,0.00334900,8.95000000
2018-02-27 12:32:28,0.00334800,0.42000000
2018-02-27 12:32:29,0.00335300,5.13000000
2018-02-27 12:32:31,0.00335200,31.65000000
2018-02-27 12:32:31,0.00335200,5.00000000
2018-02-27 12:32:47,0.00335100,2.39000000
2018-02-27 12:32:50,0.00335100,1.49000000
2018-02-27 12:32:51,0.00335100,0.64000000
2018-02-27 12:32:53,0.00335000,41.79000000
2018-02-27 12:32:54,0.00335000,8.55000000
2018-02-27 12:32:54,0.00335000,2.98000000
2018-02-27 12:32:54,0.00335000,2.41000000
2018-02-27 12:32:55,0.00335000,2.41000000
2018-02-27 12:32:55,0.00335000,2.41000000
2018-02-27 12:32:55,0.00335000,6.70000000
2018-02-27 12:32:55,0.00335000,2.41000000
2018-02-27 12:32:55,0.00335000,2.41000000
2018-02-27 12:32:55,0.00335000,1.47000000
2018-02-27 12:32:55,0.00335000,2.41000000
2018-02-27 12:32:55,0.00335000,2.41000000
2018-02-27 12:32:55,0.00335000,2.41000000
2018-02-27 12:32:55,0.00335000,2.41000000
2018-02-27 12:32:55,0.00335000,2.41000000
2018-02-27 12:32:55,0.00335000,2.41000000
2018-02-27 12:33:00,0.00335000,4.43000000
2018-02-27 12:33:00,0.00335100,1.54000000
2018-02-27 12:33:02,0.00335100,12.37000000
2018-02-27 12:33:03,0.00335100,4.60000000
2018-02-27 12:33:04,0.00335100,1.97000000
2018-02-27 12:33:05,0.00335100,1.97000000
2018-02-27 12:33:05,0.00335100,0.84000000
2018-02-27 12:33:06,0.00335000,8.50000000
2018-02-27 12:33:07,0.00335000,3.65000000
2018-02-27 12:33:08,0.00335000,1.56000000
2018-02-27 12:33:08,0.00335000,1.18000000
2018-02-27 12:33:08,0.00335100,4.79000000
2018-02-27 12:33:09,0.00335100,13.30000000
2018-02-27 12:33:14,0.00335200,2.98000000
2018-02-27 12:33:15,0.00334700,0.90000000
2018-02-27 12:33:15,0.00334400,9.09000000
2018-02-27 12:33:19,0.00335000,5.02000000
2018-02-27 12:33:20,0.00335000,2.98000000
2018-02-27 12:33:20,0.00335000,0.90000000
2018-02-27 12:33:22,0.00335000,0.76000000
2018-02-27 12:33:26,0.00335000,14.92000000
2018-02-27 12:33:30,0.00335000,0.85000000
2018-02-27 12:33:30,0.00335000,1.82000000
2018-02-27 12:33:30,0.00335000,6.79000000
2018-02-27 12:33:31,0.00335000,13.39000000
2018-02-27 12:33:31,0.00335000,0.01000000
2018-02-27 12:33:31,0.00335200,11.17000000
2018-02-27 12:33:32,0.00335200,26.84000000
2018-02-27 12:33:32,0.00334500,2.00000000
2018-02-27 12:33:38,0.00335200,0.14000000
2018-02-27 12:33:38,0.00335200,23.86000000
2018-02-27 12:33:46,0.00335200,2.36000000
2018-02-27 12:33:46,0.00335500,0.62000000
2018-02-27 12:33:46,0.00334600,2.71000000
2018-02-27 12:33:53,0.00335500,62.59000000
2018-02-27 12:33:56,0.00334700,2.71000000
2018-02-27 12:33:56,0.00334600,0.05000000
2018-02-27 12:34:15,0.00335500,29.80000000
2018-02-27 12:34:21,0.00335600,35.75000000
2018-02-27 12:34:31,0.00335600,35.13000000
2018-02-27 12:34:32,0.00335600,9.17000000
2018-02-27 12:34:33,0.00335500,14.90000000
2018-02-27 12:34:34,0.00335500,0.77000000
2018-02-27 12:34:39,0.00335500,41.72000000
2018-02-27 12:34:40,0.00335600,29.85000000
2018-02-27 12:34:40,0.00335600,47.85000000
2018-02-27 12:34:40,0.00335600,119.18000000
2018-02-27 12:34:43,0.00335600,0.72000000
2018-02-27 12:34:58,0.00335600,8.27000000
2018-02-27 12:35:08,0.00335600,12.79000000
2018-02-27 12:35:15,0.00335000,0.76000000
2018-02-27 12:35:26,0.00335000,1.51000000
2018-02-27 12:35:26,0.00335600,0.79000000
2018-02-27 12:35:27,0.00335100,2.00000000
2018-02-27 12:35:27,0.00335000,1.97000000
2018-02-27 12:35:27,0.00334900,28.91000000
2018-02-27 12:35:27,0.00334700,53.00000000
2018-02-27 12:35:27,0.00334600,0.56000000
2018-02-27 12:35:27,0.00334400,27.05000000
2018-02-27 12:35:27,0.00334200,14.51000000
2018-02-27 12:35:28,0.00334400,1.02000000
2018-02-27 12:35:34,0.00335500,4.24000000
2018-02-27 12:36:02,0.00335300,83.50000000
2018-02-27 12:36:04,0.00335300,0.68000000
2018-02-27 12:36:15,0.00335400,5.00000000
2018-02-27 12:36:18,0.00335300,10.36000000
2018-02-27 12:36:21,0.00335400,7.01000000
2018-02-27 12:36:24,0.00335400,7.01000000
2018-02-27 12:36:26,0.00335400,7.01000000
2018-02-27 12:36:27,0.00335400,1.43000000
2018-02-27 12:36:29,0.00335400,7.01000000
2018-02-27 12:36:32,0.00335400,7.01000000
2018-02-27 12:36:34,0.00335400,0.89000000
2018-02-27 12:36:53,0.00335600,1.58000000
2018-02-27 12:37:00,0.00335400,6.12000000
2018-02-27 12:37:02,0.00334600,3.98000000
2018-02-27 12:37:10,0.00335300,2.98000000
2018-02-27 12:37:15,0.00335300,87.02000000
2018-02-27 12:37:49,0.00335400,33.88000000
2018-02-27 12:37:52,0.00335400,16.82000000
2018-02-27 12:37:58,0.00335300,22.94000000
2018-02-27 12:37:58,0.00334800,49.07000000
2018-02-27 12:37:59,0.00334800,1.99000000
2018-02-27 12:37:59,0.00335400,8.01000000
2018-02-27 12:38:08,0.00334800,15.51000000
2018-02-27 12:38:27,0.00334800,35.54000000
2018-02-27 12:38:27,0.00334700,8.96000000
2018-02-27 12:38:27,0.00334200,55.87000000
2018-02-27 12:38:28,0.00335300,0.07000000
2018-02-27 12:38:29,0.00334800,0.58000000
2018-02-27 12:38:34,0.00335300,6.37000000
2018-02-27 12:38:35,0.00335300,1.43000000
2018-02-27 12:38:39,0.00334800,0.14000000
2018-02-27 12:38:39,0.00334800,0.94000000
2018-02-27 12:38:43,0.00334800,1.82000000
2018-02-27 12:38:44,0.00335000,16.70000000
2018-02-27 12:38:47,0.00335000,10.00000000
2018-02-27 12:38:52,0.00335000,2.90000000
2018-02-27 12:38:55,0.00335200,6.64000000
2018-02-27 12:39:11,0.00335000,10.15000000
2018-02-27 12:39:28,0.00335200,0.62000000
2018-02-27 12:39:28,0.00335300,1.09000000
2018-02-27 12:39:28,0.00335400,1.27000000
2018-02-27 12:39:47,0.00335400,18.34000000
2018-02-27 12:40:06,0.00335400,5.67000000
2018-02-27 12:40:12,0.00335200,20.88000000
2018-02-27 12:40:12,0.00335200,53.56000000
2018-02-27 12:40:18,0.00335200,8.94000000
2018-02-27 12:40:21,0.00335200,10.00000000
2018-02-27 12:40:24,0.00335200,5.96000000
2018-02-27 12:40:33,0.00335200,8.66000000
2018-02-27 12:40:43,0.00335200,2.98000000
2018-02-27 12:41:03,0.00335100,2.00000000
2018-02-27 12:41:03,0.00335000,2.28000000
2018-02-27 12:41:16,0.00335000,27.40000000
2018-02-27 12:41:21,0.00335000,0.65000000
2018-02-27 12:41:22,0.00335100,10.00000000
2018-02-27 12:41:32,0.00335100,0.45000000
2018-02-27 12:41:46,0.00335000,44.78000000
2018-02-27 12:41:47,0.00335100,0.56000000
2018-02-27 12:42:01,0.00335000,72.36000000
2018-02-27 12:42:15,0.00334600,0.81000000
2018-02-27 12:42:25,0.00334600,2.53000000
2018-02-27 12:42:25,0.00334900,7.00000000
2018-02-27 12:42:30,0.00334900,3.48000000
2018-02-27 12:42:30,0.00334600,27.36000000
2018-02-27 12:42:30,0.00334500,25.96000000
2018-02-27 12:42:37,0.00334500,10.00000000
2018-02-27 12:42:38,0.00334500,2.98000000
2018-02-27 12:42:40,0.00334500,14.16000000
2018-02-27 12:42:42,0.00334500,5.20000000
2018-02-27 12:42:44,0.00334400,0.93000000
2018-02-27 12:42:47,0.00334500,7.08000000
2018-02-27 12:42:47,0.00334500,1.05000000
2018-02-27 12:42:50,0.00334500,0.38000000
2018-02-27 12:42:50,0.00334500,1.49000000
2018-02-27 12:42:51,0.00334500,15.25000000
2018-02-27 12:42:56,0.00334400,5.00000000
2018-02-27 12:42:59,0.00334400,0.85000000
2018-02-27 12:43:00,0.00334400,1.04000000
2018-02-27 12:43:00,0.00334500,11.88000000
2018-02-27 12:43:02,0.00334500,11.88000000
2018-02-27 12:43:02,0.00335000,23.50000000
2018-02-27 12:43:02,0.00335100,11.88000000
2018-02-27 12:43:04,0.00335100,35.38000000
2018-02-27 12:43:10,0.00335100,78.90000000
2018-02-27 12:43:10,0.00335100,2.70000000
2018-02-27 12:43:14,0.00335100,38.09000000
2018-02-27 12:43:22,0.00335100,51.68000000
2018-02-27 12:43:32,0.00335100,42.71000000
2018-02-27 12:43:46,0.00335100,21.36000000
2018-02-27 12:43:47,0.00335100,11.93000000
2018-02-27 12:43:48,0.00335100,13.41000000
2018-02-27 12:44:06,0.00335100,1.17000000
2018-02-27 12:44:10,0.00334800,3.76000000
2018-02-27 12:44:11,0.00334900,1.37000000
2018-02-27 12:44:11,0.00335100,7.54000000
2018-02-27 12:44:13,0.00335100,82.59000000
2018-02-27 12:44:14,0.00335100,41.31000000
2018-02-27 12:44:22,0.00335100,1.00000000
2018-02-27 12:44:23,0.00335100,8.82000000
2018-02-27 12:44:23,0.00335100,7.33000000
2018-02-27 12:44:29,0.00335100,4.88000000
2018-02-27 12:44:33,0.00335100,2.98000000
2018-02-27 12:44:33,0.00335100,0.02000000
2018-02-27 12:44:35,0.00334800,7.59000000
2018-02-27 12:44:37,0.00335100,6.30000000
2018-02-27 12:44:45,0.00335100,2.05000000
2018-02-27 12:44:48,0.00334800,2.02000000
2018-02-27 12:44:48,0.00334700,30.37000000
2018-02-27 12:44:48,0.00334600,105.67000000
2018-02-27 12:44:57,0.00334900,69.03000000
2018-02-27 12:45:00,0.00334900,34.52000000
2018-02-27 12:45:07,0.00334900,2.30000000
2018-02-27 12:45:09,0.00334900,8.86000000
2018-02-27 12:45:24,0.00334700,4.00000000
2018-02-27 12:45:24,0.00334900,11.68000000
2018-02-27 12:45:39,0.00334900,8.99000000
2018-02-27 12:45:39,0.00334900,2.98000000
2018-02-27 12:45:39,0.00334700,1.74000000
2018-02-27 12:45:42,0.00334900,6.02000000
2018-02-27 12:45:42,0.00335000,4.65000000
2018-02-27 12:45:49,0.00335000,116.64000000
2018-02-27 12:45:53,0.00335000,30.03000000
2018-02-27 12:45:54,0.00335000,6.17000000
2018-02-27 12:45:54,0.00335000,6.02000000
2018-02-27 12:45:56,0.00335000,203.27000000
2018-02-27 12:45:57,0.00335000,17.71000000
2018-02-27 12:45:58,0.00335000,57.33000000
2018-02-27 12:45:59,0.00335000,24.15000000
2018-02-27 12:46:06,0.00335000,85.88000000
2018-02-27 12:46:07,0.00335000,128.44000000
2018-02-27 12:46:09,0.00335000,39.34000000
2018-02-27 12:46:18,0.00334900,19.50000000
2018-02-27 12:46:29,0.00334900,11.78000000
2018-02-27 12:46:36,0.00334900,2.98000000
2018-02-27 12:46:40,0.00334700,64.26000000
2018-02-27 12:46:42,0.00334500,0.90000000
2018-02-27 12:46:42,0.00334700,28.92000000
2018-02-27 12:46:48,0.00334500,11.73000000
2018-02-27 12:46:49,0.00334700,4.88000000
2018-02-27 12:46:53,0.00334700,6.68000000
2018-02-27 12:46:58,0.00334700,9.52000000
2018-02-27 12:47:13,0.00334600,0.59000000
2018-02-27 12:47:13,0.00334600,1.16000000
2018-02-27 12:47:13,0.00334700,1.14000000
2018-02-27 12:47:22,0.00334700,1.28000000
2018-02-27 12:47:22,0.00334700,20.39000000
2018-02-27 12:47:23,0.00334700,29.89000000
2018-02-27 12:47:23,0.00334700,5.79000000
2018-02-27 12:47:24,0.00334700,0.40000000
2018-02-27 12:47:38,0.00334700,0.01000000
2018-02-27 12:47:42,0.00334500,14.29000000
2018-02-27 12:47:42,0.00334400,60.53000000
2018-02-27 12:47:42,0.00334200,15.00000000
2018-02-27 12:47:42,0.00334100,33.00000000
2018-02-27 12:47:42,0.00334000,44.12000000
2018-02-27 12:47:42,0.00333900,91.92000000
2018-02-27 12:47:42,0.00333900,10.31000000
2018-02-27 12:47:42,0.00334000,174.67000000
2018-02-27 12:47:42,0.00334000,14.97000000
2018-02-27 12:47:42,0.00334000,2.30000000
2018-02-27 12:47:43,0.00334000,1.19000000
2018-02-27 12:47:43,0.00334000,54.97000000
2018-02-27 12:47:43,0.00334000,27.56000000
2018-02-27 12:47:43,0.00334000,2.30000000
2018-02-27 12:47:44,0.00334000,2.98000000
2018-02-27 12:47:44,0.00334000,55.08000000
2018-02-27 12:47:45,0.00334000,22.05000000
2018-02-27 12:47:45,0.00334000,68.86000000
2018-02-27 12:47:46,0.00334000,15.00000000
2018-02-27 12:47:48,0.00334000,1.18000000
2018-02-27 12:47:49,0.00334000,1.91000000
2018-02-27 12:47:49,0.00334000,1.38000000
2018-02-27 12:47:49,0.00334000,2.68000000
2018-02-27 12:47:49,0.00334000,6.04000000
2018-02-27 12:47:50,0.00334000,0.41000000
2018-02-27 12:47:50,0.00333900,11.82000000
2018-02-27 12:47:51,0.00334000,19.60000000
2018-02-27 12:47:51,0.00334000,5.40000000
2018-02-27 12:47:51,0.00334000,4.90000000
2018-02-27 12:47:52,0.00334000,1374.96000000
2018-02-27 12:47:52,0.00334000,588.25000000
2018-02-27 12:47:54,0.00334300,1.91000000
2018-02-27 12:47:54,0.00334300,0.74000000
2018-02-27 12:47:55,0.00334300,26.09000000
2018-02-27 12:47:56,0.00334300,1.38000000
2018-02-27 12:47:57,0.00334300,62.81000000
2018-02-27 12:47:57,0.00334300,1.50000000
2018-02-27 12:47:58,0.00334300,1.38000000
2018-02-27 12:47:58,0.00334300,11.34000000
2018-02-27 12:47:59,0.00334300,2.64000000
2018-02-27 12:47:59,0.00334300,1.38000000
2018-02-27 12:48:04,0.00334600,0.59000000
2018-02-27 12:48:04,0.00334600,2.64000000
2018-02-27 12:48:06,0.00334600,1.18000000
2018-02-27 12:48:09,0.00334600,2.40000000
2018-02-27 12:48:19,0.00334300,5.00000000
2018-02-27 12:48:20,0.00334100,15.00000000
2018-02-27 12:48:20,0.00334100,8.68000000
2018-02-27 12:48:20,0.00334000,13.73000000
2018-02-27 12:48:21,0.00334400,17.94000000
2018-02-27 12:48:22,0.00334400,1.71000000
2018-02-27 12:48:26,0.00334400,0.03000000
2018-02-27 12:48:29,0.00334300,7.08000000
2018-02-27 12:48:31,0.00334300,2.98000000
2018-02-27 12:48:31,0.00334300,5.11000000
2018-02-27 12:48:31,0.00334300,1.02000000
2018-02-27 12:48:31,0.00334400,0.90000000
2018-02-27 12:48:33,0.00334400,8.97000000
2018-02-27 12:48:39,0.00334400,104.66000000
2018-02-27 12:48:45,0.00334400,35.88000000
2018-02-27 12:48:46,0.00334200,1.43000000
2018-02-27 12:48:46,0.00334100,13.98000000
2018-02-27 12:48:46,0.00334400,100.00000000
2018-02-27 12:48:48,0.00334400,3.00000000
2018-02-27 12:48:51,0.00334400,17.94000000
2018-02-27 12:48:56,0.00334200,19.12000000
2018-02-27 12:48:56,0.00334200,1.25000000
2018-02-27 12:48:57,0.00334200,50.83000000
2018-02-27 12:48:58,0.00334200,2.52000000
2018-02-27 12:48:58,0.00334200,2.39000000
2018-02-27 12:48:59,0.00334200,0.63000000
2018-02-27 12:49:03,0.00334200,5.75000000
2018-02-27 12:49:03,0.00334200,101.73000000
2018-02-27 12:49:06,0.00334200,0.75000000
2018-02-27 12:49:06,0.00334200,13.47000000
2018-02-27 12:49:09,0.00334200,62.83000000
2018-02-27 12:49:10,0.00334200,18.00000000
2018-02-27 12:49:10,0.00334200,44.42000000
2018-02-27 12:49:15,0.00334400,107.65000000
2018-02-27 12:49:27,0.00334400,14.95000000
2018-02-27 12:49:29,0.00334400,6.91000000
2018-02-27 12:49:35,0.00334400,2.55000000
2018-02-27 12:49:37,0.00334400,0.44000000
2018-02-27 12:49:39,0.00334300,26.92000000
2018-02-27 12:49:45,0.00334300,11.96000000
2018-02-27 12:49:45,0.00334300,1.36000000
2018-02-27 12:49:46,0.00334300,7.63000000
2018-02-27 12:49:47,0.00334300,0.08000000
2018-02-27 12:49:48,0.00334300,2.14000000
2018-02-27 12:49:51,0.00334300,2.31000000
2018-02-27 12:49:51,0.00334300,0.72000000
2018-02-27 12:49:51,0.00334300,35.00000000
2018-02-27 12:49:53,0.00334300,26.36000000
2018-02-27 12:49:53,0.00334300,0.72000000
2018-02-27 12:49:56,0.00334300,39.29000000
2018-02-27 12:49:59,0.00334300,0.59000000
2018-02-27 12:50:00,0.00334300,0.60000000
2018-02-27 12:50:03,0.00334300,15.00000000
2018-02-27 12:50:03,0.00334100,2.02000000
2018-02-27 12:50:03,0.00334000,7.11000000
2018-02-27 12:50:03,0.00333800,0.96000000
2018-02-27 12:50:03,0.00334300,12.95000000
2018-02-27 12:50:04,0.00334400,5.98000000
2018-02-27 12:50:06,0.00334300,4.98000000
2018-02-27 12:50:06,0.00334400,2.00000000
2018-02-27 12:50:07,0.00334300,20.02000000
2018-02-27 12:50:07,0.00334300,111.61000000
2018-02-27 12:50:09,0.00334300,5.76000000
2018-02-27 12:50:09,0.00334300,15.00000000
2018-02-27 12:50:17,0.00334300,0.90000000
2018-02-27 12:50:17,0.00334300,24.91000000
2018-02-27 12:50:18,0.00334300,2.01000000
2018-02-27 12:50:18,0.00334300,7.63000000
2018-02-27 12:50:21,0.00334300,8.19000000
2018-02-27 12:50:23,0.00334300,13.85000000
2018-02-27 12:50:24,0.00334300,8.24000000
2018-02-27 12:50:27,0.00334300,8.27000000
2018-02-27 12:50:30,0.00334300,8.32000000
2018-02-27 12:50:33,0.00334300,62.81000000
2018-02-27 12:50:39,0.00334300,83.75000000
2018-02-27 12:50:45,0.00334200,1.80000000
2018-02-27 12:50:45,0.00334300,4.20000000
2018-02-27 12:50:46,0.00334300,74.78000000
2018-02-27 12:50:47,0.00334300,77.34000000
2018-02-27 12:50:47,0.00334400,60.87000000
2018-02-27 12:50:53,0.00334000,2.00000000
2018-02-27 12:50:53,0.00333900,3.01000000
2018-02-27 12:50:54,0.00334300,0.99000000
2018-02-27 12:51:07,0.00334400,89.71000000
2018-02-27 12:51:14,0.00334400,2.99000000
2018-02-27 12:51:19,0.00334400,4.03000000
2018-02-27 12:51:28,0.00333800,2.63000000
2018-02-27 12:51:42,0.00334400,0.43000000
2018-02-27 12:51:44,0.00334400,48.49000000
2018-02-27 12:51:53,0.00334000,0.45000000
2018-02-27 12:51:53,0.00333800,9.54000000
2018-02-27 12:52:03,0.00334400,2.42000000
2018-02-27 12:52:04,0.00334000,2.39000000
2018-02-27 12:52:04,0.00333900,9.54000000
2018-02-27 12:52:12,0.00334300,2.99000000
2018-02-27 12:52:13,0.00334300,2.89000000
2018-02-27 12:52:16,0.00334300,0.42000000
2018-02-27 12:52:20,0.00334300,0.29000000
2018-02-27 12:52:26,0.00334300,9.21000000
2018-02-27 12:52:41,0.00334300,71.40000000
2018-02-27 12:52:43,0.00334300,6.88000000
2018-02-27 12:52:45,0.00334300,0.45000000
2018-02-27 12:52:47,0.00334000,0.84000000
2018-02-27 12:52:47,0.00333800,10.59000000
2018-02-27 12:52:56,0.00334300,78.37000000
2018-02-27 12:53:01,0.00334300,8.97000000
2018-02-27 12:53:01,0.00334300,37.44000000
2018-02-27 12:53:02,0.00334300,13.60000000
2018-02-27 12:53:09,0.00334200,7.20000000
2018-02-27 12:53:10,0.00334200,37.21000000
2018-02-27 12:53:10,0.00334200,1.00000000
2018-02-27 12:53:13,0.00334200,1.00000000
2018-02-27 12:53:15,0.00334200,1.00000000
2018-02-27 12:53:21,0.00334200,5.00000000
2018-02-27 12:53:23,0.00333900,2.00000000
2018-02-27 12:53:23,0.00333800,7.83000000
2018-02-27 12:53:25,0.00334200,2.99000000
2018-02-27 12:53:26,0.00334200,38.46000000
2018-02-27 12:53:36,0.00334300,23.60000000
2018-02-27 12:53:40,0.00334100,5.98000000
2018-02-27 12:53:41,0.00334100,5.62000000
2018-02-27 12:53:41,0.00334300,16.88000000
2018-02-27 12:53:41,0.00334300,29.30000000
2018-02-27 12:53:46,0.00334300,0.67000000
2018-02-27 12:53:55,0.00334300,3.22000000
2018-02-27 12:54:01,0.00334300,50.00000000
2018-02-27 12:54:03,0.00334300,18.69000000
2018-02-27 12:54:08,0.00333800,1.40000000
2018-02-27 12:54:11,0.00334200,14.08000000
2018-02-27 12:54:11,0.00334200,2.50000000
2018-02-27 12:54:12,0.00334200,70.20000000
2018-02-27 12:54:14,0.00334200,27.95000000
2018-02-27 12:54:16,0.00334200,6.14000000
2018-02-27 12:54:17,0.00334000,0.76000000
2018-02-27 12:54:22,0.00334000,0.70000000
2018-02-27 12:54:26,0.00334200,59.84000000
2018-02-27 12:54:27,0.00334200,23.59000000
2018-02-27 12:54:27,0.00334200,3.00000000
2018-02-27 12:54:27,0.00334000,0.64000000
2018-02-27 12:54:29,0.00334200,1.80000000
2018-02-27 12:54:32,0.00334000,0.66000000
2018-02-27 12:54:34,0.00334000,9.65000000
2018-02-27 12:54:35,0.00334100,2.99000000
2018-02-27 12:54:36,0.00334100,2.47000000
2018-02-27 12:54:38,0.00334000,0.60000000
2018-02-27 12:54:43,0.00334200,15.00000000
2018-02-27 12:54:43,0.00334000,0.55000000
2018-02-27 12:54:44,0.00334200,30.35000000
2018-02-27 12:54:45,0.00334000,122.63000000
2018-02-27 12:54:48,0.00334000,0.38000000
2018-02-27 12:54:51,0.00334000,4.48000000
2018-02-27 12:54:52,0.00334000,1.66000000
2018-02-27 12:54:53,0.00333900,0.42000000
2018-02-27 12:54:54,0.00334000,1.01000000
2018-02-27 12:54:58,0.00333900,0.38000000
2018-02-27 12:54:59,0.00334000,4.63000000
2018-02-27 12:55:01,0.00334100,14.96000000
2018-02-27 12:55:04,0.00333900,0.35000000
2018-02-27 12:55:07,0.00334100,14.96000000
2018-02-27 12:55:09,0.00334000,48.89000000
2018-02-27 12:55:09,0.00333900,0.92000000
2018-02-27 12:55:10,0.00333800,5.99000000
2018-02-27 12:55:10,0.00334000,0.59000000
2018-02-27 12:55:11,0.00334000,14.05000000
2018-02-27 12:55:12,0.00334000,25.36000000
2018-02-27 12:55:12,0.00334100,13.34000000
2018-02-27 12:55:12,0.00334200,1.30000000
2018-02-27 12:55:13,0.00334200,2.99000000
2018-02-27 12:55:19,0.00334200,2.99000000
2018-02-27 12:55:19,0.00334000,2.50000000
2018-02-27 12:55:22,0.00334000,40.00000000
2018-02-27 12:55:24,0.00334000,0.27000000
2018-02-27 12:55:24,0.00334200,1.23000000
2018-02-27 12:55:25,0.00334200,2.99000000
2018-02-27 12:55:27,0.00334000,14.97000000
2018-02-27 12:55:30,0.00333900,7.53000000
2018-02-27 12:55:32,0.00334000,2.99000000
2018-02-27 12:55:32,0.00334000,2.04000000
2018-02-27 12:55:33,0.00334200,2.99000000
2018-02-27 12:55:42,0.00334100,2.99000000
2018-02-27 12:55:44,0.00334100,15.00000000
2018-02-27 12:55:44,0.00334100,45.68000000
2018-02-27 12:55:48,0.00334100,2.99000000
2018-02-27 12:55:49,0.00334100,268.61000000
2018-02-27 12:55:54,0.00334200,15.00000000
2018-02-27 12:55:55,0.00334100,2.66000000
2018-02-27 12:55:57,0.00334200,6.00000000
2018-02-27 12:56:03,0.00334200,1.20000000
2018-02-27 12:56:05,0.00334200,14.96000000
2018-02-27 12:56:08,0.00334200,15.00000000
2018-02-27 12:56:15,0.00334200,197.16000000
2018-02-27 12:56:17,0.00334100,122.83000000
2018-02-27 12:56:20,0.00334100,6.00000000
2018-02-27 12:56:29,0.00334100,13.62000000
2018-02-27 12:56:30,0.00334100,162.21000000
2018-02-27 12:56:33,0.00334100,56.84000000
2018-02-27 12:56:35,0.00334100,15.91000000
2018-02-27 12:56:38,0.00334100,4.46000000
2018-02-27 12:56:39,0.00333900,11.00000000
2018-02-27 12:56:40,0.00333900,1.25000000
2018-02-27 12:56:42,0.00333900,132.75000000
2018-02-27 12:56:42,0.00333900,0.72000000
2018-02-27 12:56:45,0.00333900,0.73000000
2018-02-27 12:56:45,0.00333900,0.68000000
2018-02-27 12:56:47,0.00333900,0.72000000
2018-02-27 12:56:48,0.00333900,15.00000000
2018-02-27 12:56:49,0.00333900,18.14000000
2018-02-27 12:56:51,0.00333900,45.44000000
2018-02-27 12:56:52,0.00333900,15.00000000
2018-02-27 12:56:52,0.00333900,5.08000000
2018-02-27 12:56:54,0.00333900,1.42000000
2018-02-27 12:56:55,0.00333900,15.00000000
2018-02-27 12:56:57,0.00333900,18.60000000
2018-02-27 12:56:57,0.00333900,7.24000000
2018-02-27 12:56:57,0.00334000,67.00000000
2018-02-27 12:56:58,0.00334000,183.19000000
2018-02-27 12:56:58,0.00334000,2.48000000
2018-02-27 12:57:01,0.00333800,54.15000000
2018-02-27 12:57:01,0.00333700,53.14000000
2018-02-27 12:57:11,0.00334000,14.97000000
2018-02-27 12:57:23,0.00333700,8.95000000
2018-02-27 12:57:26,0.00334000,2.99000000
2018-02-27 12:57:27,0.00334000,4.80000000
2018-02-27 12:57:27,0.00334000,18.23000000
2018-02-27 12:57:28,0.00334000,66.56000000
2018-02-27 12:57:28,0.00334000,24.72000000
2018-02-27 12:57:31,0.00334000,87.88000000
2018-02-27 12:57:41,0.00334000,211.52000000
2018-02-27 12:57:44,0.00334000,81.49000000
2018-02-27 12:57:44,0.00334200,8.15000000
2018-02-27 12:57:46,0.00334200,30.92000000
2018-02-27 12:57:46,0.00334200,62.42000000
2018-02-27 12:57:52,0.00334300,5.48000000
2018-02-27 12:57:54,0.00334300,6.18000000
2018-02-27 12:57:57,0.00334300,10.62000000
2018-02-27 12:58:24,0.00333700,8.00000000
2018-02-27 12:58:33,0.00333700,30.73000000
2018-02-27 12:58:34,0.00333700,1.00000000
2018-02-27 12:58:37,0.00333700,3.88000000
2018-02-27 12:58:52,0.00333800,0.99000000
2018-02-27 12:58:52,0.00333700,8.44000000
2018-02-27 12:58:52,0.00333700,2.99000000
2018-02-27 12:58:53,0.00333700,2.58000000
2018-02-27 12:59:16,0.00334100,1.00000000
2018-02-27 12:59:16,0.00334200,21.92000000
2018-02-27 12:59:20,0.00334200,0.57000000
2018-02-27 12:59:26,0.00334200,0.44000000
2018-02-27 12:59:26,0.00334300,231.93000000
2018-02-27 12:59:26,0.00334300,3.92000000
2018-02-27 12:59:28,0.00334400,55.00000000
2018-02-27 12:59:33,0.00334400,9.76000000
2018-02-27 12:59:33,0.00334200,0.61000000
2018-02-27 12:59:34,0.00334200,18.66000000
2018-02-27 12:59:35,0.00334300,2.68000000
2018-02-27 12:59:35,0.00334300,46.35000000
2018-02-27 12:59:38,0.00334200,1.34000000
2018-02-27 12:59:38,0.00334300,1.35000000
2018-02-27 12:59:41,0.00334300,1.32000000
2018-02-27 12:59:43,0.00334200,0.83000000
2018-02-27 12:59:46,0.00334300,9.17000000
2018-02-27 12:59:49,0.00334200,0.75000000
2018-02-27 12:59:54,0.00334300,10.00000000
2018-02-27 12:59:55,0.00334300,0.42000000
2018-02-27 12:59:59,0.00334400,20.67000000
