DATE,PRICE,VOLUME
2018-02-28 13:00:01,0.00319000,3.20000000
2018-02-28 13:00:02,0.00319000,1.56000000
2018-02-28 13:00:15,0.00319400,2.37000000
2018-02-28 13:00:15,0.00319400,5.20000000
2018-02-28 13:00:16,0.00319500,0.51000000
2018-02-28 13:00:17,0.00319500,2.00000000
2018-02-28 13:00:17,0.00319500,30.82000000
2018-02-28 13:00:18,0.00319500,0.51000000
2018-02-28 13:00:19,0.00319500,0.51000000
2018-02-28 13:00:19,0.00319500,0.78000000
2018-02-28 13:00:20,0.00319500,31.32000000
2018-02-28 13:00:20,0.00319500,82.95000000
2018-02-28 13:00:21,0.00319100,1.77000000
2018-02-28 13:00:24,0.00319100,8.56000000
2018-02-28 13:00:24,0.00319000,10.95000000
2018-02-28 13:00:32,0.00319500,0.64000000
2018-02-28 13:00:33,0.00319500,15.65000000
2018-02-28 13:00:41,0.00319500,5.86000000
2018-02-28 13:00:49,0.00319500,7.49000000
2018-02-28 13:00:49,0.00319500,8.63000000
2018-02-28 13:00:49,0.00319500,3.42000000
2018-02-28 13:00:50,0.00319500,5.58000000
2018-02-28 13:00:53,0.00319500,105.95000000
2018-02-28 13:00:54,0.00319500,2.22000000
2018-02-28 13:00:58,0.00319500,20.00000000
2018-02-28 13:01:09,0.00319500,3.12000000
2018-02-28 13:01:12,0.00319500,7.00000000
2018-02-28 13:01:20,0.00319500,0.90000000
2018-02-28 13:01:29,0.00319000,17.84000000
2018-02-28 13:01:39,0.00319500,50.41000000
2018-02-28 13:01:39,0.00319600,199.59000000
2018-02-28 13:01:45,0.00319000,8.81000000
2018-02-28 13:01:45,0.00319000,9.38000000
2018-02-28 13:01:46,0.00319000,31.07000000
2018-02-28 13:01:50,0.00319400,0.65000000
2018-02-28 13:01:50,0.00318900,1.10000000
2018-02-28 13:01:54,0.00319400,6.61000000
2018-02-28 13:01:54,0.00319500,73.01000000
2018-02-28 13:01:54,0.00319600,2.23000000
2018-02-28 13:01:54,0.00319800,65.43000000
2018-02-28 13:01:54,0.00319900,149.14000000
2018-02-28 13:01:54,0.00320000,107.42000000
2018-02-28 13:01:54,0.00320000,6.27000000
2018-02-28 13:01:54,0.00320000,0.92000000
2018-02-28 13:01:54,0.00320000,173.14000000
2018-02-28 13:01:55,0.00320000,18.28000000
2018-02-28 13:01:55,0.00320000,40.00000000
2018-02-28 13:01:55,0.00320000,70.00000000
2018-02-28 13:01:56,0.00320000,37.14000000
2018-02-28 13:01:57,0.00320000,37.15000000
2018-02-28 13:02:01,0.00319500,6.25000000
2018-02-28 13:02:12,0.00319500,8.15000000
2018-02-28 13:02:14,0.00319500,15.64000000
2018-02-28 13:02:24,0.00319500,5.97000000
2018-02-28 13:02:26,0.00319000,32.04000000
2018-02-28 13:02:27,0.00319400,9.40000000
2018-02-28 13:02:28,0.00318900,199.08000000
2018-02-28 13:02:29,0.00319400,0.32000000
2018-02-28 13:02:36,0.00318900,1.35000000
2018-02-28 13:02:36,0.00318600,103.78000000
2018-02-28 13:02:36,0.00318600,0.04000000
2018-02-28 13:02:37,0.00319400,7.19000000
2018-02-28 13:02:42,0.00319200,9.38000000
2018-02-28 13:02:44,0.00319200,1.14000000
2018-02-28 13:02:45,0.00319400,2.30000000
2018-02-28 13:02:47,0.00319400,2.40000000
2018-02-28 13:02:50,0.00319400,2.40000000
2018-02-28 13:02:54,0.00319400,4.02000000
2018-02-28 13:02:54,0.00319500,18.55000000
2018-02-28 13:02:55,0.00319300,9.38000000
2018-02-28 13:02:56,0.00319300,7.52000000
2018-02-28 13:02:56,0.00319300,9.38000000
2018-02-28 13:02:58,0.00319200,9.38000000
2018-02-28 13:02:59,0.00319200,2.11000000
2018-02-28 13:02:59,0.00319200,9.38000000
2018-02-28 13:03:00,0.00319200,9.38000000
2018-02-28 13:03:02,0.00319200,9.38000000
2018-02-28 13:03:03,0.00318900,2.46000000
2018-02-28 13:03:03,0.00318600,101.16000000
2018-02-28 13:03:03,0.00318500,36.36000000
2018-02-28 13:03:12,0.00318500,10.39000000
2018-02-28 13:03:12,0.00318400,17.09000000
2018-02-28 13:03:13,0.00318400,7.86000000
2018-02-28 13:03:14,0.00319000,0.94000000
2018-02-28 13:03:14,0.00319100,7.06000000
2018-02-28 13:03:14,0.00319100,2.32000000
2018-02-28 13:03:21,0.00318500,4.65000000
2018-02-28 13:03:24,0.00318500,6.27000000
2018-02-28 13:03:27,0.00318500,20.70000000
2018-02-28 13:03:27,0.00318500,4.00000000
2018-02-28 13:03:27,0.00318500,1.09000000
2018-02-28 13:03:28,0.00319100,1.56000000
2018-02-28 13:03:30,0.00319100,3.13000000
2018-02-28 13:03:31,0.00319100,15.67000000
2018-02-28 13:03:33,0.00318500,11.06000000
2018-02-28 13:03:39,0.00318500,9.41000000
2018-02-28 13:03:39,0.00318500,11.03000000
2018-02-28 13:03:39,0.00318300,14.30000000
2018-02-28 13:03:39,0.00318200,0.40000000
2018-02-28 13:03:39,0.00318100,29.61000000
2018-02-28 13:03:39,0.00318000,43.29000000
2018-02-28 13:03:41,0.00318800,4.00000000
2018-02-28 13:03:41,0.00318800,2.31000000
2018-02-28 13:03:42,0.00318900,0.32000000
2018-02-28 13:03:44,0.00318900,35.76000000
2018-02-28 13:03:45,0.00318900,15.32000000
2018-02-28 13:03:45,0.00318900,0.32000000
2018-02-28 13:03:46,0.00318800,8.28000000
2018-02-28 13:03:47,0.00318800,3.55000000
2018-02-28 13:03:47,0.00318800,1.00000000
2018-02-28 13:03:47,0.00318800,0.95000000
2018-02-28 13:03:48,0.00318800,0.72000000
2018-02-28 13:03:48,0.00318900,1.58000000
2018-02-28 13:03:48,0.00318900,5.48000000
2018-02-28 13:03:48,0.00318900,3.70000000
2018-02-28 13:03:56,0.00318200,14.55000000
2018-02-28 13:03:56,0.00318100,2.12000000
2018-02-28 13:03:56,0.00318000,0.94000000
2018-02-28 13:03:56,0.00317900,23.36000000
2018-02-28 13:03:56,0.00317800,50.01000000
2018-02-28 13:03:56,0.00317700,19.63000000
2018-02-28 13:03:56,0.00317600,29.50000000
2018-02-28 13:03:57,0.00318700,1.00000000
2018-02-28 13:04:00,0.00318700,1.00000000
2018-02-28 13:04:00,0.00318700,4.24000000
2018-02-28 13:04:01,0.00318700,1.81000000
2018-02-28 13:04:02,0.00318700,0.78000000
2018-02-28 13:04:03,0.00318700,0.59000000
2018-02-28 13:04:03,0.00318800,0.41000000
2018-02-28 13:04:04,0.00318800,0.53000000
2018-02-28 13:04:04,0.00318900,1.87000000
2018-02-28 13:04:07,0.00318800,2.40000000
2018-02-28 13:04:07,0.00318800,8.00000000
2018-02-28 13:04:07,0.00318800,49.30000000
2018-02-28 13:04:07,0.00318800,7.71000000
2018-02-28 13:04:07,0.00318900,12.00000000
2018-02-28 13:04:08,0.00318800,10.81000000
2018-02-28 13:04:08,0.00318900,1.00000000
2018-02-28 13:04:08,0.00318800,25.09000000
2018-02-28 13:04:08,0.00318800,7.19000000
2018-02-28 13:04:09,0.00318200,0.03000000
2018-02-28 13:04:10,0.00318900,3.79000000
2018-02-28 13:04:20,0.00318900,26.75000000
2018-02-28 13:04:20,0.00318400,9.39000000
2018-02-28 13:04:20,0.00318300,4.03000000
2018-02-28 13:04:21,0.00318400,0.56000000
2018-02-28 13:04:21,0.00318200,103.71000000
2018-02-28 13:04:26,0.00318900,0.53000000
2018-02-28 13:04:29,0.00318300,42.95000000
2018-02-28 13:04:31,0.00318800,2.30000000
2018-02-28 13:04:33,0.00318800,2.40000000
2018-02-28 13:04:38,0.00318800,2.51000000
2018-02-28 13:04:40,0.00318800,2.21000000
2018-02-28 13:04:40,0.00318900,0.09000000
2018-02-28 13:04:44,0.00318200,4.42000000
2018-02-28 13:04:47,0.00318800,2.50000000
2018-02-28 13:04:51,0.00318800,1.58000000
2018-02-28 13:04:53,0.00318300,9.42000000
2018-02-28 13:04:54,0.00318800,0.34000000
2018-02-28 13:04:54,0.00318900,2.26000000
2018-02-28 13:04:58,0.00318300,17.05000000
2018-02-28 13:04:58,0.00318200,15.11000000
2018-02-28 13:05:01,0.00318000,2.13000000
2018-02-28 13:05:03,0.00318600,8.54000000
2018-02-28 13:05:03,0.00318600,0.88000000
2018-02-28 13:05:03,0.00318700,1.42000000
2018-02-28 13:05:06,0.00318700,2.40000000
2018-02-28 13:05:08,0.00318700,2.30000000
2018-02-28 13:05:11,0.00318700,2.30000000
2018-02-28 13:05:11,0.00318000,30.87000000
2018-02-28 13:05:11,0.00317700,107.35000000
2018-02-28 13:05:11,0.00317600,59.30000000
2018-02-28 13:05:11,0.00317500,66.59000000
2018-02-28 13:05:11,0.00317500,104.07000000
2018-02-28 13:05:13,0.00318400,9.43000000
2018-02-28 13:05:16,0.00318500,6.69000000
2018-02-28 13:05:19,0.00318600,7.50000000
2018-02-28 13:05:27,0.00318600,2.00000000
2018-02-28 13:05:28,0.00318600,1.90000000
2018-02-28 13:05:28,0.00318600,1.90000000
2018-02-28 13:05:29,0.00318600,1.57000000
2018-02-28 13:05:29,0.00318600,2.12000000
2018-02-28 13:05:29,0.00318600,1.00000000
2018-02-28 13:05:36,0.00318900,3.13000000
2018-02-28 13:05:44,0.00318600,23.98000000
2018-02-28 13:05:45,0.00318600,0.75000000
2018-02-28 13:05:49,0.00318800,4.44000000
2018-02-28 13:05:49,0.00318900,1.87000000
2018-02-28 13:05:49,0.00318900,11.08000000
2018-02-28 13:05:49,0.00318900,3.13000000
2018-02-28 13:05:53,0.00318900,1.14000000
2018-02-28 13:05:54,0.00318900,0.62000000
2018-02-28 13:05:55,0.00318900,5.22000000
2018-02-28 13:05:55,0.00318900,9.40000000
2018-02-28 13:06:01,0.00318900,11.30000000
2018-02-28 13:06:01,0.00318600,4.37000000
2018-02-28 13:06:06,0.00318600,13.98000000
2018-02-28 13:06:06,0.00318500,6.02000000
2018-02-28 13:06:17,0.00318500,0.67000000
2018-02-28 13:06:20,0.00318100,1.26000000
2018-02-28 13:06:22,0.00318100,1.26000000
2018-02-28 13:06:24,0.00318100,1.26000000
2018-02-28 13:06:24,0.00318500,0.59000000
2018-02-28 13:06:24,0.00318700,1.71000000
2018-02-28 13:06:26,0.00318100,1.26000000
2018-02-28 13:06:31,0.00318900,1.26000000
2018-02-28 13:06:31,0.00319000,1.87000000
2018-02-28 13:06:32,0.00318300,2.89000000
2018-02-28 13:06:33,0.00319000,0.20000000
2018-02-28 13:06:34,0.00319100,3.13000000
2018-02-28 13:06:34,0.00319100,3.13000000
2018-02-28 13:06:34,0.00319000,4.00000000
2018-02-28 13:06:34,0.00318300,96.28000000
2018-02-28 13:06:34,0.00318200,0.90000000
2018-02-28 13:06:34,0.00318100,5.78000000
2018-02-28 13:06:34,0.00319000,0.90000000
2018-02-28 13:06:35,0.00318300,65.69000000
2018-02-28 13:06:36,0.00318200,1.35000000
2018-02-28 13:06:36,0.00318200,4.43000000
2018-02-28 13:06:36,0.00318300,0.03000000
2018-02-28 13:06:36,0.00318500,2.37000000
2018-02-28 13:06:37,0.00318500,43.00000000
2018-02-28 13:06:38,0.00318400,0.86000000
2018-02-28 13:06:39,0.00318400,0.08000000
2018-02-28 13:06:39,0.00318500,72.01000000
2018-02-28 13:06:42,0.00318500,1.56000000
2018-02-28 13:06:42,0.00318500,6.62000000
2018-02-28 13:06:44,0.00319000,22.13000000
2018-02-28 13:06:44,0.00319100,193.79000000
2018-02-28 13:06:44,0.00319200,4.47000000
2018-02-28 13:06:45,0.00319200,0.69000000
2018-02-28 13:06:45,0.00319200,1.56000000
2018-02-28 13:06:46,0.00318500,1.26000000
2018-02-28 13:06:48,0.00319200,8.18000000
2018-02-28 13:06:48,0.00318500,17.88000000
2018-02-28 13:06:48,0.00318200,0.12000000
2018-02-28 13:06:50,0.00319100,0.69000000
2018-02-28 13:06:52,0.00318500,1.26000000
2018-02-28 13:06:52,0.00318900,0.69000000
2018-02-28 13:06:53,0.00318900,0.69000000
2018-02-28 13:06:54,0.00318500,66.79000000
2018-02-28 13:06:56,0.00318800,0.69000000
2018-02-28 13:06:57,0.00318500,5.81000000
2018-02-28 13:06:57,0.00318900,0.69000000
2018-02-28 13:07:01,0.00319000,0.69000000
2018-02-28 13:07:01,0.00319100,1.63000000
2018-02-28 13:07:04,0.00319100,31.00000000
2018-02-28 13:07:06,0.00318900,2.08000000
2018-02-28 13:07:06,0.00319100,0.32000000
2018-02-28 13:07:10,0.00319100,93.95000000
2018-02-28 13:07:10,0.00319100,4.84000000
2018-02-28 13:07:11,0.00319100,36.26000000
2018-02-28 13:07:18,0.00318500,0.53000000
2018-02-28 13:07:28,0.00318500,12.13000000
2018-02-28 13:07:28,0.00318500,18.06000000
2018-02-28 13:07:37,0.00318500,18.73000000
2018-02-28 13:07:44,0.00319100,0.69000000
2018-02-28 13:08:03,0.00319100,0.72000000
2018-02-28 13:08:14,0.00319100,3.72000000
2018-02-28 13:08:15,0.00319100,4.00000000
2018-02-28 13:08:16,0.00319100,7.50000000
2018-02-28 13:08:18,0.00319200,1.14000000
2018-02-28 13:08:19,0.00319100,4.25000000
2018-02-28 13:08:19,0.00319100,0.38000000
2018-02-28 13:08:20,0.00319100,3.13000000
2018-02-28 13:08:33,0.00319100,22.04000000
2018-02-28 13:08:39,0.00319100,5.12000000
2018-02-28 13:08:48,0.00319100,1.00000000
2018-02-28 13:08:53,0.00319100,3.84000000
2018-02-28 13:08:53,0.00318800,0.90000000
2018-02-28 13:08:53,0.00318600,134.78000000
2018-02-28 13:08:56,0.00318600,3.13000000
2018-02-28 13:08:57,0.00318600,3.13000000
2018-02-28 13:09:21,0.00319000,60.09000000
2018-02-28 13:09:37,0.00318600,9.26000000
2018-02-28 13:09:38,0.00319000,0.02000000
2018-02-28 13:09:38,0.00319000,0.64000000
2018-02-28 13:09:39,0.00319100,2.70000000
2018-02-28 13:09:40,0.00319100,1.86000000
2018-02-28 13:09:47,0.00319000,10.00000000
2018-02-28 13:09:47,0.00319100,7.92000000
2018-02-28 13:10:35,0.00318700,11.47000000
2018-02-28 13:10:55,0.00319000,7.69000000
2018-02-28 13:11:14,0.00319000,1.00000000
2018-02-28 13:11:14,0.00319100,3.60000000
2018-02-28 13:11:20,0.00318700,5.32000000
2018-02-28 13:11:21,0.00319100,1.78000000
2018-02-28 13:11:40,0.00319000,1.25000000
2018-02-28 13:11:41,0.00319000,6.99000000
2018-02-28 13:11:41,0.00319000,2.56000000
2018-02-28 13:11:44,0.00319000,4.43000000
2018-02-28 13:11:56,0.00319000,4.83000000
2018-02-28 13:12:00,0.00319100,34.87000000
2018-02-28 13:12:00,0.00319200,75.70000000
2018-02-28 13:12:01,0.00319200,91.49000000
2018-02-28 13:12:02,0.00319200,8.40000000
2018-02-28 13:12:02,0.00319200,3.64000000
2018-02-28 13:12:17,0.00319200,1.00000000
2018-02-28 13:12:21,0.00319100,4.97000000
2018-02-28 13:12:23,0.00319100,5.25000000
2018-02-28 13:12:28,0.00319100,82.90000000
2018-02-28 13:12:37,0.00319000,62.82000000
2018-02-28 13:12:37,0.00318900,77.15000000
2018-02-28 13:12:46,0.00318800,0.22000000
2018-02-28 13:12:51,0.00319100,4.68000000
2018-02-28 13:13:02,0.00319100,103.80000000
2018-02-28 13:13:06,0.00318900,33.01000000
2018-02-28 13:13:14,0.00318900,2.00000000
2018-02-28 13:13:19,0.00319100,1.56000000
2018-02-28 13:13:25,0.00319100,31.11000000
2018-02-28 13:13:25,0.00319200,168.89000000
2018-02-28 13:13:25,0.00319200,3.13000000
2018-02-28 13:13:26,0.00319000,5.09000000
2018-02-28 13:13:40,0.00319200,2.00000000
2018-02-28 13:13:59,0.00319100,7.65000000
2018-02-28 13:14:00,0.00319200,0.93000000
2018-02-28 13:14:09,0.00319200,392.68000000
2018-02-28 13:14:12,0.00319000,1.99000000
2018-02-28 13:14:20,0.00319200,1.49000000
2018-02-28 13:14:32,0.00319200,0.50000000
2018-02-28 13:14:34,0.00319200,0.50000000
2018-02-28 13:14:35,0.00319200,124.63000000
2018-02-28 13:14:36,0.00319200,3.13000000
2018-02-28 13:14:46,0.00319100,0.50000000
2018-02-28 13:14:47,0.00319100,0.45000000
2018-02-28 13:14:47,0.00319200,0.05000000
2018-02-28 13:14:51,0.00319200,156.64000000
2018-02-28 13:14:51,0.00319200,1.23000000
2018-02-28 13:14:57,0.00319200,0.50000000
2018-02-28 13:15:00,0.00319200,227.73000000
2018-02-28 13:15:00,0.00319200,1.00000000
2018-02-28 13:15:02,0.00319200,5.09000000
2018-02-28 13:15:06,0.00319200,5.22000000
2018-02-28 13:15:27,0.00319500,3.08000000
2018-02-28 13:15:36,0.00319500,2.71000000
2018-02-28 13:15:49,0.00319500,2.98000000
2018-02-28 13:16:03,0.00319500,4.06000000
2018-02-28 13:16:09,0.00319500,1.97000000
2018-02-28 13:16:11,0.00319500,1.00000000
2018-02-28 13:16:14,0.00319500,3.52000000
2018-02-28 13:16:18,0.00319600,0.46000000
2018-02-28 13:16:18,0.00319700,0.24000000
2018-02-28 13:16:23,0.00319700,3.83000000
2018-02-28 13:16:41,0.00319700,2.48000000
2018-02-28 13:16:50,0.00319700,4.00000000
2018-02-28 13:17:03,0.00319700,11.05000000
2018-02-28 13:17:03,0.00319800,6.67000000
2018-02-28 13:17:10,0.00319800,43.72000000
2018-02-28 13:17:10,0.00319900,1.55000000
2018-02-28 13:17:15,0.00319900,28.45000000
2018-02-28 13:17:15,0.00319900,2.82000000
2018-02-28 13:17:18,0.00319900,0.29000000
2018-02-28 13:17:18,0.00320000,13.46000000
2018-02-28 13:17:26,0.00320000,68.22000000
2018-02-28 13:17:27,0.00320000,0.95000000
2018-02-28 13:17:32,0.00319600,0.96000000
2018-02-28 13:17:40,0.00319700,9.98000000
2018-02-28 13:17:43,0.00319700,108.55000000
2018-02-28 13:17:44,0.00319900,3.54000000
2018-02-28 13:17:44,0.00319700,23.59000000
2018-02-28 13:18:04,0.00319700,5.75000000
2018-02-28 13:18:04,0.00319400,1.42000000
2018-02-28 13:18:05,0.00320000,2.52000000
2018-02-28 13:18:06,0.00319900,0.95000000
2018-02-28 13:18:11,0.00319700,1.99000000
2018-02-28 13:18:17,0.00320000,31.28000000
2018-02-28 13:18:17,0.00320000,6.33000000
2018-02-28 13:18:18,0.00320000,31.28000000
2018-02-28 13:18:18,0.00320000,56.00000000
2018-02-28 13:18:21,0.00320000,18.09000000
2018-02-28 13:18:24,0.00320000,83.64000000
2018-02-28 13:18:26,0.00320000,31.25000000
2018-02-28 13:18:27,0.00320000,31.22000000
2018-02-28 13:18:32,0.00320000,3.12000000
2018-02-28 13:18:59,0.00319700,2.85000000
2018-02-28 13:19:03,0.00320000,0.84000000
2018-02-28 13:19:03,0.00319700,2.47000000
2018-02-28 13:19:03,0.00319600,9.80000000
2018-02-28 13:19:03,0.00319500,2.47000000
2018-02-28 13:19:03,0.00319400,10.71000000
2018-02-28 13:19:04,0.00320000,200.00000000
2018-02-28 13:19:04,0.00320000,42.59000000
2018-02-28 13:19:07,0.00320000,6.93000000
2018-02-28 13:19:08,0.00320000,0.50000000
2018-02-28 13:19:16,0.00320000,7.69000000
2018-02-28 13:19:17,0.00320300,1.28000000
2018-02-28 13:19:19,0.00320000,0.32000000
2018-02-28 13:19:23,0.00320300,10.44000000
2018-02-28 13:19:28,0.00320300,4.91000000
2018-02-28 13:19:28,0.00320300,25.31000000
2018-02-28 13:19:31,0.00320300,1.00000000
2018-02-28 13:19:34,0.00320300,67.28000000
2018-02-28 13:19:36,0.00320500,47.65000000
2018-02-28 13:19:41,0.00320100,1.35000000
2018-02-28 13:19:49,0.00320500,24.11000000
2018-02-28 13:19:54,0.00320500,4.00000000
2018-02-28 13:19:58,0.00320200,1.17000000
2018-02-28 13:19:58,0.00320100,28.82000000
2018-02-28 13:20:05,0.00320200,3.09000000
2018-02-28 13:20:10,0.00320200,3.01000000
2018-02-28 13:20:10,0.00320100,61.67000000
2018-02-28 13:20:22,0.00320500,4.59000000
2018-02-28 13:20:22,0.00320600,5.97000000
2018-02-28 13:20:22,0.00320800,0.32000000
2018-02-28 13:20:22,0.00321000,39.12000000
2018-02-28 13:20:22,0.00321000,16.50000000
2018-02-28 13:20:27,0.00320200,68.56000000
2018-02-28 13:20:29,0.00320900,0.78000000
2018-02-28 13:20:29,0.00321000,3.00000000
2018-02-28 13:20:29,0.00321000,21.80000000
2018-02-28 13:20:30,0.00320300,3.12000000
2018-02-28 13:20:34,0.00320300,5.60000000
2018-02-28 13:20:38,0.00320300,0.17000000
2018-02-28 13:20:38,0.00320200,3.95000000
2018-02-28 13:20:39,0.00320300,0.75000000
2018-02-28 13:20:40,0.00320800,0.66000000
2018-02-28 13:20:42,0.00320100,2.50000000
2018-02-28 13:20:43,0.00320100,23.16000000
2018-02-28 13:20:44,0.00320100,1.98000000
2018-02-28 13:20:44,0.00320000,17.72000000
2018-02-28 13:20:45,0.00320000,19.02000000
2018-02-28 13:20:48,0.00320100,21.93000000
2018-02-28 13:20:48,0.00320000,55.63000000
2018-02-28 13:20:48,0.00320000,1.33000000
2018-02-28 13:20:49,0.00320100,3.95000000
2018-02-28 13:20:55,0.00320100,10.00000000
2018-02-28 13:20:58,0.00320100,1.03000000
2018-02-28 13:20:59,0.00320600,16.15000000
2018-02-28 13:20:59,0.00320700,8.70000000
2018-02-28 13:20:59,0.00321100,5.50000000
2018-02-28 13:20:59,0.00321300,1.88000000
2018-02-28 13:20:59,0.00321400,22.42000000
2018-02-28 13:21:00,0.00320100,7.68000000
2018-02-28 13:21:00,0.00319700,8.00000000
2018-02-28 13:21:01,0.00319800,0.90000000
2018-02-28 13:21:01,0.00319700,6.78000000
2018-02-28 13:21:02,0.00320000,2.50000000
2018-02-28 13:21:02,0.00320000,5.50000000
2018-02-28 13:21:02,0.00320100,0.81000000
2018-02-28 13:21:08,0.00321100,20.21000000
2018-02-28 13:21:08,0.00321200,4.50000000
2018-02-28 13:21:08,0.00321300,2.50000000
2018-02-28 13:21:08,0.00321500,27.61000000
2018-02-28 13:21:10,0.00321100,36.73000000
2018-02-28 13:21:10,0.00321400,11.51000000
2018-02-28 13:21:10,0.00321100,0.01000000
2018-02-28 13:21:10,0.00320500,6.23000000
2018-02-28 13:21:11,0.00320500,0.32000000
2018-02-28 13:21:11,0.00320500,2.81000000
2018-02-28 13:21:12,0.00320200,1.82000000
2018-02-28 13:21:12,0.00320200,2.43000000
2018-02-28 13:21:18,0.00320200,3.08000000
2018-02-28 13:21:19,0.00320100,31.23000000
2018-02-28 13:21:19,0.00320100,27.32000000
2018-02-28 13:21:22,0.00320200,0.57000000
2018-02-28 13:21:22,0.00320500,6.28000000
2018-02-28 13:21:23,0.00320200,31.23000000
2018-02-28 13:21:23,0.00320200,28.19000000
2018-02-28 13:21:26,0.00320200,0.01000000
2018-02-28 13:21:26,0.00320100,7.65000000
2018-02-28 13:21:26,0.00320500,11.64000000
2018-02-28 13:21:26,0.00320100,82.46000000
2018-02-28 13:21:26,0.00320000,50.00000000
2018-02-28 13:21:26,0.00319900,3.08000000
2018-02-28 13:21:26,0.00319800,98.52000000
2018-02-28 13:21:27,0.00320000,7.29000000
2018-02-28 13:21:27,0.00319800,6.99000000
2018-02-28 13:21:28,0.00320000,0.01000000
2018-02-28 13:21:28,0.00320500,3.11000000
2018-02-28 13:21:28,0.00319800,7.24000000
2018-02-28 13:21:29,0.00319800,6.80000000
2018-02-28 13:21:32,0.00320300,10.13000000
2018-02-28 13:21:33,0.00320300,1.51000000
2018-02-28 13:21:45,0.00320700,9.36000000
2018-02-28 13:21:45,0.00320700,67.02000000
2018-02-28 13:22:07,0.00320500,11.92000000
2018-02-28 13:22:07,0.00320600,26.30000000
2018-02-28 13:22:07,0.00320700,84.24000000
2018-02-28 13:22:07,0.00320700,27.32000000
2018-02-28 13:22:07,0.00319900,59.37000000
2018-02-28 13:22:07,0.00319800,24.87000000
2018-02-28 13:22:14,0.00320300,3.00000000
2018-02-28 13:22:20,0.00320000,49.05000000
2018-02-28 13:22:25,0.00320000,1.44000000
2018-02-28 13:22:26,0.00320000,3.79000000
2018-02-28 13:22:50,0.00320100,26.28000000
2018-02-28 13:22:50,0.00320000,215.52000000
2018-02-28 13:22:51,0.00319900,17.05000000
2018-02-28 13:22:53,0.00320000,18.71000000
2018-02-28 13:22:54,0.00320000,15.05000000
2018-02-28 13:22:56,0.00320000,112.37000000
2018-02-28 13:22:57,0.00320000,9.59000000
2018-02-28 13:23:00,0.00320000,0.38000000
2018-02-28 13:23:02,0.00319900,5.16000000
2018-02-28 13:23:03,0.00319900,2.94000000
2018-02-28 13:23:09,0.00320000,3.45000000
2018-02-28 13:23:12,0.00320000,3.45000000
2018-02-28 13:23:13,0.00320000,0.10000000
2018-02-28 13:23:15,0.00320000,3.27000000
2018-02-28 13:23:15,0.00320000,3.45000000
2018-02-28 13:23:18,0.00320000,3.45000000
2018-02-28 13:23:20,0.00320000,3.45000000
2018-02-28 13:23:23,0.00320000,3.45000000
2018-02-28 13:23:24,0.00320000,21.17000000
2018-02-28 13:23:26,0.00320000,1.00000000
2018-02-28 13:23:30,0.00320000,0.10000000
2018-02-28 13:23:36,0.00319900,1.31000000
2018-02-28 13:23:36,0.00319900,7.26000000
2018-02-28 13:23:40,0.00320000,17.23000000
2018-02-28 13:23:43,0.00320000,1.00000000
2018-02-28 13:23:45,0.00320000,57.35000000
2018-02-28 13:24:17,0.00320900,15.15000000
2018-02-28 13:24:19,0.00320400,11.22000000
2018-02-28 13:24:30,0.00320700,3.11000000
2018-02-28 13:24:33,0.00320700,29.22000000
2018-02-28 13:24:40,0.00320700,3.73000000
2018-02-28 13:24:42,0.00320700,2.98000000
2018-02-28 13:24:44,0.00320300,1.57000000
2018-02-28 13:24:52,0.00320700,7.25000000
2018-02-28 13:25:01,0.00320600,1.57000000
2018-02-28 13:25:01,0.00320700,4.66000000
2018-02-28 13:25:02,0.00320700,2.87000000
2018-02-28 13:25:08,0.00320700,53.20000000
2018-02-28 13:25:09,0.00320700,15.59000000
2018-02-28 13:25:09,0.00320700,16.07000000
2018-02-28 13:25:09,0.00320700,0.38000000
2018-02-28 13:25:10,0.00320800,1.56000000
2018-02-28 13:25:12,0.00320800,15.59000000
2018-02-28 13:25:13,0.00320800,14.26000000
2018-02-28 13:25:15,0.00321000,108.88000000
2018-02-28 13:25:16,0.00321000,9.35000000
2018-02-28 13:25:16,0.00321000,2.78000000
2018-02-28 13:25:16,0.00321000,23.93000000
2018-02-28 13:25:17,0.00320800,3.13000000
2018-02-28 13:25:17,0.00320800,3.00000000
2018-02-28 13:25:17,0.00320800,13.09000000
2018-02-28 13:25:23,0.00320800,0.32000000
2018-02-28 13:25:26,0.00321000,10.72000000
2018-02-28 13:25:26,0.00321000,4.99000000
2018-02-28 13:25:26,0.00321000,16.09000000
2018-02-28 13:25:26,0.00321000,0.78000000
2018-02-28 13:25:26,0.00321000,28.27000000
2018-02-28 13:25:26,0.00320800,21.80000000
2018-02-28 13:25:29,0.00321100,31.25000000
2018-02-28 13:25:29,0.00321100,38.42000000
2018-02-28 13:25:29,0.00320900,120.15000000
2018-02-28 13:25:30,0.00320900,24.87000000
2018-02-28 13:25:32,0.00320900,1.56000000
2018-02-28 13:25:32,0.00321000,2.32000000
2018-02-28 13:25:33,0.00321000,3.13000000
2018-02-28 13:25:33,0.00321000,85.50000000
2018-02-28 13:25:36,0.00321000,2.14000000
2018-02-28 13:25:36,0.00321100,10.42000000
2018-02-28 13:25:37,0.00320900,6.22000000
2018-02-28 13:25:41,0.00321000,11.80000000
2018-02-28 13:25:43,0.00320900,15.58000000
2018-02-28 13:25:47,0.00320900,31.42000000
2018-02-28 13:25:47,0.00320900,3.11000000
2018-02-28 13:25:54,0.00320900,6.23000000
2018-02-28 13:25:55,0.00320900,2.87000000
2018-02-28 13:25:55,0.00320900,6.07000000
2018-02-28 13:25:55,0.00320800,29.77000000
2018-02-28 13:25:59,0.00320700,0.57000000
2018-02-28 13:25:59,0.00320800,6.28000000
2018-02-28 13:25:59,0.00320700,3.85000000
2018-02-28 13:26:00,0.00320700,1.91000000
2018-02-28 13:26:03,0.00320800,3.66000000
2018-02-28 13:26:03,0.00320800,6.23000000
2018-02-28 13:26:05,0.00320800,4.99000000
2018-02-28 13:26:07,0.00320800,7.00000000
2018-02-28 13:26:09,0.00320900,0.82000000
2018-02-28 13:26:09,0.00320800,8.53000000
2018-02-28 13:26:10,0.00321000,1.33000000
2018-02-28 13:26:13,0.00320800,5.40000000
2018-02-28 13:26:20,0.00320800,5.00000000
2018-02-28 13:26:27,0.00320900,3.12000000
2018-02-28 13:26:28,0.00320900,13.13000000
2018-02-28 13:26:29,0.00320900,3.54000000
2018-02-28 13:26:29,0.00320900,1.50000000
2018-02-28 13:26:32,0.00321000,9.99000000
2018-02-28 13:26:34,0.00321000,6.23000000
2018-02-28 13:26:35,0.00321200,13.41000000
2018-02-28 13:26:35,0.00321000,1.00000000
2018-02-28 13:26:39,0.00321000,213.10000000
2018-02-28 13:26:39,0.00320900,24.59000000
2018-02-28 13:26:41,0.00320900,15.23000000
2018-02-28 13:26:44,0.00320900,25.47000000
2018-02-28 13:26:54,0.00320900,92.99000000
2018-02-28 13:26:55,0.00321000,3.56000000
2018-02-28 13:26:55,0.00321200,47.36000000
2018-02-28 13:26:55,0.00321300,30.36000000
2018-02-28 13:26:55,0.00321400,59.76000000
2018-02-28 13:26:56,0.00321000,101.07000000
2018-02-28 13:26:56,0.00320900,242.04000000
2018-02-28 13:26:56,0.00320900,1.65000000
2018-02-28 13:27:02,0.00321000,4.00000000
2018-02-28 13:27:02,0.00321000,15.41000000
2018-02-28 13:27:02,0.00320900,54.59000000
2018-02-28 13:27:02,0.00320900,40.00000000
2018-02-28 13:27:03,0.00320900,22.39000000
2018-02-28 13:27:05,0.00321000,2.28000000
2018-02-28 13:27:05,0.00320900,43.31000000
2018-02-28 13:27:11,0.00321000,40.43000000
2018-02-28 13:27:17,0.00321100,7.25000000
2018-02-28 13:27:17,0.00321100,3.11000000
2018-02-28 13:27:18,0.00321100,3.66000000
2018-02-28 13:27:18,0.00321000,27.14000000
2018-02-28 13:27:22,0.00321000,5.00000000
2018-02-28 13:27:22,0.00321000,5.38000000
2018-02-28 13:27:22,0.00321000,0.38000000
2018-02-28 13:27:22,0.00321000,3.13000000
2018-02-28 13:27:24,0.00321000,5.30000000
2018-02-28 13:27:24,0.00321000,18.18000000
2018-02-28 13:27:25,0.00321000,5.39000000
2018-02-28 13:27:32,0.00321000,30.00000000
2018-02-28 13:27:32,0.00321000,17.04000000
2018-02-28 13:27:37,0.00321300,4.82000000
2018-02-28 13:27:37,0.00321400,3.91000000
2018-02-28 13:27:38,0.00321000,1.57000000
2018-02-28 13:27:40,0.00321400,36.40000000
2018-02-28 13:27:40,0.00321200,1.57000000
2018-02-28 13:27:41,0.00321200,1.00000000
2018-02-28 13:27:41,0.00321400,66.18000000
2018-02-28 13:27:41,0.00321400,46.71000000
2018-02-28 13:27:41,0.00321200,1.57000000
2018-02-28 13:27:42,0.00321200,10.93000000
2018-02-28 13:27:47,0.00321000,10.60000000
2018-02-28 13:27:49,0.00321100,4.42000000
2018-02-28 13:27:51,0.00321100,4.42000000
2018-02-28 13:27:53,0.00321200,1.80000000
2018-02-28 13:27:53,0.00321100,2.62000000
2018-02-28 13:27:58,0.00321100,62.28000000
2018-02-28 13:27:58,0.00321100,3.13000000
2018-02-28 13:28:02,0.00321500,3.08000000
2018-02-28 13:28:02,0.00321600,27.33000000
2018-02-28 13:28:05,0.00321100,0.66000000
2018-02-28 13:28:09,0.00321600,32.59000000
2018-02-28 13:28:09,0.00321100,62.28000000
2018-02-28 13:28:17,0.00321500,3.08000000
2018-02-28 13:28:17,0.00321600,6.92000000
2018-02-28 13:28:18,0.00321100,0.99000000
2018-02-28 13:28:18,0.00321100,2.31000000
2018-02-28 13:28:20,0.00321600,101.06000000
2018-02-28 13:28:23,0.00321100,62.28000000
2018-02-28 13:28:27,0.00321600,18.33000000
2018-02-28 13:28:27,0.00321700,88.04000000
2018-02-28 13:28:29,0.00321700,52.83000000
2018-02-28 13:28:29,0.00321800,26.98000000
2018-02-28 13:28:29,0.00321900,14.94000000
2018-02-28 13:28:29,0.00321800,4.66000000
2018-02-28 13:28:29,0.00321800,0.81000000
2018-02-28 13:28:29,0.00321800,50.11000000
2018-02-28 13:28:29,0.00321800,5.20000000
2018-02-28 13:28:29,0.00321800,24.53000000
2018-02-28 13:28:29,0.00321300,2.53000000
2018-02-28 13:28:29,0.00321300,18.00000000
2018-02-28 13:28:30,0.00321300,6.22000000
2018-02-28 13:28:30,0.00321300,14.96000000
2018-02-28 13:28:30,0.00321800,51.03000000
2018-02-28 13:28:35,0.00321200,0.77000000
2018-02-28 13:28:37,0.00321200,53.51000000
2018-02-28 13:28:37,0.00321600,8.20000000
2018-02-28 13:28:38,0.00321600,7.54000000
2018-02-28 13:28:39,0.00321300,0.38000000
2018-02-28 13:28:50,0.00321500,146.69000000
2018-02-28 13:28:51,0.00321500,0.04000000
2018-02-28 13:28:56,0.00321600,19.73000000
2018-02-28 13:28:57,0.00321300,3.13000000
2018-02-28 13:28:59,0.00321500,6.91000000
2018-02-28 13:29:01,0.00321600,6.91000000
2018-02-28 13:29:02,0.00321600,9.32000000
2018-02-28 13:29:02,0.00321600,9.32000000
2018-02-28 13:29:02,0.00321500,21.17000000
2018-02-28 13:29:02,0.00321500,5.01000000
2018-02-28 13:29:03,0.00321500,1.00000000
2018-02-28 13:29:03,0.00321500,69.97000000
2018-02-28 13:29:03,0.00321800,0.05000000
2018-02-28 13:29:03,0.00321900,119.36000000
2018-02-28 13:29:05,0.00321500,0.77000000
2018-02-28 13:29:07,0.00321500,70.00000000
2018-02-28 13:29:09,0.00321900,11.54000000
2018-02-28 13:29:09,0.00322000,53.49000000
2018-02-28 13:29:09,0.00321500,70.00000000
2018-02-28 13:29:10,0.00321800,0.46000000
2018-02-28 13:29:10,0.00322000,0.01000000
2018-02-28 13:29:10,0.00322200,5.74000000
2018-02-28 13:29:11,0.00321600,26.63000000
2018-02-28 13:29:11,0.00321500,41.69000000
2018-02-28 13:29:13,0.00322000,10.00000000
2018-02-28 13:29:16,0.00322300,0.83000000
2018-02-28 13:29:17,0.00322300,0.32000000
2018-02-28 13:29:17,0.00322400,56.61000000
2018-02-28 13:29:19,0.00322300,1.56000000
2018-02-28 13:29:19,0.00322400,17.32000000
2018-02-28 13:29:21,0.00321700,3.00000000
2018-02-28 13:29:26,0.00322200,3.00000000
2018-02-28 13:29:26,0.00322300,60.30000000
2018-02-28 13:29:26,0.00322400,1.98000000
2018-02-28 13:29:26,0.00322500,71.31000000
2018-02-28 13:29:33,0.00322300,18.16000000
2018-02-28 13:29:33,0.00321900,2.00000000
2018-02-28 13:29:34,0.00321900,2.88000000
2018-02-28 13:29:35,0.00322300,60.00000000
2018-02-28 13:29:35,0.00321900,2.88000000
2018-02-28 13:29:36,0.00321900,6.41000000
2018-02-28 13:29:39,0.00321900,0.99000000
2018-02-28 13:29:43,0.00321900,0.52000000
2018-02-28 13:29:45,0.00321900,2.00000000
2018-02-28 13:29:47,0.00322400,0.01000000
2018-02-28 13:29:52,0.00322400,17.51000000
2018-02-28 13:29:52,0.00322400,43.69000000
2018-02-28 13:29:52,0.00322400,0.59000000
2018-02-28 13:29:52,0.00322000,17.52000000
2018-02-28 13:29:53,0.00322100,3.11000000
2018-02-28 13:29:53,0.00322100,4.66000000
2018-02-28 13:29:54,0.00322100,0.12000000
2018-02-28 13:29:54,0.00322000,2.25000000
2018-02-28 13:29:56,0.00322000,0.34000000
2018-02-28 13:30:04,0.00322400,0.44000000
2018-02-28 13:30:05,0.00322400,0.97000000
2018-02-28 13:30:05,0.00322600,7.08000000
2018-02-28 13:30:06,0.00322400,6.71000000
2018-02-28 13:30:07,0.00322400,0.64000000
2018-02-28 13:30:07,0.00322100,0.66000000
2018-02-28 13:30:08,0.00322400,0.64000000
2018-02-28 13:30:08,0.00322400,7.36000000
2018-02-28 13:30:09,0.00322200,2.18000000
2018-02-28 13:30:09,0.00322200,58.38000000
2018-02-28 13:30:09,0.00322100,3.11000000
2018-02-28 13:30:09,0.00322100,1.56000000
2018-02-28 13:30:10,0.00322100,16.90000000
2018-02-28 13:30:12,0.00322100,16.09000000
2018-02-28 13:30:12,0.00322000,27.37000000
2018-02-28 13:30:15,0.00322400,0.01000000
2018-02-28 13:30:15,0.00322600,10.44000000
2018-02-28 13:30:15,0.00322600,2.64000000
2018-02-28 13:30:19,0.00322200,10.66000000
2018-02-28 13:30:24,0.00322200,0.01000000
2018-02-28 13:30:24,0.00322100,0.02000000
2018-02-28 13:30:26,0.00322200,23.32000000
2018-02-28 13:30:27,0.00322200,3.26000000
2018-02-28 13:30:27,0.00322100,2.53000000
2018-02-28 13:30:32,0.00322100,0.43000000
2018-02-28 13:30:35,0.00322100,50.54000000
2018-02-28 13:30:41,0.00322200,1.71000000
2018-02-28 13:30:42,0.00322200,7.52000000
2018-02-28 13:30:48,0.00322500,1.55000000
2018-02-28 13:30:56,0.00322400,26.58000000
2018-02-28 13:30:56,0.00322500,9.82000000
2018-02-28 13:30:57,0.00322500,1.58000000
2018-02-28 13:30:57,0.00322500,0.59000000
2018-02-28 13:30:57,0.00322500,0.09000000
2018-02-28 13:30:57,0.00322500,57.45000000
2018-02-28 13:30:58,0.00322500,23.32000000
2018-02-28 13:31:00,0.00322500,8.58000000
2018-02-28 13:31:01,0.00322500,7.35000000
2018-02-28 13:31:01,0.00322500,31.00000000
2018-02-28 13:31:01,0.00322500,23.87000000
2018-02-28 13:31:02,0.00322400,23.10000000
2018-02-28 13:31:03,0.00322700,7.93000000
2018-02-28 13:31:03,0.00322700,1.97000000
2018-02-28 13:31:03,0.00322800,1.13000000
2018-02-28 13:31:03,0.00322400,0.49000000
2018-02-28 13:31:05,0.00322400,3.12000000
2018-02-28 13:31:07,0.00322800,13.63000000
2018-02-28 13:31:10,0.00322800,20.35000000
2018-02-28 13:31:11,0.00322800,10.35000000
2018-02-28 13:31:12,0.00322400,21.29000000
2018-02-28 13:31:15,0.00322800,3.10000000
2018-02-28 13:31:15,0.00322500,9.15000000
2018-02-28 13:31:28,0.00322800,18.49000000
2018-02-28 13:31:28,0.00322800,25.00000000
2018-02-28 13:31:32,0.00322800,3.45000000
2018-02-28 13:31:32,0.00322500,90.90000000
2018-02-28 13:31:33,0.00322800,82.73000000
2018-02-28 13:31:36,0.00322800,0.32000000
2018-02-28 13:31:40,0.00322800,8.37000000
2018-02-28 13:31:50,0.00322800,9.29000000
2018-02-28 13:31:51,0.00322800,16.26000000
2018-02-28 13:31:52,0.00322900,0.78000000
2018-02-28 13:32:00,0.00322800,9.29000000
2018-02-28 13:32:06,0.00322800,16.14000000
2018-02-28 13:32:07,0.00322800,5.33000000
2018-02-28 13:32:08,0.00322800,9.29000000
2018-02-28 13:32:08,0.00322800,62.91000000
2018-02-28 13:32:12,0.00322900,1.75000000
2018-02-28 13:32:13,0.00322900,0.60000000
2018-02-28 13:32:13,0.00323000,0.43000000
2018-02-28 13:32:16,0.00323000,20.00000000
2018-02-28 13:32:16,0.00323000,17.57000000
2018-02-28 13:32:20,0.00323000,2.18000000
2018-02-28 13:32:22,0.00323000,2.38000000
2018-02-28 13:32:24,0.00322900,61.64000000
2018-02-28 13:32:28,0.00323000,16.71000000
2018-02-28 13:32:29,0.00322900,72.40000000
2018-02-28 13:32:29,0.00323000,15.62000000
2018-02-28 13:32:30,0.00323000,24.76000000
2018-02-28 13:32:31,0.00323100,13.36000000
2018-02-28 13:32:32,0.00323000,0.01000000
2018-02-28 13:32:32,0.00323100,11.63000000
2018-02-28 13:32:34,0.00323000,26.10000000
2018-02-28 13:32:36,0.00323000,12.38000000
2018-02-28 13:32:40,0.00323000,0.51000000
2018-02-28 13:32:40,0.00323100,3.46000000
2018-02-28 13:32:40,0.00323200,49.54000000
2018-02-28 13:32:43,0.00323000,12.38000000
2018-02-28 13:32:43,0.00323200,0.09000000
2018-02-28 13:32:45,0.00323200,90.71000000
2018-02-28 13:32:46,0.00323000,30.94000000
2018-02-28 13:32:47,0.00323000,7.29000000
2018-02-28 13:32:49,0.00323000,9.04000000
2018-02-28 13:32:49,0.00323100,0.03000000
2018-02-28 13:32:54,0.00323100,12.80000000
2018-02-28 13:32:55,0.00323100,7.51000000
2018-02-28 13:32:57,0.00323200,19.44000000
2018-02-28 13:32:58,0.00323200,12.45000000
2018-02-28 13:32:59,0.00323100,1.15000000
2018-02-28 13:32:59,0.00323200,6.70000000
2018-02-28 13:33:00,0.00323100,12.06000000
2018-02-28 13:33:03,0.00323100,15.47000000
2018-02-28 13:33:05,0.00323200,100.00000000
2018-02-28 13:33:07,0.00323200,9.23000000
2018-02-28 13:33:08,0.00323200,39.19000000
2018-02-28 13:33:09,0.00323200,18.56000000
2018-02-28 13:33:10,0.00323200,1.00000000
2018-02-28 13:33:12,0.00323600,0.80000000
2018-02-28 13:33:12,0.00323200,3.00000000
2018-02-28 13:33:15,0.00323600,0.80000000
2018-02-28 13:33:15,0.00323600,16.41000000
2018-02-28 13:33:15,0.00323600,2.29000000
2018-02-28 13:33:15,0.00323600,56.32000000
2018-02-28 13:33:15,0.00323200,22.13000000
2018-02-28 13:33:15,0.00323200,1.39000000
2018-02-28 13:33:16,0.00323200,3.10000000
2018-02-28 13:33:16,0.00323200,17.22000000
2018-02-28 13:33:17,0.00323200,24.60000000
2018-02-28 13:33:20,0.00323300,16.48000000
2018-02-28 13:33:20,0.00323300,1.39000000
2018-02-28 13:33:21,0.00323300,16.48000000
2018-02-28 13:33:22,0.00323300,0.38000000
2018-02-28 13:33:22,0.00323300,5.22000000
2018-02-28 13:33:25,0.00323300,16.44000000
2018-02-28 13:33:25,0.00323600,11.43000000
2018-02-28 13:33:26,0.00323300,33.07000000
2018-02-28 13:33:28,0.00323600,2.74000000
2018-02-28 13:33:28,0.00323600,9.00000000
2018-02-28 13:33:30,0.00323300,22.33000000
2018-02-28 13:33:31,0.00323300,21.07000000
2018-02-28 13:33:31,0.00323300,36.08000000
2018-02-28 13:33:32,0.00323200,39.66000000
2018-02-28 13:33:33,0.00323200,49.50000000
2018-02-28 13:33:35,0.00323200,0.77000000
2018-02-28 13:33:35,0.00323200,1.32000000
2018-02-28 13:33:35,0.00323200,0.39000000
2018-02-28 13:33:35,0.00323600,4.34000000
2018-02-28 13:33:35,0.00323700,0.99000000
2018-02-28 13:33:36,0.00323600,0.56000000
2018-02-28 13:33:36,0.00323600,0.31000000
2018-02-28 13:33:36,0.00323200,3.38000000
2018-02-28 13:33:38,0.00323200,1.09000000
2018-02-28 13:33:39,0.00323200,6.00000000
2018-02-28 13:33:39,0.00323200,24.75000000
2018-02-28 13:33:40,0.00323200,5.00000000
2018-02-28 13:33:41,0.00323200,0.69000000
2018-02-28 13:33:43,0.00323300,3.50000000
2018-02-28 13:33:45,0.00323500,26.07000000
2018-02-28 13:33:46,0.00323500,26.07000000
2018-02-28 13:33:46,0.00323500,3.10000000
2018-02-28 13:33:46,0.00323500,55.56000000
2018-02-28 13:33:46,0.00323200,3.10000000
2018-02-28 13:33:46,0.00323200,27.77000000
2018-02-28 13:33:49,0.00323200,4.00000000
2018-02-28 13:33:53,0.00323300,18.62000000
2018-02-28 13:33:54,0.00323300,9.99000000
2018-02-28 13:33:55,0.00323300,6.18000000
2018-02-28 13:33:58,0.00323300,3.88000000
2018-02-28 13:34:03,0.00323300,9.27000000
2018-02-28 13:34:06,0.00323600,3.82000000
2018-02-28 13:34:06,0.00323600,3.10000000
2018-02-28 13:34:06,0.00323600,24.08000000
2018-02-28 13:34:07,0.00323200,9.62000000
2018-02-28 13:34:08,0.00323400,1.00000000
2018-02-28 13:34:09,0.00323400,7.45000000
2018-02-28 13:34:09,0.00323200,23.49000000
2018-02-28 13:34:10,0.00323700,28.01000000
2018-02-28 13:34:10,0.00323700,104.34000000
2018-02-28 13:34:10,0.00323700,104.36000000
2018-02-28 13:34:13,0.00323200,6.19000000
2018-02-28 13:34:13,0.00323100,43.81000000
2018-02-28 13:34:15,0.00323100,0.34000000
2018-02-28 13:34:15,0.00323100,3.27000000
2018-02-28 13:34:16,0.00323500,6.17000000
2018-02-28 13:34:16,0.00323600,3.82000000
2018-02-28 13:34:16,0.00323800,1.15000000
2018-02-28 13:34:16,0.00323900,1.80000000
2018-02-28 13:34:16,0.00324000,1.83000000
2018-02-28 13:34:17,0.00323300,0.78000000
2018-02-28 13:34:23,0.00323600,53.00000000
2018-02-28 13:34:24,0.00323600,0.95000000
2018-02-28 13:34:24,0.00323600,48.61000000
2018-02-28 13:34:25,0.00323500,41.56000000
2018-02-28 13:34:26,0.00323300,12.00000000
2018-02-28 13:34:27,0.00323300,20.00000000
2018-02-28 13:34:27,0.00323300,27.83000000
2018-02-28 13:34:27,0.00323300,46.71000000
2018-02-28 13:34:29,0.00323600,33.13000000
2018-02-28 13:34:33,0.00323200,3.09000000
2018-02-28 13:34:34,0.00323500,26.07000000
2018-02-28 13:34:34,0.00323600,54.65000000
2018-02-28 13:34:36,0.00323200,6.19000000
2018-02-28 13:34:36,0.00323100,1.85000000
2018-02-28 13:34:37,0.00323600,626.19000000
2018-02-28 13:34:38,0.00323600,10.00000000
2018-02-28 13:34:40,0.00323600,9.27000000
2018-02-28 13:34:42,0.00323600,9.48000000
2018-02-28 13:34:44,0.00323600,0.90000000
2018-02-28 13:34:45,0.00323100,3.67000000
2018-02-28 13:34:46,0.00323100,9.28000000
2018-02-28 13:34:46,0.00323100,1.00000000
2018-02-28 13:34:46,0.00323100,1.38000000
2018-02-28 13:34:46,0.00323100,1.60000000
2018-02-28 13:34:48,0.00323100,4.40000000
2018-02-28 13:34:49,0.00323100,0.78000000
2018-02-28 13:34:49,0.00323100,5.79000000
2018-02-28 13:34:51,0.00323100,0.66000000
2018-02-28 13:34:59,0.00323100,2.74000000
2018-02-28 13:35:00,0.00323400,0.93000000
2018-02-28 13:35:00,0.00323500,2.12000000
2018-02-28 13:35:02,0.00323100,0.79000000
2018-02-28 13:35:03,0.00323100,6.19000000
2018-02-28 13:35:04,0.00323400,54.29000000
2018-02-28 13:35:04,0.00323500,97.78000000
2018-02-28 13:35:05,0.00323500,3.00000000
2018-02-28 13:35:06,0.00323500,1.00000000
2018-02-28 13:35:07,0.00323500,0.06000000
2018-02-28 13:35:09,0.00323500,61.82000000
2018-02-28 13:35:14,0.00323500,38.28000000
2018-02-28 13:35:15,0.00323500,18.54000000
2018-02-28 13:35:18,0.00323600,30.00000000
2018-02-28 13:35:22,0.00323500,11.50000000
2018-02-28 13:35:22,0.00323200,47.84000000
2018-02-28 13:35:28,0.00323300,0.75000000
2018-02-28 13:35:29,0.00323300,17.25000000
2018-02-28 13:35:29,0.00323200,13.68000000
2018-02-28 13:35:29,0.00323600,1.34000000
2018-02-28 13:35:38,0.00323600,4.27000000
2018-02-28 13:35:39,0.00323600,11.08000000
2018-02-28 13:35:45,0.00323200,1.66000000
2018-02-28 13:35:47,0.00323100,7.00000000
2018-02-28 13:35:57,0.00323100,40.19000000
2018-02-28 13:35:57,0.00323100,33.50000000
2018-02-28 13:36:12,0.00323200,1.60000000
2018-02-28 13:36:15,0.00323200,2.84000000
2018-02-28 13:36:17,0.00323200,10.31000000
2018-02-28 13:36:20,0.00323200,1.93000000
2018-02-28 13:36:21,0.00323200,0.54000000
2018-02-28 13:36:24,0.00323200,14.48000000
2018-02-28 13:36:40,0.00323200,11.62000000
2018-02-28 13:36:47,0.00323200,113.41000000
2018-02-28 13:36:49,0.00323400,1.85000000
2018-02-28 13:36:49,0.00323500,9.10000000
2018-02-28 13:36:49,0.00323600,19.05000000
2018-02-28 13:36:55,0.00323100,2.67000000
2018-02-28 13:36:58,0.00323600,13.66000000
2018-02-28 13:36:58,0.00323600,13.66000000
2018-02-28 13:36:58,0.00323600,3.08000000
2018-02-28 13:36:58,0.00323600,13.66000000
2018-02-28 13:36:58,0.00323600,10.93000000
2018-02-28 13:36:58,0.00323100,3.08000000
2018-02-28 13:37:02,0.00323100,9.67000000
2018-02-28 13:37:13,0.00323200,1.20000000
2018-02-28 13:37:17,0.00323200,177.79000000
2018-02-28 13:37:34,0.00323500,6.44000000
2018-02-28 13:37:34,0.00323600,17.43000000
2018-02-28 13:37:34,0.00323700,47.09000000
2018-02-28 13:37:34,0.00323700,6.42000000
2018-02-28 13:37:34,0.00323700,64.52000000
2018-02-28 13:37:34,0.00323700,30.89000000
2018-02-28 13:37:35,0.00323500,6.00000000
2018-02-28 13:37:35,0.00323200,24.89000000
2018-02-28 13:37:35,0.00323700,1.56000000
2018-02-28 13:37:38,0.00323700,11.48000000
2018-02-28 13:37:46,0.00323300,3.09000000
2018-02-28 13:37:49,0.00323600,64.52000000
2018-02-28 13:37:49,0.00323700,110.44000000
2018-02-28 13:37:51,0.00323700,0.75000000
2018-02-28 13:37:52,0.00323300,3.09000000
2018-02-28 13:37:54,0.00323700,461.85000000
2018-02-28 13:37:58,0.00323300,3.09000000
2018-02-28 13:38:15,0.00323500,7.22000000
2018-02-28 13:38:17,0.00323600,9.27000000
2018-02-28 13:38:21,0.00324000,0.83000000
2018-02-28 13:38:22,0.00323700,8.32000000
2018-02-28 13:38:30,0.00323900,2.00000000
2018-02-28 13:38:30,0.00324000,1.17000000
2018-02-28 13:38:31,0.00324200,2.30000000
2018-02-28 13:38:31,0.00324200,1.08000000
2018-02-28 13:38:31,0.00324200,1.39000000
2018-02-28 13:38:33,0.00324200,3.08000000
2018-02-28 13:38:33,0.00324200,0.20000000
2018-02-28 13:38:33,0.00323400,5.96000000
2018-02-28 13:38:36,0.00323600,1.56000000
2018-02-28 13:38:38,0.00323600,1.03000000
2018-02-28 13:38:42,0.00323600,1.24000000
2018-02-28 13:38:45,0.00323700,108.76000000
2018-02-28 13:38:45,0.00323500,7.22000000
2018-02-28 13:38:46,0.00323500,55.60000000
2018-02-28 13:38:47,0.00323600,1.45000000
2018-02-28 13:38:47,0.00323600,10.14000000
2018-02-28 13:38:52,0.00323400,0.41000000
2018-02-28 13:38:52,0.00323600,29.65000000
2018-02-28 13:38:52,0.00323700,1.24000000
2018-02-28 13:38:54,0.00323700,1.24000000
2018-02-28 13:38:55,0.00323800,4.48000000
2018-02-28 13:38:55,0.00323800,2.51000000
2018-02-28 13:38:55,0.00323800,1.00000000
2018-02-28 13:38:56,0.00323800,5.96000000
2018-02-28 13:38:58,0.00323800,6.17000000
2018-02-28 13:38:58,0.00323900,1.56000000
2018-02-28 13:38:59,0.00324100,2.00000000
2018-02-28 13:38:59,0.00324100,1.17000000
2018-02-28 13:38:59,0.00324100,2.30000000
2018-02-28 13:38:59,0.00324100,24.50000000
2018-02-28 13:39:00,0.00324200,2.36000000
2018-02-28 13:39:00,0.00324300,7.64000000
2018-02-28 13:39:00,0.00324100,1.24000000
2018-02-28 13:39:00,0.00324100,26.91000000
2018-02-28 13:39:00,0.00324100,0.30000000
2018-02-28 13:39:02,0.00323700,13.08000000
2018-02-28 13:39:03,0.00323800,2.30000000
2018-02-28 13:39:04,0.00323900,6.17000000
2018-02-28 13:39:05,0.00323900,3.66000000
2018-02-28 13:39:05,0.00324000,8.16000000
2018-02-28 13:39:05,0.00323900,11.80000000
2018-02-28 13:39:06,0.00323900,6.92000000
2018-02-28 13:39:07,0.00323900,1.03000000
2018-02-28 13:39:10,0.00323900,0.74000000
2018-02-28 13:39:10,0.00324000,4.32000000
2018-02-28 13:39:11,0.00324000,2.20000000
2018-02-28 13:39:11,0.00324000,1.56000000
2018-02-28 13:39:11,0.00324000,8.15000000
2018-02-28 13:39:13,0.00324000,2.20000000
2018-02-28 13:39:14,0.00324000,1.33000000
2018-02-28 13:39:15,0.00324000,2.30000000
2018-02-28 13:39:15,0.00324000,27.85000000
2018-02-28 13:39:16,0.00324000,40.12000000
2018-02-28 13:39:17,0.00324000,0.40000000
2018-02-28 13:39:17,0.00324000,1.41000000
2018-02-28 13:39:17,0.00324000,1.87000000
2018-02-28 13:39:18,0.00324000,2.40000000
2018-02-28 13:39:19,0.00324100,13.00000000
2018-02-28 13:39:20,0.00324000,2.30000000
2018-02-28 13:39:21,0.00324000,1.41000000
2018-02-28 13:39:21,0.00324000,2.69000000
2018-02-28 13:39:21,0.00323900,2.66000000
2018-02-28 13:39:22,0.00323900,3.08000000
2018-02-28 13:39:23,0.00323900,1.23000000
2018-02-28 13:39:24,0.00323900,1.39000000
2018-02-28 13:39:25,0.00323900,1.23000000
2018-02-28 13:39:27,0.00323900,1.23000000
2018-02-28 13:39:27,0.00323900,6.65000000
2018-02-28 13:39:27,0.00323900,10.54000000
2018-02-28 13:39:28,0.00323900,3.50000000
2018-02-28 13:39:28,0.00323800,2.67000000
2018-02-28 13:39:29,0.00323900,1.87000000
2018-02-28 13:39:29,0.00323900,1.23000000
2018-02-28 13:39:32,0.00323900,1.23000000
2018-02-28 13:39:33,0.00323900,22.69000000
2018-02-28 13:39:34,0.00323900,3.08000000
2018-02-28 13:39:34,0.00323900,4.00000000
2018-02-28 13:39:34,0.00323900,1.23000000
2018-02-28 13:39:35,0.00323900,1.87000000
2018-02-28 13:39:36,0.00323900,6.94000000
2018-02-28 13:39:36,0.00323900,24.82000000
2018-02-28 13:39:37,0.00323800,16.80000000
2018-02-28 13:39:40,0.00323800,3.08000000
2018-02-28 13:39:41,0.00324000,10.00000000
2018-02-28 13:39:42,0.00323800,13.23000000
2018-02-28 13:39:42,0.00324000,4.33000000
2018-02-28 13:39:42,0.00324100,5.40000000
2018-02-28 13:39:42,0.00324300,45.46000000
2018-02-28 13:39:46,0.00323800,3.08000000
2018-02-28 13:39:46,0.00323800,28.32000000
2018-02-28 13:39:47,0.00323900,2.29000000
2018-02-28 13:39:47,0.00324000,1.89000000
2018-02-28 13:39:47,0.00324400,1.39000000
2018-02-28 13:39:47,0.00323900,2.30000000
2018-02-28 13:39:48,0.00323900,1.48000000
2018-02-28 13:39:48,0.00323900,15.29000000
2018-02-28 13:39:50,0.00324000,0.78000000
2018-02-28 13:39:52,0.00323900,9.26000000
2018-02-28 13:39:52,0.00323900,43.66000000
2018-02-28 13:39:53,0.00323900,4.85000000
2018-02-28 13:39:56,0.00323900,1.77000000
2018-02-28 13:39:56,0.00324000,6.19000000
2018-02-28 13:39:58,0.00323800,3.08000000
2018-02-28 13:40:02,0.00323800,11.59000000
2018-02-28 13:40:03,0.00323800,0.59000000
2018-02-28 13:40:04,0.00323800,46.32000000
2018-02-28 13:40:04,0.00323800,15.61000000
2018-02-28 13:40:10,0.00323800,3.08000000
2018-02-28 13:40:12,0.00323800,11.62000000
2018-02-28 13:40:14,0.00324000,0.51000000
2018-02-28 13:40:15,0.00323900,7.16000000
2018-02-28 13:40:15,0.00323800,2.85000000
2018-02-28 13:40:15,0.00324000,10.00000000
2018-02-28 13:40:16,0.00324000,4.66000000
2018-02-28 13:40:17,0.00324000,21.18000000
2018-02-28 13:40:17,0.00324000,2.30000000
2018-02-28 13:40:17,0.00324000,111.85000000
2018-02-28 13:40:18,0.00324000,0.01000000
2018-02-28 13:40:18,0.00323800,12.33000000
2018-02-28 13:40:18,0.00323800,42.91000000
2018-02-28 13:40:21,0.00323900,1.53000000
2018-02-28 13:40:32,0.00323900,18.52000000
2018-02-28 13:40:35,0.00323900,8.82000000
2018-02-28 13:40:35,0.00323900,4.41000000
2018-02-28 13:40:37,0.00323900,3.37000000
2018-02-28 13:40:38,0.00323900,1.56000000
2018-02-28 13:40:39,0.00323900,3.43000000
2018-02-28 13:40:39,0.00323800,0.35000000
2018-02-28 13:40:39,0.00323400,2.23000000
2018-02-28 13:40:39,0.00323300,27.16000000
2018-02-28 13:40:39,0.00323300,2.23000000
2018-02-28 13:40:39,0.00323300,4.60000000
2018-02-28 13:40:40,0.00323200,13.06000000
2018-02-28 13:40:40,0.00323200,0.41000000
2018-02-28 13:40:41,0.00323200,1.36000000
2018-02-28 13:40:43,0.00323200,0.66000000
2018-02-28 13:40:43,0.00323200,1.95000000
2018-02-28 13:40:43,0.00323200,0.78000000
2018-02-28 13:40:43,0.00323200,0.38000000
2018-02-28 13:40:44,0.00323200,0.47000000
2018-02-28 13:40:44,0.00323300,3.09000000
2018-02-28 13:40:44,0.00323200,3.14000000
2018-02-28 13:40:44,0.00323300,3.09000000
2018-02-28 13:40:47,0.00323200,1.84000000
2018-02-28 13:40:49,0.00323200,11.62000000
2018-02-28 13:40:50,0.00323200,49.50000000
2018-02-28 13:40:53,0.00323100,41.04000000
2018-02-28 13:40:53,0.00323100,1.00000000
2018-02-28 13:40:53,0.00323200,1.24000000
2018-02-28 13:40:53,0.00323300,6.76000000
2018-02-28 13:40:54,0.00323100,51.79000000
2018-02-28 13:40:54,0.00323000,15.47000000
2018-02-28 13:40:54,0.00323000,0.50000000
2018-02-28 13:40:54,0.00323000,3.12000000
2018-02-28 13:40:56,0.00322600,1.15000000
2018-02-28 13:40:56,0.00322600,1.85000000
2018-02-28 13:40:57,0.00323000,2.80000000
2018-02-28 13:40:58,0.00323000,1.00000000
2018-02-28 13:40:59,0.00322700,1.00000000
2018-02-28 13:40:59,0.00322600,0.24000000
2018-02-28 13:40:59,0.00322700,0.38000000
2018-02-28 13:41:03,0.00322700,15.00000000
2018-02-28 13:41:04,0.00322700,2.33000000
2018-02-28 13:41:04,0.00322700,9.40000000
2018-02-28 13:41:05,0.00322500,13.26000000
2018-02-28 13:41:07,0.00322700,15.00000000
2018-02-28 13:41:07,0.00322700,3.09000000
2018-02-28 13:41:07,0.00322700,0.49000000
2018-02-28 13:41:08,0.00322700,15.00000000
2018-02-28 13:41:08,0.00322700,1.00000000
2018-02-28 13:41:08,0.00322300,7.46000000
2018-02-28 13:41:08,0.00322300,7.54000000
2018-02-28 13:41:08,0.00322200,2.74000000
2018-02-28 13:41:08,0.00322700,15.00000000
2018-02-28 13:41:09,0.00322700,15.00000000
2018-02-28 13:41:09,0.00322700,8.69000000
2018-02-28 13:41:10,0.00322700,8.69000000
2018-02-28 13:41:10,0.00322500,1.55000000
2018-02-28 13:41:10,0.00322400,99.43000000
2018-02-28 13:41:10,0.00322400,41.60000000
2018-02-28 13:41:10,0.00322400,41.60000000
2018-02-28 13:41:10,0.00322400,3.09000000
2018-02-28 13:41:10,0.00322400,38.41000000
2018-02-28 13:41:11,0.00322500,3.71000000
2018-02-28 13:41:13,0.00322700,0.43000000
2018-02-28 13:41:15,0.00323000,2.70000000
2018-02-28 13:41:16,0.00322500,1.51000000
2018-02-28 13:41:22,0.00322500,2.67000000
2018-02-28 13:41:23,0.00322900,7.11000000
2018-02-28 13:41:25,0.00322500,0.51000000
2018-02-28 13:41:28,0.00322600,1.24000000
2018-02-28 13:41:29,0.00322600,51.04000000
2018-02-28 13:41:29,0.00322500,19.51000000
2018-02-28 13:41:29,0.00322500,20.23000000
2018-02-28 13:41:30,0.00322800,42.78000000
2018-02-28 13:41:31,0.00322800,20.32000000
2018-02-28 13:41:35,0.00322800,5.77000000
2018-02-28 13:41:38,0.00322900,8.03000000
2018-02-28 13:41:44,0.00322800,1.96000000
2018-02-28 13:41:45,0.00322800,1.33000000
2018-02-28 13:41:46,0.00322900,4.45000000
2018-02-28 13:41:49,0.00322800,0.94000000
2018-02-28 13:41:49,0.00322500,16.68000000
2018-02-28 13:41:49,0.00322400,5.47000000
2018-02-28 13:41:50,0.00322900,52.25000000
2018-02-28 13:41:55,0.00322900,2.89000000
2018-02-28 13:41:56,0.00322800,19.62000000
2018-02-28 13:41:57,0.00322800,11.82000000
2018-02-28 13:41:58,0.00322800,3.66000000
2018-02-28 13:42:07,0.00322700,3.10000000
2018-02-28 13:42:09,0.00322700,20.00000000
2018-02-28 13:42:09,0.00322700,15.49000000
2018-02-28 13:42:11,0.00322700,15.49000000
2018-02-28 13:42:11,0.00322700,40.00000000
2018-02-28 13:42:11,0.00322700,23.91000000
2018-02-28 13:42:11,0.00322800,6.73000000
2018-02-28 13:42:13,0.00322800,63.92000000
2018-02-28 13:42:16,0.00322800,57.57000000
2018-02-28 13:42:16,0.00322800,2.74000000
2018-02-28 13:42:19,0.00322500,30.38000000
2018-02-28 13:42:19,0.00322800,57.57000000
2018-02-28 13:42:20,0.00322800,1.00000000
2018-02-28 13:42:21,0.00322800,6.59000000
2018-02-28 13:42:25,0.00322800,0.61000000
2018-02-28 13:42:32,0.00322800,3.09000000
2018-02-28 13:42:41,0.00322800,0.45000000
2018-02-28 13:42:50,0.00322800,0.65000000
2018-02-28 13:43:01,0.00322800,13.16000000
2018-02-28 13:43:01,0.00322800,23.50000000
2018-02-28 13:43:05,0.00322500,26.86000000
2018-02-28 13:43:05,0.00322500,15.00000000
2018-02-28 13:43:06,0.00322500,15.00000000
2018-02-28 13:43:07,0.00322500,1.00000000
2018-02-28 13:43:07,0.00322500,2.59000000
2018-02-28 13:43:08,0.00322500,2.01000000
2018-02-28 13:43:15,0.00322700,1.00000000
2018-02-28 13:43:21,0.00322700,0.55000000
2018-02-28 13:43:21,0.00322800,12.24000000
2018-02-28 13:43:21,0.00322800,14.00000000
2018-02-28 13:43:28,0.00322700,2.22000000
2018-02-28 13:43:30,0.00322700,12.00000000
2018-02-28 13:43:34,0.00322700,3.09000000
2018-02-28 13:43:34,0.00322700,3.41000000
2018-02-28 13:43:35,0.00322700,138.37000000
2018-02-28 13:43:35,0.00322800,491.33000000
2018-02-28 13:43:35,0.00322900,0.57000000
2018-02-28 13:43:35,0.00323000,96.23000000
2018-02-28 13:43:53,0.00322900,0.78000000
2018-02-28 13:43:54,0.00322900,1.00000000
2018-02-28 13:43:57,0.00322900,19.09000000
2018-02-28 13:43:57,0.00323000,24.91000000
2018-02-28 13:43:58,0.00322800,0.92000000
2018-02-28 13:44:02,0.00322900,5.70000000
2018-02-28 13:44:05,0.00323000,73.41000000
2018-02-28 13:44:11,0.00323000,17.00000000
2018-02-28 13:44:16,0.00322900,0.01000000
2018-02-28 13:44:16,0.00322600,0.73000000
2018-02-28 13:44:19,0.00322800,3.97000000
2018-02-28 13:44:19,0.00323000,146.03000000
2018-02-28 13:44:22,0.00323000,0.36000000
2018-02-28 13:44:27,0.00322800,6.16000000
2018-02-28 13:44:27,0.00323000,77.88000000
2018-02-28 13:44:28,0.00322800,2.60000000
2018-02-28 13:44:35,0.00323000,1.59000000
2018-02-28 13:44:35,0.00322800,18.31000000
2018-02-28 13:44:37,0.00322600,6.29000000
2018-02-28 13:44:37,0.00322600,1.56000000
2018-02-28 13:44:37,0.00322600,1.14000000
2018-02-28 13:44:50,0.00322800,0.06000000
2018-02-28 13:44:52,0.00323000,0.42000000
2018-02-28 13:45:01,0.00323000,67.34000000
2018-02-28 13:45:07,0.00323000,3.13000000
2018-02-28 13:45:11,0.00323000,2.69000000
2018-02-28 13:45:13,0.00322800,1.93000000
2018-02-28 13:45:13,0.00322600,7.09000000
2018-02-28 13:45:13,0.00323000,23.48000000
2018-02-28 13:45:14,0.00323000,8.38000000
2018-02-28 13:45:14,0.00323200,31.86000000
2018-02-28 13:45:15,0.00323200,23.46000000
2018-02-28 13:45:16,0.00323000,4.09000000
2018-02-28 13:45:19,0.00323200,21.05000000
2018-02-28 13:45:19,0.00323200,8.16000000
2018-02-28 13:45:20,0.00323200,1.04000000
2018-02-28 13:45:20,0.00323600,7.96000000
2018-02-28 13:45:22,0.00323200,7.45000000
2018-02-28 13:45:33,0.00323200,9.85000000
2018-02-28 13:45:42,0.00323300,2.00000000
2018-02-28 13:45:42,0.00323200,6.28000000
2018-02-28 13:45:43,0.00323200,2.08000000
2018-02-28 13:45:44,0.00323200,1.94000000
2018-02-28 13:45:45,0.00323200,1.74000000
2018-02-28 13:45:49,0.00323200,10.00000000
2018-02-28 13:45:50,0.00323200,7.18000000
2018-02-28 13:45:50,0.00323100,23.40000000
2018-02-28 13:45:51,0.00323100,1.33000000
2018-02-28 13:45:53,0.00323600,7.00000000
2018-02-28 13:45:58,0.00323600,18.00000000
2018-02-28 13:45:58,0.00323600,24.11000000
2018-02-28 13:46:01,0.00323800,8.39000000
2018-02-28 13:46:01,0.00323900,2.91000000
2018-02-28 13:46:01,0.00324000,3.71000000
2018-02-28 13:46:01,0.00324000,2.13000000
2018-02-28 13:46:01,0.00324000,2.79000000
2018-02-28 13:46:01,0.00323200,0.69000000
2018-02-28 13:46:01,0.00323000,1.44000000
2018-02-28 13:46:01,0.00323000,3.07000000
2018-02-28 13:46:05,0.00323400,6.18000000
2018-02-28 13:46:06,0.00324100,0.74000000
2018-02-28 13:46:14,0.00324000,1.36000000
2018-02-28 13:46:15,0.00323600,11.81000000
2018-02-28 13:46:16,0.00323300,1.66000000
2018-02-28 13:46:17,0.00324000,6.38000000
2018-02-28 13:46:17,0.00324100,12.84000000
2018-02-28 13:46:18,0.00323500,3.08000000
2018-02-28 13:46:18,0.00323500,0.01000000
2018-02-28 13:46:18,0.00323300,1.23000000
2018-02-28 13:46:20,0.00324000,0.62000000
2018-02-28 13:46:23,0.00323500,4.36000000
2018-02-28 13:46:28,0.00323400,6.12000000
2018-02-28 13:46:28,0.00323900,2.47000000
2018-02-28 13:46:28,0.00324100,37.53000000
2018-02-28 13:46:28,0.00323900,1.78000000
2018-02-28 13:46:29,0.00323400,1.78000000
2018-02-28 13:46:29,0.00323900,1.77000000
2018-02-28 13:46:29,0.00324100,16.96000000
2018-02-28 13:46:34,0.00323500,0.78000000
2018-02-28 13:46:34,0.00324100,75.73000000
2018-02-28 13:46:35,0.00323600,4.99000000
2018-02-28 13:46:36,0.00324100,0.79000000
2018-02-28 13:46:45,0.00324200,10.46000000
2018-02-28 13:46:45,0.00324300,11.15000000
2018-02-28 13:46:45,0.00324400,28.05000000
2018-02-28 13:46:46,0.00324400,21.04000000
2018-02-28 13:46:51,0.00324400,0.02000000
2018-02-28 13:46:51,0.00324500,1.03000000
2018-02-28 13:46:53,0.00324000,2.21000000
2018-02-28 13:46:53,0.00324500,3.79000000
2018-02-28 13:46:57,0.00324000,0.68000000
2018-02-28 13:46:57,0.00324500,77.61000000
2018-02-28 13:47:01,0.00324500,0.02000000
2018-02-28 13:47:01,0.00324600,1.37000000
2018-02-28 13:47:03,0.00324600,2.20000000
2018-02-28 13:47:04,0.00324500,10.00000000
2018-02-28 13:47:05,0.00324100,3.09000000
2018-02-28 13:47:05,0.00324600,27.46000000
2018-02-28 13:47:11,0.00324500,0.31000000
2018-02-28 13:47:11,0.00324600,39.69000000
2018-02-28 13:47:12,0.00324600,9.24000000
2018-02-28 13:47:12,0.00324100,4.54000000
2018-02-28 13:47:12,0.00324100,2.86000000
2018-02-28 13:47:16,0.00324600,14.33000000
2018-02-28 13:47:16,0.00324600,0.93000000
2018-02-28 13:47:16,0.00324600,31.74000000
2018-02-28 13:47:17,0.00324600,9.24000000
2018-02-28 13:47:17,0.00324600,2.25000000
2018-02-28 13:47:18,0.00324600,0.01000000
2018-02-28 13:47:18,0.00324100,1.26000000
2018-02-28 13:47:21,0.00324700,48.54000000
2018-02-28 13:47:23,0.00324100,0.78000000
2018-02-28 13:47:23,0.00324100,0.78000000
2018-02-28 13:47:24,0.00324100,1.27000000
2018-02-28 13:47:30,0.00324100,2.76000000
2018-02-28 13:47:35,0.00324200,3.08000000
2018-02-28 13:47:37,0.00324200,5.41000000
2018-02-28 13:47:41,0.00324600,0.65000000
2018-02-28 13:47:44,0.00324300,1.52000000
2018-02-28 13:47:46,0.00324300,0.74000000
2018-02-28 13:47:47,0.00324600,0.89000000
2018-02-28 13:47:48,0.00324600,3.08000000
2018-02-28 13:47:50,0.00324300,1.23000000
2018-02-28 13:47:50,0.00324300,229.28000000
2018-02-28 13:47:51,0.00324300,1.23000000
2018-02-28 13:47:51,0.00324600,29.70000000
2018-02-28 13:47:51,0.00324700,29.01000000
2018-02-28 13:47:53,0.00324300,3.10000000
2018-02-28 13:47:54,0.00324300,2.96000000
2018-02-28 13:47:55,0.00324300,9.25000000
2018-02-28 13:47:58,0.00324300,26.95000000
2018-02-28 13:47:58,0.00324600,5.09000000
2018-02-28 13:47:58,0.00324700,16.57000000
2018-02-28 13:47:58,0.00324800,3.03000000
2018-02-28 13:47:58,0.00324800,33.10000000
2018-02-28 13:47:58,0.00324900,49.09000000
2018-02-28 13:48:00,0.00324800,15.40000000
2018-02-28 13:48:00,0.00324800,12.60000000
2018-02-28 13:48:04,0.00324600,0.97000000
2018-02-28 13:48:05,0.00324400,0.20000000
2018-02-28 13:48:06,0.00324600,54.81000000
2018-02-28 13:48:06,0.00324600,0.93000000
2018-02-28 13:48:07,0.00324600,1.28000000
2018-02-28 13:48:07,0.00324600,0.76000000
2018-02-28 13:48:07,0.00324400,1.24000000
2018-02-28 13:48:08,0.00324400,1.37000000
2018-02-28 13:48:09,0.00324400,0.54000000
2018-02-28 13:48:09,0.00324700,4.56000000
2018-02-28 13:48:13,0.00324300,115.74000000
2018-02-28 13:48:15,0.00324300,0.65000000
2018-02-28 13:48:19,0.00324300,0.58000000
2018-02-28 13:48:19,0.00324400,1.23000000
2018-02-28 13:48:21,0.00324700,0.74000000
2018-02-28 13:48:25,0.00324400,1.23000000
2018-02-28 13:48:25,0.00324400,22.96000000
2018-02-28 13:48:30,0.00324100,145.23000000
2018-02-28 13:48:32,0.00324100,1.23000000
2018-02-28 13:48:33,0.00324700,3.08000000
2018-02-28 13:48:37,0.00324100,1.23000000
2018-02-28 13:48:37,0.00324100,0.44000000
2018-02-28 13:48:42,0.00324200,1.23000000
2018-02-28 13:48:48,0.00324200,3.25000000
2018-02-28 13:48:51,0.00324300,12.44000000
2018-02-28 13:48:51,0.00324300,0.08000000
2018-02-28 13:48:53,0.00324700,2.65000000
2018-02-28 13:48:54,0.00324700,1.83000000
2018-02-28 13:48:54,0.00324800,1.41000000
2018-02-28 13:48:54,0.00324300,1.38000000
2018-02-28 13:49:01,0.00324800,1.48000000
2018-02-28 13:49:02,0.00324800,0.68000000
2018-02-28 13:49:22,0.00324700,29.16000000
2018-02-28 13:49:22,0.00324800,3.60000000
2018-02-28 13:49:25,0.00324800,39.80000000
2018-02-28 13:49:25,0.00324800,0.81000000
2018-02-28 13:49:25,0.00324800,4.20000000
2018-02-28 13:49:25,0.00324800,5.00000000
2018-02-28 13:49:25,0.00324800,15.39000000
2018-02-28 13:49:26,0.00324800,5.32000000
2018-02-28 13:49:26,0.00324800,8.94000000
2018-02-28 13:49:28,0.00324800,4.36000000
2018-02-28 13:49:28,0.00324800,1.08000000
2018-02-28 13:49:29,0.00324800,14.96000000
2018-02-28 13:49:32,0.00324900,10.00000000
2018-02-28 13:49:35,0.00324900,19.79000000
2018-02-28 13:49:35,0.00324800,167.90000000
2018-02-28 13:49:35,0.00324400,39.38000000
2018-02-28 13:49:35,0.00324300,118.69000000
2018-02-28 13:49:35,0.00324900,74.63000000
2018-02-28 13:49:35,0.00325000,225.52000000
2018-02-28 13:49:36,0.00325000,26.44000000
2018-02-28 13:49:36,0.00325000,1.27000000
2018-02-28 13:49:36,0.00325000,3.08000000
2018-02-28 13:49:36,0.00325000,52.82000000
2018-02-28 13:49:36,0.00325000,2.44000000
2018-02-28 13:49:37,0.00325000,154.25000000
2018-02-28 13:49:38,0.00325000,2.00000000
2018-02-28 13:49:38,0.00325000,3.08000000
2018-02-28 13:49:39,0.00325100,17.29000000
2018-02-28 13:49:42,0.00325000,0.45000000
2018-02-28 13:49:44,0.00325100,3.04000000
2018-02-28 13:49:45,0.00325000,1.51000000
2018-02-28 13:49:46,0.00325000,3.08000000
2018-02-28 13:49:46,0.00325100,12.67000000
2018-02-28 13:49:46,0.00325200,33.00000000
2018-02-28 13:49:46,0.00325200,91.75000000
2018-02-28 13:49:47,0.00325200,0.01000000
2018-02-28 13:49:48,0.00325100,4.41000000
2018-02-28 13:49:48,0.00325000,72.30000000
2018-02-28 13:49:52,0.00325000,4.00000000
2018-02-28 13:49:52,0.00325200,0.34000000
2018-02-28 13:49:52,0.00325300,87.02000000
2018-02-28 13:49:53,0.00325000,0.89000000
2018-02-28 13:49:55,0.00325000,44.99000000
2018-02-28 13:49:58,0.00325300,3.77000000
2018-02-28 13:49:59,0.00325300,38.78000000
2018-02-28 13:49:59,0.00325300,61.22000000
2018-02-28 13:49:59,0.00325000,248.64000000
2018-02-28 13:49:59,0.00325000,15.37000000
2018-02-28 13:50:00,0.00325000,91.87000000
2018-02-28 13:50:04,0.00325400,87.73000000
2018-02-28 13:50:05,0.00325400,13.44000000
2018-02-28 13:50:05,0.00325500,6.56000000
2018-02-28 13:50:08,0.00325500,53.00000000
2018-02-28 13:50:08,0.00325600,26.78000000
2018-02-28 13:50:08,0.00325300,47.89000000
2018-02-28 13:50:08,0.00325300,1.58000000
2018-02-28 13:50:09,0.00325000,1.85000000
2018-02-28 13:50:11,0.00325100,26.39000000
2018-02-28 13:50:12,0.00325500,13.42000000
2018-02-28 13:50:12,0.00325500,12.97000000
2018-02-28 13:50:12,0.00325000,8.41000000
2018-02-28 13:50:14,0.00325200,26.34000000
2018-02-28 13:50:14,0.00325100,105.65000000
2018-02-28 13:50:14,0.00325000,8.59000000
2018-02-28 13:50:14,0.00325000,3.00000000
2018-02-28 13:50:15,0.00325100,37.19000000
2018-02-28 13:50:15,0.00325100,0.48000000
2018-02-28 13:50:16,0.00325100,1.69000000
2018-02-28 13:50:18,0.00325000,30.80000000
2018-02-28 13:50:19,0.00324800,3.07000000
2018-02-28 13:50:20,0.00324500,0.62000000
2018-02-28 13:50:21,0.00324800,3.94000000
2018-02-28 13:50:21,0.00324500,12.45000000
2018-02-28 13:50:22,0.00324500,0.78000000
2018-02-28 13:50:22,0.00325000,0.89000000
2018-02-28 13:50:22,0.00325000,3.65000000
2018-02-28 13:50:25,0.00325100,7.69000000
2018-02-28 13:50:25,0.00325200,12.23000000
2018-02-28 13:50:25,0.00325400,67.16000000
2018-02-28 13:50:25,0.00325600,2.85000000
2018-02-28 13:50:25,0.00325000,17.29000000
2018-02-28 13:50:26,0.00325000,12.29000000
2018-02-28 13:50:29,0.00325000,50.00000000
2018-02-28 13:50:30,0.00325400,16.42000000
2018-02-28 13:50:30,0.00325400,14.22000000
2018-02-28 13:50:30,0.00325400,7.68000000
2018-02-28 13:50:31,0.00325400,17.76000000
2018-02-28 13:50:31,0.00325000,0.78000000
2018-02-28 13:50:33,0.00325400,3.58000000
2018-02-28 13:50:34,0.00325000,17.76000000
2018-02-28 13:50:35,0.00325400,10.20000000
2018-02-28 13:50:36,0.00325000,2.74000000
2018-02-28 13:50:38,0.00325100,130.74000000
2018-02-28 13:50:38,0.00325000,121.05000000
2018-02-28 13:50:39,0.00325000,18.00000000
2018-02-28 13:50:39,0.00325400,0.68000000
2018-02-28 13:50:40,0.00325000,99.99000000
2018-02-28 13:50:40,0.00325400,23.18000000
2018-02-28 13:50:40,0.00325500,76.82000000
2018-02-28 13:50:44,0.00325400,16.42000000
2018-02-28 13:50:48,0.00325400,2.66000000
2018-02-28 13:50:48,0.00325400,2.00000000
2018-02-28 13:50:49,0.00325400,9.21000000
2018-02-28 13:50:49,0.00325400,9.01000000
2018-02-28 13:50:49,0.00325400,251.52000000
2018-02-28 13:50:49,0.00325400,15.99000000
2018-02-28 13:50:50,0.00325400,0.26000000
2018-02-28 13:50:50,0.00325100,20.73000000
2018-02-28 13:50:53,0.00325100,0.99000000
2018-02-28 13:50:53,0.00325100,167.25000000
2018-02-28 13:50:54,0.00325100,20.36000000
2018-02-28 13:50:59,0.00325400,1.70000000
2018-02-28 13:51:00,0.00325500,26.37000000
2018-02-28 13:51:00,0.00325600,69.12000000
2018-02-28 13:51:00,0.00325700,7.69000000
2018-02-28 13:51:00,0.00325800,10.17000000
2018-02-28 13:51:00,0.00326000,5.93000000
2018-02-28 13:51:00,0.00326100,37.63000000
2018-02-28 13:51:00,0.00326100,32.00000000
2018-02-28 13:51:03,0.00325400,1.23000000
2018-02-28 13:51:06,0.00325700,0.62000000
2018-02-28 13:51:07,0.00326100,24.90000000
2018-02-28 13:51:07,0.00326200,3.08000000
2018-02-28 13:51:07,0.00326200,4.00000000
2018-02-28 13:51:07,0.00326200,8.98000000
2018-02-28 13:51:07,0.00326200,9.19000000
2018-02-28 13:51:07,0.00326200,13.14000000
2018-02-28 13:51:07,0.00326200,9.19000000
2018-02-28 13:51:07,0.00326200,95.37000000
2018-02-28 13:51:08,0.00325700,0.57000000
2018-02-28 13:51:08,0.00325700,8.00000000
2018-02-28 13:51:08,0.00325700,8.00000000
2018-02-28 13:51:08,0.00325700,3.95000000
2018-02-28 13:51:08,0.00325700,1.88000000
2018-02-28 13:51:08,0.00325500,0.03000000
2018-02-28 13:51:08,0.00325500,26.28000000
2018-02-28 13:51:08,0.00325400,52.96000000
2018-02-28 13:51:08,0.00325100,19.26000000
2018-02-28 13:51:08,0.00325000,30.32000000
2018-02-28 13:51:08,0.00325000,15.39000000
2018-02-28 13:51:08,0.00325700,1.09000000
2018-02-28 13:51:10,0.00325000,0.78000000
2018-02-28 13:51:11,0.00325000,1.54000000
2018-02-28 13:51:12,0.00325000,3.10000000
2018-02-28 13:51:12,0.00325000,3.08000000
2018-02-28 13:51:13,0.00325000,16.50000000
2018-02-28 13:51:13,0.00325000,2.68000000
2018-02-28 13:51:14,0.00325100,1.12000000
2018-02-28 13:51:14,0.00325100,0.92000000
2018-02-28 13:51:15,0.00325100,1.54000000
2018-02-28 13:51:15,0.00325100,0.62000000
2018-02-28 13:51:19,0.00325500,4.27000000
2018-02-28 13:51:19,0.00325600,5.45000000
2018-02-28 13:51:21,0.00325600,30.07000000
2018-02-28 13:51:21,0.00325600,15.72000000
2018-02-28 13:51:24,0.00325600,1.75000000
2018-02-28 13:51:24,0.00325600,2.61000000
2018-02-28 13:51:25,0.00325600,1.00000000
2018-02-28 13:51:25,0.00325600,9.19000000
2018-02-28 13:51:27,0.00325700,5.52000000
2018-02-28 13:51:28,0.00325700,4.00000000
2018-02-28 13:51:30,0.00326000,0.07000000
2018-02-28 13:51:32,0.00325700,0.93000000
2018-02-28 13:51:34,0.00325700,3.30000000
2018-02-28 13:51:34,0.00325700,6.14000000
2018-02-28 13:51:34,0.00325700,4.03000000
2018-02-28 13:51:35,0.00325700,1.73000000
2018-02-28 13:51:35,0.00325900,3.11000000
2018-02-28 13:51:35,0.00325600,101.95000000
2018-02-28 13:51:36,0.00325900,4.16000000
2018-02-28 13:51:40,0.00325900,4.85000000
2018-02-28 13:51:41,0.00325900,3.98000000
2018-02-28 13:51:42,0.00325900,0.55000000
2018-02-28 13:51:43,0.00325700,1.54000000
2018-02-28 13:51:43,0.00325900,2.94000000
2018-02-28 13:51:46,0.00325900,4.64000000
2018-02-28 13:51:46,0.00325900,2.06000000
2018-02-28 13:51:47,0.00325900,2.90000000
2018-02-28 13:51:47,0.00325900,7.02000000
2018-02-28 13:51:49,0.00325900,2.90000000
2018-02-28 13:51:53,0.00326000,1.00000000
2018-02-28 13:51:53,0.00326100,0.57000000
2018-02-28 13:51:53,0.00326200,9.03000000
2018-02-28 13:51:58,0.00326300,5.55000000
2018-02-28 13:51:58,0.00326400,4.91000000
2018-02-28 13:51:58,0.00326400,15.78000000
2018-02-28 13:51:58,0.00326500,5.60000000
2018-02-28 13:51:58,0.00326600,0.62000000
2018-02-28 13:51:58,0.00326700,19.26000000
2018-02-28 13:51:58,0.00326800,24.81000000
2018-02-28 13:51:58,0.00327000,108.21000000
2018-02-28 13:51:58,0.00327000,1.15000000
2018-02-28 13:51:58,0.00326000,2.27000000
2018-02-28 13:52:00,0.00326200,2.07000000
2018-02-28 13:52:00,0.00326200,0.99000000
2018-02-28 13:52:00,0.00326000,2.07000000
2018-02-28 13:52:00,0.00326100,18.41000000
2018-02-28 13:52:03,0.00326100,2.02000000
2018-02-28 13:52:04,0.00326200,10.99000000
2018-02-28 13:52:04,0.00326200,4.88000000
2018-02-28 13:52:05,0.00326200,4.00000000
2018-02-28 13:52:06,0.00326200,3.06000000
2018-02-28 13:52:07,0.00326400,4.63000000
2018-02-28 13:52:07,0.00327000,10.62000000
2018-02-28 13:52:08,0.00326400,3.06000000
2018-02-28 13:52:09,0.00326300,0.31000000
2018-02-28 13:52:09,0.00326300,2.49000000
2018-02-28 13:52:09,0.00326300,29.60000000
2018-02-28 13:52:09,0.00327000,10.00000000
2018-02-28 13:52:09,0.00326200,2.63000000
2018-02-28 13:52:10,0.00326900,3.06000000
2018-02-28 13:52:10,0.00327000,9.13000000
2018-02-28 13:52:10,0.00326900,23.21000000
2018-02-28 13:52:10,0.00327000,85.20000000
2018-02-28 13:52:10,0.00327000,2.02000000
2018-02-28 13:52:10,0.00327000,9.19000000
2018-02-28 13:52:10,0.00327000,18.73000000
2018-02-28 13:52:11,0.00326200,3.07000000
2018-02-28 13:52:13,0.00326200,2.00000000
2018-02-28 13:52:13,0.00326200,126.65000000
2018-02-28 13:52:13,0.00326200,2.90000000
2018-02-28 13:52:14,0.00326300,31.57000000
2018-02-28 13:52:15,0.00326300,0.62000000
2018-02-28 13:52:15,0.00326300,3.06000000
2018-02-28 13:52:16,0.00326300,39.98000000
2018-02-28 13:52:18,0.00326300,1.00000000
2018-02-28 13:52:19,0.00326300,11.96000000
2018-02-28 13:52:20,0.00326400,3.05000000
2018-02-28 13:52:21,0.00326400,5.00000000
2018-02-28 13:52:22,0.00326500,24.01000000
2018-02-28 13:52:23,0.00326400,1.00000000
2018-02-28 13:52:26,0.00326800,11.97000000
2018-02-28 13:52:26,0.00326400,65.55000000
2018-02-28 13:52:26,0.00326300,61.78000000
2018-02-28 13:52:27,0.00326500,0.59000000
2018-02-28 13:52:27,0.00326800,12.04000000
2018-02-28 13:52:28,0.00326800,3.66000000
2018-02-28 13:52:28,0.00327100,0.86000000
2018-02-28 13:52:28,0.00326800,1.00000000
2018-02-28 13:52:28,0.00326800,8.27000000
2018-02-28 13:52:29,0.00326800,18.12000000
2018-02-28 13:52:29,0.00326500,0.81000000
2018-02-28 13:52:29,0.00326500,0.66000000
2018-02-28 13:52:29,0.00326300,2.24000000
2018-02-28 13:52:29,0.00326300,12.89000000
2018-02-28 13:52:29,0.00326800,14.72000000
2018-02-28 13:52:30,0.00326400,3.06000000
2018-02-28 13:52:30,0.00326400,1.52000000
2018-02-28 13:52:33,0.00326400,5.03000000
2018-02-28 13:52:33,0.00326400,16.63000000
2018-02-28 13:52:35,0.00326500,2.32000000
2018-02-28 13:52:35,0.00326500,2.90000000
2018-02-28 13:52:37,0.00326600,12.16000000
2018-02-28 13:52:37,0.00326600,9.18000000
2018-02-28 13:52:38,0.00326600,1.34000000
2018-02-28 13:52:38,0.00326500,2.33000000
2018-02-28 13:52:40,0.00326500,0.77000000
2018-02-28 13:52:43,0.00326500,9.18000000
2018-02-28 13:52:43,0.00326500,9.18000000
2018-02-28 13:52:43,0.00326500,9.18000000
2018-02-28 13:52:43,0.00326500,9.18000000
2018-02-28 13:52:43,0.00326500,9.18000000
2018-02-28 13:52:43,0.00326500,9.18000000
2018-02-28 13:52:43,0.00326600,9.18000000
2018-02-28 13:52:44,0.00326600,9.18000000
2018-02-28 13:52:44,0.00326600,9.18000000
2018-02-28 13:52:44,0.00326600,9.18000000
2018-02-28 13:52:44,0.00326600,9.18000000
2018-02-28 13:52:44,0.00326600,9.18000000
2018-02-28 13:52:44,0.00326600,2.64000000
2018-02-28 13:52:44,0.00326900,9.29000000
2018-02-28 13:52:44,0.00326600,2.64000000
2018-02-28 13:52:45,0.00326600,22.36000000
2018-02-28 13:52:46,0.00326600,1.00000000
2018-02-28 13:52:46,0.00326600,14.90000000
2018-02-28 13:52:46,0.00326700,16.95000000
2018-02-28 13:52:46,0.00326800,7.71000000
2018-02-28 13:52:46,0.00326900,18.00000000
2018-02-28 13:52:47,0.00326900,2.66000000
2018-02-28 13:52:47,0.00326900,1.55000000
2018-02-28 13:52:47,0.00326900,49.30000000
2018-02-28 13:52:47,0.00326900,5.69000000
2018-02-28 13:52:47,0.00326600,2.88000000
2018-02-28 13:52:47,0.00326600,3.07000000
2018-02-28 13:52:48,0.00326600,0.40000000
2018-02-28 13:52:49,0.00326600,8.47000000
2018-02-28 13:52:50,0.00326600,22.05000000
2018-02-28 13:52:51,0.00326600,0.04000000
2018-02-28 13:52:51,0.00326600,3.37000000
2018-02-28 13:52:51,0.00327000,162.77000000
2018-02-28 13:52:51,0.00327100,31.92000000
2018-02-28 13:52:52,0.00326600,0.68000000
2018-02-28 13:52:53,0.00327000,0.98000000
2018-02-28 13:52:53,0.00327100,2.61000000
2018-02-28 13:52:53,0.00327100,1.89000000
2018-02-28 13:52:53,0.00326700,0.95000000
2018-02-28 13:52:54,0.00326700,25.48000000
2018-02-28 13:52:55,0.00327000,0.31000000
2018-02-28 13:52:55,0.00327000,0.73000000
2018-02-28 13:52:55,0.00327000,3.56000000
2018-02-28 13:52:55,0.00327000,2.12000000
2018-02-28 13:52:55,0.00327000,0.77000000
2018-02-28 13:52:56,0.00326600,3.07000000
2018-02-28 13:52:56,0.00326600,8.67000000
2018-02-28 13:52:57,0.00326700,41.50000000
2018-02-28 13:53:00,0.00326600,0.68000000
2018-02-28 13:53:01,0.00326500,9.65000000
2018-02-28 13:53:01,0.00326500,1.28000000
2018-02-28 13:53:02,0.00326500,1.28000000
2018-02-28 13:53:03,0.00326500,0.41000000
2018-02-28 13:53:05,0.00326600,0.05000000
2018-02-28 13:53:05,0.00326700,104.80000000
2018-02-28 13:53:05,0.00326500,0.02000000
2018-02-28 13:53:06,0.00326500,1.43000000
2018-02-28 13:53:07,0.00326600,4.20000000
2018-02-28 13:53:07,0.00326600,9.89000000
2018-02-28 13:53:07,0.00326500,2.23000000
2018-02-28 13:53:09,0.00326700,6.63000000
2018-02-28 13:53:09,0.00326700,20.61000000
2018-02-28 13:53:10,0.00326600,0.93000000
2018-02-28 13:53:11,0.00326600,19.58000000
2018-02-28 13:53:11,0.00326500,0.34000000
2018-02-28 13:53:12,0.00326600,7.87000000
2018-02-28 13:53:12,0.00326600,19.75000000
2018-02-28 13:53:12,0.00326800,7.96000000
2018-02-28 13:53:12,0.00327000,8.38000000
2018-02-28 13:53:12,0.00327300,4.16000000
2018-02-28 13:53:12,0.00327400,2.75000000
2018-02-28 13:53:14,0.00326700,2.11000000
2018-02-28 13:53:15,0.00326700,0.67000000
2018-02-28 13:53:17,0.00326600,5.89000000
2018-02-28 13:53:23,0.00326600,67.07000000
2018-02-28 13:53:24,0.00326600,1.57000000
2018-02-28 13:53:24,0.00326700,19.04000000
2018-02-28 13:53:26,0.00326600,18.96000000
2018-02-28 13:53:26,0.00326500,2.00000000
2018-02-28 13:53:26,0.00326400,8.59000000
2018-02-28 13:53:27,0.00326700,0.43000000
2018-02-28 13:53:28,0.00326700,15.00000000
2018-02-28 13:53:30,0.00326400,1.50000000
2018-02-28 13:53:30,0.00326600,52.32000000
2018-02-28 13:53:31,0.00326400,3.68000000
2018-02-28 13:53:31,0.00326400,9.22000000
2018-02-28 13:53:33,0.00326600,92.10000000
2018-02-28 13:53:39,0.00326600,89.90000000
2018-02-28 13:53:42,0.00326700,7.49000000
2018-02-28 13:53:43,0.00326600,6.26000000
2018-02-28 13:53:50,0.00326600,0.15000000
2018-02-28 13:53:52,0.00326700,20.86000000
2018-02-28 13:53:53,0.00326600,7.51000000
2018-02-28 13:53:54,0.00326600,60.01000000
2018-02-28 13:53:54,0.00326600,0.34000000
2018-02-28 13:53:55,0.00326700,52.34000000
2018-02-28 13:53:57,0.00326700,124.23000000
2018-02-28 13:53:57,0.00326700,51.47000000
2018-02-28 13:53:59,0.00326700,1.00000000
2018-02-28 13:54:00,0.00326800,2.36000000
2018-02-28 13:54:00,0.00326800,23.86000000
2018-02-28 13:54:01,0.00326700,8.07000000
2018-02-28 13:54:02,0.00326700,103.34000000
2018-02-28 13:54:03,0.00326700,0.36000000
2018-02-28 13:54:04,0.00326700,2.88000000
2018-02-28 13:54:04,0.00326800,2.36000000
2018-02-28 13:54:04,0.00326900,9.22000000
2018-02-28 13:54:05,0.00326900,10.00000000
2018-02-28 13:54:06,0.00326900,0.92000000
2018-02-28 13:54:07,0.00326900,2.40000000
2018-02-28 13:54:07,0.00326900,6.00000000
2018-02-28 13:54:07,0.00326900,3.02000000
2018-02-28 13:54:07,0.00326900,1.00000000
2018-02-28 13:54:07,0.00326900,4.99000000
2018-02-28 13:54:07,0.00326900,6.86000000
2018-02-28 13:54:08,0.00326900,26.22000000
2018-02-28 13:54:08,0.00326900,2.40000000
2018-02-28 13:54:08,0.00326900,1.00000000
2018-02-28 13:54:10,0.00326700,2.88000000
2018-02-28 13:54:10,0.00326700,2.00000000
2018-02-28 13:54:11,0.00326900,2.06000000
2018-02-28 13:54:11,0.00326900,10.13000000
2018-02-28 13:54:11,0.00326900,27.59000000
2018-02-28 13:54:11,0.00326900,3.40000000
2018-02-28 13:54:12,0.00326900,1.00000000
2018-02-28 13:54:12,0.00326900,6.00000000
2018-02-28 13:54:12,0.00326900,0.88000000
2018-02-28 13:54:12,0.00326900,2.02000000
2018-02-28 13:54:13,0.00326900,252.82000000
2018-02-28 13:54:15,0.00326900,6.88000000
2018-02-28 13:54:15,0.00327000,3.18000000
2018-02-28 13:54:15,0.00326800,6.60000000
2018-02-28 13:54:19,0.00327000,0.89000000
2018-02-28 13:54:20,0.00327000,1.04000000
2018-02-28 13:54:20,0.00326900,5.10000000
2018-02-28 13:54:21,0.00326900,6.19000000
2018-02-28 13:54:22,0.00326900,3.06000000
2018-02-28 13:54:22,0.00326900,2.89000000
2018-02-28 13:54:24,0.00326900,2.40000000
2018-02-28 13:54:26,0.00327000,1.00000000
2018-02-28 13:54:27,0.00327000,2.40000000
2018-02-28 13:54:27,0.00327100,2.78000000
2018-02-28 13:54:27,0.00327300,14.97000000
2018-02-28 13:54:27,0.00327000,74.91000000
2018-02-28 13:54:29,0.00327300,13.85000000
2018-02-28 13:54:29,0.00327400,2.69000000
2018-02-28 13:54:30,0.00327000,3.06000000
2018-02-28 13:54:30,0.00327000,68.47000000
2018-02-28 13:54:31,0.00326900,12.32000000
2018-02-28 13:54:32,0.00327000,0.93000000
2018-02-28 13:54:32,0.00327400,3.05000000
2018-02-28 13:54:33,0.00327000,2.89000000
2018-02-28 13:54:37,0.00327000,1.56000000
2018-02-28 13:54:38,0.00327000,20.00000000
2018-02-28 13:54:38,0.00327000,3.29000000
2018-02-28 13:54:38,0.00327000,19.00000000
2018-02-28 13:54:38,0.00326900,57.85000000
2018-02-28 13:54:39,0.00327300,22.20000000
2018-02-28 13:54:39,0.00327300,3.00000000
2018-02-28 13:54:40,0.00327300,0.68000000
2018-02-28 13:54:41,0.00327300,0.02000000
2018-02-28 13:54:43,0.00327300,1.36000000
2018-02-28 13:54:43,0.00327400,2.86000000
2018-02-28 13:54:43,0.00327000,3.10000000
2018-02-28 13:54:43,0.00327000,2.88000000
2018-02-28 13:54:46,0.00327000,34.23000000
2018-02-28 13:54:46,0.00327000,2.66000000
2018-02-28 13:54:47,0.00327000,26.18000000
2018-02-28 13:54:47,0.00326900,30.12000000
2018-02-28 13:54:48,0.00327400,15.20000000
2018-02-28 13:54:49,0.00327000,19.20000000
2018-02-28 13:54:49,0.00327000,84.67000000
2018-02-28 13:54:50,0.00327400,3.78000000
2018-02-28 13:54:50,0.00327400,9.79000000
2018-02-28 13:54:52,0.00327100,0.94000000
2018-02-28 13:54:54,0.00327100,5.00000000
2018-02-28 13:54:58,0.00327100,170.43000000
2018-02-28 13:55:00,0.00327000,1.00000000
2018-02-28 13:55:04,0.00327000,30.28000000
2018-02-28 13:55:04,0.00326900,24.48000000
2018-02-28 13:55:06,0.00327000,0.50000000
2018-02-28 13:55:06,0.00327000,0.89000000
2018-02-28 13:55:06,0.00327000,5.45000000
2018-02-28 13:55:07,0.00327100,30.57000000
2018-02-28 13:55:07,0.00327100,43.06000000
2018-02-28 13:55:07,0.00327000,0.34000000
2018-02-28 13:55:07,0.00327000,1.24000000
2018-02-28 13:55:08,0.00327200,29.91000000
2018-02-28 13:55:15,0.00327200,0.61000000
2018-02-28 13:55:16,0.00327200,3.90000000
2018-02-28 13:55:17,0.00327300,11.81000000
2018-02-28 13:55:17,0.00327400,8.26000000
2018-02-28 13:55:17,0.00327500,69.65000000
2018-02-28 13:55:18,0.00327200,1.37000000
2018-02-28 13:55:19,0.00327500,1.45000000
2018-02-28 13:55:19,0.00327600,4.79000000
2018-02-28 13:55:20,0.00327400,9.16000000
2018-02-28 13:55:20,0.00327400,1.06000000
2018-02-28 13:55:20,0.00327200,1.75000000
2018-02-28 13:55:20,0.00327600,1.10000000
2018-02-28 13:55:21,0.00327200,1.55000000
2018-02-28 13:55:22,0.00327500,9.16000000
2018-02-28 13:55:22,0.00327500,9.70000000
2018-02-28 13:55:23,0.00327500,9.16000000
2018-02-28 13:55:24,0.00327500,2.78000000
2018-02-28 13:55:24,0.00327300,1.56000000
2018-02-28 13:55:24,0.00327300,1.40000000
2018-02-28 13:55:26,0.00327300,2.48000000
2018-02-28 13:55:26,0.00327600,19.90000000
2018-02-28 13:55:27,0.00327300,11.08000000
2018-02-28 13:55:27,0.00327300,2.76000000
2018-02-28 13:55:27,0.00327300,0.20000000
2018-02-28 13:55:28,0.00327300,115.48000000
2018-02-28 13:55:29,0.00327300,2.00000000
2018-02-28 13:55:29,0.00327300,7.69000000
2018-02-28 13:55:29,0.00327200,59.21000000
2018-02-28 13:55:30,0.00327200,14.69000000
2018-02-28 13:55:30,0.00327300,0.39000000
2018-02-28 13:55:30,0.00327200,11.07000000
2018-02-28 13:55:30,0.00327300,3.96000000
2018-02-28 13:55:30,0.00327300,8.89000000
2018-02-28 13:55:31,0.00327300,2.53000000
2018-02-28 13:55:32,0.00327600,3.05000000
2018-02-28 13:55:32,0.00327600,0.68000000
2018-02-28 13:55:33,0.00327300,49.98000000
2018-02-28 13:55:35,0.00327400,7.69000000
2018-02-28 13:55:35,0.00327300,9.44000000
2018-02-28 13:55:37,0.00327400,1.15000000
2018-02-28 13:55:40,0.00327400,9.93000000
2018-02-28 13:55:40,0.00327400,23.77000000
2018-02-28 13:55:41,0.00327400,16.92000000
2018-02-28 13:55:43,0.00327500,4.94000000
2018-02-28 13:55:43,0.00327400,8.46000000
2018-02-28 13:55:44,0.00327400,3.63000000
2018-02-28 13:55:45,0.00327500,10.02000000
2018-02-28 13:55:46,0.00327600,20.66000000
2018-02-28 13:55:46,0.00327800,0.01000000
2018-02-28 13:55:51,0.00327600,12.59000000
2018-02-28 13:55:51,0.00327800,12.47000000
2018-02-28 13:55:53,0.00327800,1.35000000
2018-02-28 13:55:53,0.00327800,0.61000000
2018-02-28 13:55:53,0.00327900,23.56000000
2018-02-28 13:55:53,0.00327900,1.40000000
2018-02-28 13:55:53,0.00327800,48.18000000
2018-02-28 13:55:53,0.00327600,35.77000000
2018-02-28 13:55:55,0.00327600,1.00000000
2018-02-28 13:55:57,0.00327800,0.80000000
2018-02-28 13:55:58,0.00327800,9.26000000
2018-02-28 13:55:58,0.00327800,4.83000000
2018-02-28 13:55:58,0.00327600,4.60000000
2018-02-28 13:55:58,0.00327600,72.88000000
2018-02-28 13:55:59,0.00327600,19.49000000
2018-02-28 13:55:59,0.00327900,63.38000000
2018-02-28 13:55:59,0.00328000,75.64000000
2018-02-28 13:56:01,0.00327900,17.28000000
2018-02-28 13:56:01,0.00328000,531.59000000
2018-02-28 13:56:02,0.00327900,0.01000000
2018-02-28 13:56:02,0.00327500,0.99000000
2018-02-28 13:56:03,0.00327600,6.85000000
2018-02-28 13:56:04,0.00327900,0.99000000
2018-02-28 13:56:04,0.00328000,18.91000000
2018-02-28 13:56:04,0.00328000,395.49000000
2018-02-28 13:56:04,0.00327600,1.00000000
2018-02-28 13:56:05,0.00328000,3.00000000
2018-02-28 13:56:05,0.00327600,1.52000000
2018-02-28 13:56:05,0.00328000,46.14000000
2018-02-28 13:56:05,0.00328000,17.14000000
2018-02-28 13:56:06,0.00328000,30.28000000
2018-02-28 13:56:06,0.00328000,52.40000000
2018-02-28 13:56:06,0.00328000,26.50000000
2018-02-28 13:56:07,0.00328200,1.80000000
2018-02-28 13:56:07,0.00328300,6.60000000
2018-02-28 13:56:07,0.00328000,4.56000000
2018-02-28 13:56:08,0.00328000,3.06000000
2018-02-28 13:56:09,0.00328000,4.58000000
2018-02-28 13:56:09,0.00328000,4.66000000
2018-02-28 13:56:09,0.00328000,3.06000000
2018-02-28 13:56:09,0.00328000,4.66000000
2018-02-28 13:56:10,0.00328000,4.66000000
2018-02-28 13:56:10,0.00328200,1.16000000
2018-02-28 13:56:10,0.00328000,0.61000000
2018-02-28 13:56:12,0.00328000,1.00000000
2018-02-28 13:56:12,0.00328000,4.66000000
2018-02-28 13:56:12,0.00328000,9.14000000
2018-02-28 13:56:12,0.00328000,9.14000000
2018-02-28 13:56:13,0.00328000,52.81000000
2018-02-28 13:56:13,0.00328000,9.14000000
2018-02-28 13:56:13,0.00328000,9.14000000
2018-02-28 13:56:13,0.00328000,9.14000000
2018-02-28 13:56:13,0.00328000,9.14000000
2018-02-28 13:56:14,0.00328000,3.06000000
2018-02-28 13:56:14,0.00328000,1.04000000
2018-02-28 13:56:16,0.00328000,6.28000000
2018-02-28 13:56:16,0.00328000,3.06000000
2018-02-28 13:56:16,0.00328000,8.52000000
2018-02-28 13:56:18,0.00328100,1.16000000
2018-02-28 13:56:18,0.00328200,0.40000000
2018-02-28 13:56:18,0.00328300,1.69000000
2018-02-28 13:56:19,0.00328300,8.00000000
2018-02-28 13:56:19,0.00328300,1.67000000
2018-02-28 13:56:19,0.00328000,42.08000000
2018-02-28 13:56:20,0.00328300,14.26000000
2018-02-28 13:56:20,0.00328400,4.19000000
2018-02-28 13:56:20,0.00328500,4.30000000
2018-02-28 13:56:20,0.00328000,5.08000000
2018-02-28 13:56:20,0.00328000,8.00000000
2018-02-28 13:56:20,0.00328000,9.14000000
2018-02-28 13:56:20,0.00328000,9.14000000
2018-02-28 13:56:20,0.00328000,9.14000000
2018-02-28 13:56:20,0.00328000,1.71000000
2018-02-28 13:56:20,0.00328000,217.10000000
2018-02-28 13:56:20,0.00327900,26.20000000
2018-02-28 13:56:20,0.00327800,4.00000000
2018-02-28 13:56:20,0.00327700,15.09000000
2018-02-28 13:56:21,0.00327800,9.14000000
2018-02-28 13:56:21,0.00328000,9.14000000
2018-02-28 13:56:21,0.00328000,9.48000000
2018-02-28 13:56:21,0.00328300,9.67000000
2018-02-28 13:56:21,0.00328500,49.81000000
2018-02-28 13:56:22,0.00328000,7.05000000
2018-02-28 13:56:22,0.00328000,3.00000000
2018-02-28 13:56:22,0.00328000,16.12000000
2018-02-28 13:56:22,0.00328400,26.20000000
2018-02-28 13:56:22,0.00328500,29.66000000
2018-02-28 13:56:22,0.00328700,1.83000000
2018-02-28 13:56:22,0.00328800,9.58000000
2018-02-28 13:56:22,0.00328900,24.73000000
2018-02-28 13:56:23,0.00328100,0.95000000
2018-02-28 13:56:23,0.00328000,0.57000000
2018-02-28 13:56:24,0.00328300,1.54000000
2018-02-28 13:56:24,0.00328700,0.68000000
2018-02-28 13:56:24,0.00328700,6.56000000
2018-02-28 13:56:24,0.00328100,1.82000000
2018-02-28 13:56:25,0.00328100,9.42000000
2018-02-28 13:56:25,0.00328100,3.70000000
2018-02-28 13:56:27,0.00328300,0.89000000
2018-02-28 13:56:27,0.00328300,0.03000000
2018-02-28 13:56:28,0.00328300,6.17000000
2018-02-28 13:56:29,0.00328600,6.72000000
2018-02-28 13:56:31,0.00328000,0.46000000
2018-02-28 13:56:31,0.00328000,4.44000000
2018-02-28 13:56:31,0.00328000,3.30000000
2018-02-28 13:56:35,0.00328300,3.24000000
2018-02-28 13:56:35,0.00328600,1.18000000
2018-02-28 13:56:36,0.00328200,0.85000000
2018-02-28 13:56:36,0.00328000,3.00000000
2018-02-28 13:56:37,0.00328000,1.46000000
2018-02-28 13:56:39,0.00328000,351.50000000
2018-02-28 13:56:39,0.00328200,0.01000000
2018-02-28 13:56:40,0.00328200,6.18000000
2018-02-28 13:56:42,0.00328300,17.14000000
2018-02-28 13:56:42,0.00328600,5.00000000
2018-02-28 13:56:42,0.00329000,14.94000000
2018-02-28 13:56:42,0.00329300,6.21000000
2018-02-28 13:56:42,0.00329300,18.04000000
2018-02-28 13:56:42,0.00329300,16.94000000
2018-02-28 13:56:43,0.00328400,3.04000000
2018-02-28 13:56:44,0.00328300,3.04000000
2018-02-28 13:56:44,0.00328300,3.04000000
2018-02-28 13:56:44,0.00328300,3.04000000
2018-02-28 13:56:44,0.00328300,3.04000000
2018-02-28 13:56:44,0.00328300,9.13000000
2018-02-28 13:56:44,0.00328300,3.04000000
2018-02-28 13:56:44,0.00328300,2.48000000
2018-02-28 13:56:44,0.00328300,3.04000000
2018-02-28 13:56:44,0.00328300,5.47000000
2018-02-28 13:56:44,0.00328200,3.66000000
2018-02-28 13:56:45,0.00328200,5.47000000
2018-02-28 13:56:45,0.00328200,5.47000000
2018-02-28 13:56:45,0.00328200,5.47000000
2018-02-28 13:56:45,0.00328200,5.47000000
2018-02-28 13:56:47,0.00328000,4.00000000
2018-02-28 13:56:49,0.00328100,18.04000000
2018-02-28 13:56:50,0.00328100,1.80000000
2018-02-28 13:56:50,0.00328200,11.25000000
2018-02-28 13:56:50,0.00328100,40.15000000
2018-02-28 13:56:50,0.00328000,50.96000000
2018-02-28 13:56:50,0.00328200,4.29000000
2018-02-28 13:56:51,0.00328000,40.60000000
2018-02-28 13:56:52,0.00328000,62.61000000
2018-02-28 13:56:52,0.00328000,43.91000000
2018-02-28 13:56:52,0.00328900,11.26000000
2018-02-28 13:56:52,0.00328000,1.46000000
2018-02-28 13:56:53,0.00328000,6.22000000
2018-02-28 13:56:53,0.00328000,11.67000000
2018-02-28 13:56:54,0.00328000,4.76000000
2018-02-28 13:56:54,0.00328000,3.18000000
2018-02-28 13:56:54,0.00328000,170.43000000
2018-02-28 13:56:54,0.00328000,2.30000000
2018-02-28 13:56:54,0.00328400,1.52000000
2018-02-28 13:56:54,0.00328400,0.84000000
2018-02-28 13:56:54,0.00328000,196.91000000
2018-02-28 13:56:55,0.00328000,2.36000000
2018-02-28 13:56:55,0.00328000,1.46000000
2018-02-28 13:56:55,0.00328200,0.69000000
2018-02-28 13:56:55,0.00328000,1.67000000
2018-02-28 13:56:56,0.00328000,2.36000000
2018-02-28 13:56:56,0.00328000,20.00000000
2018-02-28 13:56:57,0.00328000,31.18000000
2018-02-28 13:56:57,0.00328000,30.58000000
2018-02-28 13:56:57,0.00328000,12.42000000
2018-02-28 13:56:57,0.00328600,9.13000000
2018-02-28 13:56:57,0.00328700,14.93000000
2018-02-28 13:56:57,0.00328800,2.30000000
2018-02-28 13:56:57,0.00328800,15.28000000
2018-02-28 13:56:57,0.00328800,122.25000000
2018-02-28 13:56:57,0.00328800,10.89000000
2018-02-28 13:56:58,0.00328800,19.36000000
2018-02-28 13:56:59,0.00328100,2.38000000
2018-02-28 13:56:59,0.00328100,0.37000000
2018-02-28 13:57:00,0.00328100,0.37000000
2018-02-28 13:57:01,0.00328100,20.70000000
2018-02-28 13:57:01,0.00328100,3.04000000
2018-02-28 13:57:01,0.00328100,3.04000000
2018-02-28 13:57:01,0.00328100,3.04000000
2018-02-28 13:57:02,0.00328600,22.21000000
2018-02-28 13:57:02,0.00328100,2.36000000
2018-02-28 13:57:04,0.00328000,48.79000000
2018-02-28 13:57:04,0.00328000,5.14000000
2018-02-28 13:57:05,0.00328000,9.60000000
2018-02-28 13:57:05,0.00328000,0.46000000
2018-02-28 13:57:05,0.00328000,18.78000000
2018-02-28 13:57:05,0.00327900,53.11000000
2018-02-28 13:57:08,0.00327900,2.14000000
2018-02-28 13:57:08,0.00327900,9.14000000
2018-02-28 13:57:10,0.00327800,3.31000000
2018-02-28 13:57:11,0.00327900,7.92000000
2018-02-28 13:57:11,0.00327800,0.77000000
2018-02-28 13:57:11,0.00327900,3.31000000
2018-02-28 13:57:11,0.00327800,1.52000000
2018-02-28 13:57:12,0.00327700,0.77000000
2018-02-28 13:57:12,0.00327700,2.04000000
2018-02-28 13:57:12,0.00327700,11.52000000
2018-02-28 13:57:14,0.00327500,9.74000000
2018-02-28 13:57:15,0.00327300,6.12000000
2018-02-28 13:57:16,0.00327300,0.75000000
2018-02-28 13:57:16,0.00327300,0.02000000
2018-02-28 13:57:17,0.00327300,0.59000000
2018-02-28 13:57:17,0.00327100,0.92000000
2018-02-28 13:57:17,0.00327300,0.02000000
2018-02-28 13:57:17,0.00327500,1.89000000
2018-02-28 13:57:17,0.00327500,7.80000000
2018-02-28 13:57:17,0.00327500,6.53000000
2018-02-28 13:57:17,0.00327700,7.32000000
2018-02-28 13:57:17,0.00327500,0.31000000
2018-02-28 13:57:17,0.00327500,1.90000000
2018-02-28 13:57:18,0.00327500,1.30000000
2018-02-28 13:57:18,0.00327500,1.52000000
2018-02-28 13:57:18,0.00327500,0.93000000
2018-02-28 13:57:18,0.00327500,0.63000000
2018-02-28 13:57:18,0.00327500,0.57000000
2018-02-28 13:57:18,0.00327500,2.80000000
2018-02-28 13:57:18,0.00327500,0.78000000
2018-02-28 13:57:18,0.00327500,1.10000000
2018-02-28 13:57:19,0.00327500,25.90000000
2018-02-28 13:57:19,0.00327500,0.93000000
2018-02-28 13:57:19,0.00327500,1.08000000
2018-02-28 13:57:19,0.00327500,1.04000000
2018-02-28 13:57:19,0.00327500,1.46000000
2018-02-28 13:57:20,0.00327500,0.78000000
2018-02-28 13:57:20,0.00327500,1.84000000
2018-02-28 13:57:20,0.00327500,0.70000000
2018-02-28 13:57:21,0.00327500,1.52000000
2018-02-28 13:57:21,0.00327500,3.13000000
2018-02-28 13:57:22,0.00327500,16.34000000
2018-02-28 13:57:23,0.00327300,0.40000000
2018-02-28 13:57:23,0.00327100,67.06000000
2018-02-28 13:57:24,0.00327300,0.21000000
2018-02-28 13:57:24,0.00327600,35.75000000
2018-02-28 13:57:24,0.00327100,3.12000000
2018-02-28 13:57:24,0.00327100,1.34000000
2018-02-28 13:57:25,0.00327100,69.72000000
2018-02-28 13:57:25,0.00327400,9.00000000
2018-02-28 13:57:25,0.00327600,53.97000000
2018-02-28 13:57:25,0.00327700,14.84000000
2018-02-28 13:57:25,0.00328000,0.73000000
2018-02-28 13:57:25,0.00328100,1.70000000
2018-02-28 13:57:25,0.00328600,3.95000000
2018-02-28 13:57:25,0.00328700,3.04000000
2018-02-28 13:57:25,0.00328800,0.73000000
2018-02-28 13:57:25,0.00328900,8.81000000
2018-02-28 13:57:25,0.00329000,5.49000000
2018-02-28 13:57:25,0.00329100,12.88000000
2018-02-28 13:57:25,0.00329200,20.28000000
2018-02-28 13:57:26,0.00327100,0.78000000
2018-02-28 13:57:26,0.00327100,2.44000000
2018-02-28 13:57:26,0.00327200,2.28000000
2018-02-28 13:57:26,0.00327200,0.62000000
2018-02-28 13:57:26,0.00327200,11.67000000
2018-02-28 13:57:26,0.00327100,4.11000000
2018-02-28 13:57:26,0.00327100,6.22000000
2018-02-28 13:57:26,0.00327600,2.14000000
2018-02-28 13:57:26,0.00327600,1.52000000
2018-02-28 13:57:27,0.00327600,9.19000000
2018-02-28 13:57:27,0.00327600,3.08000000
2018-02-28 13:57:27,0.00327600,1.68000000
2018-02-28 13:57:27,0.00327600,0.77000000
2018-02-28 13:57:27,0.00327700,0.62000000
2018-02-28 13:57:28,0.00327700,1.61000000
2018-02-28 13:57:28,0.00327700,1.56000000
2018-02-28 13:57:28,0.00327700,0.40000000
2018-02-28 13:57:29,0.00327700,0.81000000
2018-02-28 13:57:30,0.00327900,2.00000000
2018-02-28 13:57:30,0.00327900,1.93000000
2018-02-28 13:57:30,0.00327800,1.49000000
2018-02-28 13:57:31,0.00327800,2.18000000
2018-02-28 13:57:35,0.00328000,5.19000000
2018-02-28 13:57:38,0.00328000,1.34000000
2018-02-28 13:57:39,0.00328200,25.91000000
2018-02-28 13:57:39,0.00328300,3.04000000
2018-02-28 13:57:40,0.00328300,12.19000000
2018-02-28 13:57:40,0.00328400,45.31000000
2018-02-28 13:57:40,0.00328300,16.36000000
2018-02-28 13:57:40,0.00328300,4.29000000
2018-02-28 13:57:41,0.00328300,16.36000000
2018-02-28 13:57:41,0.00328300,4.29000000
2018-02-28 13:57:43,0.00328300,29.56000000
2018-02-28 13:57:43,0.00328400,3.69000000
2018-02-28 13:57:43,0.00328300,26.76000000
2018-02-28 13:57:43,0.00328300,3.77000000
2018-02-28 13:57:45,0.00328300,30.23000000
2018-02-28 13:57:45,0.00328300,26.83000000
2018-02-28 13:57:46,0.00328400,17.13000000
2018-02-28 13:57:46,0.00328400,31.03000000
2018-02-28 13:57:46,0.00328300,12.18000000
2018-02-28 13:57:47,0.00328400,3.69000000
2018-02-28 13:57:48,0.00328300,14.50000000
2018-02-28 13:57:48,0.00328400,9.18000000
2018-02-28 13:57:48,0.00328300,2.96000000
2018-02-28 13:57:49,0.00328300,2.96000000
2018-02-28 13:57:49,0.00328400,10.76000000
2018-02-28 13:57:50,0.00328300,84.48000000
2018-02-28 13:57:50,0.00328400,50.00000000
2018-02-28 13:57:51,0.00328300,3.49000000
2018-02-28 13:57:51,0.00328300,3.49000000
2018-02-28 13:57:52,0.00328300,2.00000000
2018-02-28 13:57:52,0.00328300,67.01000000
2018-02-28 13:57:52,0.00328300,10.00000000
2018-02-28 13:57:53,0.00328400,1.13000000
2018-02-28 13:57:53,0.00328400,0.02000000
2018-02-28 13:57:53,0.00328300,1.69000000
2018-02-28 13:57:54,0.00328300,25.29000000
2018-02-28 13:57:55,0.00328400,0.50000000
2018-02-28 13:57:56,0.00328400,7.08000000
2018-02-28 13:57:56,0.00328800,0.99000000
2018-02-28 13:57:57,0.00328400,0.34000000
2018-02-28 13:57:58,0.00328400,7.29000000
2018-02-28 13:57:58,0.00328800,22.01000000
2018-02-28 13:57:58,0.00328400,0.01000000
2018-02-28 13:57:59,0.00328400,1.96000000
2018-02-28 13:57:59,0.00328900,8.67000000
2018-02-28 13:57:59,0.00329000,36.70000000
2018-02-28 13:57:59,0.00329300,3.91000000
2018-02-28 13:57:59,0.00329400,29.00000000
2018-02-28 13:57:59,0.00329500,55.76000000
2018-02-28 13:58:03,0.00328400,13.15000000
2018-02-28 13:58:04,0.00328400,7.37000000
2018-02-28 13:58:04,0.00328700,1.40000000
2018-02-28 13:58:05,0.00328700,20.80000000
2018-02-28 13:58:05,0.00328800,99.60000000
2018-02-28 13:58:05,0.00328900,1.55000000
2018-02-28 13:58:05,0.00329500,41.68000000
2018-02-28 13:58:05,0.00329600,103.37000000
2018-02-28 13:58:06,0.00328900,0.86000000
2018-02-28 13:58:06,0.00328600,3.04000000
2018-02-28 13:58:07,0.00328700,32.65000000
2018-02-28 13:58:08,0.00328700,8.00000000
2018-02-28 13:58:08,0.00328700,8.00000000
2018-02-28 13:58:08,0.00328700,11.11000000
2018-02-28 13:58:08,0.00328700,86.11000000
2018-02-28 13:58:09,0.00328400,0.02000000
2018-02-28 13:58:09,0.00328300,7.98000000
2018-02-28 13:58:09,0.00328300,8.00000000
2018-02-28 13:58:09,0.00328300,2.65000000
2018-02-28 13:58:10,0.00328300,2.16000000
2018-02-28 13:58:10,0.00328600,0.82000000
2018-02-28 13:58:10,0.00328600,2.42000000
2018-02-28 13:58:10,0.00328700,3.86000000
2018-02-28 13:58:10,0.00328700,0.75000000
2018-02-28 13:58:10,0.00328700,2.31000000
2018-02-28 13:58:10,0.00328300,3.12000000
2018-02-28 13:58:11,0.00328300,0.51000000
2018-02-28 13:58:12,0.00328400,0.87000000
2018-02-28 13:58:13,0.00328400,2.20000000
2018-02-28 13:58:15,0.00328400,10.00000000
2018-02-28 13:58:15,0.00328400,1.64000000
2018-02-28 13:58:15,0.00328400,0.73000000
2018-02-28 13:58:15,0.00328400,1.52000000
2018-02-28 13:58:17,0.00328400,0.56000000
2018-02-28 13:58:17,0.00328700,4.11000000
2018-02-28 13:58:19,0.00328500,19.23000000
2018-02-28 13:58:20,0.00328700,2.00000000
2018-02-28 13:58:20,0.00328500,12.59000000
2018-02-28 13:58:20,0.00328500,10.00000000
2018-02-28 13:58:21,0.00328500,0.30000000
2018-02-28 13:58:21,0.00328400,3.49000000
2018-02-28 13:58:21,0.00328300,2.29000000
2018-02-28 13:58:21,0.00328300,5.98000000
2018-02-28 13:58:21,0.00328300,12.65000000
2018-02-28 13:58:22,0.00328100,3.00000000
2018-02-28 13:58:22,0.00328100,0.77000000
2018-02-28 13:58:24,0.00328100,2.38000000
2018-02-28 13:58:24,0.00328100,63.77000000
2018-02-28 13:58:25,0.00328100,1.65000000
2018-02-28 13:58:27,0.00328100,2.14000000
2018-02-28 13:58:27,0.00328100,1.75000000
2018-02-28 13:58:28,0.00328100,12.12000000
2018-02-28 13:58:28,0.00328100,4.58000000
2018-02-28 13:58:28,0.00328100,9.99000000
2018-02-28 13:58:34,0.00328200,59.06000000
2018-02-28 13:58:35,0.00328200,13.64000000
2018-02-28 13:58:35,0.00328100,2.30000000
2018-02-28 13:58:37,0.00328100,1.24000000
2018-02-28 13:58:38,0.00328100,0.34000000
2018-02-28 13:58:39,0.00328200,62.58000000
2018-02-28 13:58:39,0.00328100,2.40000000
2018-02-28 13:58:40,0.00328200,0.61000000
2018-02-28 13:58:40,0.00328300,6.15000000
2018-02-28 13:58:42,0.00328200,0.37000000
2018-02-28 13:58:47,0.00328300,1.28000000
2018-02-28 13:58:49,0.00328200,15.59000000
2018-02-28 13:58:49,0.00328300,144.27000000
2018-02-28 13:58:52,0.00328300,25.14000000
2018-02-28 13:58:53,0.00328300,34.11000000
2018-02-28 13:58:54,0.00328200,67.93000000
2018-02-28 13:58:54,0.00328300,22.00000000
2018-02-28 13:58:54,0.00328300,41.78000000
2018-02-28 13:58:55,0.00328300,32.47000000
2018-02-28 13:58:56,0.00328300,3.04000000
2018-02-28 13:58:56,0.00328200,60.93000000
2018-02-28 13:58:57,0.00328200,1.11000000
2018-02-28 13:58:57,0.00328300,49.64000000
2018-02-28 13:59:00,0.00328300,32.72000000
2018-02-28 13:59:01,0.00328700,0.54000000
2018-02-28 13:59:02,0.00328300,57.87000000
2018-02-28 13:59:02,0.00328700,3.65000000
2018-02-28 13:59:02,0.00328700,10.00000000
2018-02-28 13:59:04,0.00328300,104.85000000
2018-02-28 13:59:06,0.00328700,4.72000000
2018-02-28 13:59:08,0.00328300,132.30000000
2018-02-28 13:59:11,0.00328300,16.34000000
2018-02-28 13:59:13,0.00328400,9.90000000
2018-02-28 13:59:14,0.00328400,18.27000000
2018-02-28 13:59:15,0.00328700,0.51000000
2018-02-28 13:59:15,0.00328400,167.23000000
2018-02-28 13:59:16,0.00328400,0.57000000
2018-02-28 13:59:16,0.00328400,15.20000000
2018-02-28 13:59:18,0.00328400,5.47000000
2018-02-28 13:59:19,0.00328400,2.00000000
2018-02-28 13:59:20,0.00328400,1.97000000
2018-02-28 13:59:21,0.00328400,18.27000000
2018-02-28 13:59:21,0.00328400,55.72000000
2018-02-28 13:59:21,0.00328300,35.51000000
2018-02-28 13:59:22,0.00328300,2.59000000
2018-02-28 13:59:23,0.00328400,0.94000000
2018-02-28 13:59:23,0.00328700,18.32000000
2018-02-28 13:59:23,0.00328300,2.47000000
2018-02-28 13:59:23,0.00328300,0.01000000
2018-02-28 13:59:23,0.00328700,5.12000000
2018-02-28 13:59:23,0.00328800,3.04000000
2018-02-28 13:59:23,0.00328900,9.37000000
2018-02-28 13:59:23,0.00329000,3.47000000
2018-02-28 13:59:24,0.00328300,0.80000000
2018-02-28 13:59:25,0.00329000,3.27000000
2018-02-28 13:59:26,0.00328400,0.73000000
2018-02-28 13:59:27,0.00328400,12.18000000
2018-02-28 13:59:28,0.00328400,13.91000000
2018-02-28 13:59:29,0.00328300,76.38000000
2018-02-28 13:59:29,0.00328400,4.82000000
2018-02-28 13:59:29,0.00328700,1.00000000
2018-02-28 13:59:30,0.00328700,2.40000000
2018-02-28 13:59:30,0.00328900,3.48000000
2018-02-28 13:59:31,0.00328700,27.07000000
2018-02-28 13:59:32,0.00328700,2.40000000
2018-02-28 13:59:32,0.00328700,1.00000000
2018-02-28 13:59:33,0.00328700,27.14000000
2018-02-28 13:59:33,0.00328700,9.99000000
2018-02-28 13:59:33,0.00328700,85.18000000
2018-02-28 13:59:34,0.00328700,4.41000000
2018-02-28 13:59:34,0.00328700,40.15000000
2018-02-28 13:59:34,0.00328700,2.50000000
2018-02-28 13:59:34,0.00328700,31.72000000
2018-02-28 13:59:34,0.00328800,1.39000000
2018-02-28 13:59:35,0.00328800,2.31000000
2018-02-28 13:59:35,0.00328700,15.38000000
2018-02-28 13:59:35,0.00328700,1.35000000
2018-02-28 13:59:36,0.00328700,44.76000000
2018-02-28 13:59:36,0.00328400,5.67000000
2018-02-28 13:59:37,0.00328700,3.48000000
2018-02-28 13:59:37,0.00328800,8.28000000
2018-02-28 13:59:38,0.00328400,4.31000000
2018-02-28 13:59:39,0.00328700,1.70000000
