DATE,PRICE,VOLUME
2018-02-27 03:00:01,0.00009030,221.00000000
2018-02-27 03:00:06,0.00009030,253.00000000
2018-02-27 03:00:06,0.00009038,976.00000000
2018-02-27 03:00:06,0.00009039,476.00000000
2018-02-27 03:00:15,0.00009030,19.00000000
2018-02-27 03:00:15,0.00009039,2251.00000000
2018-02-27 03:00:18,0.00009039,810.00000000
2018-02-27 03:00:20,0.00009039,1267.00000000
2018-02-27 03:00:22,0.00009039,127.00000000
2018-02-27 03:00:25,0.00009030,500.00000000
2018-02-27 03:00:41,0.00009031,200.00000000
2018-02-27 03:00:46,0.00009032,117.00000000
2018-02-27 03:00:46,0.00009031,883.00000000
2018-02-27 03:00:47,0.00009031,536.00000000
2018-02-27 03:00:54,0.00009038,23.00000000
2018-02-27 03:01:14,0.00009038,361.00000000
2018-02-27 03:01:15,0.00009039,2258.00000000
2018-02-27 03:01:27,0.00009038,352.00000000
2018-02-27 03:01:32,0.00009039,38.00000000
2018-02-27 03:01:37,0.00009039,658.00000000
2018-02-27 03:01:37,0.00009039,55.00000000
2018-02-27 03:01:42,0.00009038,12.00000000
2018-02-27 03:01:44,0.00009039,411.00000000
2018-02-27 03:01:47,0.00009039,309.00000000
2018-02-27 03:01:49,0.00009039,147.00000000
2018-02-27 03:01:56,0.00009039,13.00000000
2018-02-27 03:01:57,0.00009038,1276.00000000
2018-02-27 03:02:04,0.00009031,125.00000000
2018-02-27 03:02:04,0.00009030,1066.00000000
2018-02-27 03:02:04,0.00009038,5.00000000
2018-02-27 03:02:09,0.00009039,1000.00000000
2018-02-27 03:02:09,0.00009038,140.00000000
2018-02-27 03:02:15,0.00009039,487.00000000
2018-02-27 03:02:15,0.00009039,521.00000000
2018-02-27 03:02:20,0.00009039,2967.00000000
2018-02-27 03:02:22,0.00009038,660.00000000
2018-02-27 03:02:41,0.00009038,183.00000000
2018-02-27 03:02:58,0.00009030,14.00000000
2018-02-27 03:03:35,0.00009038,299.00000000
2018-02-27 03:03:36,0.00009038,15.00000000
2018-02-27 03:03:36,0.00009030,147.00000000
2018-02-27 03:03:38,0.00009039,351.00000000
2018-02-27 03:03:51,0.00009039,30.00000000
2018-02-27 03:03:57,0.00009039,4764.00000000
2018-02-27 03:04:09,0.00009039,10.00000000
2018-02-27 03:04:10,0.00009039,252.00000000
2018-02-27 03:04:10,0.00009038,32.00000000
2018-02-27 03:04:24,0.00009038,1069.00000000
2018-02-27 03:04:25,0.00009038,229.00000000
2018-02-27 03:04:25,0.00009038,12.00000000
2018-02-27 03:04:27,0.00009038,75.00000000
2018-02-27 03:04:53,0.00009038,1890.00000000
2018-02-27 03:04:57,0.00009038,10.00000000
2018-02-27 03:05:14,0.00009038,84.00000000
2018-02-27 03:05:17,0.00009038,25.00000000
2018-02-27 03:05:24,0.00009030,81.00000000
2018-02-27 03:05:36,0.00009037,1048.00000000
2018-02-27 03:05:38,0.00009030,18.00000000
2018-02-27 03:05:50,0.00009037,290.00000000
2018-02-27 03:06:00,0.00009037,50.00000000
2018-02-27 03:06:16,0.00009034,110.00000000
2018-02-27 03:06:16,0.00009030,1329.00000000
2018-02-27 03:06:21,0.00009034,102.00000000
2018-02-27 03:06:21,0.00009034,332.00000000
2018-02-27 03:06:22,0.00009034,92.00000000
2018-02-27 03:06:22,0.00009030,103.00000000
2018-02-27 03:06:23,0.00009034,82.00000000
2018-02-27 03:06:25,0.00009034,60.00000000
2018-02-27 03:06:30,0.00009034,44.00000000
2018-02-27 03:06:31,0.00009034,110.00000000
2018-02-27 03:06:40,0.00009034,56.00000000
2018-02-27 03:06:45,0.00009034,138.00000000
2018-02-27 03:06:45,0.00009036,235.00000000
2018-02-27 03:06:45,0.00009037,88.00000000
2018-02-27 03:06:45,0.00009037,38.00000000
2018-02-27 03:06:50,0.00009037,30.00000000
2018-02-27 03:06:55,0.00009037,108.00000000
2018-02-27 03:06:55,0.00009037,9.00000000
2018-02-27 03:06:55,0.00009038,492.00000000
2018-02-27 03:07:08,0.00009038,14.00000000
2018-02-27 03:07:39,0.00009033,82.00000000
2018-02-27 03:08:02,0.00009038,74.00000000
2018-02-27 03:08:07,0.00009033,474.00000000
2018-02-27 03:08:07,0.00009032,140.00000000
2018-02-27 03:08:07,0.00009030,108.00000000
2018-02-27 03:08:08,0.00009030,55.00000000
2018-02-27 03:08:17,0.00009038,199.00000000
2018-02-27 03:08:19,0.00009030,13.00000000
2018-02-27 03:08:26,0.00009038,2544.00000000
2018-02-27 03:08:27,0.00009030,183.00000000
2018-02-27 03:08:27,0.00009030,188.00000000
2018-02-27 03:08:28,0.00009030,1107.00000000
2018-02-27 03:08:28,0.00009030,27.00000000
2018-02-27 03:08:28,0.00009030,1986.00000000
2018-02-27 03:08:29,0.00009029,200.00000000
2018-02-27 03:08:29,0.00009030,1107.00000000
2018-02-27 03:08:29,0.00009030,881.00000000
2018-02-27 03:08:30,0.00009038,237.00000000
2018-02-27 03:08:31,0.00009029,618.00000000
2018-02-27 03:08:33,0.00009029,4.00000000
2018-02-27 03:08:36,0.00009030,1953.00000000
2018-02-27 03:08:36,0.00009029,154.00000000
2018-02-27 03:08:36,0.00009024,964.00000000
2018-02-27 03:08:36,0.00009023,290.00000000
2018-02-27 03:08:36,0.00009021,42.00000000
2018-02-27 03:08:36,0.00009020,95.00000000
2018-02-27 03:08:36,0.00009017,126.00000000
2018-02-27 03:08:36,0.00009016,107.00000000
2018-02-27 03:08:36,0.00009014,2989.00000000
2018-02-27 03:08:36,0.00009011,1753.00000000
2018-02-27 03:08:36,0.00009008,222.00000000
2018-02-27 03:08:36,0.00009004,2147.00000000
2018-02-27 03:08:37,0.00009026,13.00000000
2018-02-27 03:08:38,0.00009026,182.00000000
2018-02-27 03:08:42,0.00009026,27.00000000
2018-02-27 03:08:42,0.00009037,74.00000000
2018-02-27 03:08:47,0.00009037,813.00000000
2018-02-27 03:08:49,0.00009035,157.00000000
2018-02-27 03:08:55,0.00009035,158.00000000
2018-02-27 03:09:05,0.00009035,185.00000000
2018-02-27 03:09:06,0.00009035,74.00000000
2018-02-27 03:09:09,0.00009038,1262.00000000
2018-02-27 03:09:09,0.00009038,783.00000000
2018-02-27 03:09:09,0.00009039,212.00000000
2018-02-27 03:09:16,0.00009039,4000.00000000
2018-02-27 03:09:21,0.00009039,331.00000000
2018-02-27 03:09:24,0.00009039,337.00000000
2018-02-27 03:09:24,0.00009040,2663.00000000
2018-02-27 03:09:27,0.00009040,1659.00000000
2018-02-27 03:09:29,0.00009035,100.00000000
2018-02-27 03:09:36,0.00009039,983.00000000
2018-02-27 03:09:36,0.00009040,1017.00000000
2018-02-27 03:09:38,0.00009040,111.00000000
2018-02-27 03:09:38,0.00009040,331.00000000
2018-02-27 03:09:38,0.00009035,101.00000000
2018-02-27 03:09:48,0.00009039,112.00000000
2018-02-27 03:09:48,0.00009040,740.00000000
2018-02-27 03:10:05,0.00009039,79.00000000
2018-02-27 03:10:18,0.00009035,62.00000000
2018-02-27 03:10:39,0.00009039,101.00000000
2018-02-27 03:10:43,0.00009037,244.00000000
2018-02-27 03:10:47,0.00009037,4.00000000
2018-02-27 03:11:03,0.00009039,220.00000000
2018-02-27 03:11:03,0.00009040,890.00000000
2018-02-27 03:11:24,0.00009040,221.00000000
2018-02-27 03:11:34,0.00009039,20.00000000
2018-02-27 03:11:49,0.00009037,2.00000000
2018-02-27 03:11:49,0.00009035,4.00000000
2018-02-27 03:11:53,0.00009038,58.00000000
2018-02-27 03:12:00,0.00009038,110.00000000
2018-02-27 03:12:05,0.00009038,532.00000000
2018-02-27 03:12:05,0.00009039,48.00000000
2018-02-27 03:12:06,0.00009039,12.00000000
2018-02-27 03:12:06,0.00009039,1504.00000000
2018-02-27 03:12:07,0.00009040,1106.00000000
2018-02-27 03:12:07,0.00009040,2460.00000000
2018-02-27 03:12:40,0.00009040,222.00000000
2018-02-27 03:12:40,0.00009040,50.00000000
2018-02-27 03:12:40,0.00009039,484.00000000
2018-02-27 03:12:40,0.00009038,292.00000000
2018-02-27 03:12:45,0.00009040,275.00000000
2018-02-27 03:12:47,0.00009038,150.00000000
2018-02-27 03:13:03,0.00009038,57.00000000
2018-02-27 03:13:04,0.00009038,20.00000000
2018-02-27 03:13:09,0.00009038,26.00000000
2018-02-27 03:13:09,0.00009038,73.00000000
2018-02-27 03:13:11,0.00009038,1824.00000000
2018-02-27 03:13:11,0.00009039,3406.00000000
2018-02-27 03:13:11,0.00009040,4024.00000000
2018-02-27 03:13:11,0.00009045,5746.00000000
2018-02-27 03:13:24,0.00009038,64.00000000
2018-02-27 03:13:25,0.00009038,110.00000000
2018-02-27 03:13:28,0.00009038,112.00000000
2018-02-27 03:13:32,0.00009038,200.00000000
2018-02-27 03:13:38,0.00009038,2259.00000000
2018-02-27 03:13:42,0.00009038,1260.00000000
2018-02-27 03:13:50,0.00009038,195.00000000
2018-02-27 03:13:55,0.00009038,875.00000000
2018-02-27 03:13:55,0.00009038,90.00000000
2018-02-27 03:14:02,0.00009038,50.00000000
2018-02-27 03:14:02,0.00009038,58.00000000
2018-02-27 03:14:03,0.00009037,220.00000000
2018-02-27 03:14:03,0.00009035,44.00000000
2018-02-27 03:14:03,0.00009033,82.00000000
2018-02-27 03:14:03,0.00009032,2810.00000000
2018-02-27 03:14:03,0.00009032,173.00000000
2018-02-27 03:14:04,0.00009032,565.00000000
2018-02-27 03:14:04,0.00009030,203.00000000
2018-02-27 03:14:04,0.00009029,100.00000000
2018-02-27 03:14:04,0.00009021,400.00000000
2018-02-27 03:14:04,0.00009020,173.00000000
2018-02-27 03:14:04,0.00009015,125.00000000
2018-02-27 03:14:04,0.00009014,17.00000000
2018-02-27 03:14:06,0.00009032,38.00000000
2018-02-27 03:14:06,0.00009038,180.00000000
2018-02-27 03:14:18,0.00009035,84.00000000
2018-02-27 03:14:18,0.00009035,178.00000000
2018-02-27 03:14:32,0.00009038,442.00000000
2018-02-27 03:14:38,0.00009038,221.00000000
2018-02-27 03:14:41,0.00009038,108.00000000
2018-02-27 03:14:45,0.00009023,51.00000000
2018-02-27 03:14:45,0.00009037,104.00000000
2018-02-27 03:14:52,0.00009023,380.00000000
2018-02-27 03:14:54,0.00009037,879.00000000
2018-02-27 03:14:54,0.00009038,994.00000000
2018-02-27 03:15:06,0.00009037,1000.00000000
2018-02-27 03:15:07,0.00009027,62.00000000
2018-02-27 03:15:08,0.00009029,48.00000000
2018-02-27 03:15:12,0.00009030,128.00000000
2018-02-27 03:15:12,0.00009030,48.00000000
2018-02-27 03:15:16,0.00009030,48.00000000
2018-02-27 03:15:17,0.00009030,85.00000000
2018-02-27 03:15:17,0.00009038,46.00000000
2018-02-27 03:15:20,0.00009030,48.00000000
2018-02-27 03:15:24,0.00009030,48.00000000
2018-02-27 03:15:28,0.00009030,48.00000000
2018-02-27 03:15:28,0.00009038,100.00000000
2018-02-27 03:15:30,0.00009030,205.00000000
2018-02-27 03:15:31,0.00009030,187.00000000
2018-02-27 03:15:32,0.00009030,1065.00000000
2018-02-27 03:15:33,0.00009030,1.00000000
2018-02-27 03:15:35,0.00009031,129.00000000
2018-02-27 03:15:37,0.00009031,48.00000000
2018-02-27 03:15:40,0.00009032,48.00000000
2018-02-27 03:15:44,0.00009032,48.00000000
2018-02-27 03:15:48,0.00009033,48.00000000
2018-02-27 03:15:53,0.00009033,48.00000000
2018-02-27 03:15:56,0.00009034,146.00000000
2018-02-27 03:15:56,0.00009038,1780.00000000
2018-02-27 03:15:57,0.00009033,48.00000000
2018-02-27 03:15:59,0.00009033,551.00000000
2018-02-27 03:16:00,0.00009033,45.00000000
2018-02-27 03:16:02,0.00009038,54.00000000
2018-02-27 03:16:02,0.00009033,311.00000000
2018-02-27 03:16:02,0.00009033,18.00000000
2018-02-27 03:16:02,0.00009032,29.00000000
2018-02-27 03:16:02,0.00009030,82.00000000
2018-02-27 03:16:08,0.00009032,33.00000000
2018-02-27 03:16:08,0.00009031,57.00000000
2018-02-27 03:16:08,0.00009031,102.00000000
2018-02-27 03:16:09,0.00009038,265.00000000
2018-02-27 03:16:24,0.00009038,67.00000000
2018-02-27 03:16:48,0.00009032,55.00000000
2018-02-27 03:16:49,0.00009037,74.00000000
2018-02-27 03:16:49,0.00009038,26.00000000
2018-02-27 03:17:07,0.00009033,56.00000000
2018-02-27 03:17:07,0.00009032,148.00000000
2018-02-27 03:17:07,0.00009031,17.00000000
2018-02-27 03:17:07,0.00009030,333.00000000
2018-02-27 03:17:09,0.00009038,155.00000000
2018-02-27 03:17:14,0.00009030,111.00000000
2018-02-27 03:17:14,0.00009025,616.00000000
2018-02-27 03:17:14,0.00009030,200.00000000
2018-02-27 03:17:15,0.00009025,1985.00000000
2018-02-27 03:17:15,0.00009025,22.00000000
2018-02-27 03:17:17,0.00009024,110.00000000
2018-02-27 03:17:21,0.00009024,202.00000000
2018-02-27 03:17:23,0.00009025,720.00000000
2018-02-27 03:17:29,0.00009030,77.00000000
2018-02-27 03:17:29,0.00009030,110.00000000
2018-02-27 03:17:32,0.00009038,1.00000000
2018-02-27 03:17:40,0.00009030,22.00000000
2018-02-27 03:17:47,0.00009038,1100.00000000
2018-02-27 03:17:55,0.00009038,38.00000000
2018-02-27 03:18:00,0.00009030,181.00000000
2018-02-27 03:18:00,0.00009025,449.00000000
2018-02-27 03:18:04,0.00009038,14.00000000
2018-02-27 03:18:09,0.00009025,110.00000000
2018-02-27 03:18:13,0.00009025,142.00000000
2018-02-27 03:18:18,0.00009024,100.00000000
2018-02-27 03:18:22,0.00009025,478.00000000
2018-02-27 03:18:22,0.00009040,55.00000000
2018-02-27 03:18:22,0.00009041,57.00000000
2018-02-27 03:18:23,0.00009040,5.00000000
2018-02-27 03:18:39,0.00009038,200.00000000
2018-02-27 03:18:53,0.00009025,78.00000000
2018-02-27 03:19:03,0.00009037,42.00000000
2018-02-27 03:19:07,0.00009025,236.00000000
2018-02-27 03:19:07,0.00009025,59.00000000
2018-02-27 03:19:08,0.00009025,585.00000000
2018-02-27 03:19:11,0.00009037,13.00000000
2018-02-27 03:19:11,0.00009038,96.00000000
2018-02-27 03:19:24,0.00009038,406.00000000
2018-02-27 03:19:25,0.00009038,110.00000000
2018-02-27 03:19:37,0.00009026,110.00000000
2018-02-27 03:19:37,0.00009026,15.00000000
2018-02-27 03:19:38,0.00009026,20.00000000
2018-02-27 03:19:39,0.00009026,168.00000000
2018-02-27 03:19:49,0.00009026,774.00000000
2018-02-27 03:19:49,0.00009026,332.00000000
2018-02-27 03:19:54,0.00009027,222.00000000
2018-02-27 03:20:03,0.00009027,59.00000000
2018-02-27 03:20:21,0.00009027,250.00000000
2018-02-27 03:20:27,0.00009027,112.00000000
2018-02-27 03:20:28,0.00009027,199.00000000
2018-02-27 03:20:31,0.00009027,27.00000000
2018-02-27 03:20:33,0.00009027,30.00000000
2018-02-27 03:20:35,0.00009027,229.00000000
2018-02-27 03:20:36,0.00009027,290.00000000
2018-02-27 03:20:42,0.00009027,179.00000000
2018-02-27 03:20:45,0.00009027,205.00000000
2018-02-27 03:21:03,0.00009030,12.00000000
2018-02-27 03:21:03,0.00009027,66.00000000
2018-02-27 03:21:27,0.00009027,671.00000000
2018-02-27 03:21:27,0.00009026,76.00000000
2018-02-27 03:21:27,0.00009026,110.00000000
2018-02-27 03:21:30,0.00009035,63.00000000
2018-02-27 03:21:58,0.00009028,401.00000000
2018-02-27 03:22:02,0.00009028,72.00000000
2018-02-27 03:22:07,0.00009027,543.00000000
2018-02-27 03:22:07,0.00009028,27.00000000
2018-02-27 03:22:08,0.00009027,1107.00000000
2018-02-27 03:22:08,0.00009027,117.00000000
2018-02-27 03:22:10,0.00009027,799.00000000
2018-02-27 03:22:14,0.00009028,1500.00000000
2018-02-27 03:22:16,0.00009034,236.00000000
2018-02-27 03:22:17,0.00009027,258.00000000
2018-02-27 03:22:25,0.00009034,123.00000000
2018-02-27 03:22:30,0.00009034,110.00000000
2018-02-27 03:22:30,0.00009034,110.00000000
2018-02-27 03:22:32,0.00009028,901.00000000
2018-02-27 03:22:35,0.00009028,555.00000000
2018-02-27 03:22:38,0.00009034,250.00000000
2018-02-27 03:22:39,0.00009028,688.00000000
2018-02-27 03:22:39,0.00009028,4610.00000000
2018-02-27 03:22:40,0.00009028,19.00000000
2018-02-27 03:22:41,0.00009028,528.00000000
2018-02-27 03:22:41,0.00009034,214.00000000
2018-02-27 03:22:44,0.00009034,225.00000000
2018-02-27 03:22:50,0.00009028,347.00000000
2018-02-27 03:22:51,0.00009028,110.00000000
2018-02-27 03:22:54,0.00009028,156.00000000
2018-02-27 03:22:55,0.00009028,22.00000000
2018-02-27 03:23:09,0.00009028,139.00000000
2018-02-27 03:23:22,0.00009033,150.00000000
2018-02-27 03:23:25,0.00009028,111.00000000
2018-02-27 03:23:25,0.00009033,238.00000000
2018-02-27 03:23:27,0.00009028,107.00000000
2018-02-27 03:23:31,0.00009033,112.00000000
2018-02-27 03:23:31,0.00009034,102.00000000
2018-02-27 03:23:34,0.00009034,110.00000000
2018-02-27 03:23:37,0.00009028,121.00000000
2018-02-27 03:23:37,0.00009028,227.00000000
2018-02-27 03:23:38,0.00009034,110.00000000
2018-02-27 03:23:41,0.00009034,263.00000000
2018-02-27 03:23:43,0.00009028,1328.00000000
2018-02-27 03:23:43,0.00009027,189.00000000
2018-02-27 03:23:49,0.00009027,583.00000000
2018-02-27 03:23:49,0.00009027,531.00000000
2018-02-27 03:23:49,0.00009027,108.00000000
2018-02-27 03:23:50,0.00009027,579.00000000
2018-02-27 03:23:51,0.00009027,1107.00000000
2018-02-27 03:23:51,0.00009027,1028.00000000
2018-02-27 03:23:52,0.00009027,964.00000000
2018-02-27 03:23:53,0.00009027,110.00000000
2018-02-27 03:23:54,0.00009027,222.00000000
2018-02-27 03:23:55,0.00009027,1107.00000000
2018-02-27 03:23:55,0.00009027,670.00000000
2018-02-27 03:23:56,0.00009027,99.00000000
2018-02-27 03:23:56,0.00009026,984.00000000
2018-02-27 03:23:57,0.00009026,1622.00000000
2018-02-27 03:24:06,0.00009027,133.00000000
2018-02-27 03:24:07,0.00009026,35.00000000
2018-02-27 03:24:08,0.00009026,63.00000000
2018-02-27 03:24:13,0.00009026,448.00000000
2018-02-27 03:24:13,0.00009034,74.00000000
2018-02-27 03:24:17,0.00009026,815.00000000
2018-02-27 03:24:19,0.00009025,111.00000000
2018-02-27 03:24:32,0.00009030,110.00000000
2018-02-27 03:24:35,0.00009025,22.00000000
2018-02-27 03:24:35,0.00009025,539.00000000
2018-02-27 03:24:36,0.00009025,203.00000000
2018-02-27 03:24:37,0.00009025,368.00000000
2018-02-27 03:24:38,0.00009025,29.00000000
2018-02-27 03:24:38,0.00009025,1433.00000000
2018-02-27 03:24:39,0.00009025,448.00000000
2018-02-27 03:24:40,0.00009025,566.00000000
2018-02-27 03:24:43,0.00009030,44.00000000
2018-02-27 03:24:45,0.00009025,33.00000000
2018-02-27 03:24:45,0.00009025,64.00000000
2018-02-27 03:24:46,0.00009025,65.00000000
2018-02-27 03:24:46,0.00009030,110.00000000
2018-02-27 03:24:47,0.00009025,432.00000000
2018-02-27 03:24:48,0.00009030,110.00000000
2018-02-27 03:24:48,0.00009025,120.00000000
2018-02-27 03:24:48,0.00009030,166.00000000
2018-02-27 03:24:49,0.00009025,702.00000000
2018-02-27 03:24:50,0.00009025,939.00000000
2018-02-27 03:24:51,0.00009025,513.00000000
2018-02-27 03:24:52,0.00009025,1108.00000000
2018-02-27 03:24:52,0.00009025,6759.00000000
2018-02-27 03:24:53,0.00009024,1108.00000000
2018-02-27 03:24:53,0.00009024,95.00000000
2018-02-27 03:24:55,0.00009024,97.00000000
2018-02-27 03:24:56,0.00009024,53.00000000
2018-02-27 03:24:57,0.00009024,571.00000000
2018-02-27 03:24:58,0.00009024,558.00000000
2018-02-27 03:24:58,0.00009023,2081.00000000
2018-02-27 03:25:00,0.00009030,110.00000000
2018-02-27 03:25:01,0.00009022,1108.00000000
2018-02-27 03:25:01,0.00009022,892.00000000
2018-02-27 03:25:04,0.00009029,110.00000000
2018-02-27 03:25:07,0.00009029,110.00000000
2018-02-27 03:25:07,0.00009021,209.00000000
2018-02-27 03:25:07,0.00009029,110.00000000
2018-02-27 03:25:08,0.00009021,347.00000000
2018-02-27 03:25:09,0.00009029,110.00000000
2018-02-27 03:25:11,0.00009025,17.00000000
2018-02-27 03:25:11,0.00009021,358.00000000
2018-02-27 03:25:12,0.00009021,1086.00000000
2018-02-27 03:25:12,0.00009020,3057.00000000
2018-02-27 03:25:20,0.00009017,32.00000000
2018-02-27 03:25:22,0.00009017,18.00000000
2018-02-27 03:25:22,0.00009017,172.00000000
2018-02-27 03:25:23,0.00009017,18.00000000
2018-02-27 03:25:24,0.00009017,319.00000000
2018-02-27 03:25:25,0.00009017,18.00000000
2018-02-27 03:25:26,0.00009017,1109.00000000
2018-02-27 03:25:26,0.00009017,1536.00000000
2018-02-27 03:25:29,0.00009015,316.00000000
2018-02-27 03:25:33,0.00009015,39.00000000
2018-02-27 03:25:46,0.00009015,1109.00000000
2018-02-27 03:25:46,0.00009015,1852.00000000
2018-02-27 03:25:54,0.00009010,64.00000000
2018-02-27 03:25:55,0.00009017,22.00000000
2018-02-27 03:25:55,0.00009015,621.00000000
2018-02-27 03:25:56,0.00009015,1109.00000000
2018-02-27 03:25:56,0.00009015,2655.00000000
2018-02-27 03:25:57,0.00009011,900.00000000
2018-02-27 03:25:57,0.00009011,900.00000000
2018-02-27 03:26:00,0.00009010,145.00000000
2018-02-27 03:26:02,0.00009011,900.00000000
2018-02-27 03:26:03,0.00009024,57.00000000
2018-02-27 03:26:05,0.00009011,1106.00000000
2018-02-27 03:26:09,0.00009015,42.00000000
2018-02-27 03:26:11,0.00009014,116.00000000
2018-02-27 03:26:13,0.00009014,116.00000000
2018-02-27 03:26:14,0.00009011,354.00000000
2018-02-27 03:26:15,0.00009011,63.00000000
2018-02-27 03:26:15,0.00009014,53.00000000
2018-02-27 03:26:15,0.00009014,198.00000000
2018-02-27 03:26:17,0.00009014,4046.00000000
2018-02-27 03:26:17,0.00009015,17.00000000
2018-02-27 03:26:21,0.00009022,99.00000000
2018-02-27 03:26:21,0.00009022,81.00000000
2018-02-27 03:26:25,0.00009011,20.00000000
2018-02-27 03:26:27,0.00009010,105.00000000
2018-02-27 03:26:28,0.00009010,105.00000000
2018-02-27 03:26:29,0.00009011,78.00000000
2018-02-27 03:26:29,0.00009010,105.00000000
2018-02-27 03:26:30,0.00009011,13.00000000
2018-02-27 03:26:30,0.00009011,78.00000000
2018-02-27 03:26:30,0.00009010,29.00000000
2018-02-27 03:26:31,0.00009010,3150.00000000
2018-02-27 03:26:31,0.00009020,99.00000000
2018-02-27 03:26:33,0.00009012,99.00000000
2018-02-27 03:26:33,0.00009010,100.00000000
2018-02-27 03:26:34,0.00009019,19.00000000
2018-02-27 03:26:35,0.00009019,110.00000000
2018-02-27 03:26:36,0.00009019,33.00000000
2018-02-27 03:26:40,0.00009010,734.00000000
2018-02-27 03:26:41,0.00009022,110.00000000
2018-02-27 03:26:42,0.00009011,17.00000000
2018-02-27 03:26:55,0.00009010,107.00000000
2018-02-27 03:26:56,0.00009010,90.00000000
2018-02-27 03:26:57,0.00009010,125.00000000
2018-02-27 03:26:57,0.00009022,110.00000000
2018-02-27 03:27:00,0.00009019,110.00000000
2018-02-27 03:27:03,0.00009010,4308.00000000
2018-02-27 03:27:05,0.00009019,110.00000000
2018-02-27 03:27:09,0.00009010,28.00000000
2018-02-27 03:27:09,0.00009019,12.00000000
2018-02-27 03:27:11,0.00009019,110.00000000
2018-02-27 03:27:12,0.00009010,119.00000000
2018-02-27 03:27:12,0.00009009,6.00000000
2018-02-27 03:27:13,0.00009019,110.00000000
2018-02-27 03:27:14,0.00009019,110.00000000
2018-02-27 03:27:16,0.00009019,2217.00000000
2018-02-27 03:27:18,0.00009009,1059.00000000
2018-02-27 03:27:19,0.00009019,110.00000000
2018-02-27 03:27:19,0.00009009,737.00000000
2018-02-27 03:27:20,0.00009009,302.00000000
2018-02-27 03:27:25,0.00009009,99.00000000
2018-02-27 03:27:26,0.00009009,111.00000000
2018-02-27 03:27:29,0.00009009,100.00000000
2018-02-27 03:27:31,0.00009009,55.00000000
2018-02-27 03:27:31,0.00009009,100.00000000
2018-02-27 03:27:32,0.00009008,804.00000000
2018-02-27 03:27:33,0.00009008,111.00000000
2018-02-27 03:27:37,0.00009008,155.00000000
2018-02-27 03:27:37,0.00009009,43.00000000
2018-02-27 03:27:38,0.00009009,111.00000000
2018-02-27 03:27:39,0.00009009,46.00000000
2018-02-27 03:27:41,0.00009009,46.00000000
2018-02-27 03:27:43,0.00009009,99.00000000
2018-02-27 03:27:48,0.00009005,153.00000000
2018-02-27 03:27:49,0.00009009,198.00000000
2018-02-27 03:27:55,0.00009009,99.00000000
2018-02-27 03:27:55,0.00009009,111.00000000
2018-02-27 03:28:00,0.00009005,106.00000000
2018-02-27 03:28:01,0.00009009,198.00000000
2018-02-27 03:28:03,0.00009009,133.00000000
2018-02-27 03:28:07,0.00009009,99.00000000
2018-02-27 03:28:07,0.00009009,333.00000000
2018-02-27 03:28:10,0.00009009,61.00000000
2018-02-27 03:28:10,0.00009005,1448.00000000
2018-02-27 03:28:10,0.00009003,555.00000000
2018-02-27 03:28:10,0.00009002,156.00000000
2018-02-27 03:28:10,0.00009001,2222.00000000
2018-02-27 03:28:11,0.00009009,93.00000000
2018-02-27 03:28:13,0.00009009,121.00000000
2018-02-27 03:28:13,0.00009019,77.00000000
2018-02-27 03:28:16,0.00009005,107.00000000
2018-02-27 03:28:18,0.00009019,111.00000000
2018-02-27 03:28:19,0.00009019,99.00000000
2018-02-27 03:28:20,0.00009009,78.00000000
2018-02-27 03:28:20,0.00009005,12.00000000
2018-02-27 03:28:21,0.00009019,33.00000000
2018-02-27 03:28:22,0.00009019,101.00000000
2018-02-27 03:28:22,0.00009023,9.00000000
2018-02-27 03:28:33,0.00009009,1.00000000
2018-02-27 03:28:35,0.00009009,68.00000000
2018-02-27 03:28:35,0.00009009,256.00000000
2018-02-27 03:28:35,0.00009009,60.00000000
2018-02-27 03:28:36,0.00009009,94.00000000
2018-02-27 03:28:39,0.00009008,100.00000000
2018-02-27 03:28:41,0.00009009,6.00000000
2018-02-27 03:28:41,0.00009019,93.00000000
2018-02-27 03:28:47,0.00009019,62.00000000
2018-02-27 03:28:47,0.00009024,37.00000000
2018-02-27 03:28:49,0.00009018,221.00000000
2018-02-27 03:29:05,0.00009011,67.00000000
2018-02-27 03:29:12,0.00009011,1383.00000000
2018-02-27 03:29:20,0.00009011,70.00000000
2018-02-27 03:29:29,0.00009024,110.00000000
2018-02-27 03:29:32,0.00009012,170.00000000
2018-02-27 03:29:32,0.00009012,170.00000000
2018-02-27 03:29:32,0.00009012,170.00000000
2018-02-27 03:29:35,0.00009023,159.00000000
2018-02-27 03:29:36,0.00009023,110.00000000
2018-02-27 03:29:44,0.00009019,110.00000000
2018-02-27 03:29:46,0.00009019,18.00000000
2018-02-27 03:29:47,0.00009019,13.00000000
2018-02-27 03:29:49,0.00009019,65.00000000
2018-02-27 03:29:49,0.00009023,45.00000000
2018-02-27 03:30:05,0.00009023,110.00000000
2018-02-27 03:30:08,0.00009023,110.00000000
2018-02-27 03:30:14,0.00009023,146.00000000
2018-02-27 03:30:16,0.00009023,71.00000000
2018-02-27 03:30:24,0.00009023,96.00000000
2018-02-27 03:30:24,0.00009024,14.00000000
2018-02-27 03:30:31,0.00009023,199.00000000
2018-02-27 03:30:35,0.00009024,676.00000000
2018-02-27 03:30:35,0.00009025,2515.00000000
2018-02-27 03:30:36,0.00009026,108.00000000
2018-02-27 03:30:36,0.00009025,789.00000000
2018-02-27 03:30:41,0.00009025,110.00000000
2018-02-27 03:30:42,0.00009025,554.00000000
2018-02-27 03:30:46,0.00009025,554.00000000
2018-02-27 03:30:47,0.00009026,105.00000000
2018-02-27 03:30:48,0.00009025,554.00000000
2018-02-27 03:30:50,0.00009025,554.00000000
2018-02-27 03:30:51,0.00009025,50.00000000
2018-02-27 03:30:52,0.00009025,554.00000000
2018-02-27 03:30:54,0.00009025,554.00000000
2018-02-27 03:30:54,0.00009025,51.00000000
2018-02-27 03:30:55,0.00009025,1000.00000000
2018-02-27 03:30:56,0.00009025,554.00000000
2018-02-27 03:30:57,0.00009025,554.00000000
2018-02-27 03:31:01,0.00009025,554.00000000
2018-02-27 03:31:02,0.00009025,554.00000000
2018-02-27 03:31:04,0.00009023,110.00000000
2018-02-27 03:31:04,0.00009026,110.00000000
2018-02-27 03:31:04,0.00009026,110.00000000
2018-02-27 03:31:11,0.00009026,394.00000000
2018-02-27 03:31:12,0.00009026,554.00000000
2018-02-27 03:31:15,0.00009033,110.00000000
2018-02-27 03:31:30,0.00009026,48.00000000
2018-02-27 03:31:32,0.00009031,332.00000000
2018-02-27 03:31:33,0.00009026,632.00000000
2018-02-27 03:31:36,0.00009030,110.00000000
2018-02-27 03:31:38,0.00009030,110.00000000
2018-02-27 03:31:52,0.00009030,110.00000000
2018-02-27 03:31:54,0.00009030,110.00000000
2018-02-27 03:31:56,0.00009030,110.00000000
2018-02-27 03:32:01,0.00009026,4.00000000
2018-02-27 03:32:01,0.00009023,90.00000000
2018-02-27 03:32:05,0.00009023,43.00000000
2018-02-27 03:32:08,0.00009026,110.00000000
2018-02-27 03:32:11,0.00009023,84.00000000
2018-02-27 03:32:12,0.00009012,125.00000000
2018-02-27 03:32:12,0.00009012,2007.00000000
2018-02-27 03:32:12,0.00009011,1900.00000000
2018-02-27 03:32:23,0.00009023,104.00000000
2018-02-27 03:32:23,0.00009023,110.00000000
2018-02-27 03:32:25,0.00009012,756.00000000
2018-02-27 03:32:35,0.00009012,12.00000000
2018-02-27 03:32:44,0.00009013,300.00000000
2018-02-27 03:32:47,0.00009013,25.00000000
2018-02-27 03:32:54,0.00009012,2000.00000000
2018-02-27 03:32:55,0.00009023,85.00000000
2018-02-27 03:33:03,0.00009023,632.00000000
2018-02-27 03:33:05,0.00009023,110.00000000
2018-02-27 03:33:15,0.00009023,29.00000000
2018-02-27 03:33:16,0.00009023,50.00000000
2018-02-27 03:33:26,0.00009024,110.00000000
2018-02-27 03:33:26,0.00009024,110.00000000
2018-02-27 03:33:28,0.00009023,62.00000000
2018-02-27 03:33:28,0.00009016,160.00000000
2018-02-27 03:33:32,0.00009024,97.00000000
2018-02-27 03:33:32,0.00009026,13.00000000
2018-02-27 03:33:42,0.00009023,1.00000000
2018-02-27 03:33:43,0.00009016,6.00000000
2018-02-27 03:33:45,0.00009016,34.00000000
2018-02-27 03:33:53,0.00009016,110.00000000
2018-02-27 03:33:57,0.00009016,110.00000000
2018-02-27 03:34:12,0.00009015,150.00000000
2018-02-27 03:34:14,0.00009015,168.00000000
2018-02-27 03:34:21,0.00009016,110.00000000
2018-02-27 03:34:22,0.00009016,224.00000000
2018-02-27 03:34:22,0.00009023,176.00000000
2018-02-27 03:34:24,0.00009023,110.00000000
2018-02-27 03:34:25,0.00009023,100.00000000
2018-02-27 03:34:26,0.00009015,14.00000000
2018-02-27 03:34:32,0.00009023,110.00000000
2018-02-27 03:34:35,0.00009023,110.00000000
2018-02-27 03:34:35,0.00009023,110.00000000
2018-02-27 03:34:58,0.00009022,1.00000000
2018-02-27 03:35:04,0.00009022,100.00000000
2018-02-27 03:35:07,0.00009012,256.00000000
2018-02-27 03:35:09,0.00009022,24.00000000
2018-02-27 03:35:15,0.00009021,1036.00000000
2018-02-27 03:35:26,0.00009021,110.00000000
2018-02-27 03:35:28,0.00009021,110.00000000
2018-02-27 03:35:33,0.00009012,141.00000000
2018-02-27 03:35:33,0.00009021,220.00000000
2018-02-27 03:35:37,0.00009021,7275.00000000
2018-02-27 03:35:48,0.00009021,405.00000000
2018-02-27 03:35:52,0.00009021,23.00000000
2018-02-27 03:35:57,0.00009021,311.00000000
2018-02-27 03:36:02,0.00009021,286.00000000
2018-02-27 03:36:23,0.00009014,33.00000000
2018-02-27 03:36:23,0.00009020,17.00000000
2018-02-27 03:36:23,0.00009021,559.00000000
2018-02-27 03:36:25,0.00009021,126.00000000
2018-02-27 03:36:31,0.00009020,110.00000000
2018-02-27 03:36:33,0.00009020,15.00000000
2018-02-27 03:36:33,0.00009021,95.00000000
2018-02-27 03:36:56,0.00009012,200.00000000
2018-02-27 03:37:05,0.00009021,110.00000000
2018-02-27 03:37:07,0.00009021,110.00000000
2018-02-27 03:37:15,0.00009021,525.00000000
2018-02-27 03:37:24,0.00009021,110.00000000
2018-02-27 03:37:27,0.00009012,837.00000000
2018-02-27 03:37:30,0.00009021,110.00000000
2018-02-27 03:37:35,0.00009012,199.00000000
2018-02-27 03:37:35,0.00009012,183.00000000
2018-02-27 03:37:35,0.00009011,507.00000000
2018-02-27 03:37:40,0.00009021,110.00000000
2018-02-27 03:37:50,0.00009013,23.00000000
2018-02-27 03:37:50,0.00009013,31.00000000
2018-02-27 03:37:58,0.00009020,69.00000000
2018-02-27 03:37:59,0.00009013,114.00000000
2018-02-27 03:38:00,0.00009013,23.00000000
2018-02-27 03:38:09,0.00009011,250.00000000
2018-02-27 03:38:10,0.00009011,2314.00000000
2018-02-27 03:38:11,0.00009013,110.00000000
2018-02-27 03:38:23,0.00009012,110.00000000
2018-02-27 03:38:24,0.00009012,34.00000000
2018-02-27 03:38:27,0.00009012,5.00000000
2018-02-27 03:38:27,0.00009013,105.00000000
2018-02-27 03:38:28,0.00009013,110.00000000
2018-02-27 03:38:30,0.00009011,74.00000000
2018-02-27 03:38:34,0.00009011,1992.00000000
2018-02-27 03:38:36,0.00009011,46.00000000
2018-02-27 03:38:36,0.00009011,110.00000000
2018-02-27 03:38:37,0.00009011,2.00000000
2018-02-27 03:38:38,0.00009011,93.00000000
2018-02-27 03:38:43,0.00009011,1.00000000
2018-02-27 03:38:47,0.00009011,431.00000000
2018-02-27 03:38:48,0.00009011,110.00000000
2018-02-27 03:38:51,0.00009011,54.00000000
2018-02-27 03:38:54,0.00009011,110.00000000
2018-02-27 03:39:03,0.00009011,45.00000000
2018-02-27 03:39:11,0.00009009,79.00000000
2018-02-27 03:39:15,0.00009009,181.00000000
2018-02-27 03:39:15,0.00009008,268.00000000
2018-02-27 03:39:15,0.00009005,732.00000000
2018-02-27 03:39:18,0.00009010,211.00000000
2018-02-27 03:39:18,0.00009005,211.00000000
2018-02-27 03:39:20,0.00009011,488.00000000
2018-02-27 03:39:35,0.00009011,110.00000000
2018-02-27 03:39:52,0.00009006,25.00000000
2018-02-27 03:39:55,0.00009006,397.00000000
2018-02-27 03:39:55,0.00009005,2530.00000000
2018-02-27 03:39:56,0.00009005,909.00000000
2018-02-27 03:40:00,0.00009009,77.00000000
2018-02-27 03:40:01,0.00009002,67.00000000
2018-02-27 03:40:02,0.00009009,139.00000000
2018-02-27 03:40:03,0.00009002,380.00000000
2018-02-27 03:40:03,0.00009001,1339.00000000
2018-02-27 03:40:03,0.00009001,18.00000000
2018-02-27 03:40:06,0.00009001,116.00000000
2018-02-27 03:40:08,0.00009001,1983.00000000
2018-02-27 03:40:08,0.00009000,275.00000000
2018-02-27 03:40:17,0.00009002,15.00000000
2018-02-27 03:40:36,0.00009010,155.00000000
2018-02-27 03:40:41,0.00009010,110.00000000
2018-02-27 03:40:42,0.00009009,42.00000000
2018-02-27 03:40:44,0.00009009,100.00000000
2018-02-27 03:40:51,0.00009010,108.00000000
2018-02-27 03:40:55,0.00009009,37.00000000
2018-02-27 03:40:57,0.00009009,321.00000000
2018-02-27 03:40:59,0.00009010,46.00000000
2018-02-27 03:40:59,0.00009009,61.00000000
2018-02-27 03:41:03,0.00009010,110.00000000
2018-02-27 03:41:07,0.00009009,50.00000000
2018-02-27 03:41:08,0.00009010,110.00000000
2018-02-27 03:41:12,0.00009009,29.00000000
2018-02-27 03:41:18,0.00009009,37.00000000
2018-02-27 03:41:18,0.00009002,2192.00000000
2018-02-27 03:41:18,0.00009000,836.00000000
2018-02-27 03:41:19,0.00009010,22.00000000
2018-02-27 03:41:29,0.00009000,32.00000000
2018-02-27 03:41:30,0.00009000,82.00000000
2018-02-27 03:41:34,0.00009009,265.00000000
2018-02-27 03:41:38,0.00009009,111.00000000
2018-02-27 03:41:50,0.00009009,110.00000000
2018-02-27 03:41:57,0.00009009,110.00000000
2018-02-27 03:42:00,0.00009009,111.00000000
2018-02-27 03:42:02,0.00009002,57.00000000
2018-02-27 03:42:06,0.00009009,111.00000000
2018-02-27 03:42:11,0.00009009,111.00000000
2018-02-27 03:42:11,0.00009009,111.00000000
2018-02-27 03:42:15,0.00009009,111.00000000
2018-02-27 03:42:16,0.00009009,2000.00000000
2018-02-27 03:42:17,0.00009009,29.00000000
2018-02-27 03:42:17,0.00009010,82.00000000
2018-02-27 03:42:38,0.00009009,1204.00000000
2018-02-27 03:42:38,0.00009010,973.00000000
2018-02-27 03:42:39,0.00009010,111.00000000
2018-02-27 03:42:40,0.00009005,25.00000000
2018-02-27 03:42:42,0.00009010,110.00000000
2018-02-27 03:42:46,0.00009005,175.00000000
2018-02-27 03:42:46,0.00009002,126.00000000
2018-02-27 03:42:46,0.00009001,269.00000000
2018-02-27 03:42:46,0.00009000,2258.00000000
2018-02-27 03:42:46,0.00008999,52.00000000
2018-02-27 03:42:46,0.00008996,1779.00000000
2018-02-27 03:42:49,0.00009009,970.00000000
2018-02-27 03:42:52,0.00009009,386.00000000
2018-02-27 03:43:06,0.00009008,365.00000000
2018-02-27 03:43:09,0.00009009,219.00000000
2018-02-27 03:43:11,0.00009009,116.00000000
2018-02-27 03:43:15,0.00009000,110.00000000
2018-02-27 03:43:23,0.00009009,200.00000000
2018-02-27 03:43:25,0.00009009,111.00000000
2018-02-27 03:43:36,0.00009001,100.00000000
2018-02-27 03:43:41,0.00009008,111.00000000
2018-02-27 03:43:47,0.00009008,111.00000000
2018-02-27 03:43:47,0.00009002,261.00000000
2018-02-27 03:43:47,0.00009003,360.00000000
2018-02-27 03:43:48,0.00009003,464.00000000
2018-02-27 03:43:52,0.00009008,83.00000000
2018-02-27 03:43:54,0.00009008,27.00000000
2018-02-27 03:43:56,0.00009008,555.00000000
2018-02-27 03:43:56,0.00009008,2446.00000000
2018-02-27 03:43:56,0.00009009,2507.00000000
2018-02-27 03:43:56,0.00009009,111.00000000
2018-02-27 03:44:05,0.00009009,668.00000000
2018-02-27 03:44:07,0.00009009,1408.00000000
2018-02-27 03:44:07,0.00009010,316.00000000
2018-02-27 03:44:14,0.00009010,555.00000000
2018-02-27 03:44:15,0.00009010,110.00000000
2018-02-27 03:44:16,0.00009010,555.00000000
2018-02-27 03:44:16,0.00009010,110.00000000
2018-02-27 03:44:18,0.00009010,555.00000000
2018-02-27 03:44:25,0.00009009,1345.00000000
2018-02-27 03:44:32,0.00009005,31.00000000
2018-02-27 03:44:33,0.00009004,1455.00000000
2018-02-27 03:44:33,0.00009003,258.00000000
2018-02-27 03:44:33,0.00009002,765.00000000
2018-02-27 03:44:33,0.00009000,252.00000000
2018-02-27 03:44:34,0.00009000,34.00000000
2018-02-27 03:44:44,0.00009006,31.00000000
2018-02-27 03:44:44,0.00009005,105.00000000
2018-02-27 03:44:46,0.00009009,111.00000000
2018-02-27 03:44:49,0.00009009,111.00000000
2018-02-27 03:45:19,0.00009009,111.00000000
2018-02-27 03:45:22,0.00009009,111.00000000
2018-02-27 03:45:29,0.00009007,1554.00000000
2018-02-27 03:45:31,0.00009007,1110.00000000
2018-02-27 03:45:31,0.00009007,429.00000000
2018-02-27 03:45:35,0.00009008,1665.00000000
2018-02-27 03:45:42,0.00009008,40.00000000
2018-02-27 03:45:43,0.00009008,777.00000000
2018-02-27 03:45:46,0.00009008,555.00000000
2018-02-27 03:45:47,0.00009008,111.00000000
2018-02-27 03:45:53,0.00009008,84.00000000
2018-02-27 03:46:06,0.00009008,80.00000000
2018-02-27 03:46:06,0.00009010,3933.00000000
2018-02-27 03:46:06,0.00009011,987.00000000
2018-02-27 03:46:10,0.00009008,56.00000000
2018-02-27 03:46:15,0.00009006,30.00000000
2018-02-27 03:46:15,0.00009005,1475.00000000
2018-02-27 03:46:20,0.00009011,513.00000000
2018-02-27 03:46:31,0.00009010,110.00000000
2018-02-27 03:46:31,0.00009010,110.00000000
2018-02-27 03:46:32,0.00009010,700.00000000
2018-02-27 03:46:37,0.00009010,332.00000000
2018-02-27 03:46:38,0.00009010,202.00000000
2018-02-27 03:46:41,0.00009010,110.00000000
2018-02-27 03:46:48,0.00009010,110.00000000
2018-02-27 03:46:51,0.00009009,111.00000000
2018-02-27 03:46:52,0.00009009,161.00000000
2018-02-27 03:46:52,0.00009010,115.00000000
2018-02-27 03:46:54,0.00009010,517.00000000
2018-02-27 03:46:54,0.00009011,2122.00000000
2018-02-27 03:47:02,0.00009011,110.00000000
2018-02-27 03:47:13,0.00009006,14.00000000
2018-02-27 03:47:14,0.00009006,102.00000000
2018-02-27 03:47:15,0.00009011,110.00000000
2018-02-27 03:47:17,0.00009011,332.00000000
2018-02-27 03:47:19,0.00009011,31.00000000
2018-02-27 03:47:23,0.00009011,998.00000000
2018-02-27 03:47:26,0.00009011,61.00000000
2018-02-27 03:47:26,0.00009006,95.00000000
2018-02-27 03:47:26,0.00009006,2801.00000000
2018-02-27 03:47:27,0.00009006,1063.00000000
2018-02-27 03:47:27,0.00009006,45.00000000
2018-02-27 03:47:28,0.00009006,1110.00000000
2018-02-27 03:47:28,0.00009006,2924.00000000
2018-02-27 03:47:33,0.00009011,130.00000000
2018-02-27 03:47:34,0.00009011,12.00000000
2018-02-27 03:47:34,0.00009011,84.00000000
2018-02-27 03:47:41,0.00009011,165.00000000
2018-02-27 03:47:41,0.00009011,2430.00000000
2018-02-27 03:48:06,0.00009010,112.00000000
2018-02-27 03:48:08,0.00009011,23.00000000
2018-02-27 03:48:13,0.00009011,5548.00000000
2018-02-27 03:48:15,0.00009011,1939.00000000
2018-02-27 03:48:18,0.00009011,368.00000000
2018-02-27 03:48:20,0.00009011,297.00000000
2018-02-27 03:48:20,0.00009011,18.00000000
2018-02-27 03:48:21,0.00009011,1110.00000000
2018-02-27 03:48:21,0.00009011,309.00000000
2018-02-27 03:48:21,0.00009011,2108.00000000
2018-02-27 03:48:22,0.00009011,555.00000000
2018-02-27 03:48:27,0.00009011,5326.00000000
2018-02-27 03:48:28,0.00009011,1110.00000000
2018-02-27 03:48:28,0.00009011,2063.00000000
2018-02-27 03:48:29,0.00009011,110.00000000
2018-02-27 03:48:30,0.00009011,110.00000000
2018-02-27 03:48:31,0.00009011,608.00000000
2018-02-27 03:48:33,0.00009011,18.00000000
2018-02-27 03:48:33,0.00009011,70.00000000
2018-02-27 03:48:35,0.00009008,10.00000000
2018-02-27 03:48:36,0.00009011,49.00000000
2018-02-27 03:48:36,0.00009011,70.00000000
2018-02-27 03:48:37,0.00009011,18.00000000
2018-02-27 03:48:37,0.00009011,110.00000000
2018-02-27 03:48:43,0.00009011,1394.00000000
2018-02-27 03:48:45,0.00009011,809.00000000
2018-02-27 03:48:45,0.00009011,665.00000000
2018-02-27 03:48:45,0.00009011,90.00000000
2018-02-27 03:48:46,0.00009009,81.00000000
2018-02-27 03:48:47,0.00009011,1110.00000000
2018-02-27 03:48:47,0.00009011,2915.00000000
2018-02-27 03:48:48,0.00009011,1110.00000000
2018-02-27 03:48:48,0.00009011,929.00000000
2018-02-27 03:48:50,0.00009013,110.00000000
2018-02-27 03:48:55,0.00009010,82.00000000
2018-02-27 03:49:00,0.00009010,18.00000000
2018-02-27 03:49:01,0.00009013,600.00000000
2018-02-27 03:49:03,0.00009015,627.00000000
2018-02-27 03:49:06,0.00009015,13.00000000
2018-02-27 03:49:06,0.00009019,97.00000000
2018-02-27 03:49:06,0.00009019,110.00000000
2018-02-27 03:49:07,0.00009019,110.00000000
2018-02-27 03:49:12,0.00009019,18.00000000
2018-02-27 03:49:13,0.00009019,165.00000000
2018-02-27 03:49:15,0.00009020,110.00000000
2018-02-27 03:49:16,0.00009020,18.00000000
2018-02-27 03:49:17,0.00009020,586.00000000
2018-02-27 03:49:17,0.00009021,3478.00000000
2018-02-27 03:49:17,0.00009023,110.00000000
2018-02-27 03:49:18,0.00009023,490.00000000
2018-02-27 03:49:22,0.00009013,19.00000000
2018-02-27 03:49:25,0.00009026,110.00000000
2018-02-27 03:49:28,0.00009013,276.00000000
2018-02-27 03:49:31,0.00009026,248.00000000
2018-02-27 03:49:43,0.00009026,18.00000000
2018-02-27 03:49:45,0.00009024,1.00000000
2018-02-27 03:49:46,0.00009026,79.00000000
2018-02-27 03:49:47,0.00009026,375.00000000
2018-02-27 03:49:48,0.00009024,55.00000000
2018-02-27 03:49:50,0.00009026,224.00000000
2018-02-27 03:49:50,0.00009026,224.00000000
2018-02-27 03:49:51,0.00009026,186.00000000
2018-02-27 03:49:51,0.00009030,171.00000000
2018-02-27 03:49:51,0.00009031,107.00000000
2018-02-27 03:49:51,0.00009033,3.00000000
2018-02-27 03:49:52,0.00009033,897.00000000
2018-02-27 03:49:56,0.00009028,4.00000000
2018-02-27 03:49:57,0.00009028,253.00000000
2018-02-27 03:49:58,0.00009028,853.00000000
2018-02-27 03:50:03,0.00009026,111.00000000
2018-02-27 03:50:24,0.00009026,292.00000000
2018-02-27 03:50:28,0.00009025,47.00000000
2018-02-27 03:50:31,0.00009026,800.00000000
2018-02-27 03:50:34,0.00009025,19.00000000
2018-02-27 03:50:35,0.00009026,87.00000000
2018-02-27 03:50:37,0.00009025,30.00000000
2018-02-27 03:50:38,0.00009026,39.00000000
2018-02-27 03:50:39,0.00009026,21.00000000
2018-02-27 03:50:41,0.00009026,110.00000000
2018-02-27 03:50:42,0.00009025,17.00000000
2018-02-27 03:50:45,0.00009026,549.00000000
2018-02-27 03:50:57,0.00009025,153.00000000
2018-02-27 03:51:00,0.00009025,35.00000000
2018-02-27 03:51:02,0.00009026,1021.00000000
2018-02-27 03:51:11,0.00009026,110.00000000
2018-02-27 03:51:24,0.00009026,110.00000000
2018-02-27 03:51:25,0.00009026,39.00000000
2018-02-27 03:51:34,0.00009026,60.00000000
2018-02-27 03:51:42,0.00009025,128.00000000
2018-02-27 03:51:42,0.00009026,59.00000000
2018-02-27 03:52:05,0.00009026,94.00000000
2018-02-27 03:52:10,0.00009026,13.00000000
2018-02-27 03:52:17,0.00009026,10.00000000
2018-02-27 03:52:30,0.00009026,110.00000000
2018-02-27 03:52:40,0.00009026,169.00000000
2018-02-27 03:52:40,0.00009026,1152.00000000
2018-02-27 03:52:51,0.00009026,80.00000000
2018-02-27 03:52:53,0.00009025,332.00000000
2018-02-27 03:53:12,0.00009025,514.00000000
2018-02-27 03:53:14,0.00009025,685.00000000
2018-02-27 03:53:14,0.00009025,89.00000000
2018-02-27 03:53:25,0.00009026,110.00000000
2018-02-27 03:53:30,0.00009020,110.00000000
2018-02-27 03:53:41,0.00009025,13.00000000
2018-02-27 03:53:42,0.00009025,569.00000000
2018-02-27 03:53:49,0.00009020,153.00000000
2018-02-27 03:53:49,0.00009014,97.00000000
2018-02-27 03:54:00,0.00009015,994.00000000
2018-02-27 03:54:22,0.00009024,68.00000000
2018-02-27 03:54:27,0.00009020,53.00000000
2018-02-27 03:54:29,0.00009024,110.00000000
2018-02-27 03:54:32,0.00009020,29.00000000
2018-02-27 03:54:32,0.00009017,181.00000000
2018-02-27 03:54:38,0.00009024,110.00000000
2018-02-27 03:54:39,0.00009020,177.00000000
2018-02-27 03:54:39,0.00009020,936.00000000
2018-02-27 03:54:40,0.00009020,45.00000000
2018-02-27 03:54:40,0.00009020,198.00000000
2018-02-27 03:54:41,0.00009020,196.00000000
2018-02-27 03:54:42,0.00009020,32.00000000
2018-02-27 03:54:42,0.00009020,436.00000000
2018-02-27 03:54:43,0.00009020,276.00000000
2018-02-27 03:54:44,0.00009023,14.00000000
2018-02-27 03:55:02,0.00009023,28.00000000
2018-02-27 03:55:03,0.00009023,152.00000000
2018-02-27 03:55:11,0.00009024,236.00000000
2018-02-27 03:55:13,0.00009023,864.00000000
2018-02-27 03:55:20,0.00009024,702.00000000
2018-02-27 03:55:22,0.00009023,6.00000000
2018-02-27 03:55:31,0.00009018,10.00000000
2018-02-27 03:55:32,0.00009023,21.00000000
2018-02-27 03:55:37,0.00009023,22.00000000
2018-02-27 03:55:41,0.00009023,483.00000000
2018-02-27 03:55:54,0.00009018,250.00000000
2018-02-27 03:55:56,0.00009023,70.00000000
2018-02-27 03:55:59,0.00009018,30.00000000
2018-02-27 03:56:02,0.00009023,1727.00000000
2018-02-27 03:56:02,0.00009023,580.00000000
2018-02-27 03:56:02,0.00009024,1600.00000000
2018-02-27 03:56:06,0.00009023,100.00000000
2018-02-27 03:56:13,0.00009022,33.00000000
2018-02-27 03:56:13,0.00009025,67.00000000
2018-02-27 03:56:14,0.00009025,370.00000000
2018-02-27 03:56:16,0.00009023,190.00000000
2018-02-27 03:56:18,0.00009020,25.00000000
2018-02-27 03:56:18,0.00009023,370.00000000
2018-02-27 03:56:18,0.00009025,401.00000000
2018-02-27 03:56:19,0.00009025,16.00000000
2018-02-27 03:56:19,0.00009025,9.00000000
2018-02-27 03:56:19,0.00009026,2323.00000000
2018-02-27 03:56:21,0.00009023,60.00000000
2018-02-27 03:56:27,0.00009025,18.00000000
2018-02-27 03:56:27,0.00009025,462.00000000
2018-02-27 03:56:30,0.00009025,445.00000000
2018-02-27 03:56:35,0.00009026,9.00000000
2018-02-27 03:56:35,0.00009034,83.00000000
2018-02-27 03:56:35,0.00009035,18.00000000
2018-02-27 03:56:39,0.00009034,900.00000000
2018-02-27 03:56:39,0.00009034,106.00000000
2018-02-27 03:56:40,0.00009025,95.00000000
2018-02-27 03:56:40,0.00009023,140.00000000
2018-02-27 03:56:40,0.00009019,33.00000000
2018-02-27 03:56:40,0.00009018,12.00000000
2018-02-27 03:56:40,0.00009013,4.00000000
2018-02-27 03:56:40,0.00009034,311.00000000
2018-02-27 03:56:50,0.00009034,25.00000000
2018-02-27 03:56:50,0.00009035,926.00000000
2018-02-27 03:56:50,0.00009035,155.00000000
2018-02-27 03:57:04,0.00009032,149.00000000
2018-02-27 03:57:04,0.00009034,344.00000000
2018-02-27 03:57:04,0.00009036,20.00000000
2018-02-27 03:57:08,0.00009036,3839.00000000
2018-02-27 03:57:09,0.00009036,144.00000000
2018-02-27 03:57:12,0.00009036,588.00000000
2018-02-27 03:57:14,0.00009036,284.00000000
2018-02-27 03:57:30,0.00009038,110.00000000
2018-02-27 03:57:37,0.00009036,141.00000000
2018-02-27 03:57:37,0.00009036,586.00000000
2018-02-27 03:57:43,0.00009029,971.00000000
2018-02-27 03:57:43,0.00009028,4187.00000000
2018-02-27 03:57:43,0.00009027,60.00000000
2018-02-27 03:57:43,0.00009026,1037.00000000
2018-02-27 03:57:43,0.00009025,900.00000000
2018-02-27 03:57:43,0.00009015,107.00000000
2018-02-27 03:57:43,0.00009014,1079.00000000
2018-02-27 03:57:43,0.00009012,100.00000000
2018-02-27 03:57:43,0.00009011,317.00000000
2018-02-27 03:57:43,0.00009010,852.00000000
2018-02-27 03:57:43,0.00009009,404.00000000
2018-02-27 03:57:43,0.00009008,2443.00000000
2018-02-27 03:57:43,0.00009005,299.00000000
2018-02-27 03:57:43,0.00009003,192.00000000
2018-02-27 03:57:43,0.00009002,2718.00000000
2018-02-27 03:57:43,0.00009001,70.00000000
2018-02-27 03:57:43,0.00009000,2660.00000000
2018-02-27 03:57:43,0.00008999,20936.00000000
2018-02-27 03:57:43,0.00008997,5540.00000000
2018-02-27 03:57:44,0.00009015,107.00000000
2018-02-27 03:57:44,0.00009004,150.00000000
2018-02-27 03:57:44,0.00008997,443.00000000
2018-02-27 03:57:44,0.00008997,1000.00000000
2018-02-27 03:57:46,0.00009010,80.00000000
2018-02-27 03:57:47,0.00009010,459.00000000
2018-02-27 03:57:47,0.00009011,40.00000000
2018-02-27 03:57:48,0.00009011,460.00000000
2018-02-27 03:57:51,0.00009014,18.00000000
2018-02-27 03:57:51,0.00009014,89.00000000
2018-02-27 03:57:53,0.00009010,129.00000000
2018-02-27 03:57:54,0.00009010,77.00000000
2018-02-27 03:57:56,0.00009001,54.00000000
2018-02-27 03:57:57,0.00009001,102.00000000
2018-02-27 03:57:57,0.00009001,90.00000000
2018-02-27 03:57:57,0.00009001,1106.00000000
2018-02-27 03:57:57,0.00009001,108.00000000
2018-02-27 03:57:58,0.00009019,554.00000000
2018-02-27 03:57:58,0.00009020,1.00000000
2018-02-27 03:58:28,0.00009020,1189.00000000
2018-02-27 03:58:28,0.00009025,475.00000000
2018-02-27 03:58:39,0.00009018,110.00000000
2018-02-27 03:58:45,0.00009018,100.00000000
2018-02-27 03:58:46,0.00009011,1453.00000000
2018-02-27 03:58:46,0.00009003,442.00000000
2018-02-27 03:58:47,0.00009009,90.00000000
2018-02-27 03:58:48,0.00009018,46.00000000
2018-02-27 03:58:50,0.00009016,46.00000000
2018-02-27 03:58:51,0.00009016,75.00000000
2018-02-27 03:58:55,0.00009004,55.00000000
2018-02-27 03:58:55,0.00009003,226.00000000
2018-02-27 03:58:55,0.00009016,594.00000000
2018-02-27 03:58:55,0.00009017,970.00000000
2018-02-27 03:58:55,0.00009019,11025.00000000
2018-02-27 03:59:18,0.00009019,1.00000000
2018-02-27 03:59:22,0.00009019,120.00000000
2018-02-27 03:59:27,0.00009019,110.00000000
2018-02-27 03:59:28,0.00009010,278.00000000
2018-02-27 03:59:29,0.00009010,33.00000000
2018-02-27 03:59:45,0.00009019,104.00000000
2018-02-27 03:59:45,0.00009023,107.00000000
2018-02-27 03:59:45,0.00009028,40.00000000
2018-02-27 03:59:45,0.00009029,31.00000000
2018-02-27 03:59:46,0.00009026,1.00000000
2018-02-27 03:59:49,0.00009012,25.00000000
2018-02-27 03:59:52,0.00009012,25.00000000
2018-02-27 03:59:52,0.00009025,552.00000000
2018-02-27 03:59:52,0.00009028,812.00000000
