DATE,PRICE,VOLUME
2018-02-25 08:00:00,0.00009356,15.00000000
2018-02-25 08:00:01,0.00009356,22.00000000
2018-02-25 08:00:03,0.00009350,73.00000000
2018-02-25 08:00:06,0.00009350,5051.00000000
2018-02-25 08:00:07,0.00009350,636.00000000
2018-02-25 08:00:07,0.00009350,427.00000000
2018-02-25 08:00:07,0.00009350,5.00000000
2018-02-25 08:00:23,0.00009350,30.00000000
2018-02-25 08:00:32,0.00009351,176.00000000
2018-02-25 08:00:40,0.00009351,50.00000000
2018-02-25 08:00:52,0.00009351,440.00000000
2018-02-25 08:00:52,0.00009351,31.00000000
2018-02-25 08:00:56,0.00009351,140.00000000
2018-02-25 08:01:03,0.00009355,106.00000000
2018-02-25 08:01:04,0.00009355,106.00000000
2018-02-25 08:01:11,0.00009351,51.00000000
2018-02-25 08:01:11,0.00009354,45.00000000
2018-02-25 08:01:11,0.00009355,61.00000000
2018-02-25 08:01:15,0.00009355,106.00000000
2018-02-25 08:01:17,0.00009350,100.00000000
2018-02-25 08:01:18,0.00009355,401.00000000
2018-02-25 08:01:21,0.00009350,1859.00000000
2018-02-25 08:01:28,0.00009350,18.00000000
2018-02-25 08:01:29,0.00009354,106.00000000
2018-02-25 08:01:29,0.00009354,42.00000000
2018-02-25 08:01:30,0.00009354,90.00000000
2018-02-25 08:01:30,0.00009350,204.00000000
2018-02-25 08:01:31,0.00009350,146.00000000
2018-02-25 08:01:35,0.00009354,1.00000000
2018-02-25 08:01:36,0.00009350,46.00000000
2018-02-25 08:01:39,0.00009354,24.00000000
2018-02-25 08:01:41,0.00009354,106.00000000
2018-02-25 08:01:43,0.00009351,155.00000000
2018-02-25 08:01:43,0.00009350,69.00000000
2018-02-25 08:01:45,0.00009354,200.00000000
2018-02-25 08:01:49,0.00009353,200.00000000
2018-02-25 08:01:53,0.00009353,106.00000000
2018-02-25 08:01:55,0.00009353,29.00000000
2018-02-25 08:01:59,0.00009352,106.00000000
2018-02-25 08:02:00,0.00009352,106.00000000
2018-02-25 08:02:06,0.00009352,21.00000000
2018-02-25 08:02:07,0.00009352,15.00000000
2018-02-25 08:02:15,0.00009352,103.00000000
2018-02-25 08:02:17,0.00009352,50.00000000
2018-02-25 08:02:24,0.00009352,909.00000000
2018-02-25 08:02:24,0.00009353,405.00000000
2018-02-25 08:02:29,0.00009352,106.00000000
2018-02-25 08:02:29,0.00009352,2.00000000
2018-02-25 08:02:33,0.00009352,1.00000000
2018-02-25 08:02:40,0.00009352,21.00000000
2018-02-25 08:02:43,0.00009350,90.00000000
2018-02-25 08:02:52,0.00009352,43.00000000
2018-02-25 08:02:52,0.00009353,37.00000000
2018-02-25 08:02:52,0.00009354,237.00000000
2018-02-25 08:02:52,0.00009350,1427.00000000
2018-02-25 08:02:58,0.00009350,336.00000000
2018-02-25 08:03:01,0.00009350,76.00000000
2018-02-25 08:03:02,0.00009350,744.00000000
2018-02-25 08:03:04,0.00009354,532.00000000
2018-02-25 08:03:07,0.00009354,317.00000000
2018-02-25 08:03:13,0.00009354,1317.00000000
2018-02-25 08:03:13,0.00009355,403.00000000
2018-02-25 08:03:13,0.00009358,546.00000000
2018-02-25 08:03:21,0.00009350,346.00000000
2018-02-25 08:03:25,0.00009353,369.00000000
2018-02-25 08:03:27,0.00009350,10.00000000
2018-02-25 08:03:34,0.00009350,1568.00000000
2018-02-25 08:03:35,0.00009350,339.00000000
2018-02-25 08:03:36,0.00009355,100.00000000
2018-02-25 08:03:36,0.00009357,6.00000000
2018-02-25 08:03:41,0.00009351,175.00000000
2018-02-25 08:03:41,0.00009350,164.00000000
2018-02-25 08:03:41,0.00009357,106.00000000
2018-02-25 08:03:55,0.00009351,332.00000000
2018-02-25 08:03:56,0.00009351,1030.00000000
2018-02-25 08:03:57,0.00009355,25.00000000
2018-02-25 08:03:57,0.00009357,81.00000000
2018-02-25 08:03:59,0.00009351,1329.00000000
2018-02-25 08:03:59,0.00009350,3652.00000000
2018-02-25 08:03:59,0.00009349,53.00000000
2018-02-25 08:03:59,0.00009346,2966.00000000
2018-02-25 08:04:00,0.00009357,4.00000000
2018-02-25 08:04:02,0.00009357,106.00000000
2018-02-25 08:04:07,0.00009357,176.00000000
2018-02-25 08:04:20,0.00009357,203.00000000
2018-02-25 08:04:25,0.00009351,176.00000000
2018-02-25 08:04:25,0.00009350,44.00000000
2018-02-25 08:04:26,0.00009352,1490.00000000
2018-02-25 08:04:26,0.00009352,2.00000000
2018-02-25 08:04:26,0.00009357,1085.00000000
2018-02-25 08:04:26,0.00009357,988.00000000
2018-02-25 08:04:28,0.00009358,49.00000000
2018-02-25 08:04:29,0.00009358,106.00000000
2018-02-25 08:04:33,0.00009358,654.00000000
2018-02-25 08:04:38,0.00009358,1430.00000000
2018-02-25 08:04:43,0.00009357,982.00000000
2018-02-25 08:04:48,0.00009358,214.00000000
2018-02-25 08:04:48,0.00009357,26.00000000
2018-02-25 08:04:48,0.00009358,106.00000000
2018-02-25 08:04:49,0.00009357,1002.00000000
2018-02-25 08:04:51,0.00009358,234.00000000
2018-02-25 08:04:52,0.00009357,598.00000000
2018-02-25 08:05:01,0.00009358,331.00000000
2018-02-25 08:05:04,0.00009358,106.00000000
2018-02-25 08:05:15,0.00009358,760.00000000
2018-02-25 08:05:17,0.00009358,341.00000000
2018-02-25 08:05:23,0.00009358,500.00000000
2018-02-25 08:05:28,0.00009357,12538.00000000
2018-02-25 08:05:32,0.00009357,714.00000000
2018-02-25 08:05:34,0.00009358,37.00000000
2018-02-25 08:05:35,0.00009357,846.00000000
2018-02-25 08:05:35,0.00009357,104.00000000
2018-02-25 08:05:37,0.00009357,97.00000000
2018-02-25 08:05:41,0.00009357,51.00000000
2018-02-25 08:05:46,0.00009357,50.00000000
2018-02-25 08:05:47,0.00009357,621.00000000
2018-02-25 08:05:53,0.00009357,383.00000000
2018-02-25 08:05:53,0.00009357,35.00000000
2018-02-25 08:05:53,0.00009357,211.00000000
2018-02-25 08:05:53,0.00009357,77.00000000
2018-02-25 08:05:54,0.00009357,317.00000000
2018-02-25 08:06:03,0.00009358,58.00000000
2018-02-25 08:06:03,0.00009357,42.00000000
2018-02-25 08:06:04,0.00009357,1297.00000000
2018-02-25 08:06:04,0.00009357,89.00000000
2018-02-25 08:06:06,0.00009357,42.00000000
2018-02-25 08:06:08,0.00009357,141.00000000
2018-02-25 08:06:09,0.00009357,50.00000000
2018-02-25 08:06:10,0.00009357,42.00000000
2018-02-25 08:06:10,0.00009357,820.00000000
2018-02-25 08:06:11,0.00009357,52.00000000
2018-02-25 08:06:12,0.00009357,68.00000000
2018-02-25 08:06:14,0.00009357,42.00000000
2018-02-25 08:06:16,0.00009357,175.00000000
2018-02-25 08:06:17,0.00009357,658.00000000
2018-02-25 08:06:17,0.00009351,137.00000000
2018-02-25 08:06:17,0.00009350,169.00000000
2018-02-25 08:06:17,0.00009345,106.00000000
2018-02-25 08:06:17,0.00009342,988.00000000
2018-02-25 08:06:17,0.00009341,200.00000000
2018-02-25 08:06:17,0.00009340,1262.00000000
2018-02-25 08:06:17,0.00009358,5000.00000000
2018-02-25 08:06:36,0.00009342,13.00000000
2018-02-25 08:06:37,0.00009342,800.00000000
2018-02-25 08:06:37,0.00009341,1363.00000000
2018-02-25 08:06:37,0.00009340,4043.00000000
2018-02-25 08:06:37,0.00009339,3543.00000000
2018-02-25 08:06:37,0.00009356,11.00000000
2018-02-25 08:06:37,0.00009357,95.00000000
2018-02-25 08:06:41,0.00009357,10.00000000
2018-02-25 08:06:43,0.00009357,106.00000000
2018-02-25 08:06:43,0.00009357,54.00000000
2018-02-25 08:06:43,0.00009357,154.00000000
2018-02-25 08:06:44,0.00009357,106.00000000
2018-02-25 08:06:46,0.00009357,106.00000000
2018-02-25 08:06:46,0.00009357,106.00000000
2018-02-25 08:06:52,0.00009357,26.00000000
2018-02-25 08:06:54,0.00009341,737.00000000
2018-02-25 08:06:54,0.00009340,311.00000000
2018-02-25 08:06:54,0.00009339,6263.00000000
2018-02-25 08:06:57,0.00009356,987.00000000
2018-02-25 08:06:57,0.00009357,991.00000000
2018-02-25 08:06:58,0.00009357,26.00000000
2018-02-25 08:06:58,0.00009357,90.00000000
2018-02-25 08:06:59,0.00009358,106.00000000
2018-02-25 08:07:02,0.00009357,12.00000000
2018-02-25 08:07:02,0.00009357,150.00000000
2018-02-25 08:07:04,0.00009358,106.00000000
2018-02-25 08:07:07,0.00009357,932.00000000
2018-02-25 08:07:12,0.00009345,987.00000000
2018-02-25 08:07:12,0.00009339,1340.00000000
2018-02-25 08:07:12,0.00009337,3157.00000000
2018-02-25 08:07:15,0.00009355,1328.00000000
2018-02-25 08:07:15,0.00009356,394.00000000
2018-02-25 08:07:20,0.00009336,109.00000000
2018-02-25 08:07:21,0.00009336,109.00000000
2018-02-25 08:07:27,0.00009337,21.00000000
2018-02-25 08:07:28,0.00009354,106.00000000
2018-02-25 08:07:37,0.00009337,365.00000000
2018-02-25 08:07:39,0.00009337,294.00000000
2018-02-25 08:07:41,0.00009354,14.00000000
2018-02-25 08:07:41,0.00009355,36.00000000
2018-02-25 08:07:41,0.00009337,2714.00000000
2018-02-25 08:07:41,0.00009336,235.00000000
2018-02-25 08:07:41,0.00009335,400.00000000
2018-02-25 08:07:41,0.00009334,620.00000000
2018-02-25 08:07:41,0.00009333,144.00000000
2018-02-25 08:07:42,0.00009354,106.00000000
2018-02-25 08:07:47,0.00009354,25.00000000
2018-02-25 08:07:49,0.00009335,51.00000000
2018-02-25 08:07:49,0.00009334,58.00000000
2018-02-25 08:07:49,0.00009334,14.00000000
2018-02-25 08:07:49,0.00009333,95.00000000
2018-02-25 08:07:50,0.00009333,109.00000000
2018-02-25 08:07:50,0.00009333,109.00000000
2018-02-25 08:07:50,0.00009333,109.00000000
2018-02-25 08:07:51,0.00009333,109.00000000
2018-02-25 08:07:51,0.00009333,109.00000000
2018-02-25 08:07:52,0.00009333,109.00000000
2018-02-25 08:07:53,0.00009333,109.00000000
2018-02-25 08:07:54,0.00009333,32.00000000
2018-02-25 08:07:54,0.00009332,77.00000000
2018-02-25 08:07:54,0.00009332,27.00000000
2018-02-25 08:07:54,0.00009330,182.00000000
2018-02-25 08:07:54,0.00009330,207.00000000
2018-02-25 08:07:57,0.00009329,109.00000000
2018-02-25 08:07:57,0.00009329,109.00000000
2018-02-25 08:07:57,0.00009329,109.00000000
2018-02-25 08:07:58,0.00009352,152.00000000
2018-02-25 08:07:58,0.00009353,2.00000000
2018-02-25 08:07:58,0.00009328,109.00000000
2018-02-25 08:07:58,0.00009328,109.00000000
2018-02-25 08:07:59,0.00009328,109.00000000
2018-02-25 08:07:59,0.00009328,109.00000000
2018-02-25 08:07:59,0.00009328,750.00000000
2018-02-25 08:07:59,0.00009327,2391.00000000
2018-02-25 08:07:59,0.00009328,109.00000000
2018-02-25 08:07:59,0.00009328,109.00000000
2018-02-25 08:07:59,0.00009328,109.00000000
2018-02-25 08:08:00,0.00009328,109.00000000
2018-02-25 08:08:00,0.00009328,109.00000000
2018-02-25 08:08:00,0.00009328,109.00000000
2018-02-25 08:08:00,0.00009328,109.00000000
2018-02-25 08:08:01,0.00009328,109.00000000
2018-02-25 08:08:01,0.00009328,28.00000000
2018-02-25 08:08:01,0.00009327,81.00000000
2018-02-25 08:08:01,0.00009328,109.00000000
2018-02-25 08:08:02,0.00009328,109.00000000
2018-02-25 08:08:02,0.00009328,109.00000000
2018-02-25 08:08:02,0.00009346,23.00000000
2018-02-25 08:08:03,0.00009345,152.00000000
2018-02-25 08:08:03,0.00009328,109.00000000
2018-02-25 08:08:03,0.00009345,447.00000000
2018-02-25 08:08:03,0.00009328,109.00000000
2018-02-25 08:08:03,0.00009328,109.00000000
2018-02-25 08:08:04,0.00009328,109.00000000
2018-02-25 08:08:08,0.00009345,1.00000000
2018-02-25 08:08:08,0.00009346,284.00000000
2018-02-25 08:08:08,0.00009347,12.00000000
2018-02-25 08:08:09,0.00009328,109.00000000
2018-02-25 08:08:12,0.00009330,2237.00000000
2018-02-25 08:08:13,0.00009330,2.00000000
2018-02-25 08:08:14,0.00009347,198.00000000
2018-02-25 08:08:21,0.00009347,390.00000000
2018-02-25 08:08:26,0.00009331,428.00000000
2018-02-25 08:08:26,0.00009330,900.00000000
2018-02-25 08:08:26,0.00009327,1756.00000000
2018-02-25 08:08:33,0.00009348,106.00000000
2018-02-25 08:08:41,0.00009346,21.00000000
2018-02-25 08:08:42,0.00009346,267.00000000
2018-02-25 08:08:42,0.00009329,450.00000000
2018-02-25 08:08:42,0.00009329,2438.00000000
2018-02-25 08:08:42,0.00009328,574.00000000
2018-02-25 08:08:42,0.00009327,722.00000000
2018-02-25 08:08:42,0.00009325,929.00000000
2018-02-25 08:08:42,0.00009324,17.00000000
2018-02-25 08:08:42,0.00009322,400.00000000
2018-02-25 08:08:42,0.00009321,1000.00000000
2018-02-25 08:08:42,0.00009320,751.00000000
2018-02-25 08:08:42,0.00009316,214.00000000
2018-02-25 08:08:42,0.00009315,722.00000000
2018-02-25 08:08:44,0.00009331,412.00000000
2018-02-25 08:08:44,0.00009350,99.00000000
2018-02-25 08:08:48,0.00009348,106.00000000
2018-02-25 08:08:49,0.00009347,135.00000000
2018-02-25 08:08:57,0.00009347,71.00000000
2018-02-25 08:08:59,0.00009347,106.00000000
2018-02-25 08:08:59,0.00009347,773.00000000
2018-02-25 08:08:59,0.00009348,1210.00000000
2018-02-25 08:08:59,0.00009350,4679.00000000
2018-02-25 08:08:59,0.00009350,4.00000000
2018-02-25 08:08:59,0.00009351,49.00000000
2018-02-25 08:09:00,0.00009330,55.00000000
2018-02-25 08:09:00,0.00009316,987.00000000
2018-02-25 08:09:00,0.00009315,1159.00000000
2018-02-25 08:09:01,0.00009347,100.00000000
2018-02-25 08:09:01,0.00009351,6.00000000
2018-02-25 08:09:02,0.00009350,987.00000000
2018-02-25 08:09:02,0.00009351,845.00000000
2018-02-25 08:09:02,0.00009352,3753.00000000
2018-02-25 08:09:05,0.00009347,50.00000000
2018-02-25 08:09:05,0.00009350,148.00000000
2018-02-25 08:09:06,0.00009350,1251.00000000
2018-02-25 08:09:07,0.00009333,987.00000000
2018-02-25 08:09:07,0.00009332,428.00000000
2018-02-25 08:09:07,0.00009319,160.00000000
2018-02-25 08:09:07,0.00009315,37.00000000
2018-02-25 08:09:07,0.00009313,150.00000000
2018-02-25 08:09:07,0.00009312,183.00000000
2018-02-25 08:09:07,0.00009311,62.00000000
2018-02-25 08:09:07,0.00009310,598.00000000
2018-02-25 08:09:10,0.00009344,36.00000000
2018-02-25 08:09:10,0.00009344,364.00000000
2018-02-25 08:09:10,0.00009317,160.00000000
2018-02-25 08:09:10,0.00009316,1056.00000000
2018-02-25 08:09:11,0.00009345,400.00000000
2018-02-25 08:09:11,0.00009318,109.00000000
2018-02-25 08:09:11,0.00009347,239.00000000
2018-02-25 08:09:11,0.00009347,189.00000000
2018-02-25 08:09:11,0.00009348,898.00000000
2018-02-25 08:09:12,0.00009347,22.00000000
2018-02-25 08:09:12,0.00009321,109.00000000
2018-02-25 08:09:13,0.00009322,109.00000000
2018-02-25 08:09:14,0.00009345,109.00000000
2018-02-25 08:09:14,0.00009323,109.00000000
2018-02-25 08:09:14,0.00009323,109.00000000
2018-02-25 08:09:14,0.00009323,102.00000000
2018-02-25 08:09:14,0.00009322,7.00000000
2018-02-25 08:09:15,0.00009345,109.00000000
2018-02-25 08:09:15,0.00009322,109.00000000
2018-02-25 08:09:16,0.00009324,109.00000000
2018-02-25 08:09:16,0.00009324,109.00000000
2018-02-25 08:09:16,0.00009324,466.00000000
2018-02-25 08:09:16,0.00009323,109.00000000
2018-02-25 08:09:16,0.00009322,150.00000000
2018-02-25 08:09:16,0.00009324,109.00000000
2018-02-25 08:09:17,0.00009346,31.00000000
2018-02-25 08:09:17,0.00009324,109.00000000
2018-02-25 08:09:17,0.00009324,109.00000000
2018-02-25 08:09:17,0.00009345,259.00000000
2018-02-25 08:09:18,0.00009326,53.00000000
2018-02-25 08:09:18,0.00009323,56.00000000
2018-02-25 08:09:18,0.00009326,109.00000000
2018-02-25 08:09:19,0.00009326,109.00000000
2018-02-25 08:09:19,0.00009326,109.00000000
2018-02-25 08:09:20,0.00009329,109.00000000
2018-02-25 08:09:20,0.00009329,84.00000000
2018-02-25 08:09:20,0.00009326,25.00000000
2018-02-25 08:09:21,0.00009326,109.00000000
2018-02-25 08:09:21,0.00009342,538.00000000
2018-02-25 08:09:22,0.00009341,31.00000000
2018-02-25 08:09:22,0.00009326,109.00000000
2018-02-25 08:09:22,0.00009341,11.00000000
2018-02-25 08:09:23,0.00009340,79.00000000
2018-02-25 08:09:23,0.00009340,79.00000000
2018-02-25 08:09:24,0.00009344,37.00000000
2018-02-25 08:09:24,0.00009344,146.00000000
2018-02-25 08:09:25,0.00009326,589.00000000
2018-02-25 08:09:25,0.00009326,937.00000000
2018-02-25 08:09:25,0.00009326,589.00000000
2018-02-25 08:09:25,0.00009326,86.00000000
2018-02-25 08:09:25,0.00009326,103.00000000
2018-02-25 08:09:25,0.00009326,320.00000000
2018-02-25 08:09:25,0.00009326,86.00000000
2018-02-25 08:09:25,0.00009326,5929.00000000
2018-02-25 08:09:25,0.00009325,320.00000000
2018-02-25 08:09:25,0.00009326,21.00000000
2018-02-25 08:09:25,0.00009326,180.00000000
2018-02-25 08:09:25,0.00009326,193.00000000
2018-02-25 08:09:25,0.00009326,328.00000000
2018-02-25 08:09:25,0.00009343,67.00000000
2018-02-25 08:09:25,0.00009344,306.00000000
2018-02-25 08:09:27,0.00009325,1328.00000000
2018-02-25 08:09:27,0.00009311,1003.00000000
2018-02-25 08:09:27,0.00009310,2296.00000000
2018-02-25 08:09:30,0.00009340,214.00000000
2018-02-25 08:09:33,0.00009319,96.00000000
2018-02-25 08:09:33,0.00009342,98.00000000
2018-02-25 08:09:35,0.00009341,18.00000000
2018-02-25 08:09:36,0.00009339,214.00000000
2018-02-25 08:09:37,0.00009338,330.00000000
2018-02-25 08:09:37,0.00009339,2.00000000
2018-02-25 08:09:39,0.00009342,66.00000000
2018-02-25 08:09:39,0.00009343,41.00000000
2018-02-25 08:09:41,0.00009324,103.00000000
2018-02-25 08:09:42,0.00009344,428.00000000
2018-02-25 08:09:43,0.00009325,626.00000000
2018-02-25 08:09:45,0.00009339,198.00000000
2018-02-25 08:09:45,0.00009340,3.00000000
2018-02-25 08:09:48,0.00009340,428.00000000
2018-02-25 08:09:48,0.00009340,108.00000000
2018-02-25 08:09:49,0.00009324,297.00000000
2018-02-25 08:09:49,0.00009323,920.00000000
2018-02-25 08:09:49,0.00009321,165.00000000
2018-02-25 08:09:49,0.00009312,574.00000000
2018-02-25 08:09:49,0.00009310,4982.00000000
2018-02-25 08:09:49,0.00009309,138.00000000
2018-02-25 08:09:54,0.00009335,214.00000000
2018-02-25 08:09:54,0.00009334,361.00000000
2018-02-25 08:09:55,0.00009333,34.00000000
2018-02-25 08:09:55,0.00009333,34.00000000
2018-02-25 08:09:56,0.00009332,67.00000000
2018-02-25 08:09:56,0.00009333,67.00000000
2018-02-25 08:09:56,0.00009333,67.00000000
2018-02-25 08:09:56,0.00009333,12.00000000
2018-02-25 08:09:56,0.00009333,7.00000000
2018-02-25 08:09:57,0.00009333,73.00000000
2018-02-25 08:09:57,0.00009337,179.00000000
2018-02-25 08:09:58,0.00009339,900.00000000
2018-02-25 08:09:58,0.00009340,542.00000000
2018-02-25 08:09:58,0.00009342,165.00000000
2018-02-25 08:09:59,0.00009341,99.00000000
2018-02-25 08:10:00,0.00009341,428.00000000
2018-02-25 08:10:01,0.00009338,400.00000000
2018-02-25 08:10:01,0.00009337,12.00000000
2018-02-25 08:10:01,0.00009319,176.00000000
2018-02-25 08:10:05,0.00009321,165.00000000
2018-02-25 08:10:05,0.00009340,99.00000000
2018-02-25 08:10:06,0.00009339,428.00000000
2018-02-25 08:10:07,0.00009318,106.00000000
2018-02-25 08:10:09,0.00009338,20.00000000
2018-02-25 08:10:09,0.00009338,199.00000000
2018-02-25 08:10:11,0.00009322,294.00000000
2018-02-25 08:10:11,0.00009320,524.00000000
2018-02-25 08:10:13,0.00009336,214.00000000
2018-02-25 08:10:14,0.00009317,256.00000000
2018-02-25 08:10:14,0.00009314,1391.00000000
2018-02-25 08:10:14,0.00009312,1686.00000000
2018-02-25 08:10:14,0.00009309,43.00000000
2018-02-25 08:10:14,0.00009308,79.00000000
2018-02-25 08:10:14,0.00009307,227.00000000
2018-02-25 08:10:14,0.00009305,108.00000000
2018-02-25 08:10:14,0.00009304,818.00000000
2018-02-25 08:10:14,0.00009302,57.00000000
2018-02-25 08:10:14,0.00009301,954.00000000
2018-02-25 08:10:14,0.00009300,4995.00000000
2018-02-25 08:10:14,0.00009300,1909.00000000
2018-02-25 08:10:15,0.00009334,34.00000000
2018-02-25 08:10:19,0.00009329,60.00000000
2018-02-25 08:10:19,0.00009332,154.00000000
2018-02-25 08:10:19,0.00009332,746.00000000
2018-02-25 08:10:19,0.00009333,354.00000000
2018-02-25 08:10:20,0.00009333,99.00000000
2018-02-25 08:10:23,0.00009336,11.00000000
2018-02-25 08:10:26,0.00009336,97.00000000
2018-02-25 08:10:26,0.00009337,43.00000000
2018-02-25 08:10:26,0.00009339,58.00000000
2018-02-25 08:10:27,0.00009330,107.00000000
2018-02-25 08:10:29,0.00009330,384.00000000
2018-02-25 08:10:29,0.00009333,253.00000000
2018-02-25 08:10:33,0.00009339,24.00000000
2018-02-25 08:10:33,0.00009339,428.00000000
2018-02-25 08:10:35,0.00009339,89.00000000
2018-02-25 08:10:38,0.00009339,86.00000000
2018-02-25 08:10:40,0.00009339,122.00000000
2018-02-25 08:10:45,0.00009339,214.00000000
2018-02-25 08:10:45,0.00009339,34.00000000
2018-02-25 08:10:47,0.00009339,101.00000000
2018-02-25 08:10:49,0.00009320,96.00000000
2018-02-25 08:10:50,0.00009333,12.00000000
2018-02-25 08:10:50,0.00009339,93.00000000
2018-02-25 08:10:50,0.00009340,107.00000000
2018-02-25 08:10:50,0.00009339,26.00000000
2018-02-25 08:10:50,0.00009339,96.00000000
2018-02-25 08:10:50,0.00009339,89.00000000
2018-02-25 08:10:51,0.00009339,1070.00000000
2018-02-25 08:10:51,0.00009339,3088.00000000
2018-02-25 08:10:51,0.00009340,846.00000000
2018-02-25 08:10:51,0.00009341,10.00000000
2018-02-25 08:10:51,0.00009339,97.00000000
2018-02-25 08:10:52,0.00009339,20.00000000
2018-02-25 08:10:52,0.00009339,320.00000000
2018-02-25 08:10:52,0.00009339,175.00000000
2018-02-25 08:10:57,0.00009341,214.00000000
2018-02-25 08:11:00,0.00009339,297.00000000
2018-02-25 08:11:00,0.00009324,27.00000000
2018-02-25 08:11:00,0.00009323,449.00000000
2018-02-25 08:11:00,0.00009320,429.00000000
2018-02-25 08:11:00,0.00009319,1138.00000000
2018-02-25 08:11:00,0.00009318,313.00000000
2018-02-25 08:11:03,0.00009337,429.00000000
2018-02-25 08:11:03,0.00009340,318.00000000
2018-02-25 08:11:16,0.00009340,11.00000000
2018-02-25 08:11:18,0.00009341,375.00000000
2018-02-25 08:11:18,0.00009342,1410.00000000
2018-02-25 08:11:18,0.00009343,1119.00000000
2018-02-25 08:11:20,0.00009343,1990.00000000
2018-02-25 08:11:29,0.00009343,106.00000000
2018-02-25 08:11:30,0.00009340,121.00000000
2018-02-25 08:11:33,0.00009324,135.00000000
2018-02-25 08:11:35,0.00009340,28.00000000
2018-02-25 08:11:43,0.00009324,2985.00000000
2018-02-25 08:11:46,0.00009324,846.00000000
2018-02-25 08:11:46,0.00009322,2140.00000000
2018-02-25 08:11:51,0.00009340,214.00000000
2018-02-25 08:12:00,0.00009340,198.00000000
2018-02-25 08:12:08,0.00009339,987.00000000
2018-02-25 08:12:08,0.00009340,1301.00000000
2018-02-25 08:12:14,0.00009340,511.00000000
2018-02-25 08:12:14,0.00009340,320.00000000
2018-02-25 08:12:14,0.00009340,320.00000000
2018-02-25 08:12:14,0.00009340,219.00000000
2018-02-25 08:12:14,0.00009340,321.00000000
2018-02-25 08:12:14,0.00009340,321.00000000
2018-02-25 08:12:14,0.00009340,109.00000000
2018-02-25 08:12:15,0.00009325,107.00000000
2018-02-25 08:12:21,0.00009325,172.00000000
2018-02-25 08:12:22,0.00009325,99.00000000
2018-02-25 08:12:30,0.00009339,593.00000000
2018-02-25 08:12:30,0.00009340,23.00000000
2018-02-25 08:12:30,0.00009342,59.00000000
2018-02-25 08:12:30,0.00009343,825.00000000
2018-02-25 08:12:44,0.00009343,2140.00000000
2018-02-25 08:12:45,0.00009343,107.00000000
2018-02-25 08:12:48,0.00009327,53.00000000
2018-02-25 08:12:50,0.00009343,1070.00000000
2018-02-25 08:12:51,0.00009343,107.00000000
2018-02-25 08:12:53,0.00009343,53.00000000
2018-02-25 08:13:05,0.00009330,29.00000000
2018-02-25 08:13:06,0.00009330,60.00000000
2018-02-25 08:13:10,0.00009343,107.00000000
2018-02-25 08:13:24,0.00009330,25.00000000
2018-02-25 08:13:31,0.00009330,269.00000000
2018-02-25 08:13:35,0.00009343,10.00000000
2018-02-25 08:13:37,0.00009343,47.00000000
2018-02-25 08:13:44,0.00009343,824.00000000
2018-02-25 08:13:44,0.00009343,222.00000000
2018-02-25 08:13:48,0.00009343,138.00000000
2018-02-25 08:13:59,0.00009344,176.00000000
2018-02-25 08:14:04,0.00009344,91.00000000
2018-02-25 08:14:04,0.00009343,102.00000000
2018-02-25 08:14:25,0.00009346,748.00000000
2018-02-25 08:14:33,0.00009346,106.00000000
2018-02-25 08:14:34,0.00009346,320.00000000
2018-02-25 08:14:39,0.00009346,106.00000000
2018-02-25 08:14:42,0.00009346,120.00000000
2018-02-25 08:14:44,0.00009350,4.00000000
2018-02-25 08:14:48,0.00009350,57.00000000
2018-02-25 08:14:50,0.00009346,192.00000000
2018-02-25 08:14:55,0.00009350,875.00000000
2018-02-25 08:14:55,0.00009351,350.00000000
2018-02-25 08:14:55,0.00009356,214.00000000
2018-02-25 08:14:55,0.00009357,1679.00000000
2018-02-25 08:14:55,0.00009357,706.00000000
2018-02-25 08:14:56,0.00009357,999.00000000
2018-02-25 08:14:56,0.00009357,177.00000000
2018-02-25 08:14:59,0.00009343,19.00000000
2018-02-25 08:15:10,0.00009354,259.00000000
2018-02-25 08:15:11,0.00009354,97.00000000
2018-02-25 08:15:13,0.00009354,125.00000000
2018-02-25 08:15:16,0.00009354,34.00000000
2018-02-25 08:15:21,0.00009354,238.00000000
2018-02-25 08:15:31,0.00009346,42.00000000
2018-02-25 08:15:35,0.00009352,110.00000000
2018-02-25 08:15:37,0.00009346,52.00000000
2018-02-25 08:15:38,0.00009346,49.00000000
2018-02-25 08:15:39,0.00009352,67.00000000
2018-02-25 08:15:40,0.00009353,106.00000000
2018-02-25 08:15:44,0.00009353,402.00000000
2018-02-25 08:15:46,0.00009353,53.00000000
2018-02-25 08:15:46,0.00009353,34.00000000
2018-02-25 08:15:46,0.00009353,587.00000000
2018-02-25 08:15:46,0.00009354,1474.00000000
2018-02-25 08:15:46,0.00009356,222.00000000
2018-02-25 08:15:46,0.00009356,86.00000000
2018-02-25 08:15:48,0.00009356,90.00000000
2018-02-25 08:15:48,0.00009356,29.00000000
2018-02-25 08:15:49,0.00009356,1068.00000000
2018-02-25 08:15:49,0.00009356,421.00000000
2018-02-25 08:15:52,0.00009357,3693.00000000
2018-02-25 08:15:52,0.00009358,1307.00000000
2018-02-25 08:15:58,0.00009346,34.00000000
2018-02-25 08:16:00,0.00009346,70.00000000
2018-02-25 08:16:02,0.00009346,180.00000000
2018-02-25 08:16:02,0.00009346,16.00000000
2018-02-25 08:16:06,0.00009355,99.00000000
2018-02-25 08:16:12,0.00009355,2.00000000
2018-02-25 08:16:15,0.00009343,1070.00000000
2018-02-25 08:16:15,0.00009343,695.00000000
2018-02-25 08:16:23,0.00009346,189.00000000
2018-02-25 08:16:23,0.00009354,488.00000000
2018-02-25 08:16:23,0.00009355,1135.00000000
2018-02-25 08:16:23,0.00009356,2051.00000000
2018-02-25 08:16:23,0.00009358,497.00000000
2018-02-25 08:16:23,0.00009358,691.00000000
2018-02-25 08:16:23,0.00009358,138.00000000
2018-02-25 08:16:23,0.00009330,691.00000000
2018-02-25 08:16:23,0.00009331,320.00000000
2018-02-25 08:16:24,0.00009353,99.00000000
2018-02-25 08:16:30,0.00009352,99.00000000
2018-02-25 08:16:44,0.00009352,13.00000000
2018-02-25 08:16:59,0.00009352,152.00000000
2018-02-25 08:16:59,0.00009352,177.00000000
2018-02-25 08:17:06,0.00009331,120.00000000
2018-02-25 08:17:10,0.00009351,19.00000000
2018-02-25 08:17:10,0.00009352,33.00000000
2018-02-25 08:17:28,0.00009351,668.00000000
2018-02-25 08:17:38,0.00009349,141.00000000
2018-02-25 08:17:38,0.00009350,84.00000000
2018-02-25 08:17:38,0.00009351,23.00000000
2018-02-25 08:17:44,0.00009351,89.00000000
2018-02-25 08:17:51,0.00009340,11.00000000
2018-02-25 08:17:51,0.00009332,188.00000000
2018-02-25 08:17:55,0.00009332,245.00000000
2018-02-25 08:18:09,0.00009343,13.00000000
2018-02-25 08:18:11,0.00009351,41.00000000
2018-02-25 08:18:11,0.00009352,18.00000000
2018-02-25 08:18:18,0.00009352,121.00000000
2018-02-25 08:18:21,0.00009352,100.00000000
2018-02-25 08:18:22,0.00009343,24.00000000
2018-02-25 08:18:33,0.00009334,60.00000000
2018-02-25 08:18:33,0.00009350,98.00000000
2018-02-25 08:18:36,0.00009343,14.00000000
2018-02-25 08:18:39,0.00009350,294.00000000
2018-02-25 08:18:40,0.00009344,355.00000000
2018-02-25 08:18:40,0.00009343,20.00000000
2018-02-25 08:18:41,0.00009343,66.00000000
2018-02-25 08:18:45,0.00009343,84.00000000
2018-02-25 08:18:45,0.00009350,210.00000000
2018-02-25 08:18:50,0.00009350,300.00000000
2018-02-25 08:18:50,0.00009350,2139.00000000
2018-02-25 08:18:52,0.00009349,294.00000000
2018-02-25 08:18:56,0.00009349,34.00000000
2018-02-25 08:18:57,0.00009349,294.00000000
2018-02-25 08:18:58,0.00009344,468.00000000
2018-02-25 08:19:03,0.00009349,98.00000000
2018-02-25 08:19:06,0.00009349,34.00000000
2018-02-25 08:19:09,0.00009349,195.00000000
2018-02-25 08:19:15,0.00009349,196.00000000
2018-02-25 08:19:16,0.00009349,34.00000000
2018-02-25 08:19:24,0.00009344,100.00000000
2018-02-25 08:19:24,0.00009349,188.00000000
2018-02-25 08:19:26,0.00009349,34.00000000
2018-02-25 08:19:36,0.00009348,34.00000000
2018-02-25 08:19:42,0.00009348,113.00000000
2018-02-25 08:19:45,0.00009348,146.00000000
2018-02-25 08:19:46,0.00009346,20.00000000
2018-02-25 08:19:46,0.00009345,100.00000000
2018-02-25 08:19:46,0.00009344,128.00000000
2018-02-25 08:19:50,0.00009344,74.00000000
2018-02-25 08:19:51,0.00009344,107.00000000
2018-02-25 08:19:51,0.00009344,37.00000000
2018-02-25 08:19:53,0.00009344,749.00000000
2018-02-25 08:19:55,0.00009344,34.00000000
2018-02-25 08:19:58,0.00009344,327.00000000
2018-02-25 08:19:59,0.00009344,214.00000000
2018-02-25 08:20:00,0.00009344,30.00000000
2018-02-25 08:20:01,0.00009343,290.00000000
2018-02-25 08:20:04,0.00009343,14.00000000
2018-02-25 08:20:05,0.00009343,321.00000000
2018-02-25 08:20:06,0.00009343,34.00000000
2018-02-25 08:20:06,0.00009343,17.00000000
2018-02-25 08:20:09,0.00009343,226.00000000
2018-02-25 08:20:09,0.00009344,254.00000000
2018-02-25 08:20:10,0.00009348,33.00000000
2018-02-25 08:20:10,0.00009349,268.00000000
2018-02-25 08:20:11,0.00009351,547.00000000
2018-02-25 08:20:11,0.00009352,537.00000000
2018-02-25 08:20:11,0.00009348,320.00000000
2018-02-25 08:20:12,0.00009348,225.00000000
2018-02-25 08:20:17,0.00009358,749.00000000
2018-02-25 08:20:17,0.00009360,965.00000000
2018-02-25 08:20:18,0.00009350,11.00000000
2018-02-25 08:20:19,0.00009360,27.00000000
2018-02-25 08:20:21,0.00009350,98.00000000
2018-02-25 08:20:21,0.00009340,2.00000000
2018-02-25 08:20:30,0.00009349,785.00000000
2018-02-25 08:20:30,0.00009343,12.00000000
2018-02-25 08:20:30,0.00009341,428.00000000
2018-02-25 08:20:30,0.00009340,61.00000000
2018-02-25 08:20:30,0.00009338,212.00000000
2018-02-25 08:20:37,0.00009340,320.00000000
2018-02-25 08:20:37,0.00009340,374.00000000
2018-02-25 08:20:43,0.00009358,106.00000000
2018-02-25 08:20:43,0.00009340,99.00000000
2018-02-25 08:20:43,0.00009335,1113.00000000
2018-02-25 08:20:43,0.00009335,900.00000000
2018-02-25 08:20:43,0.00009335,988.00000000
2018-02-25 08:20:49,0.00009340,20.00000000
2018-02-25 08:21:03,0.00009352,98.00000000
2018-02-25 08:21:09,0.00009352,370.00000000
2018-02-25 08:21:11,0.00009352,370.00000000
2018-02-25 08:21:12,0.00009352,98.00000000
2018-02-25 08:21:15,0.00009352,120.00000000
2018-02-25 08:21:16,0.00009352,11.00000000
2018-02-25 08:21:18,0.00009352,187.00000000
2018-02-25 08:21:18,0.00009352,389.00000000
2018-02-25 08:21:19,0.00009352,158.00000000
2018-02-25 08:21:19,0.00009352,24.00000000
2018-02-25 08:21:19,0.00009351,1407.00000000
2018-02-25 08:21:20,0.00009352,2147.00000000
2018-02-25 08:21:30,0.00009350,20.00000000
2018-02-25 08:21:31,0.00009352,96.00000000
2018-02-25 08:21:31,0.00009352,24.00000000
2018-02-25 08:21:43,0.00009352,370.00000000
2018-02-25 08:21:46,0.00009352,320.00000000
2018-02-25 08:21:50,0.00009352,370.00000000
2018-02-25 08:21:52,0.00009341,27.00000000
2018-02-25 08:21:52,0.00009340,8.00000000
2018-02-25 08:21:55,0.00009352,122.00000000
2018-02-25 08:21:55,0.00009348,106.00000000
2018-02-25 08:21:55,0.00009341,10.00000000
2018-02-25 08:21:57,0.00009351,29.00000000
2018-02-25 08:21:58,0.00009351,271.00000000
2018-02-25 08:22:00,0.00009341,90.00000000
2018-02-25 08:22:12,0.00009352,116.00000000
2018-02-25 08:22:13,0.00009352,471.00000000
2018-02-25 08:22:14,0.00009352,1070.00000000
2018-02-25 08:22:14,0.00009352,251.00000000
2018-02-25 08:22:20,0.00009352,320.00000000
2018-02-25 08:22:26,0.00009341,135.00000000
2018-02-25 08:22:30,0.00009341,53.00000000
2018-02-25 08:22:35,0.00009352,219.00000000
2018-02-25 08:22:37,0.00009350,370.00000000
2018-02-25 08:22:41,0.00009349,81.00000000
2018-02-25 08:22:42,0.00009350,18.00000000
2018-02-25 08:22:46,0.00009350,610.00000000
2018-02-25 08:22:47,0.00009350,1464.00000000
2018-02-25 08:22:50,0.00009350,461.00000000
2018-02-25 08:22:50,0.00009352,554.00000000
2018-02-25 08:22:58,0.00009352,1260.00000000
2018-02-25 08:22:58,0.00009352,420.00000000
2018-02-25 08:22:58,0.00009353,428.00000000
2018-02-25 08:22:58,0.00009360,201.00000000
2018-02-25 08:22:58,0.00009361,763.00000000
2018-02-25 08:22:58,0.00009362,500.00000000
2018-02-25 08:22:59,0.00009362,461.00000000
2018-02-25 08:23:00,0.00009362,50.00000000
2018-02-25 08:23:02,0.00009362,270.00000000
2018-02-25 08:23:03,0.00009362,106.00000000
2018-02-25 08:23:12,0.00009365,1095.00000000
2018-02-25 08:23:12,0.00009365,195.00000000
2018-02-25 08:23:12,0.00009362,821.00000000
2018-02-25 08:23:13,0.00009350,321.00000000
2018-02-25 08:23:13,0.00009348,214.00000000
2018-02-25 08:23:17,0.00009362,157.00000000
2018-02-25 08:23:17,0.00009366,171.00000000
2018-02-25 08:23:19,0.00009366,246.00000000
2018-02-25 08:23:20,0.00009366,184.00000000
2018-02-25 08:23:22,0.00009366,277.00000000
2018-02-25 08:23:24,0.00009366,416.00000000
2018-02-25 08:23:24,0.00009366,207.00000000
2018-02-25 08:23:26,0.00009366,52.00000000
2018-02-25 08:23:27,0.00009366,18.00000000
2018-02-25 08:23:29,0.00009362,106.00000000
2018-02-25 08:23:34,0.00009362,432.00000000
2018-02-25 08:23:35,0.00009362,1.00000000
2018-02-25 08:23:38,0.00009362,367.00000000
2018-02-25 08:23:38,0.00009366,78.00000000
2018-02-25 08:23:44,0.00009350,137.00000000
2018-02-25 08:23:51,0.00009350,506.00000000
2018-02-25 08:23:56,0.00009361,36.00000000
2018-02-25 08:24:00,0.00009361,128.00000000
2018-02-25 08:24:03,0.00009361,479.00000000
2018-02-25 08:24:05,0.00009361,121.00000000
2018-02-25 08:24:22,0.00009361,50.00000000
2018-02-25 08:24:28,0.00009361,113.00000000
2018-02-25 08:24:48,0.00009360,1096.00000000
2018-02-25 08:24:53,0.00009351,1579.00000000
2018-02-25 08:24:53,0.00009350,2008.00000000
2018-02-25 08:25:08,0.00009350,534.00000000
2018-02-25 08:25:09,0.00009350,563.00000000
2018-02-25 08:25:15,0.00009350,61.00000000
2018-02-25 08:25:15,0.00009361,37.00000000
2018-02-25 08:25:18,0.00009349,2032.00000000
2018-02-25 08:25:20,0.00009349,123.00000000
2018-02-25 08:25:21,0.00009349,13.00000000
2018-02-25 08:25:21,0.00009360,183.00000000
2018-02-25 08:25:26,0.00009349,748.00000000
2018-02-25 08:25:27,0.00009349,740.00000000
2018-02-25 08:25:27,0.00009358,98.00000000
2018-02-25 08:25:30,0.00009361,63.00000000
2018-02-25 08:25:30,0.00009361,106.00000000
2018-02-25 08:25:30,0.00009358,114.00000000
2018-02-25 08:25:35,0.00009358,58.00000000
2018-02-25 08:25:36,0.00009358,439.00000000
2018-02-25 08:25:43,0.00009353,73.00000000
2018-02-25 08:25:46,0.00009357,93.00000000
2018-02-25 08:25:56,0.00009357,61.00000000
2018-02-25 08:25:58,0.00009357,2243.00000000
2018-02-25 08:26:03,0.00009353,23.00000000
2018-02-25 08:26:10,0.00009357,154.00000000
2018-02-25 08:26:13,0.00009357,281.00000000
2018-02-25 08:26:15,0.00009357,94.00000000
2018-02-25 08:26:17,0.00009357,11555.00000000
2018-02-25 08:26:17,0.00009358,208.00000000
2018-02-25 08:26:25,0.00009361,245.00000000
2018-02-25 08:26:26,0.00009361,513.00000000
2018-02-25 08:26:26,0.00009361,184.00000000
2018-02-25 08:26:27,0.00009361,277.00000000
2018-02-25 08:26:28,0.00009361,208.00000000
2018-02-25 08:26:29,0.00009361,14.00000000
2018-02-25 08:26:29,0.00009361,720.00000000
2018-02-25 08:26:30,0.00009361,69.00000000
2018-02-25 08:26:32,0.00009361,2147.00000000
2018-02-25 08:26:32,0.00009365,617.00000000
2018-02-25 08:26:32,0.00009366,2236.00000000
2018-02-25 08:26:39,0.00009365,230.00000000
2018-02-25 08:26:44,0.00009365,1394.00000000
2018-02-25 08:26:44,0.00009366,249.00000000
2018-02-25 08:26:45,0.00009366,126.00000000
2018-02-25 08:27:05,0.00009361,26.00000000
2018-02-25 08:27:12,0.00009361,425.00000000
2018-02-25 08:27:13,0.00009360,7.00000000
2018-02-25 08:27:13,0.00009365,22.00000000
2018-02-25 08:27:13,0.00009366,7105.00000000
2018-02-25 08:27:13,0.00009368,76.00000000
2018-02-25 08:27:13,0.00009370,2026.00000000
2018-02-25 08:27:13,0.00009370,43.00000000
2018-02-25 08:27:19,0.00009361,51.00000000
2018-02-25 08:27:20,0.00009362,106.00000000
2018-02-25 08:27:29,0.00009362,520.00000000
2018-02-25 08:27:33,0.00009374,50.00000000
2018-02-25 08:27:39,0.00009363,988.00000000
2018-02-25 08:27:39,0.00009362,5056.00000000
2018-02-25 08:27:40,0.00009374,536.00000000
2018-02-25 08:27:40,0.00009374,535.00000000
2018-02-25 08:27:40,0.00009374,205.00000000
2018-02-25 08:27:41,0.00009374,259.00000000
2018-02-25 08:27:41,0.00009374,1.00000000
2018-02-25 08:27:41,0.00009362,86.00000000
2018-02-25 08:27:41,0.00009362,107.00000000
2018-02-25 08:27:47,0.00009364,1496.00000000
2018-02-25 08:27:49,0.00009364,14.00000000
2018-02-25 08:28:05,0.00009364,111.00000000
2018-02-25 08:28:12,0.00009375,22.00000000
2018-02-25 08:28:24,0.00009366,115.00000000
2018-02-25 08:28:25,0.00009371,20.00000000
2018-02-25 08:28:26,0.00009366,115.00000000
2018-02-25 08:28:27,0.00009366,73.00000000
2018-02-25 08:28:30,0.00009366,942.00000000
2018-02-25 08:28:31,0.00009366,106.00000000
2018-02-25 08:28:32,0.00009364,534.00000000
2018-02-25 08:28:35,0.00009364,112.00000000
2018-02-25 08:28:35,0.00009362,422.00000000
2018-02-25 08:28:36,0.00009362,100.00000000
2018-02-25 08:28:36,0.00009362,534.00000000
2018-02-25 08:28:38,0.00009366,157.00000000
2018-02-25 08:28:38,0.00009362,534.00000000
2018-02-25 08:28:40,0.00009362,369.00000000
2018-02-25 08:28:40,0.00009361,90.00000000
2018-02-25 08:28:40,0.00009360,75.00000000
2018-02-25 08:28:42,0.00009360,225.00000000
2018-02-25 08:28:42,0.00009358,2450.00000000
2018-02-25 08:28:44,0.00009358,535.00000000
2018-02-25 08:28:46,0.00009362,101.00000000
2018-02-25 08:28:46,0.00009358,434.00000000
2018-02-25 08:28:46,0.00009358,101.00000000
2018-02-25 08:28:48,0.00009358,492.00000000
2018-02-25 08:28:48,0.00009350,43.00000000
2018-02-25 08:28:57,0.00009350,535.00000000
2018-02-25 08:28:58,0.00009350,535.00000000
2018-02-25 08:29:03,0.00009365,3.00000000
2018-02-25 08:29:04,0.00009350,16.00000000
2018-02-25 08:29:08,0.00009350,535.00000000
2018-02-25 08:29:09,0.00009365,16.00000000
2018-02-25 08:29:10,0.00009350,318.00000000
2018-02-25 08:29:10,0.00009350,535.00000000
2018-02-25 08:29:12,0.00009350,107.00000000
2018-02-25 08:29:14,0.00009350,107.00000000
2018-02-25 08:29:15,0.00009350,23.00000000
2018-02-25 08:29:28,0.00009353,250.00000000
2018-02-25 08:29:31,0.00009353,778.00000000
2018-02-25 08:29:32,0.00009353,22.00000000
2018-02-25 08:29:38,0.00009350,800.00000000
2018-02-25 08:29:38,0.00009350,91.00000000
2018-02-25 08:29:42,0.00009351,441.00000000
2018-02-25 08:29:49,0.00009363,43.00000000
2018-02-25 08:29:53,0.00009350,16.00000000
2018-02-25 08:29:59,0.00009350,24989.00000000
2018-02-25 08:30:00,0.00009350,89.00000000
2018-02-25 08:30:07,0.00009350,320.00000000
2018-02-25 08:30:07,0.00009350,320.00000000
2018-02-25 08:30:07,0.00009350,320.00000000
2018-02-25 08:30:07,0.00009350,319.00000000
2018-02-25 08:30:07,0.00009350,320.00000000
2018-02-25 08:30:07,0.00009350,320.00000000
2018-02-25 08:30:07,0.00009350,320.00000000
2018-02-25 08:30:07,0.00009350,320.00000000
2018-02-25 08:30:07,0.00009350,320.00000000
2018-02-25 08:30:07,0.00009350,319.00000000
2018-02-25 08:30:07,0.00009350,320.00000000
2018-02-25 08:30:07,0.00009350,320.00000000
2018-02-25 08:30:08,0.00009350,315.00000000
2018-02-25 08:30:08,0.00009349,320.00000000
2018-02-25 08:30:09,0.00009350,90.00000000
2018-02-25 08:30:11,0.00009350,22.00000000
2018-02-25 08:30:13,0.00009350,709.00000000
2018-02-25 08:30:18,0.00009350,285.00000000
2018-02-25 08:30:20,0.00009349,108.00000000
2018-02-25 08:30:21,0.00009349,107.00000000
2018-02-25 08:30:26,0.00009350,320.00000000
2018-02-25 08:30:26,0.00009350,233.00000000
2018-02-25 08:30:31,0.00009350,269.00000000
2018-02-25 08:30:32,0.00009350,544.00000000
2018-02-25 08:30:37,0.00009353,107.00000000
2018-02-25 08:30:50,0.00009353,1070.00000000
2018-02-25 08:30:50,0.00009348,3548.00000000
2018-02-25 08:30:53,0.00009363,320.00000000
2018-02-25 08:30:54,0.00009363,21.00000000
2018-02-25 08:31:00,0.00009353,1592.00000000
2018-02-25 08:31:03,0.00009360,400.00000000
2018-02-25 08:31:11,0.00009360,7993.00000000
2018-02-25 08:31:12,0.00009353,346.00000000
2018-02-25 08:31:12,0.00009353,708.00000000
2018-02-25 08:31:15,0.00009354,18.00000000
2018-02-25 08:31:15,0.00009353,74.00000000
2018-02-25 08:31:15,0.00009353,89.00000000
2018-02-25 08:31:15,0.00009360,2252.00000000
2018-02-25 08:31:17,0.00009353,50.00000000
2018-02-25 08:31:18,0.00009353,2000.00000000
2018-02-25 08:31:38,0.00009359,222.00000000
2018-02-25 08:31:56,0.00009351,2.00000000
2018-02-25 08:31:57,0.00009359,1071.00000000
2018-02-25 08:31:57,0.00009360,205.00000000
2018-02-25 08:32:00,0.00009351,1500.00000000
2018-02-25 08:32:03,0.00009353,18.00000000
2018-02-25 08:32:08,0.00009351,242.00000000
2018-02-25 08:32:12,0.00009353,282.00000000
2018-02-25 08:32:12,0.00009359,90.00000000
2018-02-25 08:32:12,0.00009359,90.00000000
2018-02-25 08:32:12,0.00009359,389.00000000
2018-02-25 08:32:19,0.00009353,980.00000000
2018-02-25 08:32:24,0.00009354,16.00000000
2018-02-25 08:32:24,0.00009353,77.00000000
2018-02-25 08:32:37,0.00009359,52.00000000
2018-02-25 08:32:50,0.00009358,53.00000000
2018-02-25 08:33:05,0.00009356,21.00000000
2018-02-25 08:33:11,0.00009356,191.00000000
2018-02-25 08:33:25,0.00009354,293.00000000
2018-02-25 08:33:26,0.00009355,112.00000000
2018-02-25 08:33:30,0.00009355,274.00000000
2018-02-25 08:33:30,0.00009354,211.00000000
2018-02-25 08:33:33,0.00009354,18.00000000
2018-02-25 08:33:33,0.00009356,48.00000000
2018-02-25 08:33:33,0.00009357,486.00000000
2018-02-25 08:33:33,0.00009354,137.00000000
2018-02-25 08:33:35,0.00009357,502.00000000
2018-02-25 08:33:35,0.00009358,32.00000000
2018-02-25 08:33:37,0.00009358,429.00000000
2018-02-25 08:33:37,0.00009359,105.00000000
2018-02-25 08:33:39,0.00009359,107.00000000
2018-02-25 08:33:45,0.00009359,107.00000000
2018-02-25 08:33:46,0.00009353,43.00000000
2018-02-25 08:33:46,0.00009350,114.00000000
2018-02-25 08:33:48,0.00009359,107.00000000
2018-02-25 08:34:06,0.00009350,609.00000000
2018-02-25 08:34:14,0.00009350,17.00000000
2018-02-25 08:34:31,0.00009358,106.00000000
2018-02-25 08:34:38,0.00009352,38.00000000
2018-02-25 08:34:38,0.00009350,3275.00000000
2018-02-25 08:34:59,0.00009350,380.00000000
2018-02-25 08:35:08,0.00009357,2.00000000
2018-02-25 08:35:20,0.00009350,1146.00000000
2018-02-25 08:35:27,0.00009350,647.00000000
2018-02-25 08:35:27,0.00009350,500.00000000
2018-02-25 08:35:51,0.00009351,57.00000000
2018-02-25 08:35:53,0.00009351,100.00000000
2018-02-25 08:35:56,0.00009351,14.00000000
2018-02-25 08:35:56,0.00009351,53.00000000
2018-02-25 08:35:57,0.00009351,21.00000000
2018-02-25 08:36:01,0.00009351,1981.00000000
2018-02-25 08:36:02,0.00009351,53.00000000
2018-02-25 08:36:02,0.00009351,90.00000000
2018-02-25 08:36:03,0.00009351,26.00000000
2018-02-25 08:36:05,0.00009351,74.00000000
2018-02-25 08:36:06,0.00009350,80.00000000
2018-02-25 08:36:07,0.00009351,341.00000000
2018-02-25 08:36:07,0.00009350,471.00000000
2018-02-25 08:36:07,0.00009350,46.00000000
2018-02-25 08:36:09,0.00009350,150.00000000
2018-02-25 08:36:14,0.00009350,46.00000000
2018-02-25 08:36:14,0.00009350,298.00000000
2018-02-25 08:36:15,0.00009350,260.00000000
2018-02-25 08:36:16,0.00009350,658.00000000
2018-02-25 08:36:23,0.00009348,1484.00000000
2018-02-25 08:36:32,0.00009350,29.00000000
2018-02-25 08:36:32,0.00009345,300.00000000
2018-02-25 08:36:32,0.00009345,100.00000000
2018-02-25 08:36:37,0.00009344,21.00000000
2018-02-25 08:36:40,0.00009344,223.00000000
2018-02-25 08:36:42,0.00009344,118.00000000
2018-02-25 08:36:42,0.00009342,21.00000000
2018-02-25 08:36:42,0.00009339,23.00000000
2018-02-25 08:36:42,0.00009335,121.00000000
2018-02-25 08:36:46,0.00009335,719.00000000
2018-02-25 08:36:51,0.00009335,864.00000000
2018-02-25 08:36:56,0.00009335,153.00000000
2018-02-25 08:36:57,0.00009335,918.00000000
2018-02-25 08:36:58,0.00009335,89.00000000
2018-02-25 08:36:59,0.00009335,89.00000000
2018-02-25 08:36:59,0.00009335,89.00000000
2018-02-25 08:36:59,0.00009335,112.00000000
2018-02-25 08:37:00,0.00009335,109.00000000
2018-02-25 08:37:01,0.00009335,535.00000000
2018-02-25 08:37:02,0.00009335,90.00000000
2018-02-25 08:37:02,0.00009335,16.00000000
2018-02-25 08:37:14,0.00009335,59.00000000
2018-02-25 08:37:19,0.00009335,238.00000000
2018-02-25 08:37:22,0.00009335,1000.00000000
2018-02-25 08:37:50,0.00009335,600.00000000
2018-02-25 08:37:55,0.00009345,26.00000000
2018-02-25 08:37:56,0.00009335,278.00000000
2018-02-25 08:38:13,0.00009340,153.00000000
2018-02-25 08:38:13,0.00009340,534.00000000
2018-02-25 08:38:13,0.00009345,1.00000000
2018-02-25 08:38:19,0.00009345,245.00000000
2018-02-25 08:38:21,0.00009350,24.00000000
2018-02-25 08:38:25,0.00009350,1029.00000000
2018-02-25 08:38:25,0.00009345,106.00000000
2018-02-25 08:38:26,0.00009345,53.00000000
2018-02-25 08:38:27,0.00009345,95.00000000
2018-02-25 08:38:29,0.00009335,200.00000000
2018-02-25 08:38:30,0.00009335,169.00000000
2018-02-25 08:38:33,0.00009345,535.00000000
2018-02-25 08:38:33,0.00009336,200.00000000
2018-02-25 08:38:37,0.00009336,200.00000000
2018-02-25 08:38:37,0.00009345,535.00000000
2018-02-25 08:38:37,0.00009336,20.00000000
2018-02-25 08:38:38,0.00009336,100.00000000
2018-02-25 08:38:39,0.00009345,98.00000000
2018-02-25 08:38:43,0.00009345,289.00000000
2018-02-25 08:38:44,0.00009345,32.00000000
2018-02-25 08:38:44,0.00009349,313.00000000
2018-02-25 08:38:45,0.00009349,85.00000000
2018-02-25 08:38:47,0.00009336,768.00000000
2018-02-25 08:38:47,0.00009336,278.00000000
2018-02-25 08:38:48,0.00009344,535.00000000
2018-02-25 08:38:51,0.00009344,24.00000000
2018-02-25 08:38:53,0.00009344,93.00000000
2018-02-25 08:39:00,0.00009344,273.00000000
2018-02-25 08:39:03,0.00009344,535.00000000
2018-02-25 08:39:06,0.00009344,535.00000000
2018-02-25 08:39:07,0.00009340,64.00000000
2018-02-25 08:39:11,0.00009340,56.00000000
2018-02-25 08:39:17,0.00009339,24.00000000
2018-02-25 08:39:20,0.00009340,23.00000000
2018-02-25 08:39:21,0.00009340,29.00000000
2018-02-25 08:39:21,0.00009344,24.00000000
2018-02-25 08:39:21,0.00009349,160.00000000
2018-02-25 08:39:29,0.00009340,110.00000000
2018-02-25 08:39:30,0.00009336,53.00000000
2018-02-25 08:39:30,0.00009335,1018.00000000
2018-02-25 08:39:33,0.00009340,62.00000000
2018-02-25 08:39:34,0.00009340,1713.00000000
2018-02-25 08:39:34,0.00009340,1651.00000000
2018-02-25 08:39:34,0.00009349,30.00000000
2018-02-25 08:39:35,0.00009349,510.00000000
2018-02-25 08:39:36,0.00009335,1071.00000000
2018-02-25 08:39:38,0.00009335,27.00000000
2018-02-25 08:39:38,0.00009335,85.00000000
2018-02-25 08:39:38,0.00009335,833.00000000
2018-02-25 08:39:39,0.00009335,186.00000000
2018-02-25 08:39:39,0.00009335,3253.00000000
2018-02-25 08:39:39,0.00009335,1690.00000000
2018-02-25 08:39:40,0.00009335,536.00000000
2018-02-25 08:39:40,0.00009335,1155.00000000
2018-02-25 08:39:40,0.00009349,558.00000000
2018-02-25 08:39:43,0.00009348,85.00000000
2018-02-25 08:39:48,0.00009333,793.00000000
2018-02-25 08:39:48,0.00009333,64.00000000
2018-02-25 08:39:49,0.00009333,213.00000000
2018-02-25 08:39:49,0.00009333,1.00000000
2018-02-25 08:39:51,0.00009333,107.00000000
2018-02-25 08:39:56,0.00009345,89.00000000
2018-02-25 08:39:56,0.00009345,178.00000000
2018-02-25 08:39:56,0.00009345,90.00000000
2018-02-25 08:39:57,0.00009345,179.00000000
2018-02-25 08:39:57,0.00009333,892.00000000
2018-02-25 08:40:01,0.00009348,870.00000000
2018-02-25 08:40:01,0.00009348,118.00000000
2018-02-25 08:40:01,0.00009349,309.00000000
2018-02-25 08:40:04,0.00009334,988.00000000
2018-02-25 08:40:04,0.00009333,510.00000000
2018-02-25 08:40:04,0.00009349,196.00000000
2018-02-25 08:40:04,0.00009349,1000.00000000
2018-02-25 08:40:09,0.00009333,8.00000000
2018-02-25 08:40:10,0.00009347,281.00000000
2018-02-25 08:40:12,0.00009340,50.00000000
2018-02-25 08:40:12,0.00009333,949.00000000
2018-02-25 08:40:16,0.00009347,98.00000000
2018-02-25 08:40:16,0.00009347,34.00000000
2018-02-25 08:40:28,0.00009345,29.00000000
2018-02-25 08:40:28,0.00009346,50.00000000
2018-02-25 08:40:28,0.00009348,117.00000000
2018-02-25 08:40:29,0.00009348,427.00000000
2018-02-25 08:40:31,0.00009348,28.00000000
2018-02-25 08:40:33,0.00009333,853.00000000
2018-02-25 08:40:34,0.00009348,294.00000000
2018-02-25 08:40:36,0.00009333,1163.00000000
2018-02-25 08:40:36,0.00009330,1597.00000000
2018-02-25 08:40:36,0.00009329,2717.00000000
2018-02-25 08:40:40,0.00009342,50.00000000
2018-02-25 08:40:40,0.00009347,16.00000000
2018-02-25 08:40:46,0.00009341,50.00000000
2018-02-25 08:40:46,0.00009347,27.00000000
2018-02-25 08:40:46,0.00009348,329.00000000
2018-02-25 08:40:54,0.00009330,144.00000000
2018-02-25 08:40:56,0.00009347,455.00000000
2018-02-25 08:40:56,0.00009348,23.00000000
2018-02-25 08:41:01,0.00009344,856.00000000
2018-02-25 08:41:01,0.00009344,98.00000000
2018-02-25 08:41:03,0.00009344,24.00000000
2018-02-25 08:41:07,0.00009344,5000.00000000
2018-02-25 08:41:07,0.00009344,281.00000000
2018-02-25 08:41:07,0.00009344,3317.00000000
2018-02-25 08:41:13,0.00009344,218.00000000
2018-02-25 08:41:15,0.00009336,53.00000000
2018-02-25 08:41:15,0.00009343,812.00000000
2018-02-25 08:41:15,0.00009344,13936.00000000
2018-02-25 08:41:19,0.00009344,294.00000000
2018-02-25 08:41:22,0.00009344,962.00000000
2018-02-25 08:41:25,0.00009344,196.00000000
2018-02-25 08:41:26,0.00009344,107.00000000
2018-02-25 08:41:31,0.00009344,392.00000000
2018-02-25 08:41:31,0.00009333,722.00000000
2018-02-25 08:41:31,0.00009331,986.00000000
2018-02-25 08:41:31,0.00009330,675.00000000
2018-02-25 08:41:35,0.00009343,107.00000000
2018-02-25 08:41:37,0.00009336,13.00000000
2018-02-25 08:41:37,0.00009332,15.00000000
2018-02-25 08:41:40,0.00009340,81.00000000
2018-02-25 08:41:40,0.00009343,115.00000000
2018-02-25 08:41:43,0.00009343,200.00000000
2018-02-25 08:41:45,0.00009341,24.00000000
2018-02-25 08:41:46,0.00009341,119.00000000
2018-02-25 08:41:46,0.00009341,107.00000000
2018-02-25 08:41:48,0.00009341,107.00000000
2018-02-25 08:41:51,0.00009332,361.00000000
2018-02-25 08:41:51,0.00009330,785.00000000
2018-02-25 08:41:52,0.00009341,196.00000000
2018-02-25 08:41:53,0.00009332,100.00000000
2018-02-25 08:41:53,0.00009341,11.00000000
2018-02-25 08:41:53,0.00009342,89.00000000
2018-02-25 08:42:03,0.00009342,324.00000000
2018-02-25 08:42:04,0.00009342,300.00000000
2018-02-25 08:42:12,0.00009342,535.00000000
2018-02-25 08:42:13,0.00009331,2063.00000000
2018-02-25 08:42:13,0.00009330,2872.00000000
2018-02-25 08:42:13,0.00009329,2786.00000000
2018-02-25 08:42:14,0.00009341,347.00000000
2018-02-25 08:42:15,0.00009330,179.00000000
2018-02-25 08:42:15,0.00009330,79.00000000
2018-02-25 08:42:15,0.00009330,370.00000000
2018-02-25 08:42:15,0.00009330,221.00000000
2018-02-25 08:42:15,0.00009330,536.00000000
2018-02-25 08:42:15,0.00009330,36.00000000
2018-02-25 08:42:21,0.00009341,32.00000000
2018-02-25 08:42:31,0.00009339,32.00000000
2018-02-25 08:42:35,0.00009339,389.00000000
2018-02-25 08:42:45,0.00009339,107.00000000
2018-02-25 08:42:47,0.00009339,535.00000000
2018-02-25 08:42:48,0.00009339,270.00000000
2018-02-25 08:42:48,0.00009340,265.00000000
2018-02-25 08:42:51,0.00009340,107.00000000
2018-02-25 08:42:51,0.00009340,552.00000000
2018-02-25 08:42:53,0.00009338,100.00000000
2018-02-25 08:42:53,0.00009340,7.00000000
2018-02-25 08:42:54,0.00009340,19.00000000
2018-02-25 08:42:56,0.00009340,526.00000000
2018-02-25 08:42:56,0.00009341,9.00000000
2018-02-25 08:42:56,0.00009341,3356.00000000
2018-02-25 08:42:57,0.00009341,535.00000000
2018-02-25 08:42:59,0.00009341,535.00000000
2018-02-25 08:43:02,0.00009341,535.00000000
2018-02-25 08:43:03,0.00009341,1753.00000000
2018-02-25 08:43:03,0.00009342,923.00000000
2018-02-25 08:43:04,0.00009342,1000.00000000
2018-02-25 08:43:05,0.00009342,535.00000000
2018-02-25 08:43:07,0.00009342,535.00000000
2018-02-25 08:43:08,0.00009342,575.00000000
2018-02-25 08:43:09,0.00009342,535.00000000
2018-02-25 08:43:10,0.00009342,602.00000000
2018-02-25 08:43:11,0.00009342,535.00000000
2018-02-25 08:43:11,0.00009335,48.00000000
2018-02-25 08:43:11,0.00009334,39.00000000
2018-02-25 08:43:11,0.00009331,23.00000000
2018-02-25 08:43:11,0.00009342,1.00000000
2018-02-25 08:43:12,0.00009342,2676.00000000
2018-02-25 08:43:13,0.00009342,107.00000000
2018-02-25 08:43:14,0.00009342,849.00000000
2018-02-25 08:43:16,0.00009343,24.00000000
2018-02-25 08:43:16,0.00009344,511.00000000
2018-02-25 08:43:18,0.00009344,535.00000000
2018-02-25 08:43:19,0.00009344,107.00000000
2018-02-25 08:43:19,0.00009344,535.00000000
2018-02-25 08:43:22,0.00009343,23.00000000
2018-02-25 08:43:22,0.00009344,345.00000000
2018-02-25 08:43:22,0.00009348,127.00000000
2018-02-25 08:43:22,0.00009349,354.00000000
2018-02-25 08:43:26,0.00009332,193.00000000
2018-02-25 08:43:29,0.00009349,535.00000000
2018-02-25 08:43:31,0.00009348,193.00000000
2018-02-25 08:43:31,0.00009349,342.00000000
2018-02-25 08:43:36,0.00009342,17.00000000
2018-02-25 08:43:36,0.00009342,101.00000000
2018-02-25 08:43:48,0.00009333,421.00000000
2018-02-25 08:43:48,0.00009332,564.00000000
2018-02-25 08:43:50,0.00009332,641.00000000
2018-02-25 08:43:51,0.00009342,102.00000000
2018-02-25 08:43:51,0.00009342,102.00000000
2018-02-25 08:43:54,0.00009342,63.00000000
2018-02-25 08:43:54,0.00009342,233.00000000
2018-02-25 08:44:00,0.00009347,535.00000000
2018-02-25 08:44:02,0.00009342,152.00000000
2018-02-25 08:44:02,0.00009347,32.00000000
2018-02-25 08:44:09,0.00009342,147.00000000
2018-02-25 08:44:10,0.00009346,16.00000000
2018-02-25 08:44:16,0.00009346,23.00000000
2018-02-25 08:44:20,0.00009345,535.00000000
2018-02-25 08:44:22,0.00009345,535.00000000
2018-02-25 08:44:28,0.00009345,100.00000000
2018-02-25 08:44:29,0.00009345,107.00000000
2018-02-25 08:44:34,0.00009342,142.00000000
2018-02-25 08:44:41,0.00009343,13.00000000
2018-02-25 08:44:41,0.00009342,308.00000000
2018-02-25 08:44:42,0.00009345,19.00000000
2018-02-25 08:44:46,0.00009342,634.00000000
2018-02-25 08:44:48,0.00009342,534.00000000
2018-02-25 08:44:50,0.00009342,107.00000000
2018-02-25 08:44:50,0.00009342,45.00000000
2018-02-25 08:45:06,0.00009342,13.00000000
2018-02-25 08:45:08,0.00009342,639.00000000
2018-02-25 08:45:08,0.00009342,639.00000000
2018-02-25 08:45:10,0.00009342,160.00000000
2018-02-25 08:45:11,0.00009342,25.00000000
2018-02-25 08:45:17,0.00009342,24.00000000
2018-02-25 08:45:18,0.00009342,214.00000000
2018-02-25 08:45:20,0.00009342,1255.00000000
2018-02-25 08:45:25,0.00009342,390.00000000
2018-02-25 08:45:25,0.00009345,50.00000000
2018-02-25 08:45:25,0.00009346,560.00000000
2018-02-25 08:45:28,0.00009342,295.00000000
2018-02-25 08:45:29,0.00009342,194.00000000
2018-02-25 08:45:30,0.00009342,31.00000000
2018-02-25 08:45:32,0.00009342,163.00000000
2018-02-25 08:45:34,0.00009346,1000.00000000
2018-02-25 08:45:35,0.00009346,901.00000000
2018-02-25 08:45:35,0.00009346,22.00000000
2018-02-25 08:45:37,0.00009346,25.00000000
2018-02-25 08:45:44,0.00009349,500.00000000
2018-02-25 08:45:47,0.00009349,1000.00000000
2018-02-25 08:45:50,0.00009346,26.00000000
2018-02-25 08:45:51,0.00009346,563.00000000
2018-02-25 08:45:57,0.00009349,1012.00000000
2018-02-25 08:46:05,0.00009349,501.00000000
2018-02-25 08:46:09,0.00009349,277.00000000
2018-02-25 08:46:10,0.00009349,603.00000000
2018-02-25 08:46:14,0.00009346,540.00000000
2018-02-25 08:46:16,0.00009349,4505.00000000
2018-02-25 08:46:26,0.00009350,2353.00000000
2018-02-25 08:46:41,0.00009355,18.00000000
2018-02-25 08:46:41,0.00009358,88.00000000
2018-02-25 08:46:44,0.00009358,39.00000000
2018-02-25 08:46:57,0.00009358,534.00000000
2018-02-25 08:46:58,0.00009358,534.00000000
2018-02-25 08:46:59,0.00009358,11.00000000
2018-02-25 08:47:00,0.00009358,471.00000000
2018-02-25 08:47:00,0.00009359,63.00000000
2018-02-25 08:47:02,0.00009359,534.00000000
2018-02-25 08:47:05,0.00009359,147.00000000
2018-02-25 08:47:16,0.00009359,288.00000000
2018-02-25 08:47:16,0.00009360,246.00000000
2018-02-25 08:47:18,0.00009359,534.00000000
2018-02-25 08:47:19,0.00009359,416.00000000
2018-02-25 08:47:20,0.00009359,110.00000000
2018-02-25 08:47:20,0.00009359,460.00000000
2018-02-25 08:47:20,0.00009359,461.00000000
2018-02-25 08:47:20,0.00009360,73.00000000
2018-02-25 08:47:21,0.00009358,50.00000000
2018-02-25 08:47:21,0.00009358,726.00000000
2018-02-25 08:47:24,0.00009358,534.00000000
2018-02-25 08:47:26,0.00009358,42.00000000
2018-02-25 08:47:26,0.00009358,151.00000000
2018-02-25 08:47:26,0.00009360,383.00000000
2018-02-25 08:47:28,0.00009360,534.00000000
2018-02-25 08:47:30,0.00009360,534.00000000
2018-02-25 08:47:31,0.00009360,861.00000000
2018-02-25 08:47:31,0.00009359,16.00000000
2018-02-25 08:47:31,0.00009347,162.00000000
2018-02-25 08:47:32,0.00009360,534.00000000
2018-02-25 08:47:45,0.00009359,162.00000000
2018-02-25 08:47:45,0.00009360,838.00000000
2018-02-25 08:47:45,0.00009360,21113.00000000
2018-02-25 08:47:49,0.00009360,48.00000000
2018-02-25 08:47:53,0.00009360,514.00000000
2018-02-25 08:47:57,0.00009360,915.00000000
2018-02-25 08:48:02,0.00009360,203.00000000
2018-02-25 08:48:09,0.00009360,202.00000000
2018-02-25 08:48:25,0.00009349,1000.00000000
2018-02-25 08:48:25,0.00009359,85.00000000
2018-02-25 08:48:25,0.00009360,65.00000000
2018-02-25 08:48:37,0.00009359,154.00000000
2018-02-25 08:48:37,0.00009359,214.00000000
2018-02-25 08:48:39,0.00009359,60.00000000
2018-02-25 08:48:40,0.00009359,160.00000000
2018-02-25 08:48:46,0.00009350,1103.00000000
2018-02-25 08:48:46,0.00009359,42.00000000
2018-02-25 08:48:48,0.00009359,367.00000000
2018-02-25 08:48:48,0.00009360,167.00000000
2018-02-25 08:48:49,0.00009360,42.00000000
2018-02-25 08:48:50,0.00009360,534.00000000
2018-02-25 08:48:51,0.00009360,42.00000000
2018-02-25 08:48:51,0.00009360,39.00000000
2018-02-25 08:48:51,0.00009360,534.00000000
2018-02-25 08:48:53,0.00009360,111.00000000
2018-02-25 08:48:54,0.00009360,534.00000000
2018-02-25 08:48:56,0.00009360,42.00000000
2018-02-25 08:48:58,0.00009360,42.00000000
2018-02-25 08:48:58,0.00009360,100.00000000
2018-02-25 08:49:02,0.00009360,203.00000000
2018-02-25 08:49:11,0.00009360,25.00000000
2018-02-25 08:49:14,0.00009360,2018.00000000
2018-02-25 08:49:17,0.00009360,131.00000000
2018-02-25 08:49:26,0.00009359,250.00000000
2018-02-25 08:49:28,0.00009359,113.00000000
2018-02-25 08:49:29,0.00009359,106.00000000
2018-02-25 08:49:31,0.00009360,2408.00000000
2018-02-25 08:49:46,0.00009361,996.00000000
2018-02-25 08:49:46,0.00009360,2467.00000000
2018-02-25 08:49:51,0.00009359,5.00000000
2018-02-25 08:50:00,0.00009359,906.00000000
2018-02-25 08:50:50,0.00009350,1000.00000000
2018-02-25 08:50:53,0.00009359,110.00000000
2018-02-25 08:50:54,0.00009350,35.00000000
2018-02-25 08:50:55,0.00009359,1872.00000000
2018-02-25 08:50:55,0.00009368,996.00000000
2018-02-25 08:50:55,0.00009369,1071.00000000
2018-02-25 08:50:55,0.00009371,900.00000000
2018-02-25 08:50:55,0.00009373,161.00000000
2018-02-25 08:50:59,0.00009360,90.00000000
2018-02-25 08:50:59,0.00009360,74.00000000
2018-02-25 08:50:59,0.00009360,59.00000000
2018-02-25 08:51:00,0.00009373,129.00000000
2018-02-25 08:51:02,0.00009372,203.00000000
2018-02-25 08:51:05,0.00009372,533.00000000
2018-02-25 08:51:06,0.00009372,290.00000000
2018-02-25 08:51:07,0.00009367,1254.00000000
2018-02-25 08:51:09,0.00009372,248.00000000
2018-02-25 08:51:09,0.00009373,144.00000000
2018-02-25 08:51:09,0.00009374,141.00000000
2018-02-25 08:51:15,0.00009372,17.00000000
2018-02-25 08:51:15,0.00009375,516.00000000
2018-02-25 08:51:18,0.00009375,533.00000000
2018-02-25 08:51:20,0.00009375,533.00000000
2018-02-25 08:51:34,0.00009374,259.00000000
2018-02-25 08:51:35,0.00009374,1241.00000000
2018-02-25 08:51:35,0.00009372,188.00000000
2018-02-25 08:52:08,0.00009370,376.00000000
2018-02-25 08:52:08,0.00009360,1256.00000000
2018-02-25 08:52:30,0.00009373,116.00000000
2018-02-25 08:52:30,0.00009374,75.00000000
2018-02-25 08:52:30,0.00009375,2500.00000000
2018-02-25 08:52:30,0.00009375,258.00000000
2018-02-25 08:52:31,0.00009375,89.00000000
2018-02-25 08:52:31,0.00009375,89.00000000
2018-02-25 08:52:31,0.00009375,1873.00000000
2018-02-25 08:52:32,0.00009373,90.00000000
2018-02-25 08:52:32,0.00009375,3010.00000000
2018-02-25 08:52:33,0.00009360,104.00000000
2018-02-25 08:52:34,0.00009372,107.00000000
2018-02-25 08:52:40,0.00009376,106.00000000
2018-02-25 08:52:43,0.00009362,347.00000000
2018-02-25 08:52:45,0.00009375,102.00000000
2018-02-25 08:52:45,0.00009376,61.00000000
2018-02-25 08:52:50,0.00009376,81.00000000
2018-02-25 08:52:50,0.00009377,25.00000000
2018-02-25 08:52:55,0.00009364,1016.00000000
2018-02-25 08:52:55,0.00009363,373.00000000
2018-02-25 08:52:58,0.00009377,106.00000000
2018-02-25 08:53:00,0.00009363,427.00000000
2018-02-25 08:53:00,0.00009376,1025.00000000
2018-02-25 08:53:01,0.00009376,626.00000000
2018-02-25 08:53:01,0.00009372,106.00000000
2018-02-25 08:53:02,0.00009372,40.00000000
2018-02-25 08:53:02,0.00009372,361.00000000
2018-02-25 08:53:06,0.00009363,106.00000000
2018-02-25 08:53:22,0.00009365,453.00000000
2018-02-25 08:53:24,0.00009364,427.00000000
2018-02-25 08:53:27,0.00009364,124.00000000
2018-02-25 08:53:27,0.00009365,68.00000000
2018-02-25 08:53:27,0.00009365,550.00000000
2018-02-25 08:53:28,0.00009364,131.00000000
2018-02-25 08:53:34,0.00009369,502.00000000
2018-02-25 08:53:34,0.00009370,32.00000000
2018-02-25 08:53:36,0.00009370,534.00000000
2018-02-25 08:53:36,0.00009370,51.00000000
2018-02-25 08:53:38,0.00009370,534.00000000
2018-02-25 08:53:38,0.00009360,45.00000000
2018-02-25 08:53:40,0.00009370,534.00000000
2018-02-25 08:53:43,0.00009370,534.00000000
2018-02-25 08:53:45,0.00009370,534.00000000
2018-02-25 08:53:47,0.00009370,534.00000000
2018-02-25 08:53:49,0.00009370,534.00000000
2018-02-25 08:53:56,0.00009364,57.00000000
2018-02-25 08:53:57,0.00009364,53.00000000
2018-02-25 08:53:58,0.00009364,122.00000000
2018-02-25 08:53:58,0.00009370,412.00000000
2018-02-25 08:54:02,0.00009370,203.00000000
2018-02-25 08:54:05,0.00009363,106.00000000
2018-02-25 08:54:09,0.00009370,152.00000000
2018-02-25 08:54:09,0.00009372,56.00000000
2018-02-25 08:54:09,0.00009377,464.00000000
2018-02-25 08:54:09,0.00009378,35.00000000
2018-02-25 08:54:09,0.00009380,1605.00000000
2018-02-25 08:54:11,0.00009364,213.00000000
2018-02-25 08:54:27,0.00009365,1071.00000000
2018-02-25 08:54:27,0.00009364,1114.00000000
2018-02-25 08:54:30,0.00009364,579.00000000
2018-02-25 08:54:34,0.00009363,1210.00000000
2018-02-25 08:54:34,0.00009360,2601.00000000
2018-02-25 08:54:34,0.00009358,85.00000000
2018-02-25 08:54:35,0.00009363,2000.00000000
2018-02-25 08:54:38,0.00009364,534.00000000
2018-02-25 08:54:40,0.00009364,106.00000000
2018-02-25 08:54:40,0.00009364,534.00000000
2018-02-25 08:54:42,0.00009364,534.00000000
2018-02-25 08:54:44,0.00009364,534.00000000
2018-02-25 08:54:45,0.00009364,106.00000000
2018-02-25 08:54:46,0.00009354,122.00000000
2018-02-25 08:54:48,0.00009364,11.00000000
2018-02-25 08:54:59,0.00009364,534.00000000
2018-02-25 08:55:04,0.00009364,1071.00000000
2018-02-25 08:55:04,0.00009364,12971.00000000
2018-02-25 08:55:07,0.00009372,106.00000000
2018-02-25 08:55:11,0.00009372,117.00000000
2018-02-25 08:55:14,0.00009372,106.00000000
2018-02-25 08:55:15,0.00009372,1675.00000000
2018-02-25 08:55:15,0.00009381,122.00000000
2018-02-25 08:55:15,0.00009382,2771.00000000
2018-02-25 08:55:29,0.00009364,628.00000000
2018-02-25 08:55:51,0.00009380,32.00000000
2018-02-25 08:55:53,0.00009364,213.00000000
2018-02-25 08:56:02,0.00009379,153.00000000
2018-02-25 08:56:02,0.00009379,50.00000000
2018-02-25 08:56:02,0.00009365,42.00000000
2018-02-25 08:56:05,0.00009381,238.00000000
2018-02-25 08:56:06,0.00009365,957.00000000
2018-02-25 08:56:06,0.00009364,1384.00000000
2018-02-25 08:56:10,0.00009364,1053.00000000
2018-02-25 08:56:11,0.00009364,130.00000000
2018-02-25 08:56:11,0.00009364,96.00000000
2018-02-25 08:56:14,0.00009365,18.00000000
2018-02-25 08:56:14,0.00009365,112.00000000
2018-02-25 08:56:15,0.00009365,18.00000000
2018-02-25 08:56:16,0.00009365,18.00000000
2018-02-25 08:56:27,0.00009365,33.00000000
2018-02-25 08:56:28,0.00009365,1038.00000000
2018-02-25 08:56:29,0.00009365,90.00000000
2018-02-25 08:56:29,0.00009365,107.00000000
2018-02-25 08:56:29,0.00009365,265.00000000
2018-02-25 08:56:33,0.00009380,101.00000000
2018-02-25 08:56:33,0.00009381,5.00000000
2018-02-25 08:56:36,0.00009365,64.00000000
2018-02-25 08:56:43,0.00009379,106.00000000
2018-02-25 08:56:44,0.00009379,90.00000000
2018-02-25 08:56:44,0.00009379,73.00000000
2018-02-25 08:57:02,0.00009377,203.00000000
2018-02-25 08:57:04,0.00009377,527.00000000
2018-02-25 08:57:05,0.00009377,111.00000000
2018-02-25 08:57:06,0.00009377,18.00000000
2018-02-25 08:57:07,0.00009377,236.00000000
2018-02-25 08:57:10,0.00009378,433.00000000
2018-02-25 08:57:10,0.00009378,567.00000000
2018-02-25 08:57:10,0.00009377,179.00000000
2018-02-25 08:57:10,0.00009377,892.00000000
2018-02-25 08:57:17,0.00009368,90.00000000
2018-02-25 08:57:17,0.00009365,1559.00000000
2018-02-25 08:57:24,0.00009365,73.00000000
2018-02-25 08:57:25,0.00009377,533.00000000
2018-02-25 08:57:26,0.00009376,533.00000000
2018-02-25 08:57:28,0.00009376,533.00000000
2018-02-25 08:57:30,0.00009366,200.00000000
2018-02-25 08:57:30,0.00009376,96.00000000
2018-02-25 08:57:30,0.00009377,437.00000000
2018-02-25 08:57:32,0.00009377,244.00000000
2018-02-25 08:57:32,0.00009377,533.00000000
2018-02-25 08:57:34,0.00009377,497.00000000
2018-02-25 08:57:34,0.00009379,156.00000000
2018-02-25 08:57:34,0.00009381,203.00000000
2018-02-25 08:57:34,0.00009382,174.00000000
2018-02-25 08:57:35,0.00009377,3.00000000
2018-02-25 08:57:36,0.00009376,87.00000000
2018-02-25 08:57:36,0.00009381,446.00000000
2018-02-25 08:57:47,0.00009381,22.00000000
2018-02-25 08:57:47,0.00009382,511.00000000
2018-02-25 08:57:48,0.00009382,20.00000000
2018-02-25 08:57:50,0.00009382,533.00000000
2018-02-25 08:57:52,0.00009382,533.00000000
2018-02-25 08:57:54,0.00009382,533.00000000
2018-02-25 08:57:58,0.00009382,41.00000000
2018-02-25 08:58:05,0.00009382,568.00000000
2018-02-25 08:58:19,0.00009382,102.00000000
2018-02-25 08:58:19,0.00009385,962.00000000
2018-02-25 08:58:21,0.00009382,18.00000000
2018-02-25 08:58:26,0.00009385,892.00000000
2018-02-25 08:58:41,0.00009386,17.00000000
2018-02-25 08:58:41,0.00009387,28.00000000
2018-02-25 08:58:41,0.00009389,117.00000000
2018-02-25 08:58:41,0.00009390,298.00000000
2018-02-25 08:58:41,0.00009392,742.00000000
2018-02-25 08:58:43,0.00009392,1200.00000000
2018-02-25 08:58:45,0.00009392,100.00000000
2018-02-25 08:58:46,0.00009392,28.00000000
2018-02-25 08:58:48,0.00009385,1316.00000000
2018-02-25 08:58:52,0.00009384,900.00000000
2018-02-25 08:58:52,0.00009384,171.00000000
2018-02-25 08:58:53,0.00009385,5517.00000000
2018-02-25 08:59:00,0.00009392,1.00000000
2018-02-25 08:59:18,0.00009387,333.00000000
2018-02-25 08:59:19,0.00009387,533.00000000
2018-02-25 08:59:21,0.00009387,533.00000000
2018-02-25 08:59:22,0.00009387,533.00000000
2018-02-25 08:59:24,0.00009387,1642.00000000
2018-02-25 08:59:29,0.00009385,80.00000000
2018-02-25 08:59:29,0.00009387,426.00000000
2018-02-25 08:59:44,0.00009387,42.00000000
2018-02-25 08:59:48,0.00009391,254.00000000
2018-02-25 08:59:49,0.00009387,69.00000000
2018-02-25 08:59:54,0.00009387,36.00000000
2018-02-25 08:59:54,0.00009387,45.00000000
2018-02-25 08:59:54,0.00009385,489.00000000
2018-02-25 08:59:56,0.00009382,44.00000000
2018-02-25 08:59:58,0.00009389,38.00000000
2018-02-25 08:59:58,0.00009390,34.00000000
