DATE,PRICE,VOLUME
2018-02-25 20:00:00,0.00009456,42.00000000
2018-02-25 20:00:01,0.00009461,350.00000000
2018-02-25 20:00:02,0.00009456,69.00000000
2018-02-25 20:00:03,0.00009455,455.00000000
2018-02-25 20:00:04,0.00009456,28.00000000
2018-02-25 20:00:04,0.00009455,14.00000000
2018-02-25 20:00:06,0.00009461,2117.00000000
2018-02-25 20:00:06,0.00009455,79.00000000
2018-02-25 20:00:07,0.00009455,10.00000000
2018-02-25 20:00:09,0.00009461,1.00000000
2018-02-25 20:00:09,0.00009469,258.00000000
2018-02-25 20:00:09,0.00009456,115.00000000
2018-02-25 20:00:10,0.00009469,22.00000000
2018-02-25 20:00:14,0.00009469,970.00000000
2018-02-25 20:00:16,0.00009461,105.00000000
2018-02-25 20:00:18,0.00009461,192.00000000
2018-02-25 20:00:22,0.00009457,105.00000000
2018-02-25 20:00:25,0.00009461,240.00000000
2018-02-25 20:00:34,0.00009465,61.00000000
2018-02-25 20:00:34,0.00009470,270.00000000
2018-02-25 20:00:42,0.00009457,82.00000000
2018-02-25 20:00:44,0.00009470,365.00000000
2018-02-25 20:00:44,0.00009457,42.00000000
2018-02-25 20:00:46,0.00009457,21.00000000
2018-02-25 20:00:46,0.00009456,21.00000000
2018-02-25 20:00:51,0.00009469,11.00000000
2018-02-25 20:00:54,0.00009469,39.00000000
2018-02-25 20:01:00,0.00009469,15.00000000
2018-02-25 20:01:00,0.00009469,315.00000000
2018-02-25 20:01:01,0.00009469,528.00000000
2018-02-25 20:01:02,0.00009469,1056.00000000
2018-02-25 20:01:02,0.00009469,1079.00000000
2018-02-25 20:01:09,0.00009469,19.00000000
2018-02-25 20:01:09,0.00009470,1138.00000000
2018-02-25 20:01:15,0.00009471,499.00000000
2018-02-25 20:01:15,0.00009472,13.00000000
2018-02-25 20:01:19,0.00009469,45.00000000
2018-02-25 20:01:19,0.00009469,29.00000000
2018-02-25 20:01:19,0.00009469,38.00000000
2018-02-25 20:01:19,0.00009457,68.00000000
2018-02-25 20:01:24,0.00009471,405.00000000
2018-02-25 20:01:28,0.00009470,3988.00000000
2018-02-25 20:01:28,0.00009459,21.00000000
2018-02-25 20:01:28,0.00009458,85.00000000
2018-02-25 20:01:30,0.00009458,106.00000000
2018-02-25 20:01:31,0.00009459,105.00000000
2018-02-25 20:01:32,0.00009461,18.00000000
2018-02-25 20:01:32,0.00009461,196.00000000
2018-02-25 20:01:32,0.00009459,333.00000000
2018-02-25 20:01:33,0.00009461,179.00000000
2018-02-25 20:01:38,0.00009461,25.00000000
2018-02-25 20:01:38,0.00009459,613.00000000
2018-02-25 20:01:40,0.00009461,158.00000000
2018-02-25 20:01:40,0.00009459,530.00000000
2018-02-25 20:01:43,0.00009459,530.00000000
2018-02-25 20:01:45,0.00009462,554.00000000
2018-02-25 20:01:46,0.00009462,290.00000000
2018-02-25 20:01:46,0.00009462,770.00000000
2018-02-25 20:01:47,0.00009462,49.00000000
2018-02-25 20:01:49,0.00009459,529.00000000
2018-02-25 20:01:51,0.00009459,1057.00000000
2018-02-25 20:01:51,0.00009459,1488.00000000
2018-02-25 20:01:51,0.00009470,191.00000000
2018-02-25 20:01:54,0.00009457,40.00000000
2018-02-25 20:01:58,0.00009457,331.00000000
2018-02-25 20:01:58,0.00009457,529.00000000
2018-02-25 20:01:59,0.00009457,19.00000000
2018-02-25 20:02:00,0.00009457,529.00000000
2018-02-25 20:02:00,0.00009457,15.00000000
2018-02-25 20:02:02,0.00009457,529.00000000
2018-02-25 20:02:04,0.00009457,529.00000000
2018-02-25 20:02:08,0.00009457,2600.00000000
2018-02-25 20:02:08,0.00009457,105.00000000
2018-02-25 20:02:09,0.00009457,16.00000000
2018-02-25 20:02:10,0.00009457,202.00000000
2018-02-25 20:02:12,0.00009457,1142.00000000
2018-02-25 20:02:13,0.00009457,148.00000000
2018-02-25 20:02:18,0.00009456,445.00000000
2018-02-25 20:02:18,0.00009456,865.00000000
2018-02-25 20:02:19,0.00009456,832.00000000
2018-02-25 20:02:24,0.00009456,516.00000000
2018-02-25 20:02:25,0.00009456,63.00000000
2018-02-25 20:02:27,0.00009456,23.00000000
2018-02-25 20:02:30,0.00009457,105.00000000
2018-02-25 20:02:31,0.00009456,1055.00000000
2018-02-25 20:02:33,0.00009456,105.00000000
2018-02-25 20:02:36,0.00009456,20.00000000
2018-02-25 20:02:39,0.00009457,105.00000000
2018-02-25 20:02:45,0.00009457,74.00000000
2018-02-25 20:02:46,0.00009457,105.00000000
2018-02-25 20:02:50,0.00009457,105.00000000
2018-02-25 20:02:52,0.00009456,137.00000000
2018-02-25 20:02:52,0.00009455,120.00000000
2018-02-25 20:02:57,0.00009455,82.00000000
2018-02-25 20:03:07,0.00009455,236.00000000
2018-02-25 20:03:10,0.00009455,145.00000000
2018-02-25 20:03:12,0.00009455,353.00000000
2018-02-25 20:03:13,0.00009455,500.00000000
2018-02-25 20:03:14,0.00009455,68.00000000
2018-02-25 20:03:16,0.00009455,26.00000000
2018-02-25 20:03:16,0.00009455,1246.00000000
2018-02-25 20:03:17,0.00009455,905.00000000
2018-02-25 20:03:20,0.00009455,27.00000000
2018-02-25 20:03:20,0.00009455,52.00000000
2018-02-25 20:03:21,0.00009455,105.00000000
2018-02-25 20:03:22,0.00009453,29.00000000
2018-02-25 20:03:26,0.00009453,94.00000000
2018-02-25 20:03:27,0.00009453,35.00000000
2018-02-25 20:03:28,0.00009455,52.00000000
2018-02-25 20:03:36,0.00009453,269.00000000
2018-02-25 20:03:38,0.00009455,38.00000000
2018-02-25 20:03:38,0.00009457,30.00000000
2018-02-25 20:03:41,0.00009455,676.00000000
2018-02-25 20:03:41,0.00009453,85.00000000
2018-02-25 20:03:41,0.00009452,179.00000000
2018-02-25 20:03:45,0.00009457,20.00000000
2018-02-25 20:03:47,0.00009457,86.00000000
2018-02-25 20:03:49,0.00009457,31.00000000
2018-02-25 20:03:49,0.00009455,65.00000000
2018-02-25 20:04:00,0.00009456,25.00000000
2018-02-25 20:04:00,0.00009455,38.00000000
2018-02-25 20:04:04,0.00009455,18.00000000
2018-02-25 20:04:07,0.00009457,2211.00000000
2018-02-25 20:04:12,0.00009457,363.00000000
2018-02-25 20:04:13,0.00009457,112.00000000
2018-02-25 20:04:14,0.00009457,592.00000000
2018-02-25 20:04:14,0.00009455,101.00000000
2018-02-25 20:04:19,0.00009453,20.00000000
2018-02-25 20:04:20,0.00009453,30.00000000
2018-02-25 20:04:20,0.00009452,50.00000000
2018-02-25 20:04:21,0.00009452,778.00000000
2018-02-25 20:04:23,0.00009452,15.00000000
2018-02-25 20:04:24,0.00009452,99.00000000
2018-02-25 20:04:27,0.00009452,192.00000000
2018-02-25 20:04:28,0.00009452,133.00000000
2018-02-25 20:04:28,0.00009452,145.00000000
2018-02-25 20:04:28,0.00009455,35.00000000
2018-02-25 20:04:28,0.00009460,166.00000000
2018-02-25 20:04:28,0.00009461,339.00000000
2018-02-25 20:04:28,0.00009470,44.00000000
2018-02-25 20:04:31,0.00009452,214.00000000
2018-02-25 20:04:32,0.00009451,29.00000000
2018-02-25 20:04:32,0.00009451,105.00000000
2018-02-25 20:04:35,0.00009452,18.00000000
2018-02-25 20:04:37,0.00009451,111.00000000
2018-02-25 20:04:38,0.00009452,18.00000000
2018-02-25 20:04:38,0.00009451,491.00000000
2018-02-25 20:04:39,0.00009455,105.00000000
2018-02-25 20:04:44,0.00009455,105.00000000
2018-02-25 20:04:44,0.00009455,32.00000000
2018-02-25 20:04:49,0.00009455,105.00000000
2018-02-25 20:04:50,0.00009455,300.00000000
2018-02-25 20:04:55,0.00009455,17.00000000
2018-02-25 20:05:01,0.00009455,100.00000000
2018-02-25 20:05:07,0.00009455,210.00000000
2018-02-25 20:05:07,0.00009455,50.00000000
2018-02-25 20:05:09,0.00009455,292.00000000
2018-02-25 20:05:11,0.00009454,590.00000000
2018-02-25 20:05:12,0.00009454,708.00000000
2018-02-25 20:05:19,0.00009455,27.00000000
2018-02-25 20:05:21,0.00009454,111.00000000
2018-02-25 20:05:22,0.00009454,105.00000000
2018-02-25 20:05:35,0.00009454,105.00000000
2018-02-25 20:05:38,0.00009455,31.00000000
2018-02-25 20:05:42,0.00009454,57.00000000
2018-02-25 20:05:47,0.00009454,25.00000000
2018-02-25 20:05:50,0.00009454,86.00000000
2018-02-25 20:05:52,0.00009454,49.00000000
2018-02-25 20:05:52,0.00009453,12.00000000
2018-02-25 20:05:53,0.00009453,224.00000000
2018-02-25 20:06:05,0.00009453,102.00000000
2018-02-25 20:06:07,0.00009453,34.00000000
2018-02-25 20:06:16,0.00009453,211.00000000
2018-02-25 20:06:18,0.00009454,528.00000000
2018-02-25 20:06:22,0.00009454,100.00000000
2018-02-25 20:06:26,0.00009453,192.00000000
2018-02-25 20:06:29,0.00009453,88.00000000
2018-02-25 20:06:32,0.00009454,433.00000000
2018-02-25 20:06:32,0.00009455,96.00000000
2018-02-25 20:06:34,0.00009455,33.00000000
2018-02-25 20:06:34,0.00009461,260.00000000
2018-02-25 20:06:34,0.00009464,235.00000000
2018-02-25 20:06:36,0.00009453,478.00000000
2018-02-25 20:06:37,0.00009464,315.00000000
2018-02-25 20:06:37,0.00009465,213.00000000
2018-02-25 20:06:42,0.00009465,106.00000000
2018-02-25 20:06:47,0.00009465,106.00000000
2018-02-25 20:06:48,0.00009465,105.00000000
2018-02-25 20:06:48,0.00009465,106.00000000
2018-02-25 20:06:50,0.00009465,106.00000000
2018-02-25 20:06:52,0.00009465,3.00000000
2018-02-25 20:06:53,0.00009465,106.00000000
2018-02-25 20:06:56,0.00009465,232.00000000
2018-02-25 20:06:57,0.00009465,528.00000000
2018-02-25 20:06:59,0.00009465,528.00000000
2018-02-25 20:07:01,0.00009465,106.00000000
2018-02-25 20:07:02,0.00009465,106.00000000
2018-02-25 20:07:04,0.00009465,106.00000000
2018-02-25 20:07:06,0.00009464,72.00000000
2018-02-25 20:07:06,0.00009465,34.00000000
2018-02-25 20:07:08,0.00009465,102.00000000
2018-02-25 20:07:08,0.00009468,3.00000000
2018-02-25 20:07:13,0.00009465,152.00000000
2018-02-25 20:07:18,0.00009465,263.00000000
2018-02-25 20:07:20,0.00009465,105.00000000
2018-02-25 20:07:30,0.00009455,21.00000000
2018-02-25 20:07:30,0.00009464,105.00000000
2018-02-25 20:07:31,0.00009456,117.00000000
2018-02-25 20:07:32,0.00009456,50.00000000
2018-02-25 20:07:33,0.00009456,293.00000000
2018-02-25 20:07:40,0.00009456,58.00000000
2018-02-25 20:07:45,0.00009455,27.00000000
2018-02-25 20:08:03,0.00009456,136.00000000
2018-02-25 20:08:05,0.00009456,32.00000000
2018-02-25 20:08:07,0.00009455,18.00000000
2018-02-25 20:08:10,0.00009456,35.00000000
2018-02-25 20:08:16,0.00009455,240.00000000
2018-02-25 20:08:26,0.00009455,922.00000000
2018-02-25 20:08:33,0.00009455,238.00000000
2018-02-25 20:08:37,0.00009455,211.00000000
2018-02-25 20:08:37,0.00009455,750.00000000
2018-02-25 20:08:40,0.00009455,253.00000000
2018-02-25 20:08:42,0.00009456,105.00000000
2018-02-25 20:08:43,0.00009455,186.00000000
2018-02-25 20:08:43,0.00009454,1267.00000000
2018-02-25 20:08:43,0.00009453,1888.00000000
2018-02-25 20:08:43,0.00009456,22.00000000
2018-02-25 20:08:44,0.00009453,67.00000000
2018-02-25 20:08:48,0.00009453,24.00000000
2018-02-25 20:08:49,0.00009453,33.00000000
2018-02-25 20:08:49,0.00009453,94.00000000
2018-02-25 20:08:51,0.00009453,105.00000000
2018-02-25 20:09:09,0.00009453,145.00000000
2018-02-25 20:09:11,0.00009454,111.00000000
2018-02-25 20:09:12,0.00009454,82.00000000
2018-02-25 20:09:18,0.00009454,1259.00000000
2018-02-25 20:09:20,0.00009456,105.00000000
2018-02-25 20:09:23,0.00009454,337.00000000
2018-02-25 20:09:36,0.00009456,105.00000000
2018-02-25 20:09:37,0.00009456,1056.00000000
2018-02-25 20:09:37,0.00009454,225.00000000
2018-02-25 20:09:38,0.00009454,82.00000000
2018-02-25 20:09:38,0.00009454,502.00000000
2018-02-25 20:09:43,0.00009454,211.00000000
2018-02-25 20:09:47,0.00009456,2743.00000000
2018-02-25 20:09:47,0.00009458,197.00000000
2018-02-25 20:09:47,0.00009463,17.00000000
2018-02-25 20:09:47,0.00009464,1511.00000000
2018-02-25 20:09:47,0.00009465,322.00000000
2018-02-25 20:09:56,0.00009456,45.00000000
2018-02-25 20:09:59,0.00009456,45.00000000
2018-02-25 20:09:59,0.00009456,39.00000000
2018-02-25 20:10:00,0.00009454,112.00000000
2018-02-25 20:10:01,0.00009454,42.00000000
2018-02-25 20:10:03,0.00009454,42.00000000
2018-02-25 20:10:06,0.00009456,212.00000000
2018-02-25 20:10:15,0.00009456,666.00000000
2018-02-25 20:10:15,0.00009454,884.00000000
2018-02-25 20:10:18,0.00009456,42.00000000
2018-02-25 20:10:19,0.00009456,32.00000000
2018-02-25 20:10:24,0.00009456,42.00000000
2018-02-25 20:10:27,0.00009456,500.00000000
2018-02-25 20:10:30,0.00009456,176.00000000
2018-02-25 20:10:31,0.00009456,79.00000000
2018-02-25 20:10:31,0.00009456,58.00000000
2018-02-25 20:10:37,0.00009454,20.00000000
2018-02-25 20:10:39,0.00009454,54.00000000
2018-02-25 20:10:43,0.00009454,42.00000000
2018-02-25 20:10:45,0.00009455,22.00000000
2018-02-25 20:10:51,0.00009454,58.00000000
2018-02-25 20:10:51,0.00009453,1725.00000000
2018-02-25 20:10:58,0.00009453,42.00000000
2018-02-25 20:11:01,0.00009453,987.00000000
2018-02-25 20:11:01,0.00009454,349.00000000
2018-02-25 20:11:04,0.00009454,137.00000000
2018-02-25 20:11:09,0.00009454,150.00000000
2018-02-25 20:11:12,0.00009455,178.00000000
2018-02-25 20:11:13,0.00009454,42.00000000
2018-02-25 20:11:14,0.00009454,105.00000000
2018-02-25 20:11:15,0.00009454,42.00000000
2018-02-25 20:11:15,0.00009454,154.00000000
2018-02-25 20:11:15,0.00009451,42.00000000
2018-02-25 20:11:15,0.00009451,4283.00000000
2018-02-25 20:11:17,0.00009450,237.00000000
2018-02-25 20:11:17,0.00009450,539.00000000
2018-02-25 20:11:17,0.00009450,2427.00000000
2018-02-25 20:11:19,0.00009450,2573.00000000
2018-02-25 20:11:21,0.00009451,50.00000000
2018-02-25 20:11:22,0.00009449,49.00000000
2018-02-25 20:11:27,0.00009451,290.00000000
2018-02-25 20:11:28,0.00009455,20.00000000
2018-02-25 20:11:28,0.00009464,85.00000000
2018-02-25 20:11:30,0.00009449,53.00000000
2018-02-25 20:11:33,0.00009449,899.00000000
2018-02-25 20:11:33,0.00009448,342.00000000
2018-02-25 20:11:33,0.00009464,105.00000000
2018-02-25 20:11:34,0.00009464,632.00000000
2018-02-25 20:11:43,0.00009449,120.00000000
2018-02-25 20:11:43,0.00009450,95.00000000
2018-02-25 20:11:43,0.00009462,10.00000000
2018-02-25 20:11:43,0.00009462,169.00000000
2018-02-25 20:11:43,0.00009463,877.00000000
2018-02-25 20:11:43,0.00009464,580.00000000
2018-02-25 20:11:43,0.00009464,118.00000000
2018-02-25 20:11:44,0.00009464,115.00000000
2018-02-25 20:11:45,0.00009464,90.00000000
2018-02-25 20:11:45,0.00009464,90.00000000
2018-02-25 20:11:45,0.00009464,521.00000000
2018-02-25 20:11:45,0.00009464,181.00000000
2018-02-25 20:11:46,0.00009464,876.00000000
2018-02-25 20:11:46,0.00009464,175.00000000
2018-02-25 20:11:47,0.00009454,27.00000000
2018-02-25 20:11:48,0.00009454,702.00000000
2018-02-25 20:11:51,0.00009454,38.00000000
2018-02-25 20:11:52,0.00009450,712.00000000
2018-02-25 20:12:01,0.00009454,183.00000000
2018-02-25 20:12:03,0.00009454,105.00000000
2018-02-25 20:12:05,0.00009454,42.00000000
2018-02-25 20:12:06,0.00009454,90.00000000
2018-02-25 20:12:07,0.00009454,54.00000000
2018-02-25 20:12:10,0.00009450,97.00000000
2018-02-25 20:12:11,0.00009450,105.00000000
2018-02-25 20:12:12,0.00009450,97.00000000
2018-02-25 20:12:16,0.00009450,24.00000000
2018-02-25 20:12:20,0.00009450,38.00000000
2018-02-25 20:12:30,0.00009450,368.00000000
2018-02-25 20:12:33,0.00009449,542.00000000
2018-02-25 20:12:35,0.00009450,105.00000000
2018-02-25 20:12:36,0.00009449,337.00000000
2018-02-25 20:12:39,0.00009449,105.00000000
2018-02-25 20:12:40,0.00009449,434.00000000
2018-02-25 20:12:40,0.00009450,449.00000000
2018-02-25 20:12:40,0.00009453,856.00000000
2018-02-25 20:12:40,0.00009459,1007.00000000
2018-02-25 20:12:40,0.00009460,7.00000000
2018-02-25 20:12:45,0.00009448,4765.00000000
2018-02-25 20:12:45,0.00009447,3083.00000000
2018-02-25 20:12:45,0.00009446,999.00000000
2018-02-25 20:12:45,0.00009446,107.00000000
2018-02-25 20:13:01,0.00009446,108.00000000
2018-02-25 20:13:02,0.00009446,107.00000000
2018-02-25 20:13:05,0.00009458,105.00000000
2018-02-25 20:13:05,0.00009450,20.00000000
2018-02-25 20:13:05,0.00009446,87.00000000
2018-02-25 20:13:06,0.00009458,105.00000000
2018-02-25 20:13:06,0.00009446,107.00000000
2018-02-25 20:13:07,0.00009446,112.00000000
2018-02-25 20:13:08,0.00009446,107.00000000
2018-02-25 20:13:09,0.00009446,107.00000000
2018-02-25 20:13:09,0.00009446,107.00000000
2018-02-25 20:13:10,0.00009446,107.00000000
2018-02-25 20:13:11,0.00009446,107.00000000
2018-02-25 20:13:11,0.00009446,107.00000000
2018-02-25 20:13:13,0.00009446,107.00000000
2018-02-25 20:13:13,0.00009446,670.00000000
2018-02-25 20:13:17,0.00009446,107.00000000
2018-02-25 20:13:17,0.00009453,105.00000000
2018-02-25 20:13:18,0.00009446,96.00000000
2018-02-25 20:13:18,0.00009445,11.00000000
2018-02-25 20:13:20,0.00009445,108.00000000
2018-02-25 20:13:20,0.00009446,25.00000000
2018-02-25 20:13:21,0.00009447,107.00000000
2018-02-25 20:13:22,0.00009447,93.00000000
2018-02-25 20:13:22,0.00009445,15.00000000
2018-02-25 20:13:26,0.00009445,107.00000000
2018-02-25 20:13:31,0.00009445,42.00000000
2018-02-25 20:13:33,0.00009445,42.00000000
2018-02-25 20:13:35,0.00009446,23.00000000
2018-02-25 20:13:35,0.00009445,108.00000000
2018-02-25 20:13:35,0.00009445,107.00000000
2018-02-25 20:13:35,0.00009445,108.00000000
2018-02-25 20:13:36,0.00009446,128.00000000
2018-02-25 20:13:36,0.00009445,108.00000000
2018-02-25 20:13:36,0.00009445,107.00000000
2018-02-25 20:13:38,0.00009445,108.00000000
2018-02-25 20:13:38,0.00009445,917.00000000
2018-02-25 20:13:38,0.00009444,635.00000000
2018-02-25 20:13:38,0.00009441,284.00000000
2018-02-25 20:13:38,0.00009440,1356.00000000
2018-02-25 20:13:38,0.00009439,100.00000000
2018-02-25 20:13:38,0.00009438,14.00000000
2018-02-25 20:13:38,0.00009437,310.00000000
2018-02-25 20:13:38,0.00009435,1090.00000000
2018-02-25 20:13:38,0.00009431,85.00000000
2018-02-25 20:13:39,0.00009440,107.00000000
2018-02-25 20:13:41,0.00009440,108.00000000
2018-02-25 20:13:44,0.00009440,108.00000000
2018-02-25 20:13:45,0.00009440,108.00000000
2018-02-25 20:13:45,0.00009440,108.00000000
2018-02-25 20:13:46,0.00009440,108.00000000
2018-02-25 20:13:46,0.00009442,108.00000000
2018-02-25 20:13:46,0.00009442,103.00000000
2018-02-25 20:13:46,0.00009440,5.00000000
2018-02-25 20:13:47,0.00009440,108.00000000
2018-02-25 20:13:47,0.00009440,108.00000000
2018-02-25 20:13:47,0.00009440,108.00000000
2018-02-25 20:13:48,0.00009440,108.00000000
2018-02-25 20:13:48,0.00009440,108.00000000
2018-02-25 20:13:48,0.00009440,108.00000000
2018-02-25 20:13:49,0.00009440,108.00000000
2018-02-25 20:13:49,0.00009440,108.00000000
2018-02-25 20:13:49,0.00009440,108.00000000
2018-02-25 20:13:49,0.00009440,108.00000000
2018-02-25 20:13:49,0.00009441,108.00000000
2018-02-25 20:13:50,0.00009441,108.00000000
2018-02-25 20:13:50,0.00009441,108.00000000
2018-02-25 20:13:50,0.00009441,108.00000000
2018-02-25 20:13:50,0.00009441,107.00000000
2018-02-25 20:13:51,0.00009441,108.00000000
2018-02-25 20:13:51,0.00009441,108.00000000
2018-02-25 20:13:52,0.00009441,108.00000000
2018-02-25 20:13:52,0.00009441,108.00000000
2018-02-25 20:13:52,0.00009441,87.00000000
2018-02-25 20:13:52,0.00009440,21.00000000
2018-02-25 20:13:52,0.00009440,108.00000000
2018-02-25 20:13:52,0.00009440,108.00000000
2018-02-25 20:13:53,0.00009445,108.00000000
2018-02-25 20:13:53,0.00009445,47.00000000
2018-02-25 20:13:53,0.00009440,61.00000000
2018-02-25 20:13:53,0.00009440,66.00000000
2018-02-25 20:13:53,0.00009430,42.00000000
2018-02-25 20:13:53,0.00009430,1637.00000000
2018-02-25 20:13:53,0.00009430,108.00000000
2018-02-25 20:13:54,0.00009430,50.00000000
2018-02-25 20:13:54,0.00009446,31.00000000
2018-02-25 20:13:54,0.00009430,108.00000000
2018-02-25 20:13:54,0.00009430,108.00000000
2018-02-25 20:13:54,0.00009434,108.00000000
2018-02-25 20:13:55,0.00009434,28.00000000
2018-02-25 20:13:55,0.00009431,80.00000000
2018-02-25 20:13:55,0.00009431,108.00000000
2018-02-25 20:13:55,0.00009431,108.00000000
2018-02-25 20:13:56,0.00009431,108.00000000
2018-02-25 20:13:56,0.00009431,108.00000000
2018-02-25 20:13:56,0.00009431,108.00000000
2018-02-25 20:13:56,0.00009431,108.00000000
2018-02-25 20:13:57,0.00009445,179.00000000
2018-02-25 20:13:57,0.00009433,108.00000000
2018-02-25 20:13:57,0.00009433,108.00000000
2018-02-25 20:13:59,0.00009446,63.00000000
2018-02-25 20:13:59,0.00009433,83.00000000
2018-02-25 20:13:59,0.00009430,25.00000000
2018-02-25 20:13:59,0.00009430,108.00000000
2018-02-25 20:14:00,0.00009430,108.00000000
2018-02-25 20:14:00,0.00009430,108.00000000
2018-02-25 20:14:01,0.00009430,108.00000000
2018-02-25 20:14:01,0.00009440,131.00000000
2018-02-25 20:14:01,0.00009430,108.00000000
2018-02-25 20:14:01,0.00009447,59.00000000
2018-02-25 20:14:01,0.00009449,72.00000000
2018-02-25 20:14:01,0.00009449,17.00000000
2018-02-25 20:14:01,0.00009430,108.00000000
2018-02-25 20:14:01,0.00009430,108.00000000
2018-02-25 20:14:02,0.00009431,108.00000000
2018-02-25 20:14:02,0.00009431,108.00000000
2018-02-25 20:14:02,0.00009431,107.00000000
2018-02-25 20:14:02,0.00009434,108.00000000
2018-02-25 20:14:02,0.00009434,27.00000000
2018-02-25 20:14:02,0.00009431,81.00000000
2018-02-25 20:14:03,0.00009431,108.00000000
2018-02-25 20:14:03,0.00009434,108.00000000
2018-02-25 20:14:03,0.00009434,27.00000000
2018-02-25 20:14:03,0.00009431,81.00000000
2018-02-25 20:14:04,0.00009431,108.00000000
2018-02-25 20:14:04,0.00009431,108.00000000
2018-02-25 20:14:05,0.00009431,108.00000000
2018-02-25 20:14:05,0.00009431,108.00000000
2018-02-25 20:14:05,0.00009431,33.00000000
2018-02-25 20:14:05,0.00009430,75.00000000
2018-02-25 20:14:06,0.00009446,108.00000000
2018-02-25 20:14:06,0.00009446,108.00000000
2018-02-25 20:14:06,0.00009446,108.00000000
2018-02-25 20:14:06,0.00009446,45.00000000
2018-02-25 20:14:06,0.00009433,63.00000000
2018-02-25 20:14:06,0.00009433,108.00000000
2018-02-25 20:14:07,0.00009430,108.00000000
2018-02-25 20:14:07,0.00009430,108.00000000
2018-02-25 20:14:07,0.00009430,108.00000000
2018-02-25 20:14:08,0.00009430,108.00000000
2018-02-25 20:14:08,0.00009430,108.00000000
2018-02-25 20:14:08,0.00009433,108.00000000
2018-02-25 20:14:08,0.00009433,27.00000000
2018-02-25 20:14:08,0.00009430,81.00000000
2018-02-25 20:14:09,0.00009430,108.00000000
2018-02-25 20:14:09,0.00009431,200.00000000
2018-02-25 20:14:09,0.00009430,108.00000000
2018-02-25 20:14:09,0.00009430,108.00000000
2018-02-25 20:14:09,0.00009430,108.00000000
2018-02-25 20:14:10,0.00009430,108.00000000
2018-02-25 20:14:10,0.00009430,108.00000000
2018-02-25 20:14:10,0.00009430,108.00000000
2018-02-25 20:14:10,0.00009430,108.00000000
2018-02-25 20:14:11,0.00009430,108.00000000
2018-02-25 20:14:11,0.00009430,108.00000000
2018-02-25 20:14:11,0.00009430,108.00000000
2018-02-25 20:14:11,0.00009430,108.00000000
2018-02-25 20:14:12,0.00009430,108.00000000
2018-02-25 20:14:12,0.00009430,108.00000000
2018-02-25 20:14:12,0.00009448,440.00000000
2018-02-25 20:14:12,0.00009449,10.00000000
2018-02-25 20:14:13,0.00009430,108.00000000
2018-02-25 20:14:13,0.00009430,108.00000000
2018-02-25 20:14:13,0.00009430,65.00000000
2018-02-25 20:14:14,0.00009449,24.00000000
2018-02-25 20:14:14,0.00009430,108.00000000
2018-02-25 20:14:14,0.00009430,125.00000000
2018-02-25 20:14:15,0.00009449,112.00000000
2018-02-25 20:14:15,0.00009430,108.00000000
2018-02-25 20:14:15,0.00009430,108.00000000
2018-02-25 20:14:16,0.00009430,108.00000000
2018-02-25 20:14:16,0.00009430,108.00000000
2018-02-25 20:14:16,0.00009430,108.00000000
2018-02-25 20:14:17,0.00009431,12.00000000
2018-02-25 20:14:17,0.00009449,108.00000000
2018-02-25 20:14:17,0.00009430,108.00000000
2018-02-25 20:14:17,0.00009430,108.00000000
2018-02-25 20:14:17,0.00009430,108.00000000
2018-02-25 20:14:17,0.00009430,108.00000000
2018-02-25 20:14:18,0.00009430,108.00000000
2018-02-25 20:14:18,0.00009433,108.00000000
2018-02-25 20:14:18,0.00009430,108.00000000
2018-02-25 20:14:19,0.00009430,108.00000000
2018-02-25 20:14:19,0.00009430,108.00000000
2018-02-25 20:14:19,0.00009430,108.00000000
2018-02-25 20:14:20,0.00009431,108.00000000
2018-02-25 20:14:20,0.00009431,108.00000000
2018-02-25 20:14:20,0.00009431,108.00000000
2018-02-25 20:14:20,0.00009431,108.00000000
2018-02-25 20:14:21,0.00009431,108.00000000
2018-02-25 20:14:21,0.00009449,37.00000000
2018-02-25 20:14:21,0.00009431,108.00000000
2018-02-25 20:14:21,0.00009431,108.00000000
2018-02-25 20:14:22,0.00009431,108.00000000
2018-02-25 20:14:23,0.00009431,108.00000000
2018-02-25 20:14:23,0.00009431,108.00000000
2018-02-25 20:14:23,0.00009431,108.00000000
2018-02-25 20:14:23,0.00009431,108.00000000
2018-02-25 20:14:23,0.00009431,108.00000000
2018-02-25 20:14:24,0.00009431,108.00000000
2018-02-25 20:14:24,0.00009431,108.00000000
2018-02-25 20:14:24,0.00009431,96.00000000
2018-02-25 20:14:24,0.00009430,12.00000000
2018-02-25 20:14:24,0.00009430,108.00000000
2018-02-25 20:14:24,0.00009430,108.00000000
2018-02-25 20:14:25,0.00009430,108.00000000
2018-02-25 20:14:25,0.00009430,108.00000000
2018-02-25 20:14:26,0.00009431,53.00000000
2018-02-25 20:14:26,0.00009430,55.00000000
2018-02-25 20:14:26,0.00009430,108.00000000
2018-02-25 20:14:26,0.00009430,108.00000000
2018-02-25 20:14:26,0.00009448,52.00000000
2018-02-25 20:14:27,0.00009431,108.00000000
2018-02-25 20:14:27,0.00009431,108.00000000
2018-02-25 20:14:27,0.00009433,108.00000000
2018-02-25 20:14:27,0.00009433,108.00000000
2018-02-25 20:14:27,0.00009433,108.00000000
2018-02-25 20:14:28,0.00009431,108.00000000
2018-02-25 20:14:28,0.00009431,108.00000000
2018-02-25 20:14:29,0.00009434,108.00000000
2018-02-25 20:14:29,0.00009434,27.00000000
2018-02-25 20:14:29,0.00009431,81.00000000
2018-02-25 20:14:29,0.00009448,1.00000000
2018-02-25 20:14:30,0.00009434,108.00000000
2018-02-25 20:14:30,0.00009434,27.00000000
2018-02-25 20:14:30,0.00009431,81.00000000
2018-02-25 20:14:31,0.00009431,108.00000000
2018-02-25 20:14:32,0.00009431,108.00000000
2018-02-25 20:14:33,0.00009430,108.00000000
2018-02-25 20:14:33,0.00009433,108.00000000
2018-02-25 20:14:34,0.00009431,108.00000000
2018-02-25 20:14:34,0.00009431,108.00000000
2018-02-25 20:14:34,0.00009448,69.00000000
2018-02-25 20:14:34,0.00009449,36.00000000
2018-02-25 20:14:35,0.00009431,108.00000000
2018-02-25 20:14:36,0.00009431,108.00000000
2018-02-25 20:14:36,0.00009431,77.00000000
2018-02-25 20:14:36,0.00009430,31.00000000
2018-02-25 20:14:36,0.00009430,108.00000000
2018-02-25 20:14:36,0.00009430,108.00000000
2018-02-25 20:14:37,0.00009448,105.00000000
2018-02-25 20:14:37,0.00009448,34.00000000
2018-02-25 20:14:37,0.00009433,108.00000000
2018-02-25 20:14:37,0.00009433,108.00000000
2018-02-25 20:14:38,0.00009433,107.00000000
2018-02-25 20:14:39,0.00009431,108.00000000
2018-02-25 20:14:39,0.00009431,108.00000000
2018-02-25 20:14:40,0.00009448,105.00000000
2018-02-25 20:14:40,0.00009431,108.00000000
2018-02-25 20:14:40,0.00009431,108.00000000
2018-02-25 20:14:41,0.00009431,108.00000000
2018-02-25 20:14:42,0.00009448,21.00000000
2018-02-25 20:14:42,0.00009431,108.00000000
2018-02-25 20:14:43,0.00009431,107.00000000
2018-02-25 20:14:43,0.00009431,108.00000000
2018-02-25 20:14:44,0.00009431,108.00000000
2018-02-25 20:14:45,0.00009431,108.00000000
2018-02-25 20:14:46,0.00009448,110.00000000
2018-02-25 20:14:46,0.00009431,108.00000000
2018-02-25 20:14:51,0.00009431,108.00000000
2018-02-25 20:14:52,0.00009431,108.00000000
2018-02-25 20:14:53,0.00009431,108.00000000
2018-02-25 20:14:53,0.00009431,20.00000000
2018-02-25 20:14:54,0.00009431,108.00000000
2018-02-25 20:14:55,0.00009431,72.00000000
2018-02-25 20:14:55,0.00009431,108.00000000
2018-02-25 20:14:56,0.00009432,108.00000000
2018-02-25 20:14:58,0.00009431,108.00000000
2018-02-25 20:15:00,0.00009447,43.00000000
2018-02-25 20:15:00,0.00009448,32.00000000
2018-02-25 20:15:00,0.00009449,30.00000000
2018-02-25 20:15:01,0.00009449,105.00000000
2018-02-25 20:15:03,0.00009432,255.00000000
2018-02-25 20:15:06,0.00009432,500.00000000
2018-02-25 20:15:07,0.00009432,303.00000000
2018-02-25 20:15:08,0.00009432,104.00000000
2018-02-25 20:15:08,0.00009432,17.00000000
2018-02-25 20:15:09,0.00009449,146.00000000
2018-02-25 20:15:09,0.00009450,147.00000000
2018-02-25 20:15:12,0.00009452,105.00000000
2018-02-25 20:15:13,0.00009434,80.00000000
2018-02-25 20:15:16,0.00009452,75.00000000
2018-02-25 20:15:16,0.00009453,30.00000000
2018-02-25 20:15:27,0.00009453,627.00000000
2018-02-25 20:15:31,0.00009453,105.00000000
2018-02-25 20:15:32,0.00009453,77.00000000
2018-02-25 20:15:42,0.00009453,105.00000000
2018-02-25 20:15:42,0.00009453,21.00000000
2018-02-25 20:15:43,0.00009452,105.00000000
2018-02-25 20:15:44,0.00009452,105.00000000
2018-02-25 20:15:49,0.00009452,46.00000000
2018-02-25 20:15:49,0.00009453,116.00000000
2018-02-25 20:15:49,0.00009453,105.00000000
2018-02-25 20:15:49,0.00009453,238.00000000
2018-02-25 20:15:51,0.00009440,111.00000000
2018-02-25 20:15:51,0.00009436,105.00000000
2018-02-25 20:15:51,0.00009435,47.00000000
2018-02-25 20:15:51,0.00009434,187.00000000
2018-02-25 20:15:51,0.00009433,259.00000000
2018-02-25 20:15:51,0.00009432,246.00000000
2018-02-25 20:16:00,0.00009452,105.00000000
2018-02-25 20:16:09,0.00009450,18.00000000
2018-02-25 20:16:11,0.00009451,105.00000000
2018-02-25 20:16:12,0.00009450,12.00000000
2018-02-25 20:16:13,0.00009451,30.00000000
2018-02-25 20:16:13,0.00009453,55.00000000
2018-02-25 20:16:13,0.00009454,20.00000000
2018-02-25 20:16:25,0.00009451,105.00000000
2018-02-25 20:16:32,0.00009450,77.00000000
2018-02-25 20:16:32,0.00009433,158.00000000
2018-02-25 20:16:39,0.00009433,25.00000000
2018-02-25 20:16:47,0.00009434,30.00000000
2018-02-25 20:16:50,0.00009434,2.00000000
2018-02-25 20:16:53,0.00009434,49.00000000
2018-02-25 20:16:54,0.00009434,62.00000000
2018-02-25 20:16:54,0.00009434,309.00000000
2018-02-25 20:17:06,0.00009434,300.00000000
2018-02-25 20:17:06,0.00009449,1.00000000
2018-02-25 20:17:06,0.00009449,11.00000000
2018-02-25 20:17:06,0.00009449,106.00000000
2018-02-25 20:17:09,0.00009448,1000.00000000
2018-02-25 20:17:10,0.00009448,7.00000000
2018-02-25 20:17:10,0.00009450,3977.00000000
2018-02-25 20:17:10,0.00009451,2058.00000000
2018-02-25 20:17:10,0.00009453,300.00000000
2018-02-25 20:17:10,0.00009454,1769.00000000
2018-02-25 20:17:10,0.00009456,215.00000000
2018-02-25 20:17:10,0.00009457,2474.00000000
2018-02-25 20:17:15,0.00009448,24.00000000
2018-02-25 20:17:17,0.00009440,118.00000000
2018-02-25 20:17:24,0.00009448,105.00000000
2018-02-25 20:17:25,0.00009436,1007.00000000
2018-02-25 20:17:26,0.00009435,8.00000000
2018-02-25 20:17:27,0.00009448,105.00000000
2018-02-25 20:17:30,0.00009448,2.00000000
2018-02-25 20:17:30,0.00009448,12.00000000
2018-02-25 20:17:30,0.00009453,93.00000000
2018-02-25 20:17:32,0.00009435,2682.00000000
2018-02-25 20:17:34,0.00009453,105.00000000
2018-02-25 20:17:38,0.00009450,396.00000000
2018-02-25 20:17:39,0.00009450,90.00000000
2018-02-25 20:17:39,0.00009450,90.00000000
2018-02-25 20:17:39,0.00009452,93.00000000
2018-02-25 20:17:39,0.00009453,107.00000000
2018-02-25 20:17:40,0.00009450,56.00000000
2018-02-25 20:17:46,0.00009450,5000.00000000
2018-02-25 20:17:47,0.00009450,40.00000000
2018-02-25 20:17:47,0.00009452,105.00000000
2018-02-25 20:17:48,0.00009450,28.00000000
2018-02-25 20:17:48,0.00009450,612.00000000
2018-02-25 20:17:48,0.00009450,2.00000000
2018-02-25 20:17:49,0.00009450,134.00000000
2018-02-25 20:17:51,0.00009452,105.00000000
2018-02-25 20:17:53,0.00009450,2552.00000000
2018-02-25 20:18:02,0.00009450,105.00000000
2018-02-25 20:18:09,0.00009450,59.00000000
2018-02-25 20:18:11,0.00009450,105.00000000
2018-02-25 20:18:14,0.00009440,70.00000000
2018-02-25 20:18:16,0.00009450,947.00000000
2018-02-25 20:18:17,0.00009450,105.00000000
2018-02-25 20:18:21,0.00009441,3342.00000000
2018-02-25 20:18:41,0.00009449,25.00000000
2018-02-25 20:18:41,0.00009450,80.00000000
2018-02-25 20:18:42,0.00009450,6.00000000
2018-02-25 20:18:48,0.00009450,105.00000000
2018-02-25 20:18:50,0.00009450,105.00000000
2018-02-25 20:18:52,0.00009441,119.00000000
2018-02-25 20:18:58,0.00009450,31.00000000
2018-02-25 20:18:59,0.00009441,326.00000000
2018-02-25 20:19:00,0.00009450,105.00000000
2018-02-25 20:19:04,0.00009450,105.00000000
2018-02-25 20:19:11,0.00009450,1809.00000000
2018-02-25 20:19:12,0.00009450,2032.00000000
2018-02-25 20:19:23,0.00009450,12.00000000
2018-02-25 20:19:32,0.00009441,530.00000000
2018-02-25 20:19:39,0.00009450,1.00000000
2018-02-25 20:19:46,0.00009450,105.00000000
2018-02-25 20:19:50,0.00009450,105.00000000
2018-02-25 20:19:50,0.00009450,113.00000000
2018-02-25 20:19:57,0.00009450,593.00000000
2018-02-25 20:20:02,0.00009441,532.00000000
2018-02-25 20:20:06,0.00009441,200.00000000
2018-02-25 20:20:07,0.00009450,153.00000000
2018-02-25 20:20:11,0.00009450,213.00000000
2018-02-25 20:20:12,0.00009450,105.00000000
2018-02-25 20:20:13,0.00009441,3821.00000000
2018-02-25 20:20:13,0.00009440,518.00000000
2018-02-25 20:20:14,0.00009440,60.00000000
2018-02-25 20:20:14,0.00009438,180.00000000
2018-02-25 20:20:14,0.00009435,290.00000000
2018-02-25 20:20:20,0.00009435,382.00000000
2018-02-25 20:20:28,0.00009440,210.00000000
2018-02-25 20:20:28,0.00009441,670.00000000
2018-02-25 20:20:30,0.00009441,2.00000000
2018-02-25 20:20:30,0.00009449,19.00000000
2018-02-25 20:20:39,0.00009443,379.00000000
2018-02-25 20:20:39,0.00009449,127.00000000
2018-02-25 20:20:51,0.00009436,150.00000000
2018-02-25 20:20:51,0.00009448,1228.00000000
2018-02-25 20:20:52,0.00009448,804.00000000
2018-02-25 20:20:58,0.00009441,63.00000000
2018-02-25 20:20:58,0.00009436,932.00000000
2018-02-25 20:20:58,0.00009435,4077.00000000
2018-02-25 20:20:58,0.00009434,50.00000000
2018-02-25 20:20:58,0.00009434,90.00000000
2018-02-25 20:21:00,0.00009434,90.00000000
2018-02-25 20:21:03,0.00009433,25.00000000
2018-02-25 20:21:10,0.00009433,46.00000000
2018-02-25 20:21:10,0.00009432,203.00000000
2018-02-25 20:21:10,0.00009431,981.00000000
2018-02-25 20:21:10,0.00009430,5177.00000000
2018-02-25 20:21:12,0.00009434,452.00000000
2018-02-25 20:21:13,0.00009434,175.00000000
2018-02-25 20:21:14,0.00009434,18.00000000
2018-02-25 20:21:23,0.00009440,244.00000000
2018-02-25 20:21:24,0.00009434,130.00000000
2018-02-25 20:21:27,0.00009434,711.00000000
2018-02-25 20:21:30,0.00009434,374.00000000
2018-02-25 20:21:31,0.00009440,219.00000000
2018-02-25 20:21:33,0.00009434,60.00000000
2018-02-25 20:21:33,0.00009440,105.00000000
2018-02-25 20:21:34,0.00009434,67.00000000
2018-02-25 20:21:36,0.00009434,15.00000000
2018-02-25 20:21:39,0.00009434,100.00000000
2018-02-25 20:21:55,0.00009431,50.00000000
2018-02-25 20:21:59,0.00009440,50.00000000
2018-02-25 20:22:01,0.00009440,105.00000000
2018-02-25 20:22:07,0.00009440,629.00000000
2018-02-25 20:22:09,0.00009440,189.00000000
2018-02-25 20:22:10,0.00009440,30.00000000
2018-02-25 20:22:13,0.00009440,15.00000000
2018-02-25 20:22:14,0.00009440,105.00000000
2018-02-25 20:22:16,0.00009439,105.00000000
2018-02-25 20:22:17,0.00009431,200.00000000
2018-02-25 20:22:20,0.00009439,105.00000000
2018-02-25 20:22:28,0.00009438,347.00000000
2018-02-25 20:22:29,0.00009431,72.00000000
2018-02-25 20:22:29,0.00009431,200.00000000
2018-02-25 20:22:35,0.00009438,124.00000000
2018-02-25 20:22:35,0.00009440,4199.00000000
2018-02-25 20:22:59,0.00009439,141.00000000
2018-02-25 20:22:59,0.00009440,210.00000000
2018-02-25 20:23:02,0.00009432,837.00000000
2018-02-25 20:23:02,0.00009431,616.00000000
2018-02-25 20:23:02,0.00009430,986.00000000
2018-02-25 20:23:02,0.00009436,286.00000000
2018-02-25 20:23:03,0.00009436,481.00000000
2018-02-25 20:23:04,0.00009436,380.00000000
2018-02-25 20:23:04,0.00009440,380.00000000
2018-02-25 20:23:04,0.00009440,9365.00000000
2018-02-25 20:23:11,0.00009433,510.00000000
2018-02-25 20:23:11,0.00009440,100.00000000
2018-02-25 20:23:12,0.00009440,109.00000000
2018-02-25 20:23:17,0.00009435,5784.00000000
2018-02-25 20:23:18,0.00009435,6112.00000000
2018-02-25 20:23:21,0.00009435,2000.00000000
2018-02-25 20:23:23,0.00009435,90.00000000
2018-02-25 20:23:24,0.00009435,420.00000000
2018-02-25 20:23:25,0.00009435,32.00000000
2018-02-25 20:23:27,0.00009435,562.00000000
2018-02-25 20:23:27,0.00009440,2669.00000000
2018-02-25 20:23:28,0.00009440,105.00000000
2018-02-25 20:23:29,0.00009440,105.00000000
2018-02-25 20:23:29,0.00009435,802.00000000
2018-02-25 20:23:29,0.00009435,2349.00000000
2018-02-25 20:23:29,0.00009435,3836.00000000
2018-02-25 20:23:29,0.00009440,9.00000000
2018-02-25 20:23:29,0.00009448,683.00000000
2018-02-25 20:23:29,0.00009448,103.00000000
2018-02-25 20:23:29,0.00009447,105.00000000
2018-02-25 20:23:33,0.00009447,338.00000000
2018-02-25 20:23:38,0.00009447,105.00000000
2018-02-25 20:23:39,0.00009440,18.00000000
2018-02-25 20:23:39,0.00009440,2.00000000
2018-02-25 20:23:39,0.00009447,9.00000000
2018-02-25 20:23:42,0.00009434,191.00000000
2018-02-25 20:23:45,0.00009447,944.00000000
2018-02-25 20:23:45,0.00009448,698.00000000
2018-02-25 20:23:45,0.00009449,1165.00000000
2018-02-25 20:23:45,0.00009450,3745.00000000
2018-02-25 20:23:45,0.00009450,423.00000000
2018-02-25 20:23:47,0.00009434,3.00000000
2018-02-25 20:23:48,0.00009450,464.00000000
2018-02-25 20:23:48,0.00009450,1969.00000000
2018-02-25 20:23:48,0.00009451,22.00000000
2018-02-25 20:23:48,0.00009453,261.00000000
2018-02-25 20:23:49,0.00009453,984.00000000
2018-02-25 20:23:49,0.00009453,876.00000000
2018-02-25 20:23:49,0.00009454,1457.00000000
2018-02-25 20:23:55,0.00009447,12.00000000
2018-02-25 20:23:55,0.00009450,119.00000000
2018-02-25 20:23:57,0.00009450,218.00000000
2018-02-25 20:23:58,0.00009450,221.00000000
2018-02-25 20:24:00,0.00009455,18.00000000
2018-02-25 20:24:00,0.00009456,87.00000000
2018-02-25 20:24:03,0.00009450,200.00000000
2018-02-25 20:24:04,0.00009450,87.00000000
2018-02-25 20:24:04,0.00009456,971.00000000
2018-02-25 20:24:05,0.00009456,47.00000000
2018-02-25 20:24:05,0.00009456,868.00000000
2018-02-25 20:24:05,0.00009456,864.00000000
2018-02-25 20:24:06,0.00009456,114.00000000
2018-02-25 20:24:07,0.00009456,26.00000000
2018-02-25 20:24:08,0.00009452,63.00000000
2018-02-25 20:24:08,0.00009457,648.00000000
2018-02-25 20:24:11,0.00009456,101.00000000
2018-02-25 20:24:11,0.00009457,49.00000000
2018-02-25 20:24:12,0.00009456,19.00000000
2018-02-25 20:24:12,0.00009456,651.00000000
2018-02-25 20:24:12,0.00009450,407.00000000
2018-02-25 20:24:17,0.00009450,20.00000000
2018-02-25 20:24:17,0.00009450,78.00000000
2018-02-25 20:24:17,0.00009457,23.00000000
2018-02-25 20:24:19,0.00009450,158.00000000
2018-02-25 20:24:19,0.00009450,75.00000000
2018-02-25 20:24:20,0.00009450,35.00000000
2018-02-25 20:24:23,0.00009450,751.00000000
2018-02-25 20:24:26,0.00009450,105.00000000
2018-02-25 20:24:27,0.00009450,202.00000000
2018-02-25 20:24:27,0.00009456,90.00000000
2018-02-25 20:24:29,0.00009450,97.00000000
2018-02-25 20:24:32,0.00009450,105.00000000
2018-02-25 20:24:33,0.00009450,327.00000000
2018-02-25 20:24:37,0.00009450,695.00000000
2018-02-25 20:24:39,0.00009450,36.00000000
2018-02-25 20:24:39,0.00009455,92.00000000
2018-02-25 20:24:40,0.00009450,327.00000000
2018-02-25 20:24:40,0.00009455,33.00000000
2018-02-25 20:24:40,0.00009456,277.00000000
2018-02-25 20:24:46,0.00009456,77.00000000
2018-02-25 20:24:47,0.00009450,1058.00000000
2018-02-25 20:24:53,0.00009450,435.00000000
2018-02-25 20:24:53,0.00009441,125.00000000
2018-02-25 20:24:53,0.00009440,180.00000000
2018-02-25 20:24:54,0.00009437,1121.00000000
2018-02-25 20:24:55,0.00009450,13.00000000
2018-02-25 20:24:59,0.00009450,1045.00000000
2018-02-25 20:25:00,0.00009450,90.00000000
2018-02-25 20:25:02,0.00009450,6.00000000
2018-02-25 20:25:03,0.00009450,108.00000000
2018-02-25 20:25:04,0.00009450,115.00000000
2018-02-25 20:25:04,0.00009450,1058.00000000
2018-02-25 20:25:05,0.00009450,1058.00000000
2018-02-25 20:25:05,0.00009450,180.00000000
2018-02-25 20:25:08,0.00009450,54.00000000
2018-02-25 20:25:09,0.00009450,105.00000000
2018-02-25 20:25:10,0.00009450,84.00000000
2018-02-25 20:25:10,0.00009450,90.00000000
2018-02-25 20:25:10,0.00009450,1058.00000000
2018-02-25 20:25:16,0.00009450,1058.00000000
2018-02-25 20:25:21,0.00009450,98.00000000
2018-02-25 20:25:22,0.00009450,1058.00000000
2018-02-25 20:25:28,0.00009455,44.00000000
2018-02-25 20:25:28,0.00009450,1058.00000000
2018-02-25 20:25:29,0.00009455,286.00000000
2018-02-25 20:25:29,0.00009455,317.00000000
2018-02-25 20:25:29,0.00009456,973.00000000
2018-02-25 20:25:30,0.00009450,110.00000000
2018-02-25 20:25:35,0.00009450,28.00000000
2018-02-25 20:25:41,0.00009450,38.00000000
2018-02-25 20:25:43,0.00009455,14.00000000
2018-02-25 20:25:45,0.00009450,1091.00000000
2018-02-25 20:25:57,0.00009455,136.00000000
2018-02-25 20:25:57,0.00009456,26.00000000
2018-02-25 20:26:00,0.00009451,371.00000000
2018-02-25 20:26:01,0.00009450,1138.00000000
2018-02-25 20:26:04,0.00009451,9.00000000
2018-02-25 20:26:12,0.00009451,16.00000000
2018-02-25 20:26:12,0.00009456,36.00000000
2018-02-25 20:26:15,0.00009450,2000.00000000
2018-02-25 20:26:25,0.00009451,304.00000000
2018-02-25 20:26:27,0.00009451,134.00000000
2018-02-25 20:26:28,0.00009454,70.00000000
2018-02-25 20:26:28,0.00009451,71.00000000
2018-02-25 20:26:28,0.00009450,2903.00000000
2018-02-25 20:26:33,0.00009446,144.00000000
2018-02-25 20:26:33,0.00009441,14.00000000
2018-02-25 20:26:33,0.00009434,1264.00000000
2018-02-25 20:26:33,0.00009432,900.00000000
2018-02-25 20:26:33,0.00009431,1003.00000000
2018-02-25 20:26:33,0.00009430,5010.00000000
2018-02-25 20:26:33,0.00009429,1155.00000000
2018-02-25 20:26:33,0.00009428,1300.00000000
2018-02-25 20:26:34,0.00009450,2645.00000000
2018-02-25 20:26:34,0.00009450,900.00000000
2018-02-25 20:26:34,0.00009450,1003.00000000
2018-02-25 20:26:36,0.00009450,150.00000000
2018-02-25 20:26:39,0.00009453,113.00000000
2018-02-25 20:26:43,0.00009453,205.00000000
2018-02-25 20:26:55,0.00009452,70.00000000
2018-02-25 20:26:55,0.00009451,3.00000000
2018-02-25 20:26:55,0.00009451,130.00000000
2018-02-25 20:26:58,0.00009452,14.00000000
2018-02-25 20:27:02,0.00009452,7.00000000
2018-02-25 20:27:04,0.00009452,134.00000000
2018-02-25 20:27:08,0.00009453,7.00000000
2018-02-25 20:27:08,0.00009453,7.00000000
2018-02-25 20:27:09,0.00009453,243.00000000
2018-02-25 20:27:09,0.00009452,1419.00000000
2018-02-25 20:27:11,0.00009453,1741.00000000
2018-02-25 20:27:15,0.00009453,47.00000000
2018-02-25 20:27:24,0.00009453,147.00000000
2018-02-25 20:27:26,0.00009452,1000.00000000
2018-02-25 20:27:27,0.00009453,12763.00000000
2018-02-25 20:27:29,0.00009452,50.00000000
2018-02-25 20:27:29,0.00009453,42.00000000
2018-02-25 20:27:30,0.00009453,634.00000000
2018-02-25 20:27:31,0.00009453,100.00000000
2018-02-25 20:27:38,0.00009452,49.00000000
2018-02-25 20:27:38,0.00009453,3119.00000000
2018-02-25 20:27:39,0.00009453,744.00000000
2018-02-25 20:27:39,0.00009453,20.00000000
2018-02-25 20:27:40,0.00009453,945.00000000
2018-02-25 20:27:44,0.00009453,12.00000000
2018-02-25 20:27:44,0.00009453,528.00000000
2018-02-25 20:27:44,0.00009453,482.00000000
2018-02-25 20:27:44,0.00009454,218.00000000
2018-02-25 20:27:47,0.00009454,25.00000000
2018-02-25 20:27:49,0.00009454,25.00000000
2018-02-25 20:27:50,0.00009454,423.00000000
2018-02-25 20:27:51,0.00009454,336.00000000
2018-02-25 20:27:51,0.00009454,132.00000000
2018-02-25 20:27:51,0.00009456,157.00000000
2018-02-25 20:27:53,0.00009453,43.00000000
2018-02-25 20:27:55,0.00009453,18.00000000
2018-02-25 20:27:56,0.00009456,1057.00000000
2018-02-25 20:27:57,0.00009456,25.00000000
2018-02-25 20:28:00,0.00009456,25.00000000
2018-02-25 20:28:02,0.00009456,561.00000000
2018-02-25 20:28:02,0.00009456,219.00000000
2018-02-25 20:28:02,0.00009457,204.00000000
2018-02-25 20:28:04,0.00009457,82.00000000
2018-02-25 20:28:04,0.00009457,1.00000000
2018-02-25 20:28:05,0.00009457,840.00000000
2018-02-25 20:28:06,0.00009457,1409.00000000
2018-02-25 20:28:06,0.00009459,735.00000000
2018-02-25 20:28:07,0.00009459,1058.00000000
2018-02-25 20:28:10,0.00009459,106.00000000
2018-02-25 20:28:13,0.00009460,610.00000000
2018-02-25 20:28:13,0.00009460,5334.00000000
2018-02-25 20:28:13,0.00009463,281.00000000
2018-02-25 20:28:14,0.00009459,42.00000000
2018-02-25 20:28:15,0.00009463,779.00000000
2018-02-25 20:28:15,0.00009464,250.00000000
2018-02-25 20:28:15,0.00009465,373.00000000
2018-02-25 20:28:16,0.00009465,351.00000000
2018-02-25 20:28:17,0.00009459,1455.00000000
2018-02-25 20:28:17,0.00009465,88.00000000
2018-02-25 20:28:18,0.00009465,22.00000000
2018-02-25 20:28:19,0.00009459,104.00000000
2018-02-25 20:28:19,0.00009465,5.00000000
2018-02-25 20:28:20,0.00009465,1.00000000
2018-02-25 20:28:22,0.00009465,1.00000000
2018-02-25 20:28:24,0.00009465,284.00000000
2018-02-25 20:28:24,0.00009465,89.00000000
2018-02-25 20:28:30,0.00009460,165.00000000
2018-02-25 20:28:30,0.00009465,90.00000000
2018-02-25 20:28:33,0.00009465,105.00000000
2018-02-25 20:28:34,0.00009464,91.00000000
2018-02-25 20:28:35,0.00009464,15.00000000
2018-02-25 20:28:35,0.00009465,35.00000000
2018-02-25 20:28:39,0.00009465,144.00000000
2018-02-25 20:28:40,0.00009465,800.00000000
2018-02-25 20:28:52,0.00009464,10.00000000
2018-02-25 20:28:54,0.00009465,21.00000000
2018-02-25 20:28:56,0.00009465,53.00000000
2018-02-25 20:28:57,0.00009466,26.00000000
2018-02-25 20:29:02,0.00009466,64.00000000
2018-02-25 20:29:02,0.00009467,514.00000000
2018-02-25 20:29:04,0.00009466,579.00000000
2018-02-25 20:29:04,0.00009464,421.00000000
2018-02-25 20:29:09,0.00009467,100.00000000
2018-02-25 20:29:09,0.00009464,341.00000000
2018-02-25 20:29:16,0.00009464,509.00000000
2018-02-25 20:29:16,0.00009464,58.00000000
2018-02-25 20:29:29,0.00009466,150.00000000
2018-02-25 20:29:29,0.00009465,266.00000000
2018-02-25 20:29:29,0.00009464,4112.00000000
2018-02-25 20:29:34,0.00009464,200.00000000
2018-02-25 20:29:34,0.00009464,11.00000000
2018-02-25 20:29:34,0.00009464,1717.00000000
2018-02-25 20:29:35,0.00009464,170.00000000
2018-02-25 20:29:37,0.00009467,20.00000000
2018-02-25 20:29:37,0.00009470,5.00000000
2018-02-25 20:29:37,0.00009464,50.00000000
2018-02-25 20:29:42,0.00009470,56.00000000
2018-02-25 20:29:44,0.00009464,5.00000000
2018-02-25 20:29:45,0.00009464,5.00000000
2018-02-25 20:29:51,0.00009464,14462.00000000
2018-02-25 20:29:51,0.00009461,209.00000000
2018-02-25 20:29:51,0.00009460,5069.00000000
2018-02-25 20:29:51,0.00009459,1568.00000000
2018-02-25 20:29:51,0.00009455,275.00000000
2018-02-25 20:29:51,0.00009454,177.00000000
2018-02-25 20:29:51,0.00009453,998.00000000
2018-02-25 20:29:51,0.00009452,135.00000000
2018-02-25 20:29:51,0.00009451,2754.00000000
2018-02-25 20:29:51,0.00009450,991.00000000
2018-02-25 20:29:51,0.00009442,832.00000000
2018-02-25 20:29:51,0.00009437,60.00000000
2018-02-25 20:29:51,0.00009436,419.00000000
2018-02-25 20:29:58,0.00009461,21.00000000
2018-02-25 20:30:01,0.00009457,434.00000000
2018-02-25 20:30:05,0.00009458,974.00000000
2018-02-25 20:30:05,0.00009459,998.00000000
2018-02-25 20:30:05,0.00009460,419.00000000
2018-02-25 20:30:05,0.00009461,900.00000000
2018-02-25 20:30:06,0.00009461,89.00000000
2018-02-25 20:30:06,0.00009461,26.00000000
2018-02-25 20:30:08,0.00009461,386.00000000
2018-02-25 20:30:08,0.00009437,449.00000000
2018-02-25 20:30:14,0.00009461,352.00000000
2018-02-25 20:30:18,0.00009461,3997.00000000
2018-02-25 20:30:23,0.00009461,100.00000000
2018-02-25 20:30:25,0.00009461,11.00000000
2018-02-25 20:30:26,0.00009461,18.00000000
2018-02-25 20:30:27,0.00009461,20.00000000
2018-02-25 20:30:29,0.00009461,18.00000000
2018-02-25 20:30:30,0.00009461,18.00000000
2018-02-25 20:30:30,0.00009461,358.00000000
2018-02-25 20:30:30,0.00009461,45.00000000
2018-02-25 20:30:30,0.00009461,9.00000000
2018-02-25 20:30:35,0.00009457,27.00000000
2018-02-25 20:30:50,0.00009457,28.00000000
2018-02-25 20:30:52,0.00009450,105.00000000
2018-02-25 20:30:53,0.00009457,4.00000000
2018-02-25 20:30:55,0.00009450,113.00000000
2018-02-25 20:30:57,0.00009450,17.00000000
2018-02-25 20:30:57,0.00009457,396.00000000
2018-02-25 20:31:05,0.00009457,10.00000000
2018-02-25 20:31:10,0.00009450,19.00000000
2018-02-25 20:31:15,0.00009450,131.00000000
2018-02-25 20:31:19,0.00009450,51.00000000
2018-02-25 20:31:20,0.00009450,501.00000000
2018-02-25 20:31:23,0.00009450,380.00000000
2018-02-25 20:31:23,0.00009444,141.00000000
2018-02-25 20:31:27,0.00009457,13.00000000
2018-02-25 20:31:30,0.00009450,51.00000000
2018-02-25 20:31:36,0.00009444,361.00000000
2018-02-25 20:31:38,0.00009444,231.00000000
2018-02-25 20:31:39,0.00009441,226.00000000
2018-02-25 20:31:39,0.00009440,101.00000000
2018-02-25 20:31:39,0.00009435,85.00000000
2018-02-25 20:31:39,0.00009432,106.00000000
2018-02-25 20:31:39,0.00009431,409.00000000
2018-02-25 20:31:39,0.00009430,1115.00000000
2018-02-25 20:31:39,0.00009429,997.00000000
2018-02-25 20:31:39,0.00009428,700.00000000
2018-02-25 20:31:39,0.00009427,466.00000000
2018-02-25 20:31:39,0.00009426,5922.00000000
2018-02-25 20:31:41,0.00009443,915.00000000
2018-02-25 20:31:44,0.00009443,32.00000000
2018-02-25 20:32:01,0.00009441,50.00000000
2018-02-25 20:32:02,0.00009442,23.00000000
2018-02-25 20:32:02,0.00009442,19.00000000
2018-02-25 20:32:03,0.00009442,18.00000000
2018-02-25 20:32:04,0.00009442,90.00000000
2018-02-25 20:32:05,0.00009443,155.00000000
2018-02-25 20:32:07,0.00009443,18.00000000
2018-02-25 20:32:08,0.00009443,19.00000000
2018-02-25 20:32:09,0.00009443,18.00000000
2018-02-25 20:32:09,0.00009443,18.00000000
2018-02-25 20:32:10,0.00009443,19.00000000
2018-02-25 20:32:10,0.00009443,57.00000000
2018-02-25 20:32:11,0.00009443,18.00000000
2018-02-25 20:32:11,0.00009443,18.00000000
2018-02-25 20:32:12,0.00009443,115.00000000
2018-02-25 20:32:13,0.00009443,25.00000000
2018-02-25 20:32:14,0.00009443,115.00000000
2018-02-25 20:32:15,0.00009443,18.00000000
2018-02-25 20:32:16,0.00009443,18.00000000
2018-02-25 20:32:17,0.00009442,18.00000000
2018-02-25 20:32:18,0.00009442,309.00000000
2018-02-25 20:32:19,0.00009442,36.00000000
2018-02-25 20:32:19,0.00009442,33.00000000
2018-02-25 20:32:20,0.00009443,18.00000000
2018-02-25 20:32:21,0.00009443,18.00000000
2018-02-25 20:32:23,0.00009443,18.00000000
2018-02-25 20:32:25,0.00009443,18.00000000
2018-02-25 20:32:26,0.00009443,18.00000000
2018-02-25 20:32:26,0.00009443,18.00000000
2018-02-25 20:32:27,0.00009443,18.00000000
2018-02-25 20:32:28,0.00009443,18.00000000
2018-02-25 20:32:28,0.00009442,1825.00000000
2018-02-25 20:32:29,0.00009442,18.00000000
2018-02-25 20:32:33,0.00009442,18.00000000
2018-02-25 20:32:35,0.00009442,18.00000000
2018-02-25 20:32:36,0.00009442,3312.00000000
2018-02-25 20:32:38,0.00009442,18.00000000
2018-02-25 20:32:39,0.00009442,18.00000000
2018-02-25 20:32:40,0.00009442,105.00000000
2018-02-25 20:32:42,0.00009442,18.00000000
2018-02-25 20:32:43,0.00009442,18.00000000
2018-02-25 20:32:46,0.00009442,18.00000000
2018-02-25 20:32:47,0.00009442,18.00000000
2018-02-25 20:32:48,0.00009433,44.00000000
2018-02-25 20:32:48,0.00009442,13.00000000
2018-02-25 20:32:49,0.00009442,105.00000000
2018-02-25 20:32:49,0.00009442,18.00000000
2018-02-25 20:33:02,0.00009442,465.00000000
2018-02-25 20:33:15,0.00009442,1058.00000000
2018-02-25 20:33:16,0.00009442,11.00000000
2018-02-25 20:33:18,0.00009442,1261.00000000
2018-02-25 20:33:21,0.00009442,56.00000000
2018-02-25 20:33:21,0.00009442,184.00000000
2018-02-25 20:33:21,0.00009442,300.00000000
2018-02-25 20:33:23,0.00009442,500.00000000
2018-02-25 20:33:23,0.00009442,18.00000000
2018-02-25 20:33:24,0.00009442,2.00000000
2018-02-25 20:33:24,0.00009432,3.00000000
2018-02-25 20:33:27,0.00009442,269.00000000
2018-02-25 20:33:28,0.00009443,105.00000000
2018-02-25 20:33:28,0.00009442,100.00000000
2018-02-25 20:33:31,0.00009442,689.00000000
2018-02-25 20:33:32,0.00009442,38.00000000
2018-02-25 20:33:33,0.00009442,105.00000000
2018-02-25 20:33:33,0.00009442,276.00000000
2018-02-25 20:33:33,0.00009443,782.00000000
2018-02-25 20:33:33,0.00009443,414.00000000
2018-02-25 20:33:33,0.00009443,3232.00000000
2018-02-25 20:33:34,0.00009444,209.00000000
2018-02-25 20:33:34,0.00009444,148.00000000
2018-02-25 20:33:34,0.00009448,120.00000000
2018-02-25 20:33:34,0.00009454,245.00000000
2018-02-25 20:33:34,0.00009455,396.00000000
2018-02-25 20:33:37,0.00009443,2.00000000
2018-02-25 20:33:38,0.00009433,16.00000000
2018-02-25 20:33:38,0.00009432,375.00000000
2018-02-25 20:33:38,0.00009430,277.00000000
2018-02-25 20:33:38,0.00009429,1204.00000000
2018-02-25 20:33:38,0.00009443,1306.00000000
2018-02-25 20:33:39,0.00009454,381.00000000
2018-02-25 20:33:40,0.00009454,17.00000000
2018-02-25 20:33:40,0.00009454,148.00000000
2018-02-25 20:33:42,0.00009454,21.00000000
2018-02-25 20:33:44,0.00009454,44.00000000
2018-02-25 20:33:45,0.00009455,567.00000000
2018-02-25 20:33:46,0.00009455,78.00000000
2018-02-25 20:33:46,0.00009457,27.00000000
2018-02-25 20:33:50,0.00009454,402.00000000
2018-02-25 20:33:52,0.00009455,11.00000000
2018-02-25 20:33:54,0.00009455,167.00000000
2018-02-25 20:33:54,0.00009457,80.00000000
2018-02-25 20:33:54,0.00009455,444.00000000
2018-02-25 20:33:54,0.00009454,45.00000000
2018-02-25 20:33:55,0.00009454,105.00000000
2018-02-25 20:33:56,0.00009442,150.00000000
2018-02-25 20:33:58,0.00009454,105.00000000
2018-02-25 20:34:02,0.00009453,457.00000000
2018-02-25 20:34:02,0.00009454,601.00000000
2018-02-25 20:34:06,0.00009454,3.00000000
2018-02-25 20:34:08,0.00009452,1000.00000000
2018-02-25 20:34:08,0.00009453,58.00000000
2018-02-25 20:34:13,0.00009443,342.00000000
2018-02-25 20:34:13,0.00009442,69.00000000
2018-02-25 20:34:13,0.00009434,352.00000000
2018-02-25 20:34:14,0.00009453,350.00000000
2018-02-25 20:34:20,0.00009454,350.00000000
2018-02-25 20:34:21,0.00009454,70.00000000
2018-02-25 20:34:22,0.00009453,258.00000000
2018-02-25 20:34:28,0.00009453,50.00000000
2018-02-25 20:34:28,0.00009454,608.00000000
2018-02-25 20:34:37,0.00009454,658.00000000
2018-02-25 20:34:37,0.00009453,31.00000000
2018-02-25 20:34:45,0.00009454,225.00000000
2018-02-25 20:34:47,0.00009454,464.00000000
2018-02-25 20:34:47,0.00009453,369.00000000
2018-02-25 20:34:47,0.00009439,293.00000000
2018-02-25 20:34:53,0.00009453,19.00000000
2018-02-25 20:34:53,0.00009453,3.00000000
2018-02-25 20:34:53,0.00009457,280.00000000
2018-02-25 20:34:54,0.00009457,90.00000000
2018-02-25 20:34:54,0.00009457,90.00000000
2018-02-25 20:34:54,0.00009457,115.00000000
2018-02-25 20:34:54,0.00009457,19.00000000
2018-02-25 20:34:55,0.00009457,390.00000000
2018-02-25 20:34:55,0.00009457,54.00000000
2018-02-25 20:34:56,0.00009457,17.00000000
2018-02-25 20:35:01,0.00009458,313.00000000
2018-02-25 20:35:01,0.00009459,711.00000000
2018-02-25 20:35:03,0.00009454,394.00000000
2018-02-25 20:35:06,0.00009458,1042.00000000
2018-02-25 20:35:06,0.00009458,16.00000000
2018-02-25 20:35:06,0.00009460,22.00000000
2018-02-25 20:35:12,0.00009454,54.00000000
2018-02-25 20:35:17,0.00009443,294.00000000
2018-02-25 20:35:23,0.00009445,22.00000000
2018-02-25 20:35:27,0.00009445,19.00000000
2018-02-25 20:35:29,0.00009445,42.00000000
2018-02-25 20:35:30,0.00009445,78.00000000
2018-02-25 20:35:33,0.00009457,12.00000000
2018-02-25 20:35:33,0.00009458,93.00000000
2018-02-25 20:35:35,0.00009458,105.00000000
2018-02-25 20:35:43,0.00009445,440.00000000
2018-02-25 20:35:43,0.00009445,602.00000000
2018-02-25 20:35:44,0.00009443,61.00000000
2018-02-25 20:35:46,0.00009459,105.00000000
2018-02-25 20:35:48,0.00009458,144.00000000
2018-02-25 20:35:48,0.00009459,316.00000000
2018-02-25 20:35:49,0.00009460,105.00000000
2018-02-25 20:35:55,0.00009446,55.00000000
2018-02-25 20:35:55,0.00009446,366.00000000
2018-02-25 20:35:58,0.00009444,1058.00000000
2018-02-25 20:35:59,0.00009442,69.00000000
2018-02-25 20:36:09,0.00009446,20.00000000
2018-02-25 20:36:15,0.00009442,38.00000000
2018-02-25 20:36:21,0.00009446,33.00000000
2018-02-25 20:36:23,0.00009446,105.00000000
2018-02-25 20:36:34,0.00009445,560.00000000
2018-02-25 20:36:34,0.00009446,700.00000000
2018-02-25 20:36:36,0.00009446,105.00000000
2018-02-25 20:36:46,0.00009446,1146.00000000
2018-02-25 20:36:48,0.00009446,105.00000000
2018-02-25 20:36:49,0.00009446,292.00000000
2018-02-25 20:36:52,0.00009446,105.00000000
2018-02-25 20:37:00,0.00009446,105.00000000
2018-02-25 20:37:03,0.00009446,50.00000000
2018-02-25 20:37:06,0.00009446,1059.00000000
2018-02-25 20:37:11,0.00009442,41.00000000
2018-02-25 20:37:20,0.00009442,11.00000000
2018-02-25 20:37:23,0.00009442,45.00000000
2018-02-25 20:37:24,0.00009441,180.00000000
2018-02-25 20:37:24,0.00009441,493.00000000
2018-02-25 20:37:25,0.00009441,22.00000000
2018-02-25 20:37:27,0.00009441,1308.00000000
2018-02-25 20:37:27,0.00009442,983.00000000
2018-02-25 20:37:27,0.00009446,321.00000000
2018-02-25 20:37:28,0.00009440,1000.00000000
2018-02-25 20:37:29,0.00009446,12.00000000
2018-02-25 20:37:44,0.00009446,10006.00000000
2018-02-25 20:38:11,0.00009442,101.00000000
2018-02-25 20:38:13,0.00009442,622.00000000
2018-02-25 20:38:14,0.00009442,40.00000000
2018-02-25 20:38:20,0.00009440,109.00000000
2018-02-25 20:38:24,0.00009442,46.00000000
2018-02-25 20:38:25,0.00009442,19.00000000
2018-02-25 20:38:26,0.00009442,8.00000000
2018-02-25 20:38:26,0.00009442,101.00000000
2018-02-25 20:38:26,0.00009440,6.00000000
2018-02-25 20:38:30,0.00009444,69.00000000
2018-02-25 20:38:30,0.00009445,36.00000000
2018-02-25 20:38:33,0.00009440,1152.00000000
2018-02-25 20:38:34,0.00009440,25.00000000
2018-02-25 20:38:41,0.00009440,11.00000000
2018-02-25 20:38:42,0.00009440,80.00000000
2018-02-25 20:38:44,0.00009440,105.00000000
2018-02-25 20:38:45,0.00009440,1167.00000000
2018-02-25 20:38:49,0.00009444,24.00000000
2018-02-25 20:38:49,0.00009445,24.00000000
2018-02-25 20:38:51,0.00009445,105.00000000
2018-02-25 20:38:53,0.00009445,105.00000000
2018-02-25 20:38:53,0.00009445,38.00000000
2018-02-25 20:38:55,0.00009445,37.00000000
2018-02-25 20:38:56,0.00009445,1059.00000000
2018-02-25 20:38:56,0.00009445,540.00000000
2018-02-25 20:38:57,0.00009446,53.00000000
2018-02-25 20:39:07,0.00009445,105.00000000
2018-02-25 20:39:10,0.00009445,35.00000000
2018-02-25 20:39:17,0.00009445,150.00000000
2018-02-25 20:39:24,0.00009445,72.00000000
2018-02-25 20:39:25,0.00009445,23.00000000
2018-02-25 20:39:28,0.00009445,105.00000000
2018-02-25 20:39:33,0.00009445,105.00000000
2018-02-25 20:39:36,0.00009445,221.00000000
2018-02-25 20:39:37,0.00009445,105.00000000
2018-02-25 20:39:39,0.00009445,170.00000000
2018-02-25 20:39:40,0.00009445,17.00000000
2018-02-25 20:39:45,0.00009445,62.00000000
2018-02-25 20:39:52,0.00009440,310.00000000
2018-02-25 20:39:53,0.00009444,25.00000000
2018-02-25 20:39:54,0.00009444,1684.00000000
2018-02-25 20:39:55,0.00009444,171.00000000
2018-02-25 20:39:57,0.00009444,105.00000000
2018-02-25 20:39:57,0.00009444,104.00000000
2018-02-25 20:39:57,0.00009444,25.00000000
2018-02-25 20:39:58,0.00009444,837.00000000
2018-02-25 20:39:58,0.00009445,960.00000000
2018-02-25 20:39:59,0.00009445,52.00000000
2018-02-25 20:40:02,0.00009445,39.00000000
2018-02-25 20:40:04,0.00009445,105.00000000
2018-02-25 20:40:04,0.00009445,886.00000000
2018-02-25 20:40:05,0.00009445,105.00000000
2018-02-25 20:40:06,0.00009445,105.00000000
2018-02-25 20:40:11,0.00009445,179.00000000
2018-02-25 20:40:13,0.00009441,29.00000000
2018-02-25 20:40:15,0.00009445,3531.00000000
2018-02-25 20:40:17,0.00009445,2680.00000000
2018-02-25 20:40:17,0.00009446,11201.00000000
2018-02-25 20:40:18,0.00009450,17.00000000
2018-02-25 20:40:19,0.00009450,105.00000000
2018-02-25 20:40:24,0.00009450,76.00000000
2018-02-25 20:40:29,0.00009450,42.00000000
2018-02-25 20:40:29,0.00009446,8.00000000
2018-02-25 20:40:44,0.00009458,92.00000000
2018-02-25 20:40:45,0.00009446,5.00000000
2018-02-25 20:40:45,0.00009445,216.00000000
2018-02-25 20:40:55,0.00009445,1984.00000000
2018-02-25 20:41:00,0.00009445,102.00000000
2018-02-25 20:41:02,0.00009445,1892.00000000
2018-02-25 20:41:02,0.00009445,742.00000000
2018-02-25 20:41:02,0.00009446,90.00000000
2018-02-25 20:41:02,0.00009459,484.00000000
2018-02-25 20:41:02,0.00009459,643.00000000
2018-02-25 20:41:02,0.00009460,302.00000000
2018-02-25 20:41:02,0.00009461,1000.00000000
2018-02-25 20:41:02,0.00009464,109.00000000
2018-02-25 20:41:02,0.00009465,533.00000000
2018-02-25 20:41:03,0.00009465,52.00000000
2018-02-25 20:41:04,0.00009447,92.00000000
2018-02-25 20:41:05,0.00009447,25.00000000
2018-02-25 20:41:06,0.00009447,91.00000000
2018-02-25 20:41:11,0.00009448,24.00000000
2018-02-25 20:41:12,0.00009448,92.00000000
2018-02-25 20:41:13,0.00009448,67.00000000
2018-02-25 20:41:13,0.00009448,67.00000000
2018-02-25 20:41:25,0.00009464,2958.00000000
2018-02-25 20:41:26,0.00009447,179.00000000
2018-02-25 20:41:35,0.00009447,67.00000000
2018-02-25 20:41:37,0.00009447,3833.00000000
2018-02-25 20:41:37,0.00009463,34.00000000
2018-02-25 20:41:40,0.00009462,105.00000000
2018-02-25 20:41:42,0.00009462,105.00000000
2018-02-25 20:41:52,0.00009462,19.00000000
2018-02-25 20:41:52,0.00009447,37.00000000
2018-02-25 20:41:54,0.00009462,105.00000000
2018-02-25 20:41:58,0.00009460,13.00000000
2018-02-25 20:41:58,0.00009461,92.00000000
2018-02-25 20:41:58,0.00009461,6.00000000
2018-02-25 20:41:58,0.00009462,665.00000000
2018-02-25 20:41:58,0.00009463,1007.00000000
2018-02-25 20:41:58,0.00009464,5790.00000000
2018-02-25 20:42:00,0.00009449,72.00000000
2018-02-25 20:42:03,0.00009455,573.00000000
2018-02-25 20:42:05,0.00009454,72.00000000
2018-02-25 20:42:05,0.00009455,33.00000000
2018-02-25 20:42:05,0.00009447,50.00000000
2018-02-25 20:42:06,0.00009455,290.00000000
2018-02-25 20:42:06,0.00009455,317.00000000
2018-02-25 20:42:06,0.00009455,127.00000000
2018-02-25 20:42:06,0.00009462,180.00000000
2018-02-25 20:42:06,0.00009464,423.00000000
2018-02-25 20:42:06,0.00009465,540.00000000
2018-02-25 20:42:08,0.00009448,900.00000000
2018-02-25 20:42:08,0.00009447,3275.00000000
2018-02-25 20:42:11,0.00009455,34.00000000
2018-02-25 20:42:13,0.00009450,111.00000000
2018-02-25 20:42:14,0.00009449,626.00000000
2018-02-25 20:42:20,0.00009455,10.00000000
2018-02-25 20:42:22,0.00009455,4.00000000
2018-02-25 20:42:22,0.00009465,101.00000000
2018-02-25 20:42:22,0.00009449,79.00000000
2018-02-25 20:42:26,0.00009449,240.00000000
2018-02-25 20:42:27,0.00009449,100.00000000
2018-02-25 20:42:29,0.00009464,110.00000000
2018-02-25 20:42:32,0.00009464,105.00000000
2018-02-25 20:42:37,0.00009450,500.00000000
2018-02-25 20:42:37,0.00009463,105.00000000
2018-02-25 20:42:47,0.00009463,15.00000000
2018-02-25 20:42:47,0.00009463,528.00000000
2018-02-25 20:42:53,0.00009462,37.00000000
2018-02-25 20:42:57,0.00009450,261.00000000
2018-02-25 20:42:59,0.00009463,72.00000000
2018-02-25 20:43:06,0.00009461,20.00000000
2018-02-25 20:43:11,0.00009450,27.00000000
2018-02-25 20:43:13,0.00009461,27.00000000
2018-02-25 20:43:13,0.00009461,14.00000000
2018-02-25 20:43:13,0.00009462,36.00000000
2018-02-25 20:43:15,0.00009461,2632.00000000
2018-02-25 20:43:15,0.00009462,3408.00000000
2018-02-25 20:43:15,0.00009463,1966.00000000
2018-02-25 20:43:27,0.00009461,131.00000000
2018-02-25 20:43:27,0.00009462,112.00000000
2018-02-25 20:43:29,0.00009462,105.00000000
2018-02-25 20:43:30,0.00009451,90.00000000
2018-02-25 20:43:46,0.00009462,1547.00000000
2018-02-25 20:43:53,0.00009452,799.00000000
2018-02-25 20:44:10,0.00009452,103.00000000
2018-02-25 20:44:12,0.00009460,889.00000000
2018-02-25 20:44:12,0.00009461,1000.00000000
2018-02-25 20:44:12,0.00009462,42.00000000
2018-02-25 20:44:17,0.00009461,99.00000000
2018-02-25 20:44:17,0.00009461,2169.00000000
2018-02-25 20:44:25,0.00009461,8.00000000
2018-02-25 20:44:28,0.00009460,521.00000000
2018-02-25 20:44:28,0.00009460,41.00000000
2018-02-25 20:44:29,0.00009452,129.00000000
2018-02-25 20:44:29,0.00009451,352.00000000
2018-02-25 20:44:30,0.00009460,1736.00000000
2018-02-25 20:44:31,0.00009460,634.00000000
2018-02-25 20:44:38,0.00009459,817.00000000
2018-02-25 20:44:45,0.00009451,3149.00000000
2018-02-25 20:44:48,0.00009459,54.00000000
2018-02-25 20:44:48,0.00009451,121.00000000
2018-02-25 20:44:49,0.00009459,64.00000000
2018-02-25 20:44:49,0.00009451,37.00000000
2018-02-25 20:44:49,0.00009459,56.00000000
2018-02-25 20:44:50,0.00009458,1058.00000000
2018-02-25 20:44:50,0.00009458,18.00000000
2018-02-25 20:44:51,0.00009458,1058.00000000
2018-02-25 20:44:51,0.00009458,555.00000000
2018-02-25 20:45:01,0.00009457,105.00000000
2018-02-25 20:45:03,0.00009457,619.00000000
2018-02-25 20:45:03,0.00009458,1627.00000000
2018-02-25 20:45:03,0.00009458,151.00000000
2018-02-25 20:45:04,0.00009456,99.00000000
2018-02-25 20:45:05,0.00009456,105.00000000
2018-02-25 20:45:06,0.00009456,60.00000000
2018-02-25 20:45:06,0.00009456,14.00000000
2018-02-25 20:45:09,0.00009458,788.00000000
2018-02-25 20:45:09,0.00009460,1621.00000000
2018-02-25 20:45:10,0.00009460,422.00000000
2018-02-25 20:45:16,0.00009459,4043.00000000
2018-02-25 20:45:16,0.00009459,2114.00000000
2018-02-25 20:45:17,0.00009456,34.00000000
2018-02-25 20:45:23,0.00009456,24.00000000
2018-02-25 20:45:23,0.00009459,1779.00000000
2018-02-25 20:45:26,0.00009459,23.00000000
2018-02-25 20:45:34,0.00009451,100.00000000
2018-02-25 20:45:40,0.00009456,15.00000000
2018-02-25 20:45:42,0.00009456,41.00000000
2018-02-25 20:45:47,0.00009456,30.00000000
2018-02-25 20:45:48,0.00009456,4.00000000
2018-02-25 20:45:49,0.00009455,105.00000000
2018-02-25 20:45:51,0.00009455,40.00000000
2018-02-25 20:45:52,0.00009455,52.00000000
2018-02-25 20:45:53,0.00009455,263.00000000
2018-02-25 20:45:53,0.00009455,634.00000000
2018-02-25 20:45:54,0.00009451,20.00000000
2018-02-25 20:45:54,0.00009455,13.00000000
2018-02-25 20:45:55,0.00009451,106.00000000
2018-02-25 20:45:57,0.00009455,714.00000000
2018-02-25 20:45:57,0.00009455,34.00000000
2018-02-25 20:45:57,0.00009455,13.00000000
2018-02-25 20:45:58,0.00009455,102.00000000
2018-02-25 20:46:00,0.00009451,15.00000000
2018-02-25 20:46:02,0.00009459,105.00000000
2018-02-25 20:46:08,0.00009459,34.00000000
2018-02-25 20:46:08,0.00009459,713.00000000
2018-02-25 20:46:09,0.00009451,113.00000000
2018-02-25 20:46:11,0.00009459,800.00000000
2018-02-25 20:46:15,0.00009459,22.00000000
2018-02-25 20:46:17,0.00009458,31.00000000
2018-02-25 20:46:17,0.00009459,769.00000000
2018-02-25 20:46:18,0.00009458,34.00000000
2018-02-25 20:46:19,0.00009457,1691.00000000
2018-02-25 20:46:19,0.00009457,2927.00000000
2018-02-25 20:46:20,0.00009457,800.00000000
2018-02-25 20:46:20,0.00009457,1741.00000000
2018-02-25 20:46:25,0.00009457,800.00000000
2018-02-25 20:46:27,0.00009457,164.00000000
2018-02-25 20:46:28,0.00009457,34.00000000
2018-02-25 20:46:31,0.00009457,800.00000000
2018-02-25 20:46:33,0.00009457,2305.00000000
2018-02-25 20:46:35,0.00009457,1687.00000000
2018-02-25 20:46:37,0.00009458,34.00000000
2018-02-25 20:46:38,0.00009458,188.00000000
2018-02-25 20:46:40,0.00009457,22.00000000
2018-02-25 20:46:41,0.00009457,815.00000000
2018-02-25 20:46:44,0.00009457,1000.00000000
2018-02-25 20:46:45,0.00009457,338.00000000
2018-02-25 20:46:45,0.00009457,1998.00000000
2018-02-25 20:46:48,0.00009458,34.00000000
2018-02-25 20:46:48,0.00009457,105.00000000
2018-02-25 20:46:57,0.00009458,5.00000000
2018-02-25 20:46:58,0.00009458,34.00000000
2018-02-25 20:46:58,0.00009458,304.00000000
2018-02-25 20:47:01,0.00009458,20.00000000
2018-02-25 20:47:03,0.00009458,91.00000000
2018-02-25 20:47:05,0.00009457,142.00000000
2018-02-25 20:47:05,0.00009453,5504.00000000
2018-02-25 20:47:08,0.00009458,34.00000000
2018-02-25 20:47:09,0.00009458,408.00000000
2018-02-25 20:47:12,0.00009454,21.00000000
2018-02-25 20:47:17,0.00009458,34.00000000
2018-02-25 20:47:20,0.00009454,114.00000000
2018-02-25 20:47:24,0.00009457,14.00000000
2018-02-25 20:47:24,0.00009454,930.00000000
2018-02-25 20:47:24,0.00009453,56.00000000
2018-02-25 20:47:24,0.00009453,1240.00000000
2018-02-25 20:47:28,0.00009458,34.00000000
2018-02-25 20:47:28,0.00009458,51.00000000
2018-02-25 20:47:28,0.00009458,20.00000000
2018-02-25 20:47:29,0.00009453,145.00000000
2018-02-25 20:47:30,0.00009453,100.00000000
2018-02-25 20:47:31,0.00009457,51.00000000
2018-02-25 20:47:34,0.00009453,1000.00000000
2018-02-25 20:47:35,0.00009456,52.00000000
2018-02-25 20:47:35,0.00009454,64.00000000
2018-02-25 20:47:38,0.00009456,34.00000000
2018-02-25 20:47:38,0.00009456,105.00000000
2018-02-25 20:47:46,0.00009454,936.00000000
2018-02-25 20:47:46,0.00009453,64.00000000
2018-02-25 20:47:48,0.00009456,34.00000000
2018-02-25 20:47:48,0.00009456,969.00000000
2018-02-25 20:47:48,0.00009456,13.00000000
2018-02-25 20:47:55,0.00009456,223.00000000
2018-02-25 20:47:55,0.00009453,1000.00000000
2018-02-25 20:47:57,0.00009456,34.00000000
2018-02-25 20:47:58,0.00009456,727.00000000
2018-02-25 20:47:59,0.00009453,724.00000000
2018-02-25 20:48:00,0.00009455,1016.00000000
2018-02-25 20:48:02,0.00009454,3641.00000000
2018-02-25 20:48:03,0.00009454,2663.00000000
2018-02-25 20:48:03,0.00009455,978.00000000
2018-02-25 20:48:03,0.00009455,138.00000000
2018-02-25 20:48:04,0.00009454,51.00000000
2018-02-25 20:48:04,0.00009453,949.00000000
2018-02-25 20:48:05,0.00009455,79.00000000
2018-02-25 20:48:07,0.00009455,34.00000000
2018-02-25 20:48:10,0.00009453,1570.00000000
2018-02-25 20:48:11,0.00009455,64.00000000
2018-02-25 20:48:18,0.00009455,33.00000000
2018-02-25 20:48:23,0.00009455,790.00000000
2018-02-25 20:48:25,0.00009454,102.00000000
2018-02-25 20:48:27,0.00009455,664.00000000
2018-02-25 20:48:28,0.00009455,211.00000000
2018-02-25 20:48:34,0.00009455,105.00000000
2018-02-25 20:48:36,0.00009455,87.00000000
2018-02-25 20:48:36,0.00009455,123.00000000
2018-02-25 20:48:36,0.00009454,877.00000000
2018-02-25 20:48:36,0.00009454,61.00000000
2018-02-25 20:48:37,0.00009456,723.00000000
2018-02-25 20:48:41,0.00009456,105.00000000
2018-02-25 20:48:42,0.00009456,230.00000000
2018-02-25 20:48:42,0.00009456,35.00000000
2018-02-25 20:48:49,0.00009455,128.00000000
2018-02-25 20:48:50,0.00009456,31.00000000
2018-02-25 20:48:59,0.00009456,138.00000000
2018-02-25 20:49:01,0.00009456,320.00000000
2018-02-25 20:49:03,0.00009455,18.00000000
2018-02-25 20:49:03,0.00009455,40.00000000
2018-02-25 20:49:04,0.00009455,18.00000000
2018-02-25 20:49:04,0.00009456,59.00000000
2018-02-25 20:49:05,0.00009456,1.00000000
2018-02-25 20:49:06,0.00009456,1400.00000000
2018-02-25 20:49:13,0.00009456,1834.00000000
2018-02-25 20:49:14,0.00009456,437.00000000
2018-02-25 20:49:19,0.00009456,3623.00000000
2018-02-25 20:49:25,0.00009456,105.00000000
2018-02-25 20:49:29,0.00009456,1627.00000000
2018-02-25 20:49:31,0.00009456,1.00000000
2018-02-25 20:49:34,0.00009456,114.00000000
2018-02-25 20:49:36,0.00009456,34.00000000
2018-02-25 20:49:38,0.00009456,48.00000000
2018-02-25 20:49:39,0.00009457,398.00000000
2018-02-25 20:49:46,0.00009456,1321.00000000
2018-02-25 20:49:47,0.00009456,593.00000000
2018-02-25 20:49:51,0.00009456,660.00000000
2018-02-25 20:49:57,0.00009456,3076.00000000
2018-02-25 20:49:57,0.00009455,757.00000000
2018-02-25 20:49:57,0.00009454,5003.00000000
2018-02-25 20:49:57,0.00009453,295.00000000
2018-02-25 20:49:58,0.00009453,3003.00000000
2018-02-25 20:49:59,0.00009456,29.00000000
2018-02-25 20:49:59,0.00009457,635.00000000
2018-02-25 20:50:00,0.00009457,3302.00000000
2018-02-25 20:50:01,0.00009457,1322.00000000
2018-02-25 20:50:01,0.00009453,800.00000000
2018-02-25 20:50:01,0.00009452,186.00000000
2018-02-25 20:50:01,0.00009451,18.00000000
2018-02-25 20:50:01,0.00009458,162.00000000
2018-02-25 20:50:01,0.00009459,224.00000000
2018-02-25 20:50:01,0.00009460,773.00000000
2018-02-25 20:50:01,0.00009461,44.00000000
2018-02-25 20:50:01,0.00009462,38.00000000
2018-02-25 20:50:01,0.00009470,367.00000000
2018-02-25 20:50:14,0.00009465,211.00000000
2018-02-25 20:50:14,0.00009469,39.00000000
2018-02-25 20:50:19,0.00009468,205.00000000
2018-02-25 20:50:19,0.00009452,996.00000000
2018-02-25 20:50:19,0.00009451,2113.00000000
2018-02-25 20:50:23,0.00009452,105.00000000
2018-02-25 20:50:25,0.00009468,23.00000000
2018-02-25 20:50:28,0.00009468,49.00000000
2018-02-25 20:50:35,0.00009452,138.00000000
2018-02-25 20:50:35,0.00009452,62.00000000
2018-02-25 20:50:35,0.00009467,49.00000000
2018-02-25 20:50:44,0.00009452,105.00000000
2018-02-25 20:50:45,0.00009466,105.00000000
2018-02-25 20:50:46,0.00009466,58.00000000
2018-02-25 20:50:52,0.00009466,38.00000000
2018-02-25 20:50:55,0.00009466,52.00000000
2018-02-25 20:50:59,0.00009466,247.00000000
2018-02-25 20:51:03,0.00009452,5.00000000
2018-02-25 20:51:09,0.00009464,23.00000000
2018-02-25 20:51:09,0.00009464,22.00000000
2018-02-25 20:51:18,0.00009452,207.00000000
2018-02-25 20:51:19,0.00009452,211.00000000
2018-02-25 20:51:23,0.00009459,402.00000000
2018-02-25 20:51:27,0.00009459,34.00000000
2018-02-25 20:51:29,0.00009460,105.00000000
2018-02-25 20:51:32,0.00009460,105.00000000
2018-02-25 20:51:37,0.00009459,34.00000000
2018-02-25 20:51:41,0.00009459,91.00000000
2018-02-25 20:51:45,0.00009459,49.00000000
2018-02-25 20:51:47,0.00009459,317.00000000
2018-02-25 20:51:47,0.00009459,50.00000000
2018-02-25 20:51:51,0.00009460,226.00000000
2018-02-25 20:51:55,0.00009459,211.00000000
2018-02-25 20:51:58,0.00009459,134.00000000
2018-02-25 20:51:58,0.00009455,378.00000000
2018-02-25 20:52:01,0.00009453,105.00000000
2018-02-25 20:52:11,0.00009455,200.00000000
2018-02-25 20:52:14,0.00009460,105.00000000
2018-02-25 20:52:16,0.00009459,50.00000000
2018-02-25 20:52:16,0.00009460,50.00000000
2018-02-25 20:52:18,0.00009460,34.00000000
2018-02-25 20:52:28,0.00009460,34.00000000
2018-02-25 20:52:35,0.00009456,211.00000000
2018-02-25 20:52:42,0.00009456,166.00000000
2018-02-25 20:52:42,0.00009455,785.00000000
2018-02-25 20:52:42,0.00009453,615.00000000
2018-02-25 20:52:45,0.00009460,105.00000000
2018-02-25 20:52:46,0.00009453,211.00000000
2018-02-25 20:52:47,0.00009453,36.00000000
2018-02-25 20:52:48,0.00009453,275.00000000
2018-02-25 20:52:48,0.00009452,5.00000000
2018-02-25 20:52:49,0.00009453,105.00000000
2018-02-25 20:52:52,0.00009452,105.00000000
2018-02-25 20:52:52,0.00009453,79.00000000
2018-02-25 20:52:52,0.00009453,23.00000000
2018-02-25 20:52:53,0.00009453,49.00000000
2018-02-25 20:52:56,0.00009453,100.00000000
2018-02-25 20:52:57,0.00009453,114.00000000
2018-02-25 20:52:58,0.00009453,27.00000000
2018-02-25 20:52:59,0.00009453,85.00000000
2018-02-25 20:53:00,0.00009453,24.00000000
2018-02-25 20:53:01,0.00009453,94.00000000
2018-02-25 20:53:01,0.00009456,34.00000000
2018-02-25 20:53:01,0.00009460,99.00000000
2018-02-25 20:53:03,0.00009453,33.00000000
2018-02-25 20:53:03,0.00009452,165.00000000
2018-02-25 20:53:03,0.00009451,302.00000000
2018-02-25 20:53:04,0.00009460,100.00000000
2018-02-25 20:53:04,0.00009462,5.00000000
2018-02-25 20:53:10,0.00009462,322.00000000
2018-02-25 20:53:10,0.00009452,38.00000000
2018-02-25 20:53:19,0.00009452,953.00000000
2018-02-25 20:53:19,0.00009451,1734.00000000
2018-02-25 20:53:19,0.00009450,716.00000000
2018-02-25 20:53:22,0.00009452,239.00000000
2018-02-25 20:53:22,0.00009461,1.00000000
2018-02-25 20:53:27,0.00009461,990.00000000
2018-02-25 20:53:27,0.00009462,61.00000000
2018-02-25 20:53:29,0.00009461,19.00000000
2018-02-25 20:53:29,0.00009461,15.00000000
2018-02-25 20:53:30,0.00009451,100.00000000
2018-02-25 20:53:31,0.00009462,345.00000000
2018-02-25 20:53:31,0.00009462,183.00000000
2018-02-25 20:53:33,0.00009462,105.00000000
2018-02-25 20:53:33,0.00009451,893.00000000
2018-02-25 20:53:33,0.00009450,1632.00000000
2018-02-25 20:53:35,0.00009451,2447.00000000
2018-02-25 20:53:35,0.00009460,6.00000000
2018-02-25 20:53:38,0.00009460,42.00000000
2018-02-25 20:53:39,0.00009460,945.00000000
2018-02-25 20:53:39,0.00009461,283.00000000
2018-02-25 20:53:39,0.00009462,1878.00000000
2018-02-25 20:53:42,0.00009462,9449.00000000
2018-02-25 20:53:48,0.00009460,39.00000000
2018-02-25 20:53:55,0.00009460,19.00000000
2018-02-25 20:53:55,0.00009456,28.00000000
2018-02-25 20:53:56,0.00009456,43.00000000
2018-02-25 20:53:59,0.00009460,834.00000000
2018-02-25 20:54:04,0.00009460,308.00000000
2018-02-25 20:54:17,0.00009461,2419.00000000
2018-02-25 20:54:17,0.00009462,538.00000000
2018-02-25 20:54:19,0.00009459,21.00000000
2018-02-25 20:54:24,0.00009458,24.00000000
2018-02-25 20:54:24,0.00009458,24.00000000
2018-02-25 20:54:37,0.00009458,982.00000000
2018-02-25 20:54:38,0.00009458,43.00000000
2018-02-25 20:54:38,0.00009458,1102.00000000
2018-02-25 20:54:39,0.00009458,46.00000000
2018-02-25 20:54:39,0.00009458,93.00000000
2018-02-25 20:54:39,0.00009458,155.00000000
2018-02-25 20:54:39,0.00009458,31.00000000
2018-02-25 20:54:39,0.00009458,61.00000000
2018-02-25 20:54:40,0.00009458,15.00000000
2018-02-25 20:54:43,0.00009458,18.00000000
2018-02-25 20:54:43,0.00009460,64.00000000
2018-02-25 20:54:44,0.00009458,23.00000000
2018-02-25 20:54:44,0.00009458,117.00000000
2018-02-25 20:54:45,0.00009458,151.00000000
2018-02-25 20:54:45,0.00009458,35.00000000
2018-02-25 20:54:48,0.00009458,158.00000000
2018-02-25 20:54:48,0.00009459,229.00000000
2018-02-25 20:54:49,0.00009458,67.00000000
2018-02-25 20:54:50,0.00009458,115.00000000
2018-02-25 20:54:50,0.00009458,20.00000000
2018-02-25 20:54:51,0.00009458,399.00000000
2018-02-25 20:54:52,0.00009458,306.00000000
2018-02-25 20:54:55,0.00009458,40.00000000
2018-02-25 20:54:55,0.00009459,396.00000000
2018-02-25 20:54:55,0.00009459,54.00000000
2018-02-25 20:54:56,0.00009458,22.00000000
2018-02-25 20:54:57,0.00009458,27.00000000
2018-02-25 20:54:58,0.00009458,92.00000000
2018-02-25 20:55:00,0.00009458,277.00000000
2018-02-25 20:55:00,0.00009458,111.00000000
2018-02-25 20:55:00,0.00009458,111.00000000
2018-02-25 20:55:01,0.00009458,211.00000000
2018-02-25 20:55:02,0.00009458,40.00000000
2018-02-25 20:55:03,0.00009458,61.00000000
2018-02-25 20:55:04,0.00009458,211.00000000
2018-02-25 20:55:04,0.00009458,126.00000000
2018-02-25 20:55:09,0.00009458,113.00000000
2018-02-25 20:55:10,0.00009458,211.00000000
2018-02-25 20:55:10,0.00009450,233.00000000
2018-02-25 20:55:11,0.00009458,20.00000000
2018-02-25 20:55:30,0.00009458,75.00000000
2018-02-25 20:55:35,0.00009450,113.00000000
2018-02-25 20:55:36,0.00009450,625.00000000
2018-02-25 20:55:36,0.00009450,73.00000000
2018-02-25 20:55:36,0.00009449,46.00000000
2018-02-25 20:55:36,0.00009449,105.00000000
2018-02-25 20:55:37,0.00009450,31.00000000
2018-02-25 20:55:39,0.00009450,178.00000000
2018-02-25 20:55:39,0.00009450,178.00000000
2018-02-25 20:55:39,0.00009450,178.00000000
2018-02-25 20:55:39,0.00009450,142.00000000
2018-02-25 20:55:39,0.00009450,178.00000000
2018-02-25 20:55:40,0.00009450,374.00000000
2018-02-25 20:55:40,0.00009450,1879.00000000
2018-02-25 20:55:41,0.00009450,754.00000000
2018-02-25 20:55:42,0.00009450,108.00000000
2018-02-25 20:55:43,0.00009450,17.00000000
2018-02-25 20:55:47,0.00009450,61.00000000
2018-02-25 20:55:47,0.00009450,341.00000000
2018-02-25 20:55:48,0.00009450,300.00000000
2018-02-25 20:55:48,0.00009450,105.00000000
2018-02-25 20:55:49,0.00009450,350.00000000
2018-02-25 20:55:53,0.00009450,81.00000000
2018-02-25 20:55:54,0.00009450,23.00000000
2018-02-25 20:55:56,0.00009450,26.00000000
2018-02-25 20:55:56,0.00009450,138.00000000
2018-02-25 20:56:00,0.00009450,261.00000000
2018-02-25 20:56:04,0.00009449,92.00000000
2018-02-25 20:56:04,0.00009448,32.00000000
2018-02-25 20:56:04,0.00009447,358.00000000
2018-02-25 20:56:05,0.00009447,26.00000000
2018-02-25 20:56:05,0.00009446,525.00000000
2018-02-25 20:56:05,0.00009445,1499.00000000
2018-02-25 20:56:06,0.00009445,854.00000000
2018-02-25 20:56:06,0.00009442,396.00000000
2018-02-25 20:56:06,0.00009441,2383.00000000
2018-02-25 20:56:06,0.00009440,10829.00000000
2018-02-25 20:56:06,0.00009442,423.00000000
2018-02-25 20:56:06,0.00009442,148.00000000
2018-02-25 20:56:07,0.00009442,292.00000000
2018-02-25 20:56:07,0.00009442,51.00000000
2018-02-25 20:56:08,0.00009442,260.00000000
2018-02-25 20:56:08,0.00009442,213.00000000
2018-02-25 20:56:08,0.00009442,119.00000000
2018-02-25 20:56:08,0.00009442,62.00000000
2018-02-25 20:56:11,0.00009442,161.00000000
2018-02-25 20:56:14,0.00009442,344.00000000
2018-02-25 20:56:15,0.00009442,22.00000000
2018-02-25 20:56:15,0.00009442,287.00000000
2018-02-25 20:56:19,0.00009442,727.00000000
2018-02-25 20:56:21,0.00009442,47.00000000
2018-02-25 20:56:23,0.00009442,135.00000000
2018-02-25 20:56:23,0.00009442,92.00000000
2018-02-25 20:56:23,0.00009442,250.00000000
2018-02-25 20:56:24,0.00009442,36.00000000
2018-02-25 20:56:25,0.00009449,368.00000000
2018-02-25 20:56:30,0.00009441,217.00000000
2018-02-25 20:56:30,0.00009440,4783.00000000
2018-02-25 20:56:32,0.00009442,357.00000000
2018-02-25 20:56:33,0.00009445,675.00000000
2018-02-25 20:56:35,0.00009445,15.00000000
2018-02-25 20:56:45,0.00009445,20.00000000
2018-02-25 20:56:45,0.00009440,100.00000000
2018-02-25 20:56:49,0.00009440,14481.00000000
2018-02-25 20:56:54,0.00009440,83.00000000
2018-02-25 20:56:55,0.00009444,152.00000000
2018-02-25 20:57:05,0.00009441,91.00000000
2018-02-25 20:57:05,0.00009440,2509.00000000
2018-02-25 20:57:26,0.00009440,38.00000000
2018-02-25 20:57:28,0.00009440,199.00000000
2018-02-25 20:57:30,0.00009440,474.00000000
2018-02-25 20:57:42,0.00009442,1012.00000000
2018-02-25 20:57:46,0.00009440,530.00000000
2018-02-25 20:57:54,0.00009443,298.00000000
2018-02-25 20:57:55,0.00009440,2102.00000000
2018-02-25 20:57:56,0.00009440,475.00000000
2018-02-25 20:57:56,0.00009443,182.00000000
2018-02-25 20:57:56,0.00009443,182.00000000
2018-02-25 20:57:56,0.00009443,152.00000000
2018-02-25 20:57:56,0.00009443,182.00000000
2018-02-25 20:57:56,0.00009443,182.00000000
2018-02-25 20:57:56,0.00009443,128.00000000
2018-02-25 20:57:58,0.00009440,822.00000000
2018-02-25 20:57:59,0.00009440,3311.00000000
2018-02-25 20:57:59,0.00009439,128.00000000
2018-02-25 20:57:59,0.00009431,249.00000000
2018-02-25 20:57:59,0.00009430,360.00000000
2018-02-25 20:57:59,0.00009443,19.00000000
2018-02-25 20:58:01,0.00009440,11.00000000
2018-02-25 20:58:01,0.00009430,200.00000000
2018-02-25 20:58:05,0.00009430,399.00000000
2018-02-25 20:58:06,0.00009441,27.00000000
2018-02-25 20:58:06,0.00009430,116.00000000
2018-02-25 20:58:06,0.00009429,4884.00000000
2018-02-25 20:58:10,0.00009429,766.00000000
2018-02-25 20:58:10,0.00009428,108.00000000
2018-02-25 20:58:10,0.00009427,1106.00000000
2018-02-25 20:58:10,0.00009426,2582.00000000
2018-02-25 20:58:13,0.00009440,183.00000000
2018-02-25 20:58:13,0.00009440,19.00000000
2018-02-25 20:58:24,0.00009443,38.00000000
2018-02-25 20:58:33,0.00009435,1122.00000000
2018-02-25 20:58:33,0.00009442,990.00000000
2018-02-25 20:58:39,0.00009440,18.00000000
2018-02-25 20:58:48,0.00009440,36.00000000
2018-02-25 20:58:52,0.00009439,14.00000000
2018-02-25 20:58:52,0.00009439,14.00000000
2018-02-25 20:59:01,0.00009431,28.00000000
2018-02-25 20:59:01,0.00009429,235.00000000
2018-02-25 20:59:01,0.00009426,9011.00000000
2018-02-25 20:59:02,0.00009426,30.00000000
2018-02-25 20:59:08,0.00009439,371.00000000
2018-02-25 20:59:08,0.00009439,101.00000000
2018-02-25 20:59:08,0.00009439,121.00000000
2018-02-25 20:59:14,0.00009427,226.00000000
2018-02-25 20:59:21,0.00009437,102.00000000
2018-02-25 20:59:26,0.00009427,57.00000000
2018-02-25 20:59:26,0.00009426,18294.00000000
2018-02-25 20:59:39,0.00009436,83.00000000
2018-02-25 20:59:39,0.00009427,468.00000000
2018-02-25 20:59:44,0.00009436,134.00000000
2018-02-25 20:59:51,0.00009435,114.00000000
2018-02-25 20:59:54,0.00009435,43.00000000
