DATE,PRICE,VOLUME
2018-02-27 16:00:04,0.00008772,43.00000000
2018-02-27 16:00:10,0.00008772,17.00000000
2018-02-27 16:00:14,0.00008772,3.00000000
2018-02-27 16:00:14,0.00008772,94.00000000
2018-02-27 16:00:20,0.00008772,135.00000000
2018-02-27 16:00:25,0.00008772,6334.00000000
2018-02-27 16:00:35,0.00008772,705.00000000
2018-02-27 16:00:35,0.00008772,18.00000000
2018-02-27 16:00:36,0.00008772,124.00000000
2018-02-27 16:00:36,0.00008772,567.00000000
2018-02-27 16:00:36,0.00008772,3737.00000000
2018-02-27 16:00:37,0.00008773,700.00000000
2018-02-27 16:00:37,0.00008777,100.00000000
2018-02-27 16:00:37,0.00008785,455.00000000
2018-02-27 16:00:37,0.00008786,1460.00000000
2018-02-27 16:00:42,0.00008785,54.00000000
2018-02-27 16:00:48,0.00008785,846.00000000
2018-02-27 16:00:48,0.00008786,1381.00000000
2018-02-27 16:00:48,0.00008789,476.00000000
2018-02-27 16:00:49,0.00008780,70.00000000
2018-02-27 16:00:49,0.00008788,44.00000000
2018-02-27 16:00:53,0.00008784,44.00000000
2018-02-27 16:01:04,0.00008782,80.00000000
2018-02-27 16:01:05,0.00008773,78.00000000
2018-02-27 16:01:09,0.00008789,48.00000000
2018-02-27 16:01:11,0.00008789,30.00000000
2018-02-27 16:01:14,0.00008784,1.00000000
2018-02-27 16:01:30,0.00008784,21.00000000
2018-02-27 16:01:32,0.00008786,36.00000000
2018-02-27 16:01:32,0.00008789,188.00000000
2018-02-27 16:01:35,0.00008789,1.00000000
2018-02-27 16:01:36,0.00008789,10.00000000
2018-02-27 16:01:36,0.00008789,1446.00000000
2018-02-27 16:01:53,0.00008785,37.00000000
2018-02-27 16:01:54,0.00008785,227.00000000
2018-02-27 16:02:02,0.00008790,24.00000000
2018-02-27 16:02:02,0.00008793,5.00000000
2018-02-27 16:02:09,0.00008785,461.00000000
2018-02-27 16:02:20,0.00008788,1.00000000
2018-02-27 16:02:25,0.00008786,236.00000000
2018-02-27 16:02:29,0.00008785,315.00000000
2018-02-27 16:02:30,0.00008785,100.00000000
2018-02-27 16:02:33,0.00008785,106.00000000
2018-02-27 16:02:34,0.00008785,122.00000000
2018-02-27 16:02:36,0.00008785,166.00000000
2018-02-27 16:02:48,0.00008785,18.00000000
2018-02-27 16:02:53,0.00008785,379.00000000
2018-02-27 16:02:56,0.00008785,61.00000000
2018-02-27 16:02:56,0.00008785,227.00000000
2018-02-27 16:02:59,0.00008785,247.00000000
2018-02-27 16:02:59,0.00008784,597.00000000
2018-02-27 16:03:01,0.00008784,83.00000000
2018-02-27 16:03:03,0.00008784,315.00000000
2018-02-27 16:03:03,0.00008784,1137.00000000
2018-02-27 16:03:10,0.00008784,885.00000000
2018-02-27 16:03:13,0.00008784,38.00000000
2018-02-27 16:03:16,0.00008780,64.00000000
2018-02-27 16:03:16,0.00008775,821.00000000
2018-02-27 16:03:19,0.00008782,115.00000000
2018-02-27 16:03:23,0.00008782,185.00000000
2018-02-27 16:03:24,0.00008777,923.00000000
2018-02-27 16:03:28,0.00008782,56.00000000
2018-02-27 16:03:28,0.00008784,57.00000000
2018-02-27 16:03:42,0.00008778,494.00000000
2018-02-27 16:03:42,0.00008777,3615.00000000
2018-02-27 16:03:48,0.00008782,22.00000000
2018-02-27 16:03:52,0.00008782,227.00000000
2018-02-27 16:04:05,0.00008782,150.00000000
2018-02-27 16:04:11,0.00008780,1400.00000000
2018-02-27 16:04:11,0.00008782,401.00000000
2018-02-27 16:04:13,0.00008782,195.00000000
2018-02-27 16:04:14,0.00008783,70.00000000
2018-02-27 16:04:18,0.00008782,86.00000000
2018-02-27 16:04:22,0.00008783,115.00000000
2018-02-27 16:04:23,0.00008782,93.00000000
2018-02-27 16:04:25,0.00008782,274.00000000
2018-02-27 16:04:27,0.00008782,39.00000000
2018-02-27 16:04:29,0.00008782,70.00000000
2018-02-27 16:04:31,0.00008783,113.00000000
2018-02-27 16:04:34,0.00008782,1137.00000000
2018-02-27 16:04:36,0.00008782,100.00000000
2018-02-27 16:04:38,0.00008782,54.00000000
2018-02-27 16:04:39,0.00008782,200.00000000
2018-02-27 16:04:40,0.00008782,50.00000000
2018-02-27 16:04:41,0.00008782,1710.00000000
2018-02-27 16:04:42,0.00008782,1811.00000000
2018-02-27 16:04:48,0.00008778,148.00000000
2018-02-27 16:04:48,0.00008777,465.00000000
2018-02-27 16:04:51,0.00008780,130.00000000
2018-02-27 16:04:51,0.00008777,165.00000000
2018-02-27 16:04:51,0.00008777,198.00000000
2018-02-27 16:04:52,0.00008777,316.00000000
2018-02-27 16:04:52,0.00008777,20.00000000
2018-02-27 16:04:57,0.00008777,19.00000000
2018-02-27 16:04:59,0.00008777,45.00000000
2018-02-27 16:05:01,0.00008777,17.00000000
2018-02-27 16:05:01,0.00008777,45.00000000
2018-02-27 16:05:02,0.00008777,40.00000000
2018-02-27 16:05:03,0.00008777,21.00000000
2018-02-27 16:05:08,0.00008777,416.00000000
2018-02-27 16:05:10,0.00008777,22.00000000
2018-02-27 16:05:15,0.00008777,104.00000000
2018-02-27 16:05:17,0.00008779,103.00000000
2018-02-27 16:05:17,0.00008777,709.00000000
2018-02-27 16:05:17,0.00008775,12.00000000
2018-02-27 16:05:17,0.00008774,220.00000000
2018-02-27 16:05:17,0.00008772,4203.00000000
2018-02-27 16:05:17,0.00008771,38.00000000
2018-02-27 16:05:17,0.00008766,900.00000000
2018-02-27 16:05:17,0.00008762,968.00000000
2018-02-27 16:05:17,0.00008761,1264.00000000
2018-02-27 16:05:17,0.00008760,3247.00000000
2018-02-27 16:05:28,0.00008760,253.00000000
2018-02-27 16:05:29,0.00008760,90.00000000
2018-02-27 16:05:29,0.00008760,114.00000000
2018-02-27 16:05:30,0.00008760,90.00000000
2018-02-27 16:05:31,0.00008760,144.00000000
2018-02-27 16:05:31,0.00008760,309.00000000
2018-02-27 16:05:33,0.00008777,114.00000000
2018-02-27 16:05:34,0.00008770,22.00000000
2018-02-27 16:05:37,0.00008758,570.00000000
2018-02-27 16:05:37,0.00008757,2128.00000000
2018-02-27 16:05:43,0.00008768,67.00000000
2018-02-27 16:05:48,0.00008760,618.00000000
2018-02-27 16:05:48,0.00008760,36.00000000
2018-02-27 16:05:49,0.00008769,36.00000000
2018-02-27 16:05:53,0.00008769,120.00000000
2018-02-27 16:06:02,0.00008757,2.00000000
2018-02-27 16:06:11,0.00008760,187.00000000
2018-02-27 16:06:11,0.00008760,75.00000000
2018-02-27 16:06:13,0.00008760,1125.00000000
2018-02-27 16:06:18,0.00008757,124.00000000
2018-02-27 16:06:19,0.00008760,3529.00000000
2018-02-27 16:06:21,0.00008757,100.00000000
2018-02-27 16:06:25,0.00008757,701.00000000
2018-02-27 16:06:32,0.00008759,812.00000000
2018-02-27 16:06:32,0.00008760,9188.00000000
2018-02-27 16:06:32,0.00008760,3952.00000000
2018-02-27 16:06:32,0.00008769,493.00000000
2018-02-27 16:06:33,0.00008771,114.00000000
2018-02-27 16:06:33,0.00008771,114.00000000
2018-02-27 16:06:34,0.00008758,516.00000000
2018-02-27 16:06:34,0.00008758,691.00000000
2018-02-27 16:06:38,0.00008759,189.00000000
2018-02-27 16:06:38,0.00008758,900.00000000
2018-02-27 16:06:38,0.00008757,11351.00000000
2018-02-27 16:06:41,0.00008760,48.00000000
2018-02-27 16:06:41,0.00008758,537.00000000
2018-02-27 16:06:41,0.00008757,4139.00000000
2018-02-27 16:06:42,0.00008757,18.00000000
2018-02-27 16:06:42,0.00008756,537.00000000
2018-02-27 16:06:42,0.00008757,405.00000000
2018-02-27 16:06:43,0.00008757,202.00000000
2018-02-27 16:06:43,0.00008757,526.00000000
2018-02-27 16:06:45,0.00008757,162.00000000
2018-02-27 16:06:50,0.00008757,571.00000000
2018-02-27 16:06:52,0.00008757,571.00000000
2018-02-27 16:06:55,0.00008757,20.00000000
2018-02-27 16:06:56,0.00008756,501.00000000
2018-02-27 16:07:00,0.00008757,713.00000000
2018-02-27 16:07:01,0.00008757,7952.00000000
2018-02-27 16:07:02,0.00008757,48.00000000
2018-02-27 16:07:04,0.00008757,529.00000000
2018-02-27 16:07:04,0.00008760,42.00000000
2018-02-27 16:07:05,0.00008760,25.00000000
2018-02-27 16:07:08,0.00008757,109.00000000
2018-02-27 16:07:15,0.00008760,211.00000000
2018-02-27 16:07:16,0.00008760,823.00000000
2018-02-27 16:07:19,0.00008757,571.00000000
2018-02-27 16:07:19,0.00008757,558.00000000
2018-02-27 16:07:20,0.00008757,2410.00000000
2018-02-27 16:07:30,0.00008758,59.00000000
2018-02-27 16:07:40,0.00008758,100.00000000
2018-02-27 16:07:46,0.00008758,28.00000000
2018-02-27 16:07:51,0.00008759,99.00000000
2018-02-27 16:08:02,0.00008760,1004.00000000
2018-02-27 16:08:02,0.00008759,43.00000000
2018-02-27 16:08:03,0.00008758,159.00000000
2018-02-27 16:08:07,0.00008759,57.00000000
2018-02-27 16:08:09,0.00008759,432.00000000
2018-02-27 16:08:10,0.00008759,1465.00000000
2018-02-27 16:08:15,0.00008769,800.00000000
2018-02-27 16:08:15,0.00008769,144.00000000
2018-02-27 16:08:15,0.00008769,506.00000000
2018-02-27 16:08:15,0.00008759,631.00000000
2018-02-27 16:08:27,0.00008759,258.00000000
2018-02-27 16:08:29,0.00008759,200.00000000
2018-02-27 16:08:34,0.00008759,337.00000000
2018-02-27 16:08:51,0.00008770,1205.00000000
2018-02-27 16:09:00,0.00008769,164.00000000
2018-02-27 16:09:00,0.00008776,106.00000000
2018-02-27 16:09:06,0.00008770,224.00000000
2018-02-27 16:09:06,0.00008760,76.00000000
2018-02-27 16:09:16,0.00008760,90.00000000
2018-02-27 16:09:19,0.00008775,472.00000000
2018-02-27 16:09:20,0.00008775,1854.00000000
2018-02-27 16:09:21,0.00008775,271.00000000
2018-02-27 16:09:25,0.00008775,39.00000000
2018-02-27 16:09:31,0.00008775,27.00000000
2018-02-27 16:09:31,0.00008775,150.00000000
2018-02-27 16:09:37,0.00008776,464.00000000
2018-02-27 16:09:42,0.00008776,336.00000000
2018-02-27 16:09:42,0.00008776,19.00000000
2018-02-27 16:09:45,0.00008777,1156.00000000
2018-02-27 16:09:46,0.00008776,22.00000000
2018-02-27 16:09:48,0.00008777,888.00000000
2018-02-27 16:09:52,0.00008777,50.00000000
2018-02-27 16:09:59,0.00008783,2514.00000000
2018-02-27 16:09:59,0.00008785,4538.00000000
2018-02-27 16:10:00,0.00008785,720.00000000
2018-02-27 16:10:00,0.00008785,280.00000000
2018-02-27 16:10:00,0.00008785,60.00000000
2018-02-27 16:10:02,0.00008785,66.00000000
2018-02-27 16:10:03,0.00008785,1095.00000000
2018-02-27 16:10:03,0.00008785,99.00000000
2018-02-27 16:10:03,0.00008785,39.00000000
2018-02-27 16:10:03,0.00008785,152.00000000
2018-02-27 16:10:04,0.00008785,112.00000000
2018-02-27 16:10:04,0.00008785,2076.00000000
2018-02-27 16:10:08,0.00008777,15.00000000
2018-02-27 16:10:13,0.00008778,742.00000000
2018-02-27 16:10:13,0.00008777,183.00000000
2018-02-27 16:10:13,0.00008776,211.00000000
2018-02-27 16:10:13,0.00008764,537.00000000
2018-02-27 16:10:13,0.00008760,1187.00000000
2018-02-27 16:10:13,0.00008759,1649.00000000
2018-02-27 16:10:19,0.00008782,471.00000000
2018-02-27 16:10:36,0.00008778,66.00000000
2018-02-27 16:10:36,0.00008779,184.00000000
2018-02-27 16:10:45,0.00008779,12.00000000
2018-02-27 16:10:47,0.00008779,113.00000000
2018-02-27 16:11:00,0.00008779,300.00000000
2018-02-27 16:11:02,0.00008779,517.00000000
2018-02-27 16:11:02,0.00008780,2672.00000000
2018-02-27 16:11:02,0.00008781,900.00000000
2018-02-27 16:11:02,0.00008782,204.00000000
2018-02-27 16:11:02,0.00008784,2763.00000000
2018-02-27 16:11:02,0.00008784,900.00000000
2018-02-27 16:11:03,0.00008784,500.00000000
2018-02-27 16:11:04,0.00008784,25.00000000
2018-02-27 16:11:10,0.00008785,900.00000000
2018-02-27 16:11:10,0.00008786,165.00000000
2018-02-27 16:11:11,0.00008786,2107.00000000
2018-02-27 16:11:12,0.00008786,25.00000000
2018-02-27 16:11:12,0.00008786,180.00000000
2018-02-27 16:11:13,0.00008786,90.00000000
2018-02-27 16:11:13,0.00008786,298.00000000
2018-02-27 16:11:13,0.00008786,27.00000000
2018-02-27 16:11:21,0.00008785,1137.00000000
2018-02-27 16:11:21,0.00008786,99.00000000
2018-02-27 16:11:23,0.00008786,90.00000000
2018-02-27 16:11:23,0.00008786,90.00000000
2018-02-27 16:11:23,0.00008786,25.00000000
2018-02-27 16:11:24,0.00008786,288.00000000
2018-02-27 16:11:28,0.00008786,113.00000000
2018-02-27 16:11:28,0.00008786,2922.00000000
2018-02-27 16:11:40,0.00008785,139.00000000
2018-02-27 16:11:40,0.00008785,110.00000000
2018-02-27 16:11:55,0.00008779,93.00000000
2018-02-27 16:11:57,0.00008784,316.00000000
2018-02-27 16:11:59,0.00008784,146.00000000
2018-02-27 16:12:00,0.00008784,675.00000000
2018-02-27 16:12:02,0.00008784,17.00000000
2018-02-27 16:12:04,0.00008784,15.00000000
2018-02-27 16:12:06,0.00008784,13.00000000
2018-02-27 16:12:06,0.00008784,137.00000000
2018-02-27 16:12:06,0.00008784,48.00000000
2018-02-27 16:12:06,0.00008785,1843.00000000
2018-02-27 16:12:06,0.00008786,423.00000000
2018-02-27 16:12:07,0.00008779,407.00000000
2018-02-27 16:12:11,0.00008784,643.00000000
2018-02-27 16:12:12,0.00008779,1839.00000000
2018-02-27 16:12:12,0.00008768,2.00000000
2018-02-27 16:12:26,0.00008768,460.00000000
2018-02-27 16:12:26,0.00008783,161.00000000
2018-02-27 16:12:33,0.00008770,484.00000000
2018-02-27 16:12:47,0.00008782,815.00000000
2018-02-27 16:12:47,0.00008783,6282.00000000
2018-02-27 16:12:52,0.00008774,15.00000000
2018-02-27 16:12:59,0.00008773,116.00000000
2018-02-27 16:13:04,0.00008775,494.00000000
2018-02-27 16:13:05,0.00008775,675.00000000
2018-02-27 16:13:09,0.00008775,1831.00000000
2018-02-27 16:13:18,0.00008774,187.00000000
2018-02-27 16:13:26,0.00008773,29.00000000
2018-02-27 16:13:29,0.00008774,15.00000000
2018-02-27 16:13:38,0.00008774,100.00000000
2018-02-27 16:13:39,0.00008773,200.00000000
2018-02-27 16:13:40,0.00008774,58.00000000
2018-02-27 16:13:46,0.00008775,2074.00000000
2018-02-27 16:13:56,0.00008774,2.00000000
2018-02-27 16:13:57,0.00008774,12.00000000
2018-02-27 16:14:04,0.00008780,47.00000000
2018-02-27 16:14:06,0.00008774,65.00000000
2018-02-27 16:14:12,0.00008774,761.00000000
2018-02-27 16:14:16,0.00008774,51.00000000
2018-02-27 16:14:16,0.00008774,10.00000000
2018-02-27 16:14:18,0.00008776,82.00000000
2018-02-27 16:14:21,0.00008776,5.00000000
2018-02-27 16:14:22,0.00008776,22.00000000
2018-02-27 16:14:23,0.00008774,648.00000000
2018-02-27 16:14:26,0.00008774,828.00000000
2018-02-27 16:14:26,0.00008774,25.00000000
2018-02-27 16:14:26,0.00008774,137.00000000
2018-02-27 16:14:30,0.00008776,51.00000000
2018-02-27 16:14:30,0.00008780,6.00000000
2018-02-27 16:14:32,0.00008778,25.00000000
2018-02-27 16:14:33,0.00008780,113.00000000
2018-02-27 16:14:35,0.00008776,112.00000000
2018-02-27 16:14:37,0.00008776,113.00000000
2018-02-27 16:14:44,0.00008776,2.00000000
2018-02-27 16:14:44,0.00008775,20.00000000
2018-02-27 16:14:49,0.00008780,10.00000000
2018-02-27 16:14:49,0.00008780,14.00000000
2018-02-27 16:14:49,0.00008784,1328.00000000
2018-02-27 16:15:02,0.00008780,2159.00000000
2018-02-27 16:15:02,0.00008784,2155.00000000
2018-02-27 16:15:10,0.00008776,25.00000000
2018-02-27 16:15:13,0.00008776,2212.00000000
2018-02-27 16:15:13,0.00008784,107.00000000
2018-02-27 16:15:23,0.00008776,200.00000000
2018-02-27 16:15:33,0.00008783,166.00000000
2018-02-27 16:15:40,0.00008783,113.00000000
2018-02-27 16:15:46,0.00008776,203.00000000
2018-02-27 16:15:48,0.00008776,7.00000000
2018-02-27 16:15:50,0.00008776,25.00000000
2018-02-27 16:15:51,0.00008776,482.00000000
2018-02-27 16:15:58,0.00008783,30.00000000
2018-02-27 16:16:00,0.00008783,1190.00000000
2018-02-27 16:16:01,0.00008783,1033.00000000
2018-02-27 16:16:02,0.00008783,380.00000000
2018-02-27 16:16:04,0.00008784,1978.00000000
2018-02-27 16:16:04,0.00008784,504.00000000
2018-02-27 16:16:06,0.00008784,1827.00000000
2018-02-27 16:16:07,0.00008784,10.00000000
2018-02-27 16:16:08,0.00008784,82.00000000
2018-02-27 16:16:11,0.00008784,455.00000000
2018-02-27 16:16:14,0.00008784,150.00000000
2018-02-27 16:16:15,0.00008783,25.00000000
2018-02-27 16:16:15,0.00008784,481.00000000
2018-02-27 16:16:16,0.00008784,65.00000000
2018-02-27 16:16:17,0.00008784,27.00000000
2018-02-27 16:16:18,0.00008784,269.00000000
2018-02-27 16:16:23,0.00008784,80.00000000
2018-02-27 16:16:25,0.00008783,9.00000000
2018-02-27 16:16:28,0.00008783,25.00000000
2018-02-27 16:16:30,0.00008783,192.00000000
2018-02-27 16:16:31,0.00008783,90.00000000
2018-02-27 16:16:38,0.00008783,25.00000000
2018-02-27 16:16:38,0.00008783,63.00000000
2018-02-27 16:16:48,0.00008783,433.00000000
2018-02-27 16:16:50,0.00008784,23.00000000
2018-02-27 16:16:55,0.00008784,1.00000000
2018-02-27 16:16:58,0.00008783,2035.00000000
2018-02-27 16:17:02,0.00008783,419.00000000
2018-02-27 16:17:03,0.00008784,300.00000000
2018-02-27 16:17:07,0.00008783,1490.00000000
2018-02-27 16:17:08,0.00008784,309.00000000
2018-02-27 16:17:08,0.00008783,999.00000000
2018-02-27 16:17:09,0.00008783,1490.00000000
2018-02-27 16:17:10,0.00008784,31.00000000
2018-02-27 16:17:11,0.00008784,321.00000000
2018-02-27 16:17:11,0.00008784,1679.00000000
2018-02-27 16:17:11,0.00008783,2130.00000000
2018-02-27 16:17:17,0.00008783,4136.00000000
2018-02-27 16:17:17,0.00008777,100.00000000
2018-02-27 16:17:17,0.00008776,13.00000000
2018-02-27 16:17:18,0.00008783,86.00000000
2018-02-27 16:17:21,0.00008776,100.00000000
2018-02-27 16:17:30,0.00008776,1154.00000000
2018-02-27 16:17:30,0.00008783,1.00000000
2018-02-27 16:17:36,0.00008783,106.00000000
2018-02-27 16:17:38,0.00008776,1.00000000
2018-02-27 16:17:43,0.00008782,15.00000000
2018-02-27 16:17:49,0.00008776,680.00000000
2018-02-27 16:17:51,0.00008776,32.00000000
2018-02-27 16:17:54,0.00008776,29.00000000
2018-02-27 16:17:58,0.00008782,61.00000000
2018-02-27 16:17:58,0.00008776,111.00000000
2018-02-27 16:17:58,0.00008775,1028.00000000
2018-02-27 16:18:01,0.00008782,821.00000000
2018-02-27 16:18:06,0.00008782,1440.00000000
2018-02-27 16:18:08,0.00008782,163.00000000
2018-02-27 16:18:12,0.00008776,15.00000000
2018-02-27 16:18:16,0.00008776,12.00000000
2018-02-27 16:18:18,0.00008776,23.00000000
2018-02-27 16:18:20,0.00008776,44.00000000
2018-02-27 16:18:21,0.00008776,509.00000000
2018-02-27 16:18:23,0.00008776,140.00000000
2018-02-27 16:18:27,0.00008777,1353.00000000
2018-02-27 16:18:27,0.00008776,3479.00000000
2018-02-27 16:18:32,0.00008776,105.00000000
2018-02-27 16:18:53,0.00008776,11.00000000
2018-02-27 16:19:05,0.00008776,19.00000000
2018-02-27 16:19:06,0.00008782,37.00000000
2018-02-27 16:19:08,0.00008776,998.00000000
2018-02-27 16:19:10,0.00008776,7633.00000000
2018-02-27 16:19:15,0.00008776,200.00000000
2018-02-27 16:19:17,0.00008776,336.00000000
2018-02-27 16:19:27,0.00008776,37.00000000
2018-02-27 16:19:29,0.00008776,37.00000000
2018-02-27 16:19:32,0.00008782,20.00000000
2018-02-27 16:19:32,0.00008777,180.00000000
2018-02-27 16:19:33,0.00008777,142.00000000
2018-02-27 16:19:41,0.00008777,49.00000000
2018-02-27 16:19:45,0.00008782,350.00000000
2018-02-27 16:19:57,0.00008782,7.00000000
2018-02-27 16:19:57,0.00008783,258.00000000
2018-02-27 16:20:01,0.00008777,184.00000000
2018-02-27 16:20:11,0.00008777,21.00000000
2018-02-27 16:20:16,0.00008783,8422.00000000
2018-02-27 16:20:18,0.00008783,1.00000000
2018-02-27 16:20:20,0.00008782,113.00000000
2018-02-27 16:20:21,0.00008782,187.00000000
2018-02-27 16:20:21,0.00008777,113.00000000
2018-02-27 16:20:26,0.00008783,1064.00000000
2018-02-27 16:20:26,0.00008783,1363.00000000
2018-02-27 16:20:27,0.00008783,38.00000000
2018-02-27 16:20:28,0.00008783,133.00000000
2018-02-27 16:20:28,0.00008783,133.00000000
2018-02-27 16:20:30,0.00008778,655.00000000
2018-02-27 16:20:37,0.00008783,5.00000000
2018-02-27 16:20:37,0.00008785,98.00000000
2018-02-27 16:20:37,0.00008785,89.00000000
2018-02-27 16:20:38,0.00008785,813.00000000
2018-02-27 16:20:38,0.00008786,146.00000000
2018-02-27 16:20:45,0.00008780,113.00000000
2018-02-27 16:20:46,0.00008790,19.00000000
2018-02-27 16:20:49,0.00008790,269.00000000
2018-02-27 16:20:51,0.00008790,113.00000000
2018-02-27 16:20:51,0.00008790,118.00000000
2018-02-27 16:20:51,0.00008783,13.00000000
2018-02-27 16:20:51,0.00008780,76.00000000
2018-02-27 16:20:52,0.00008780,231.00000000
2018-02-27 16:20:52,0.00008783,11.00000000
2018-02-27 16:20:53,0.00008783,33.00000000
2018-02-27 16:20:53,0.00008783,25.00000000
2018-02-27 16:20:55,0.00008786,65.00000000
2018-02-27 16:20:57,0.00008786,60.00000000
2018-02-27 16:21:06,0.00008786,484.00000000
2018-02-27 16:21:06,0.00008780,21.00000000
2018-02-27 16:21:06,0.00008780,32.00000000
2018-02-27 16:21:09,0.00008780,45.00000000
2018-02-27 16:21:11,0.00008780,45.00000000
2018-02-27 16:21:14,0.00008786,390.00000000
2018-02-27 16:21:14,0.00008791,20.00000000
2018-02-27 16:21:14,0.00008793,132.00000000
2018-02-27 16:21:15,0.00008793,37.00000000
2018-02-27 16:21:20,0.00008780,102.00000000
2018-02-27 16:21:21,0.00008780,100.00000000
2018-02-27 16:21:34,0.00008780,20.00000000
2018-02-27 16:21:35,0.00008790,50.00000000
2018-02-27 16:21:35,0.00008792,50.00000000
2018-02-27 16:21:36,0.00008780,98.00000000
2018-02-27 16:21:47,0.00008782,233.00000000
2018-02-27 16:21:51,0.00008792,14.00000000
2018-02-27 16:22:04,0.00008791,123.00000000
2018-02-27 16:22:08,0.00008791,809.00000000
2018-02-27 16:22:14,0.00008783,998.00000000
2018-02-27 16:22:24,0.00008791,48.00000000
2018-02-27 16:22:25,0.00008791,2.00000000
2018-02-27 16:22:28,0.00008785,94.00000000
2018-02-27 16:22:28,0.00008783,874.00000000
2018-02-27 16:22:32,0.00008792,160.00000000
2018-02-27 16:22:52,0.00008792,115.00000000
2018-02-27 16:23:20,0.00008792,211.00000000
2018-02-27 16:23:31,0.00008786,109.00000000
2018-02-27 16:23:41,0.00008787,569.00000000
2018-02-27 16:23:41,0.00008787,2570.00000000
2018-02-27 16:23:42,0.00008787,569.00000000
2018-02-27 16:23:45,0.00008787,569.00000000
2018-02-27 16:23:46,0.00008792,1839.00000000
2018-02-27 16:23:48,0.00008792,18.00000000
2018-02-27 16:23:48,0.00008792,83.00000000
2018-02-27 16:23:48,0.00008792,87.00000000
2018-02-27 16:23:52,0.00008792,107.00000000
2018-02-27 16:24:09,0.00008792,113.00000000
2018-02-27 16:24:10,0.00008793,151.00000000
2018-02-27 16:24:13,0.00008793,817.00000000
2018-02-27 16:24:14,0.00008793,32.00000000
2018-02-27 16:24:14,0.00008792,13.00000000
2018-02-27 16:24:14,0.00008792,559.00000000
2018-02-27 16:24:14,0.00008787,1434.00000000
2018-02-27 16:24:14,0.00008786,1823.00000000
2018-02-27 16:24:16,0.00008786,998.00000000
2018-02-27 16:24:16,0.00008786,45.00000000
2018-02-27 16:24:19,0.00008786,45.00000000
2018-02-27 16:24:21,0.00008786,45.00000000
2018-02-27 16:24:21,0.00008794,200.00000000
2018-02-27 16:24:23,0.00008787,30.00000000
2018-02-27 16:24:23,0.00008786,15.00000000
2018-02-27 16:24:28,0.00008787,462.00000000
2018-02-27 16:24:32,0.00008787,90.00000000
2018-02-27 16:24:38,0.00008790,1080.00000000
2018-02-27 16:24:42,0.00008790,3203.00000000
2018-02-27 16:24:42,0.00008788,130.00000000
2018-02-27 16:24:42,0.00008787,2355.00000000
2018-02-27 16:24:43,0.00008786,90.00000000
2018-02-27 16:24:46,0.00008787,21.00000000
2018-02-27 16:24:58,0.00008786,45.00000000
2018-02-27 16:25:03,0.00008786,1080.00000000
2018-02-27 16:25:03,0.00008787,12847.00000000
2018-02-27 16:25:05,0.00008787,100.00000000
2018-02-27 16:25:06,0.00008787,6211.00000000
2018-02-27 16:25:11,0.00008787,4425.00000000
2018-02-27 16:25:11,0.00008787,12.00000000
2018-02-27 16:25:14,0.00008786,742.00000000
2018-02-27 16:25:14,0.00008786,2917.00000000
2018-02-27 16:25:31,0.00008787,2635.00000000
2018-02-27 16:25:46,0.00008787,1000.00000000
2018-02-27 16:25:47,0.00008787,90.00000000
2018-02-27 16:25:49,0.00008787,1859.00000000
2018-02-27 16:25:50,0.00008787,131.00000000
2018-02-27 16:25:50,0.00008787,957.00000000
2018-02-27 16:25:50,0.00008787,175.00000000
2018-02-27 16:25:51,0.00008787,250.00000000
2018-02-27 16:25:51,0.00008791,19.00000000
2018-02-27 16:25:54,0.00008794,94.00000000
2018-02-27 16:26:09,0.00008794,706.00000000
2018-02-27 16:26:13,0.00008787,936.00000000
2018-02-27 16:26:13,0.00008786,1046.00000000
2018-02-27 16:26:13,0.00008785,183.00000000
2018-02-27 16:26:13,0.00008783,969.00000000
2018-02-27 16:26:13,0.00008782,4507.00000000
2018-02-27 16:26:15,0.00008782,998.00000000
2018-02-27 16:26:21,0.00008782,912.00000000
2018-02-27 16:26:21,0.00008781,41.00000000
2018-02-27 16:26:21,0.00008780,3204.00000000
2018-02-27 16:26:21,0.00008777,418.00000000
2018-02-27 16:26:21,0.00008776,195.00000000
2018-02-27 16:26:27,0.00008791,545.00000000
2018-02-27 16:26:39,0.00008780,34.00000000
2018-02-27 16:26:39,0.00008776,31.00000000
2018-02-27 16:26:41,0.00008776,337.00000000
2018-02-27 16:26:48,0.00008782,100.00000000
2018-02-27 16:26:52,0.00008781,399.00000000
2018-02-27 16:26:59,0.00008776,825.00000000
2018-02-27 16:27:06,0.00008779,1139.00000000
2018-02-27 16:27:06,0.00008779,14.00000000
2018-02-27 16:27:08,0.00008776,175.00000000
2018-02-27 16:27:19,0.00008776,12.00000000
2018-02-27 16:27:21,0.00008778,23.00000000
2018-02-27 16:27:21,0.00008776,27.00000000
2018-02-27 16:27:23,0.00008777,2003.00000000
2018-02-27 16:27:28,0.00008776,1120.00000000
2018-02-27 16:27:41,0.00008776,720.00000000
2018-02-27 16:27:44,0.00008776,119.00000000
2018-02-27 16:27:47,0.00008777,9.00000000
2018-02-27 16:28:03,0.00008776,493.00000000
2018-02-27 16:28:15,0.00008776,32.00000000
2018-02-27 16:28:22,0.00008777,210.00000000
2018-02-27 16:28:27,0.00008776,900.00000000
2018-02-27 16:28:30,0.00008776,38.00000000
2018-02-27 16:28:30,0.00008777,57.00000000
2018-02-27 16:28:37,0.00008776,18.00000000
2018-02-27 16:28:37,0.00008776,18.00000000
2018-02-27 16:28:39,0.00008776,20.00000000
2018-02-27 16:28:39,0.00008776,490.00000000
2018-02-27 16:28:40,0.00008776,36.00000000
2018-02-27 16:28:40,0.00008776,3126.00000000
2018-02-27 16:28:41,0.00008776,268.00000000
2018-02-27 16:28:41,0.00008776,601.00000000
2018-02-27 16:28:42,0.00008776,18.00000000
2018-02-27 16:28:43,0.00008776,14.00000000
2018-02-27 16:28:43,0.00008776,1003.00000000
2018-02-27 16:28:45,0.00008776,124.00000000
2018-02-27 16:28:46,0.00008776,968.00000000
2018-02-27 16:28:47,0.00008776,2835.00000000
2018-02-27 16:28:48,0.00008776,194.00000000
2018-02-27 16:28:48,0.00008775,43.00000000
2018-02-27 16:28:51,0.00008775,183.00000000
2018-02-27 16:29:00,0.00008776,20.00000000
2018-02-27 16:29:01,0.00008776,23.00000000
2018-02-27 16:29:06,0.00008776,441.00000000
2018-02-27 16:29:09,0.00008775,99.00000000
2018-02-27 16:29:09,0.00008774,420.00000000
2018-02-27 16:29:11,0.00008776,2196.00000000
2018-02-27 16:29:18,0.00008774,200.00000000
2018-02-27 16:29:40,0.00008775,121.00000000
2018-02-27 16:29:42,0.00008775,75.00000000
2018-02-27 16:29:51,0.00008775,565.00000000
2018-02-27 16:29:56,0.00008775,12.00000000
2018-02-27 16:30:00,0.00008775,137.00000000
2018-02-27 16:30:02,0.00008774,12.00000000
2018-02-27 16:30:08,0.00008775,25.00000000
2018-02-27 16:30:11,0.00008775,1261.00000000
2018-02-27 16:30:20,0.00008775,688.00000000
2018-02-27 16:30:30,0.00008775,244.00000000
2018-02-27 16:30:31,0.00008775,855.00000000
2018-02-27 16:30:33,0.00008777,3245.00000000
2018-02-27 16:30:38,0.00008776,616.00000000
2018-02-27 16:30:46,0.00008777,64.00000000
2018-02-27 16:30:58,0.00008776,264.00000000
2018-02-27 16:31:01,0.00008777,113.00000000
2018-02-27 16:31:04,0.00008776,517.00000000
2018-02-27 16:31:06,0.00008777,1939.00000000
2018-02-27 16:31:07,0.00008776,319.00000000
2018-02-27 16:31:11,0.00008776,336.00000000
2018-02-27 16:31:13,0.00008777,107.00000000
2018-02-27 16:31:14,0.00008777,1001.00000000
2018-02-27 16:31:16,0.00008777,25.00000000
2018-02-27 16:31:19,0.00008777,74.00000000
2018-02-27 16:31:20,0.00008777,751.00000000
2018-02-27 16:31:23,0.00008777,25.00000000
2018-02-27 16:31:24,0.00008777,1088.00000000
2018-02-27 16:31:25,0.00008777,330.00000000
2018-02-27 16:31:25,0.00008777,993.00000000
2018-02-27 16:31:26,0.00008777,200.00000000
2018-02-27 16:31:28,0.00008781,113.00000000
2018-02-27 16:31:28,0.00008781,6.00000000
2018-02-27 16:31:28,0.00008786,34.00000000
2018-02-27 16:31:30,0.00008786,390.00000000
2018-02-27 16:31:30,0.00008787,517.00000000
2018-02-27 16:31:30,0.00008788,102.00000000
2018-02-27 16:31:30,0.00008789,63.00000000
2018-02-27 16:31:30,0.00008789,113.00000000
2018-02-27 16:31:41,0.00008778,111.00000000
2018-02-27 16:31:42,0.00008788,111.00000000
2018-02-27 16:31:42,0.00008789,3.00000000
2018-02-27 16:31:45,0.00008789,176.00000000
2018-02-27 16:31:45,0.00008789,345.00000000
2018-02-27 16:31:45,0.00008789,51.00000000
2018-02-27 16:31:50,0.00008789,100.00000000
2018-02-27 16:31:51,0.00008779,100.00000000
2018-02-27 16:31:52,0.00008793,19.00000000
2018-02-27 16:31:58,0.00008792,1021.00000000
2018-02-27 16:32:01,0.00008792,64.00000000
2018-02-27 16:32:09,0.00008779,50.00000000
2018-02-27 16:32:09,0.00008777,25.00000000
2018-02-27 16:32:26,0.00008778,500.00000000
2018-02-27 16:32:36,0.00008780,113.00000000
2018-02-27 16:32:36,0.00008780,966.00000000
2018-02-27 16:32:37,0.00008778,49.00000000
2018-02-27 16:32:40,0.00008778,70.00000000
2018-02-27 16:32:40,0.00008778,25.00000000
2018-02-27 16:32:44,0.00008778,257.00000000
2018-02-27 16:32:44,0.00008780,1540.00000000
2018-02-27 16:32:51,0.00008780,257.00000000
2018-02-27 16:32:56,0.00008778,75.00000000
2018-02-27 16:32:58,0.00008780,1376.00000000
2018-02-27 16:33:09,0.00008780,26.00000000
2018-02-27 16:33:11,0.00008778,356.00000000
2018-02-27 16:33:12,0.00008779,50.00000000
2018-02-27 16:33:12,0.00008780,405.00000000
2018-02-27 16:33:19,0.00008780,500.00000000
2018-02-27 16:33:19,0.00008780,89.00000000
2018-02-27 16:33:21,0.00008778,78.00000000
2018-02-27 16:33:30,0.00008778,1139.00000000
2018-02-27 16:33:31,0.00008777,500.00000000
2018-02-27 16:33:37,0.00008778,1139.00000000
2018-02-27 16:33:39,0.00008778,570.00000000
2018-02-27 16:33:39,0.00008778,10762.00000000
2018-02-27 16:33:40,0.00008777,22.00000000
2018-02-27 16:33:43,0.00008778,1139.00000000
2018-02-27 16:33:50,0.00008777,810.00000000
2018-02-27 16:34:00,0.00008777,108.00000000
2018-02-27 16:34:02,0.00008778,124.00000000
2018-02-27 16:34:08,0.00008778,47.00000000
2018-02-27 16:34:26,0.00008777,1062.00000000
2018-02-27 16:34:28,0.00008778,490.00000000
2018-02-27 16:34:36,0.00008778,490.00000000
2018-02-27 16:34:44,0.00008778,490.00000000
2018-02-27 16:34:45,0.00008778,1139.00000000
2018-02-27 16:34:46,0.00008777,5.00000000
2018-02-27 16:34:53,0.00008778,495.00000000
2018-02-27 16:34:54,0.00008777,99.00000000
2018-02-27 16:34:54,0.00008778,21.00000000
2018-02-27 16:34:56,0.00008778,23.00000000
2018-02-27 16:34:58,0.00008778,38.00000000
2018-02-27 16:35:01,0.00008778,50.00000000
2018-02-27 16:35:01,0.00008778,594.00000000
2018-02-27 16:35:05,0.00008777,1139.00000000
2018-02-27 16:35:05,0.00008777,759.00000000
2018-02-27 16:35:06,0.00008776,1006.00000000
2018-02-27 16:35:08,0.00008776,80.00000000
2018-02-27 16:35:09,0.00008778,1139.00000000
2018-02-27 16:35:18,0.00008777,45.00000000
2018-02-27 16:35:18,0.00008778,55.00000000
2018-02-27 16:35:19,0.00008776,13.00000000
2018-02-27 16:35:20,0.00008778,906.00000000
2018-02-27 16:35:28,0.00008778,90.00000000
2018-02-27 16:35:29,0.00008778,64.00000000
2018-02-27 16:35:30,0.00008776,20.00000000
2018-02-27 16:35:36,0.00008778,22.00000000
2018-02-27 16:35:40,0.00008778,9.00000000
2018-02-27 16:35:43,0.00008778,132.00000000
2018-02-27 16:35:47,0.00008778,80.00000000
2018-02-27 16:35:50,0.00008778,1139.00000000
2018-02-27 16:35:51,0.00008778,114.00000000
2018-02-27 16:35:55,0.00008777,2220.00000000
2018-02-27 16:36:02,0.00008777,81.00000000
2018-02-27 16:36:02,0.00008776,221.00000000
2018-02-27 16:36:03,0.00008777,37.00000000
2018-02-27 16:36:03,0.00008778,10045.00000000
2018-02-27 16:36:03,0.00008780,837.00000000
2018-02-27 16:36:03,0.00008778,1699.00000000
2018-02-27 16:36:05,0.00008791,30.00000000
2018-02-27 16:36:06,0.00008776,1139.00000000
2018-02-27 16:36:06,0.00008776,2362.00000000
2018-02-27 16:36:07,0.00008791,111.00000000
2018-02-27 16:36:14,0.00008779,46.00000000
2018-02-27 16:36:18,0.00008781,13.00000000
2018-02-27 16:36:18,0.00008782,13.00000000
2018-02-27 16:36:25,0.00008782,64.00000000
2018-02-27 16:36:25,0.00008780,113.00000000
2018-02-27 16:36:33,0.00008780,1139.00000000
2018-02-27 16:36:36,0.00008780,340.00000000
2018-02-27 16:36:36,0.00008781,46.00000000
2018-02-27 16:36:37,0.00008780,66.00000000
2018-02-27 16:36:45,0.00008779,377.00000000
2018-02-27 16:36:45,0.00008780,99.00000000
2018-02-27 16:36:57,0.00008780,79.00000000
2018-02-27 16:36:57,0.00008791,524.00000000
2018-02-27 16:36:57,0.00008791,2260.00000000
2018-02-27 16:36:58,0.00008791,452.00000000
2018-02-27 16:36:58,0.00008791,73.00000000
2018-02-27 16:36:59,0.00008792,30.00000000
2018-02-27 16:37:04,0.00008792,54.00000000
2018-02-27 16:37:05,0.00008792,1227.00000000
2018-02-27 16:37:06,0.00008792,25.00000000
2018-02-27 16:37:06,0.00008792,102.00000000
2018-02-27 16:37:10,0.00008793,30.00000000
2018-02-27 16:37:11,0.00008792,113.00000000
2018-02-27 16:37:11,0.00008792,190.00000000
2018-02-27 16:37:11,0.00008791,83.00000000
2018-02-27 16:37:13,0.00008791,126.00000000
2018-02-27 16:37:16,0.00008792,223.00000000
2018-02-27 16:37:21,0.00008791,1527.00000000
2018-02-27 16:37:22,0.00008791,22.00000000
2018-02-27 16:37:32,0.00008780,15.00000000
2018-02-27 16:37:32,0.00008779,354.00000000
2018-02-27 16:37:32,0.00008778,70.00000000
2018-02-27 16:37:34,0.00008778,20.00000000
2018-02-27 16:37:43,0.00008790,70.00000000
2018-02-27 16:37:43,0.00008791,450.00000000
2018-02-27 16:38:16,0.00008780,18.00000000
2018-02-27 16:38:16,0.00008779,68.00000000
2018-02-27 16:38:34,0.00008785,121.00000000
2018-02-27 16:38:34,0.00008780,470.00000000
2018-02-27 16:38:36,0.00008780,107.00000000
2018-02-27 16:38:37,0.00008785,1007.00000000
2018-02-27 16:38:37,0.00008785,739.00000000
2018-02-27 16:38:39,0.00008785,632.00000000
2018-02-27 16:38:56,0.00008785,27.00000000
2018-02-27 16:38:56,0.00008788,41.00000000
2018-02-27 16:39:25,0.00008785,127.00000000
2018-02-27 16:39:25,0.00008780,168.00000000
2018-02-27 16:39:35,0.00008780,68.00000000
2018-02-27 16:39:38,0.00008780,21.00000000
2018-02-27 16:39:41,0.00008780,9.00000000
2018-02-27 16:39:46,0.00008780,16.00000000
2018-02-27 16:39:48,0.00008785,60.00000000
2018-02-27 16:39:49,0.00008780,484.00000000
2018-02-27 16:39:52,0.00008780,54.00000000
2018-02-27 16:39:52,0.00008780,222.00000000
2018-02-27 16:39:52,0.00008783,886.00000000
2018-02-27 16:39:53,0.00008783,82.00000000
2018-02-27 16:39:55,0.00008779,45.00000000
2018-02-27 16:39:55,0.00008778,243.00000000
2018-02-27 16:39:57,0.00008783,33.00000000
2018-02-27 16:39:58,0.00008783,60.00000000
2018-02-27 16:40:02,0.00008783,1139.00000000
2018-02-27 16:40:02,0.00008783,122.00000000
2018-02-27 16:40:06,0.00008783,122.00000000
2018-02-27 16:40:06,0.00008780,78.00000000
2018-02-27 16:40:07,0.00008780,355.00000000
2018-02-27 16:40:07,0.00008778,2622.00000000
2018-02-27 16:40:09,0.00008785,83.00000000
2018-02-27 16:40:13,0.00008778,78.00000000
2018-02-27 16:40:18,0.00008778,68.00000000
2018-02-27 16:40:25,0.00008778,95.00000000
2018-02-27 16:40:30,0.00008778,431.00000000
2018-02-27 16:40:30,0.00008778,139.00000000
2018-02-27 16:40:47,0.00008779,29.00000000
2018-02-27 16:40:48,0.00008779,801.00000000
2018-02-27 16:41:01,0.00008782,23.00000000
2018-02-27 16:41:01,0.00008783,2211.00000000
2018-02-27 16:41:01,0.00008785,2901.00000000
2018-02-27 16:41:05,0.00008785,204.00000000
2018-02-27 16:41:09,0.00008785,50.00000000
2018-02-27 16:41:09,0.00008785,820.00000000
2018-02-27 16:41:13,0.00008786,75.00000000
2018-02-27 16:41:13,0.00008786,211.00000000
2018-02-27 16:41:19,0.00008786,4.00000000
2018-02-27 16:41:19,0.00008785,3196.00000000
2018-02-27 16:41:21,0.00008785,140.00000000
2018-02-27 16:41:24,0.00008780,135.00000000
2018-02-27 16:41:24,0.00008785,89.00000000
2018-02-27 16:41:24,0.00008788,112.00000000
2018-02-27 16:41:28,0.00008785,20.00000000
2018-02-27 16:41:41,0.00008780,20.00000000
2018-02-27 16:41:41,0.00008779,180.00000000
2018-02-27 16:41:47,0.00008785,51.00000000
2018-02-27 16:41:54,0.00008780,100.00000000
2018-02-27 16:42:09,0.00008785,124.00000000
2018-02-27 16:42:09,0.00008786,93.00000000
2018-02-27 16:42:15,0.00008780,287.00000000
2018-02-27 16:42:20,0.00008788,1138.00000000
2018-02-27 16:42:20,0.00008788,225.00000000
2018-02-27 16:42:20,0.00008780,9.00000000
2018-02-27 16:42:23,0.00008790,747.00000000
2018-02-27 16:42:23,0.00008790,497.00000000
2018-02-27 16:42:32,0.00008790,113.00000000
2018-02-27 16:42:39,0.00008781,1181.00000000
2018-02-27 16:42:39,0.00008780,2645.00000000
2018-02-27 16:42:39,0.00008779,4086.00000000
2018-02-27 16:42:39,0.00008778,473.00000000
2018-02-27 16:42:54,0.00008778,80.00000000
2018-02-27 16:42:56,0.00008787,395.00000000
2018-02-27 16:43:02,0.00008785,111.00000000
2018-02-27 16:43:08,0.00008785,219.00000000
2018-02-27 16:43:10,0.00008778,45.00000000
2018-02-27 16:43:28,0.00008778,432.00000000
2018-02-27 16:43:28,0.00008788,113.00000000
2018-02-27 16:43:33,0.00008779,10.00000000
2018-02-27 16:43:54,0.00008784,46.00000000
2018-02-27 16:43:54,0.00008779,1546.00000000
2018-02-27 16:43:55,0.00008784,81.00000000
2018-02-27 16:43:55,0.00008785,162.00000000
2018-02-27 16:43:56,0.00008780,23.00000000
2018-02-27 16:43:58,0.00008784,2310.00000000
2018-02-27 16:44:01,0.00008784,380.00000000
2018-02-27 16:44:02,0.00008784,1041.00000000
2018-02-27 16:44:04,0.00008784,176.00000000
2018-02-27 16:44:06,0.00008784,113.00000000
2018-02-27 16:44:11,0.00008784,1399.00000000
2018-02-27 16:44:18,0.00008784,999.00000000
2018-02-27 16:44:24,0.00008784,90.00000000
2018-02-27 16:44:34,0.00008787,353.00000000
2018-02-27 16:44:37,0.00008787,113.00000000
2018-02-27 16:44:38,0.00008784,20.00000000
2018-02-27 16:44:39,0.00008784,289.00000000
2018-02-27 16:44:42,0.00008784,48.00000000
2018-02-27 16:44:50,0.00008784,68.00000000
2018-02-27 16:44:57,0.00008784,501.00000000
2018-02-27 16:44:58,0.00008784,113.00000000
2018-02-27 16:44:58,0.00008787,1139.00000000
2018-02-27 16:44:58,0.00008790,281.00000000
2018-02-27 16:44:59,0.00008786,25.00000000
2018-02-27 16:45:01,0.00008784,30.00000000
2018-02-27 16:45:07,0.00008786,25.00000000
2018-02-27 16:45:07,0.00008790,1.00000000
2018-02-27 16:45:07,0.00008786,37.00000000
2018-02-27 16:45:07,0.00008784,51.00000000
2018-02-27 16:45:16,0.00008789,12.00000000
2018-02-27 16:45:19,0.00008788,419.00000000
2018-02-27 16:45:23,0.00008787,31.00000000
2018-02-27 16:45:24,0.00008787,227.00000000
2018-02-27 16:45:25,0.00008784,419.00000000
2018-02-27 16:45:26,0.00008787,32.00000000
2018-02-27 16:45:31,0.00008787,13.00000000
2018-02-27 16:45:33,0.00008784,91.00000000
2018-02-27 16:45:33,0.00008780,55.00000000
2018-02-27 16:45:33,0.00008780,469.00000000
2018-02-27 16:45:33,0.00008780,470.00000000
2018-02-27 16:45:34,0.00008780,54.00000000
2018-02-27 16:45:36,0.00008784,670.00000000
2018-02-27 16:45:39,0.00008784,956.00000000
2018-02-27 16:45:41,0.00008784,183.00000000
2018-02-27 16:45:41,0.00008787,20.00000000
2018-02-27 16:45:41,0.00008787,28.00000000
2018-02-27 16:45:45,0.00008779,100.00000000
2018-02-27 16:45:46,0.00008779,1139.00000000
2018-02-27 16:45:49,0.00008779,200.00000000
2018-02-27 16:45:50,0.00008784,172.00000000
2018-02-27 16:45:50,0.00008784,50.00000000
2018-02-27 16:45:53,0.00008784,25.00000000
2018-02-27 16:45:54,0.00008784,60.00000000
2018-02-27 16:45:55,0.00008784,38.00000000
2018-02-27 16:45:58,0.00008784,100.00000000
2018-02-27 16:45:59,0.00008783,406.00000000
2018-02-27 16:45:59,0.00008783,213.00000000
2018-02-27 16:46:05,0.00008784,22.00000000
2018-02-27 16:46:15,0.00008783,160.00000000
2018-02-27 16:46:17,0.00008784,793.00000000
2018-02-27 16:46:21,0.00008783,16.00000000
2018-02-27 16:46:31,0.00008783,833.00000000
2018-02-27 16:46:36,0.00008783,1064.00000000
2018-02-27 16:46:37,0.00008783,5.00000000
2018-02-27 16:46:38,0.00008783,52.00000000
2018-02-27 16:46:38,0.00008784,234.00000000
2018-02-27 16:46:45,0.00008784,1218.00000000
2018-02-27 16:46:51,0.00008784,112.00000000
2018-02-27 16:46:54,0.00008783,101.00000000
2018-02-27 16:46:56,0.00008783,122.00000000
2018-02-27 16:46:56,0.00008783,77.00000000
2018-02-27 16:47:07,0.00008783,425.00000000
2018-02-27 16:47:09,0.00008783,236.00000000
2018-02-27 16:47:10,0.00008783,287.00000000
2018-02-27 16:47:10,0.00008783,171.00000000
2018-02-27 16:47:13,0.00008783,147.00000000
2018-02-27 16:47:17,0.00008784,2545.00000000
2018-02-27 16:47:18,0.00008783,68.00000000
2018-02-27 16:47:18,0.00008783,15.00000000
2018-02-27 16:47:18,0.00008783,364.00000000
2018-02-27 16:47:19,0.00008783,15.00000000
2018-02-27 16:47:29,0.00008784,780.00000000
2018-02-27 16:47:32,0.00008783,38.00000000
2018-02-27 16:47:32,0.00008783,62.00000000
2018-02-27 16:47:35,0.00008784,450.00000000
2018-02-27 16:47:43,0.00008783,81.00000000
2018-02-27 16:47:43,0.00008779,20.00000000
2018-02-27 16:47:46,0.00008779,29.00000000
2018-02-27 16:47:46,0.00008779,76.00000000
2018-02-27 16:47:47,0.00008779,1139.00000000
2018-02-27 16:47:47,0.00008779,583.00000000
2018-02-27 16:47:49,0.00008779,18.00000000
2018-02-27 16:47:49,0.00008783,81.00000000
2018-02-27 16:47:49,0.00008779,257.00000000
2018-02-27 16:47:49,0.00008779,2542.00000000
2018-02-27 16:47:50,0.00008779,251.00000000
2018-02-27 16:47:50,0.00008778,113.00000000
2018-02-27 16:47:51,0.00008783,10.00000000
2018-02-27 16:47:51,0.00008784,327.00000000
2018-02-27 16:47:54,0.00008778,80.00000000
2018-02-27 16:47:55,0.00008778,220.00000000
2018-02-27 16:47:58,0.00008778,288.00000000
2018-02-27 16:48:00,0.00008778,1825.00000000
2018-02-27 16:48:05,0.00008778,1139.00000000
2018-02-27 16:48:11,0.00008778,1139.00000000
2018-02-27 16:48:13,0.00008778,1185.00000000
2018-02-27 16:48:13,0.00008778,47.00000000
2018-02-27 16:48:13,0.00008777,1930.00000000
2018-02-27 16:48:17,0.00008777,1139.00000000
2018-02-27 16:48:22,0.00008777,322.00000000
2018-02-27 16:48:22,0.00008777,871.00000000
2018-02-27 16:48:23,0.00008777,1139.00000000
2018-02-27 16:48:29,0.00008777,1139.00000000
2018-02-27 16:48:30,0.00008782,23.00000000
2018-02-27 16:48:36,0.00008777,8173.00000000
2018-02-27 16:48:36,0.00008777,1139.00000000
2018-02-27 16:48:42,0.00008777,1139.00000000
2018-02-27 16:48:48,0.00008777,801.00000000
2018-02-27 16:48:48,0.00008776,40.00000000
2018-02-27 16:48:54,0.00008776,801.00000000
2018-02-27 16:49:00,0.00008776,479.00000000
2018-02-27 16:49:02,0.00008776,83.00000000
2018-02-27 16:49:03,0.00008775,219.00000000
2018-02-27 16:49:07,0.00008775,2091.00000000
2018-02-27 16:49:08,0.00008775,1000.00000000
2018-02-27 16:49:08,0.00008774,1706.00000000
2018-02-27 16:49:13,0.00008774,236.00000000
2018-02-27 16:49:15,0.00008774,1317.00000000
2018-02-27 16:49:16,0.00008774,409.00000000
2018-02-27 16:49:18,0.00008774,3408.00000000
2018-02-27 16:49:23,0.00008771,130.00000000
2018-02-27 16:49:23,0.00008770,361.00000000
2018-02-27 16:49:24,0.00008774,1500.00000000
2018-02-27 16:49:35,0.00008770,159.00000000
2018-02-27 16:49:35,0.00008774,4.00000000
2018-02-27 16:49:46,0.00008768,91.00000000
2018-02-27 16:49:46,0.00008765,25.00000000
2018-02-27 16:49:55,0.00008765,340.00000000
2018-02-27 16:49:58,0.00008765,193.00000000
2018-02-27 16:50:01,0.00008760,47.00000000
2018-02-27 16:50:01,0.00008760,1.00000000
2018-02-27 16:50:01,0.00008760,118.00000000
2018-02-27 16:50:01,0.00008760,89.00000000
2018-02-27 16:50:02,0.00008760,143.00000000
2018-02-27 16:50:02,0.00008760,568.00000000
2018-02-27 16:50:02,0.00008760,81.00000000
2018-02-27 16:50:03,0.00008760,12.00000000
2018-02-27 16:50:06,0.00008765,11.00000000
2018-02-27 16:50:06,0.00008768,6.00000000
2018-02-27 16:50:10,0.00008761,250.00000000
2018-02-27 16:50:15,0.00008767,60.00000000
2018-02-27 16:50:17,0.00008761,141.00000000
2018-02-27 16:50:18,0.00008761,276.00000000
2018-02-27 16:50:22,0.00008761,363.00000000
2018-02-27 16:50:22,0.00008761,30.00000000
2018-02-27 16:50:23,0.00008761,456.00000000
2018-02-27 16:50:28,0.00008761,19.00000000
2018-02-27 16:50:30,0.00008761,111.00000000
2018-02-27 16:50:32,0.00008761,121.00000000
2018-02-27 16:50:35,0.00008761,10.00000000
2018-02-27 16:50:37,0.00008761,2155.00000000
2018-02-27 16:50:38,0.00008761,1137.00000000
2018-02-27 16:50:38,0.00008760,1009.00000000
2018-02-27 16:50:38,0.00008759,206.00000000
2018-02-27 16:50:38,0.00008758,48.00000000
2018-02-27 16:50:38,0.00008757,8737.00000000
2018-02-27 16:50:39,0.00008761,1000.00000000
2018-02-27 16:50:39,0.00008760,611.00000000
2018-02-27 16:50:39,0.00008760,73.00000000
2018-02-27 16:50:39,0.00008760,114.00000000
2018-02-27 16:50:39,0.00008761,586.00000000
2018-02-27 16:50:40,0.00008759,236.00000000
2018-02-27 16:50:40,0.00008759,83.00000000
2018-02-27 16:50:41,0.00008759,552.00000000
2018-02-27 16:50:42,0.00008759,194.00000000
2018-02-27 16:50:42,0.00008759,327.00000000
2018-02-27 16:50:43,0.00008759,100.00000000
2018-02-27 16:50:45,0.00008759,18.00000000
2018-02-27 16:50:46,0.00008759,147.00000000
2018-02-27 16:50:50,0.00008760,72.00000000
2018-02-27 16:50:52,0.00008759,35.00000000
2018-02-27 16:50:52,0.00008758,267.00000000
2018-02-27 16:51:00,0.00008757,40.00000000
2018-02-27 16:51:05,0.00008761,67.00000000
2018-02-27 16:51:09,0.00008761,979.00000000
2018-02-27 16:51:24,0.00008758,1141.00000000
2018-02-27 16:51:24,0.00008758,1099.00000000
2018-02-27 16:51:25,0.00008757,899.00000000
2018-02-27 16:51:27,0.00008760,74.00000000
2018-02-27 16:51:52,0.00008758,75.00000000
2018-02-27 16:51:56,0.00008758,20.00000000
2018-02-27 16:51:59,0.00008760,79.00000000
2018-02-27 16:52:00,0.00008760,91.00000000
2018-02-27 16:52:03,0.00008760,16.00000000
2018-02-27 16:52:12,0.00008760,40.00000000
2018-02-27 16:52:22,0.00008760,28.00000000
2018-02-27 16:52:30,0.00008760,827.00000000
2018-02-27 16:52:32,0.00008760,180.00000000
2018-02-27 16:52:32,0.00008761,323.00000000
2018-02-27 16:52:33,0.00008759,47.00000000
2018-02-27 16:52:34,0.00008759,205.00000000
2018-02-27 16:52:43,0.00008760,59.00000000
2018-02-27 16:52:49,0.00008760,50.00000000
2018-02-27 16:52:49,0.00008759,800.00000000
2018-02-27 16:52:56,0.00008759,47.00000000
2018-02-27 16:53:01,0.00008759,2848.00000000
2018-02-27 16:53:04,0.00008759,1564.00000000
2018-02-27 16:53:04,0.00008760,467.00000000
2018-02-27 16:53:26,0.00008760,700.00000000
2018-02-27 16:53:27,0.00008760,131.00000000
2018-02-27 16:53:30,0.00008760,633.00000000
2018-02-27 16:53:31,0.00008760,498.00000000
2018-02-27 16:53:32,0.00008759,92.00000000
2018-02-27 16:53:34,0.00008760,139.00000000
2018-02-27 16:53:37,0.00008760,457.00000000
2018-02-27 16:53:40,0.00008760,128.00000000
2018-02-27 16:53:40,0.00008759,1102.00000000
2018-02-27 16:53:41,0.00008759,74.00000000
2018-02-27 16:53:43,0.00008760,27.00000000
2018-02-27 16:53:45,0.00008760,470.00000000
2018-02-27 16:53:45,0.00008760,90.00000000
2018-02-27 16:53:47,0.00008759,345.00000000
2018-02-27 16:53:47,0.00008760,25.00000000
2018-02-27 16:53:47,0.00008760,67.00000000
2018-02-27 16:53:49,0.00008760,34.00000000
2018-02-27 16:53:50,0.00008761,27.00000000
2018-02-27 16:53:54,0.00008761,9.00000000
2018-02-27 16:53:55,0.00008762,18.00000000
2018-02-27 16:53:55,0.00008760,214.00000000
2018-02-27 16:53:56,0.00008760,47.00000000
2018-02-27 16:53:56,0.00008765,28.00000000
2018-02-27 16:53:59,0.00008765,12.00000000
2018-02-27 16:54:00,0.00008766,13.00000000
2018-02-27 16:54:00,0.00008766,2.00000000
2018-02-27 16:54:00,0.00008761,114.00000000
2018-02-27 16:54:03,0.00008767,1.00000000
2018-02-27 16:54:12,0.00008761,447.00000000
2018-02-27 16:54:33,0.00008765,79.00000000
2018-02-27 16:54:36,0.00008770,2.00000000
2018-02-27 16:54:38,0.00008770,174.00000000
2018-02-27 16:54:47,0.00008770,472.00000000
2018-02-27 16:54:48,0.00008765,6.00000000
2018-02-27 16:55:02,0.00008765,46.00000000
2018-02-27 16:55:06,0.00008770,10.00000000
2018-02-27 16:55:11,0.00008765,8.00000000
2018-02-27 16:55:11,0.00008763,362.00000000
2018-02-27 16:55:11,0.00008770,310.00000000
2018-02-27 16:55:11,0.00008770,2.00000000
2018-02-27 16:55:14,0.00008765,42.00000000
2018-02-27 16:55:24,0.00008765,545.00000000
2018-02-27 16:55:25,0.00008765,291.00000000
2018-02-27 16:55:25,0.00008763,197.00000000
2018-02-27 16:55:25,0.00008762,104.00000000
2018-02-27 16:55:31,0.00008765,102.00000000
2018-02-27 16:55:33,0.00008765,432.00000000
2018-02-27 16:55:54,0.00008763,69.00000000
2018-02-27 16:55:54,0.00008762,205.00000000
2018-02-27 16:55:54,0.00008765,834.00000000
2018-02-27 16:55:55,0.00008765,18.00000000
2018-02-27 16:55:55,0.00008765,863.00000000
2018-02-27 16:55:57,0.00008765,71.00000000
2018-02-27 16:56:05,0.00008765,221.00000000
2018-02-27 16:56:26,0.00008765,192.00000000
2018-02-27 16:56:27,0.00008763,189.00000000
2018-02-27 16:56:27,0.00008763,168.00000000
2018-02-27 16:56:28,0.00008762,1141.00000000
2018-02-27 16:56:28,0.00008762,157.00000000
2018-02-27 16:56:33,0.00008762,1937.00000000
2018-02-27 16:56:33,0.00008761,255.00000000
2018-02-27 16:56:39,0.00008762,27.00000000
2018-02-27 16:56:43,0.00008765,22.00000000
2018-02-27 16:56:49,0.00008762,184.00000000
2018-02-27 16:56:49,0.00008761,316.00000000
2018-02-27 16:56:53,0.00008761,173.00000000
2018-02-27 16:56:53,0.00008765,307.00000000
2018-02-27 16:56:56,0.00008765,32.00000000
2018-02-27 16:56:57,0.00008765,45.00000000
2018-02-27 16:56:59,0.00008765,27.00000000
2018-02-27 16:57:00,0.00008765,16.00000000
2018-02-27 16:57:04,0.00008765,85.00000000
2018-02-27 16:57:08,0.00008765,440.00000000
2018-02-27 16:57:10,0.00008765,242.00000000
2018-02-27 16:57:11,0.00008765,51.00000000
2018-02-27 16:57:17,0.00008765,1670.00000000
2018-02-27 16:57:18,0.00008765,850.00000000
2018-02-27 16:57:18,0.00008765,16.00000000
2018-02-27 16:57:22,0.00008765,105.00000000
2018-02-27 16:57:35,0.00008765,95.00000000
2018-02-27 16:57:39,0.00008765,1111.00000000
2018-02-27 16:57:46,0.00008762,4.00000000
2018-02-27 16:57:49,0.00008762,745.00000000
2018-02-27 16:57:49,0.00008765,370.00000000
2018-02-27 16:57:51,0.00008767,139.00000000
2018-02-27 16:57:53,0.00008770,492.00000000
2018-02-27 16:57:54,0.00008767,21.00000000
2018-02-27 16:57:57,0.00008770,492.00000000
2018-02-27 16:58:07,0.00008770,60.00000000
2018-02-27 16:58:13,0.00008763,404.00000000
2018-02-27 16:58:13,0.00008763,328.00000000
2018-02-27 16:58:14,0.00008762,1141.00000000
2018-02-27 16:58:17,0.00008769,99.00000000
2018-02-27 16:58:17,0.00008770,4382.00000000
2018-02-27 16:58:17,0.00008775,743.00000000
2018-02-27 16:58:17,0.00008776,955.00000000
2018-02-27 16:58:17,0.00008777,8779.00000000
2018-02-27 16:58:18,0.00008777,1403.00000000
2018-02-27 16:58:18,0.00008777,290.00000000
2018-02-27 16:58:18,0.00008777,100.00000000
2018-02-27 16:58:19,0.00008777,18.00000000
2018-02-27 16:58:19,0.00008777,483.00000000
2018-02-27 16:58:19,0.00008777,53.00000000
2018-02-27 16:58:19,0.00008777,483.00000000
2018-02-27 16:58:20,0.00008777,18.00000000
2018-02-27 16:58:20,0.00008777,2934.00000000
2018-02-27 16:58:21,0.00008777,471.00000000
2018-02-27 16:58:21,0.00008777,135.00000000
2018-02-27 16:58:21,0.00008777,165.00000000
2018-02-27 16:58:28,0.00008777,1139.00000000
2018-02-27 16:58:28,0.00008777,1363.00000000
2018-02-27 16:58:34,0.00008778,160.00000000
2018-02-27 16:58:34,0.00008779,12.00000000
2018-02-27 16:58:34,0.00008780,66.00000000
2018-02-27 16:58:35,0.00008780,89.00000000
2018-02-27 16:58:35,0.00008780,179.00000000
2018-02-27 16:58:35,0.00008780,74.00000000
2018-02-27 16:58:37,0.00008777,300.00000000
2018-02-27 16:58:38,0.00008777,30.00000000
2018-02-27 16:58:40,0.00008778,16.00000000
2018-02-27 16:58:40,0.00008783,173.00000000
2018-02-27 16:58:40,0.00008784,170.00000000
2018-02-27 16:58:46,0.00008784,362.00000000
2018-02-27 16:58:50,0.00008777,12.00000000
2018-02-27 16:58:51,0.00008777,764.00000000
2018-02-27 16:58:51,0.00008777,2192.00000000
2018-02-27 16:58:54,0.00008777,1139.00000000
2018-02-27 16:58:54,0.00008777,3418.00000000
2018-02-27 16:58:56,0.00008777,447.00000000
2018-02-27 16:58:57,0.00008779,35.00000000
2018-02-27 16:59:01,0.00008779,56.00000000
2018-02-27 16:59:01,0.00008782,82.00000000
2018-02-27 16:59:11,0.00008782,489.00000000
2018-02-27 16:59:11,0.00008784,625.00000000
2018-02-27 16:59:12,0.00008784,19.00000000
2018-02-27 16:59:18,0.00008784,369.00000000
2018-02-27 16:59:32,0.00008766,212.00000000
2018-02-27 16:59:36,0.00008782,14.00000000
2018-02-27 16:59:37,0.00008766,8.00000000
2018-02-27 16:59:51,0.00008766,81.00000000
2018-02-27 16:59:51,0.00008782,100.00000000
2018-02-27 16:59:53,0.00008768,24.00000000
2018-02-27 16:59:53,0.00008766,172.00000000
2018-02-27 16:59:53,0.00008766,89.00000000
2018-02-27 16:59:53,0.00008766,89.00000000
2018-02-27 16:59:56,0.00008766,38.00000000
