DATE,PRICE,VOLUME
2018-02-27 18:00:03,0.00008790,106.00000000
2018-02-27 18:00:07,0.00008790,792.00000000
2018-02-27 18:00:11,0.00008781,32.00000000
2018-02-27 18:00:22,0.00008790,104.00000000
2018-02-27 18:00:23,0.00008781,1656.00000000
2018-02-27 18:00:24,0.00008790,1137.00000000
2018-02-27 18:00:32,0.00008790,111.00000000
2018-02-27 18:00:40,0.00008790,362.00000000
2018-02-27 18:00:41,0.00008790,93.00000000
2018-02-27 18:00:42,0.00008790,191.00000000
2018-02-27 18:00:42,0.00008790,48.00000000
2018-02-27 18:00:44,0.00008790,1300.00000000
2018-02-27 18:00:44,0.00008790,770.00000000
2018-02-27 18:00:45,0.00008790,113.00000000
2018-02-27 18:00:49,0.00008790,100.00000000
2018-02-27 18:00:51,0.00008790,120.00000000
2018-02-27 18:01:03,0.00008781,200.00000000
2018-02-27 18:01:25,0.00008790,21.00000000
2018-02-27 18:01:25,0.00008791,11.00000000
2018-02-27 18:01:30,0.00008781,785.00000000
2018-02-27 18:01:40,0.00008781,77.00000000
2018-02-27 18:01:40,0.00008791,382.00000000
2018-02-27 18:01:43,0.00008781,3000.00000000
2018-02-27 18:01:55,0.00008791,40.00000000
2018-02-27 18:01:59,0.00008781,28.00000000
2018-02-27 18:02:08,0.00008783,14.00000000
2018-02-27 18:02:20,0.00008783,116.00000000
2018-02-27 18:02:20,0.00008783,113.00000000
2018-02-27 18:02:34,0.00008791,125.00000000
2018-02-27 18:02:42,0.00008790,33.00000000
2018-02-27 18:02:50,0.00008784,280.00000000
2018-02-27 18:02:59,0.00008786,100.00000000
2018-02-27 18:02:59,0.00008784,300.00000000
2018-02-27 18:03:07,0.00008784,300.00000000
2018-02-27 18:03:09,0.00008784,493.00000000
2018-02-27 18:03:09,0.00008784,75.00000000
2018-02-27 18:03:09,0.00008783,370.00000000
2018-02-27 18:03:13,0.00008784,362.00000000
2018-02-27 18:03:18,0.00008784,25.00000000
2018-02-27 18:03:22,0.00008784,248.00000000
2018-02-27 18:03:30,0.00008786,13.00000000
2018-02-27 18:03:39,0.00008786,19.00000000
2018-02-27 18:03:39,0.00008784,364.00000000
2018-02-27 18:03:39,0.00008783,96.00000000
2018-02-27 18:03:45,0.00008783,367.00000000
2018-02-27 18:03:45,0.00008789,1126.00000000
2018-02-27 18:03:45,0.00008790,936.00000000
2018-02-27 18:03:48,0.00008782,334.00000000
2018-02-27 18:03:48,0.00008781,360.00000000
2018-02-27 18:03:55,0.00008788,1138.00000000
2018-02-27 18:03:55,0.00008788,142.00000000
2018-02-27 18:03:55,0.00008788,30.00000000
2018-02-27 18:03:55,0.00008788,75.00000000
2018-02-27 18:04:01,0.00008786,48.00000000
2018-02-27 18:04:07,0.00008786,2.00000000
2018-02-27 18:04:07,0.00008788,881.00000000
2018-02-27 18:04:12,0.00008788,153.00000000
2018-02-27 18:04:20,0.00008787,98.00000000
2018-02-27 18:04:24,0.00008785,17.00000000
2018-02-27 18:04:25,0.00008785,373.00000000
2018-02-27 18:04:27,0.00008785,371.00000000
2018-02-27 18:04:28,0.00008785,2102.00000000
2018-02-27 18:04:29,0.00008786,373.00000000
2018-02-27 18:04:29,0.00008786,178.00000000
2018-02-27 18:04:32,0.00008786,452.00000000
2018-02-27 18:04:34,0.00008785,371.00000000
2018-02-27 18:04:34,0.00008784,17.00000000
2018-02-27 18:04:39,0.00008784,113.00000000
2018-02-27 18:04:43,0.00008786,800.00000000
2018-02-27 18:04:47,0.00008786,107.00000000
2018-02-27 18:04:48,0.00008786,10.00000000
2018-02-27 18:04:48,0.00008785,153.00000000
2018-02-27 18:04:48,0.00008784,159.00000000
2018-02-27 18:04:57,0.00008786,634.00000000
2018-02-27 18:04:57,0.00008786,768.00000000
2018-02-27 18:04:58,0.00008786,41.00000000
2018-02-27 18:04:59,0.00008786,507.00000000
2018-02-27 18:04:59,0.00008784,290.00000000
2018-02-27 18:05:00,0.00008784,119.00000000
2018-02-27 18:05:00,0.00008781,798.00000000
2018-02-27 18:05:10,0.00008781,255.00000000
2018-02-27 18:05:20,0.00008781,122.00000000
2018-02-27 18:05:21,0.00008781,113.00000000
2018-02-27 18:05:22,0.00008781,54.00000000
2018-02-27 18:05:22,0.00008781,69.00000000
2018-02-27 18:05:22,0.00008780,43.00000000
2018-02-27 18:05:34,0.00008780,750.00000000
2018-02-27 18:05:46,0.00008783,93.00000000
2018-02-27 18:05:50,0.00008781,15.00000000
2018-02-27 18:05:50,0.00008780,1497.00000000
2018-02-27 18:05:51,0.00008783,51.00000000
2018-02-27 18:05:51,0.00008784,279.00000000
2018-02-27 18:05:53,0.00008781,432.00000000
2018-02-27 18:05:53,0.00008784,2245.00000000
2018-02-27 18:05:59,0.00008783,1.00000000
2018-02-27 18:06:01,0.00008783,1059.00000000
2018-02-27 18:06:10,0.00008781,40.00000000
2018-02-27 18:06:10,0.00008780,295.00000000
2018-02-27 18:06:22,0.00008780,113.00000000
2018-02-27 18:06:27,0.00008783,23.00000000
2018-02-27 18:06:27,0.00008780,490.00000000
2018-02-27 18:06:31,0.00008783,372.00000000
2018-02-27 18:06:50,0.00008783,49.00000000
2018-02-27 18:06:56,0.00008785,58.00000000
2018-02-27 18:06:56,0.00008786,146.00000000
2018-02-27 18:06:56,0.00008787,49.00000000
2018-02-27 18:06:56,0.00008789,500.00000000
2018-02-27 18:06:56,0.00008790,1762.00000000
2018-02-27 18:06:59,0.00008784,11.00000000
2018-02-27 18:06:59,0.00008783,102.00000000
2018-02-27 18:07:01,0.00008783,373.00000000
2018-02-27 18:07:08,0.00008790,1.00000000
2018-02-27 18:07:08,0.00008783,113.00000000
2018-02-27 18:07:16,0.00008790,2401.00000000
2018-02-27 18:07:38,0.00008790,113.00000000
2018-02-27 18:08:08,0.00008783,160.00000000
2018-02-27 18:08:16,0.00008789,37.00000000
2018-02-27 18:08:24,0.00008783,800.00000000
2018-02-27 18:08:24,0.00008789,354.00000000
2018-02-27 18:08:28,0.00008789,171.00000000
2018-02-27 18:08:36,0.00008789,20.00000000
2018-02-27 18:08:42,0.00008783,50.00000000
2018-02-27 18:08:50,0.00008783,371.00000000
2018-02-27 18:08:50,0.00008783,1.00000000
2018-02-27 18:08:52,0.00008783,288.00000000
2018-02-27 18:08:52,0.00008783,82.00000000
2018-02-27 18:08:53,0.00008783,82.00000000
2018-02-27 18:08:53,0.00008781,51.00000000
2018-02-27 18:08:54,0.00008788,53.00000000
2018-02-27 18:08:55,0.00008781,133.00000000
2018-02-27 18:09:02,0.00008789,100.00000000
2018-02-27 18:09:09,0.00008781,113.00000000
2018-02-27 18:09:22,0.00008789,500.00000000
2018-02-27 18:09:22,0.00008781,1383.00000000
2018-02-27 18:09:22,0.00008781,667.00000000
2018-02-27 18:09:24,0.00008789,50.00000000
2018-02-27 18:09:27,0.00008789,429.00000000
2018-02-27 18:09:32,0.00008781,113.00000000
2018-02-27 18:09:33,0.00008789,149.00000000
2018-02-27 18:09:37,0.00008789,49.00000000
2018-02-27 18:09:43,0.00008790,1353.00000000
2018-02-27 18:09:44,0.00008790,18.00000000
2018-02-27 18:09:44,0.00008782,53.00000000
2018-02-27 18:09:44,0.00008781,164.00000000
2018-02-27 18:09:45,0.00008790,485.00000000
2018-02-27 18:09:45,0.00008790,576.00000000
2018-02-27 18:09:56,0.00008790,227.00000000
2018-02-27 18:10:13,0.00008785,99.00000000
2018-02-27 18:10:14,0.00008790,28.00000000
2018-02-27 18:10:27,0.00008790,12.00000000
2018-02-27 18:10:33,0.00008790,39.00000000
2018-02-27 18:10:38,0.00008785,62.00000000
2018-02-27 18:10:40,0.00008790,132.00000000
2018-02-27 18:10:45,0.00008785,109.00000000
2018-02-27 18:10:47,0.00008790,102.00000000
2018-02-27 18:10:51,0.00008790,95.00000000
2018-02-27 18:10:57,0.00008785,1275.00000000
2018-02-27 18:11:07,0.00008785,113.00000000
2018-02-27 18:11:10,0.00008785,110.00000000
2018-02-27 18:11:13,0.00008785,113.00000000
2018-02-27 18:11:26,0.00008785,227.00000000
2018-02-27 18:11:31,0.00008785,100.00000000
2018-02-27 18:11:32,0.00008785,113.00000000
2018-02-27 18:11:35,0.00008785,107.00000000
2018-02-27 18:11:35,0.00008780,97.00000000
2018-02-27 18:11:39,0.00008780,1843.00000000
2018-02-27 18:11:40,0.00008780,100.00000000
2018-02-27 18:11:41,0.00008780,87.00000000
2018-02-27 18:11:42,0.00008780,30.00000000
2018-02-27 18:11:44,0.00008779,113.00000000
2018-02-27 18:11:47,0.00008779,23.00000000
2018-02-27 18:11:49,0.00008779,35.00000000
2018-02-27 18:11:50,0.00008779,57.00000000
2018-02-27 18:11:58,0.00008777,191.00000000
2018-02-27 18:11:58,0.00008776,108.00000000
2018-02-27 18:12:08,0.00008777,100.00000000
2018-02-27 18:12:08,0.00008776,10.00000000
2018-02-27 18:12:08,0.00008775,568.00000000
2018-02-27 18:12:12,0.00008776,13.00000000
2018-02-27 18:12:12,0.00008776,90.00000000
2018-02-27 18:12:16,0.00008776,29.00000000
2018-02-27 18:12:16,0.00008779,251.00000000
2018-02-27 18:12:16,0.00008775,80.00000000
2018-02-27 18:12:19,0.00008779,24.00000000
2018-02-27 18:12:20,0.00008779,1529.00000000
2018-02-27 18:12:20,0.00008785,30.00000000
2018-02-27 18:12:20,0.00008789,713.00000000
2018-02-27 18:12:24,0.00008775,33.00000000
2018-02-27 18:12:25,0.00008775,30.00000000
2018-02-27 18:12:47,0.00008776,112.00000000
2018-02-27 18:12:49,0.00008776,21.00000000
2018-02-27 18:12:54,0.00008776,12.00000000
2018-02-27 18:13:03,0.00008789,100.00000000
2018-02-27 18:13:34,0.00008789,56.00000000
2018-02-27 18:13:41,0.00008777,701.00000000
2018-02-27 18:13:46,0.00008777,94.00000000
2018-02-27 18:13:47,0.00008777,31.00000000
2018-02-27 18:13:52,0.00008789,100.00000000
2018-02-27 18:13:53,0.00008789,151.00000000
2018-02-27 18:13:55,0.00008778,148.00000000
2018-02-27 18:13:55,0.00008777,451.00000000
2018-02-27 18:14:02,0.00008788,27.00000000
2018-02-27 18:14:02,0.00008789,49.00000000
2018-02-27 18:14:06,0.00008779,113.00000000
2018-02-27 18:14:10,0.00008789,476.00000000
2018-02-27 18:14:16,0.00008789,12.00000000
2018-02-27 18:14:20,0.00008779,218.00000000
2018-02-27 18:14:20,0.00008777,182.00000000
2018-02-27 18:14:22,0.00008789,1275.00000000
2018-02-27 18:14:41,0.00008788,287.00000000
2018-02-27 18:14:43,0.00008788,80.00000000
2018-02-27 18:14:43,0.00008789,92.00000000
2018-02-27 18:14:43,0.00008790,92.00000000
2018-02-27 18:14:43,0.00008791,998.00000000
2018-02-27 18:14:47,0.00008789,25.00000000
2018-02-27 18:14:48,0.00008789,414.00000000
2018-02-27 18:14:51,0.00008789,63.00000000
2018-02-27 18:14:51,0.00008789,25.00000000
2018-02-27 18:14:52,0.00008789,767.00000000
2018-02-27 18:14:56,0.00008789,331.00000000
2018-02-27 18:15:02,0.00008789,1304.00000000
2018-02-27 18:15:06,0.00008789,42.00000000
2018-02-27 18:15:11,0.00008789,113.00000000
2018-02-27 18:15:13,0.00008789,100.00000000
2018-02-27 18:15:14,0.00008789,2138.00000000
2018-02-27 18:15:20,0.00008789,767.00000000
2018-02-27 18:15:24,0.00008789,620.00000000
2018-02-27 18:15:25,0.00008789,767.00000000
2018-02-27 18:15:26,0.00008789,142.00000000
2018-02-27 18:15:26,0.00008789,101.00000000
2018-02-27 18:15:32,0.00008789,13.00000000
2018-02-27 18:15:32,0.00008789,5918.00000000
2018-02-27 18:15:33,0.00008789,715.00000000
2018-02-27 18:15:33,0.00008789,83.00000000
2018-02-27 18:15:41,0.00008786,7.00000000
2018-02-27 18:15:41,0.00008789,87.00000000
2018-02-27 18:15:44,0.00008789,605.00000000
2018-02-27 18:16:01,0.00008790,858.00000000
2018-02-27 18:16:09,0.00008789,645.00000000
2018-02-27 18:16:17,0.00008789,1.00000000
2018-02-27 18:16:19,0.00008789,170.00000000
2018-02-27 18:16:27,0.00008780,75.00000000
2018-02-27 18:16:37,0.00008780,88.00000000
2018-02-27 18:16:43,0.00008789,479.00000000
2018-02-27 18:16:45,0.00008780,337.00000000
2018-02-27 18:16:45,0.00008777,3970.00000000
2018-02-27 18:16:52,0.00008777,13.00000000
2018-02-27 18:16:53,0.00008777,4536.00000000
2018-02-27 18:16:53,0.00008776,143.00000000
2018-02-27 18:16:53,0.00008775,992.00000000
2018-02-27 18:16:53,0.00008773,725.00000000
2018-02-27 18:16:53,0.00008771,598.00000000
2018-02-27 18:16:53,0.00008770,2085.00000000
2018-02-27 18:17:03,0.00008771,109.00000000
2018-02-27 18:17:34,0.00008787,1270.00000000
2018-02-27 18:17:34,0.00008788,34.00000000
2018-02-27 18:17:36,0.00008788,125.00000000
2018-02-27 18:17:43,0.00008771,74.00000000
2018-02-27 18:17:51,0.00008775,100.00000000
2018-02-27 18:17:55,0.00008775,1197.00000000
2018-02-27 18:17:55,0.00008773,56.00000000
2018-02-27 18:17:55,0.00008771,109.00000000
2018-02-27 18:17:55,0.00008770,618.00000000
2018-02-27 18:17:59,0.00008771,598.00000000
2018-02-27 18:18:09,0.00008775,14.00000000
2018-02-27 18:18:11,0.00008775,46.00000000
2018-02-27 18:18:19,0.00008786,81.00000000
2018-02-27 18:18:34,0.00008775,69.00000000
2018-02-27 18:18:37,0.00008775,63.00000000
2018-02-27 18:18:44,0.00008780,2505.00000000
2018-02-27 18:18:47,0.00008780,90.00000000
2018-02-27 18:18:55,0.00008780,878.00000000
2018-02-27 18:18:56,0.00008780,90.00000000
2018-02-27 18:18:59,0.00008775,500.00000000
2018-02-27 18:19:01,0.00008779,594.00000000
2018-02-27 18:19:01,0.00008780,32.00000000
2018-02-27 18:19:01,0.00008780,43.00000000
2018-02-27 18:19:01,0.00008780,786.00000000
2018-02-27 18:19:14,0.00008780,122.00000000
2018-02-27 18:19:14,0.00008786,55.00000000
2018-02-27 18:19:20,0.00008786,306.00000000
2018-02-27 18:19:20,0.00008788,572.00000000
2018-02-27 18:19:23,0.00008788,225.00000000
2018-02-27 18:19:24,0.00008788,500.00000000
2018-02-27 18:19:25,0.00008784,38.00000000
2018-02-27 18:19:25,0.00008788,61.00000000
2018-02-27 18:19:26,0.00008775,50.00000000
2018-02-27 18:19:41,0.00008788,126.00000000
2018-02-27 18:19:42,0.00008780,445.00000000
2018-02-27 18:19:42,0.00008775,918.00000000
2018-02-27 18:19:42,0.00008775,755.00000000
2018-02-27 18:19:53,0.00008788,1734.00000000
2018-02-27 18:19:58,0.00008775,841.00000000
2018-02-27 18:19:59,0.00008788,2000.00000000
2018-02-27 18:20:02,0.00008773,74.00000000
2018-02-27 18:20:03,0.00008788,310.00000000
2018-02-27 18:20:05,0.00008773,43.00000000
2018-02-27 18:20:18,0.00008777,25.00000000
2018-02-27 18:20:24,0.00008788,661.00000000
2018-02-27 18:20:29,0.00008773,55.00000000
2018-02-27 18:20:34,0.00008780,103.00000000
2018-02-27 18:20:34,0.00008788,15.00000000
2018-02-27 18:20:39,0.00008773,100.00000000
2018-02-27 18:20:42,0.00008773,5000.00000000
2018-02-27 18:20:49,0.00008773,146.00000000
2018-02-27 18:20:55,0.00008788,15.00000000
2018-02-27 18:20:56,0.00008773,2179.00000000
2018-02-27 18:20:58,0.00008773,109.00000000
2018-02-27 18:21:23,0.00008787,315.00000000
2018-02-27 18:21:25,0.00008774,497.00000000
2018-02-27 18:21:25,0.00008773,30.00000000
2018-02-27 18:21:25,0.00008773,90.00000000
2018-02-27 18:21:25,0.00008773,89.00000000
2018-02-27 18:21:34,0.00008787,150.00000000
2018-02-27 18:21:35,0.00008787,25.00000000
2018-02-27 18:21:46,0.00008774,20.00000000
2018-02-27 18:21:50,0.00008780,570.00000000
2018-02-27 18:21:56,0.00008787,921.00000000
2018-02-27 18:21:56,0.00008788,105.00000000
2018-02-27 18:21:58,0.00008788,392.00000000
2018-02-27 18:22:07,0.00008785,85.00000000
2018-02-27 18:22:08,0.00008780,392.00000000
2018-02-27 18:22:08,0.00008776,178.00000000
2018-02-27 18:22:18,0.00008777,100.00000000
2018-02-27 18:22:21,0.00008777,393.00000000
2018-02-27 18:22:22,0.00008777,454.00000000
2018-02-27 18:22:25,0.00008780,229.00000000
2018-02-27 18:22:25,0.00008785,474.00000000
2018-02-27 18:22:25,0.00008787,436.00000000
2018-02-27 18:22:29,0.00008787,649.00000000
2018-02-27 18:22:29,0.00008787,7.00000000
2018-02-27 18:22:30,0.00008777,50.00000000
2018-02-27 18:22:33,0.00008786,170.00000000
2018-02-27 18:22:33,0.00008788,584.00000000
2018-02-27 18:22:47,0.00008788,48.00000000
2018-02-27 18:22:47,0.00008778,100.00000000
2018-02-27 18:22:52,0.00008778,4.00000000
2018-02-27 18:22:53,0.00008778,570.00000000
2018-02-27 18:22:54,0.00008778,30.00000000
2018-02-27 18:22:57,0.00008788,142.00000000
2018-02-27 18:23:09,0.00008780,46.00000000
2018-02-27 18:23:10,0.00008780,54.00000000
2018-02-27 18:23:10,0.00008779,274.00000000
2018-02-27 18:23:10,0.00008788,675.00000000
2018-02-27 18:23:22,0.00008788,270.00000000
2018-02-27 18:23:24,0.00008788,1000.00000000
2018-02-27 18:23:25,0.00008779,570.00000000
2018-02-27 18:23:26,0.00008779,226.00000000
2018-02-27 18:23:28,0.00008779,342.00000000
2018-02-27 18:23:28,0.00008778,481.00000000
2018-02-27 18:23:38,0.00008779,113.00000000
2018-02-27 18:23:40,0.00008788,98.00000000
2018-02-27 18:23:41,0.00008779,257.00000000
2018-02-27 18:23:41,0.00008778,3106.00000000
2018-02-27 18:23:42,0.00008788,45.00000000
2018-02-27 18:23:44,0.00008779,164.00000000
2018-02-27 18:23:46,0.00008779,46.00000000
2018-02-27 18:23:48,0.00008779,45.00000000
2018-02-27 18:23:51,0.00008779,139.00000000
2018-02-27 18:23:52,0.00008779,113.00000000
2018-02-27 18:23:53,0.00008779,172.00000000
2018-02-27 18:23:53,0.00008779,16.00000000
2018-02-27 18:23:55,0.00008779,475.00000000
2018-02-27 18:23:55,0.00008780,569.00000000
2018-02-27 18:23:58,0.00008788,68.00000000
2018-02-27 18:23:59,0.00008788,7.00000000
2018-02-27 18:24:02,0.00008780,500.00000000
2018-02-27 18:24:09,0.00008780,128.00000000
2018-02-27 18:24:13,0.00008778,7.00000000
2018-02-27 18:24:18,0.00008780,1.00000000
2018-02-27 18:24:18,0.00008778,524.00000000
2018-02-27 18:24:23,0.00008778,227.00000000
2018-02-27 18:24:24,0.00008778,739.00000000
2018-02-27 18:24:35,0.00008778,160.00000000
2018-02-27 18:24:39,0.00008778,23.00000000
2018-02-27 18:24:41,0.00008780,718.00000000
2018-02-27 18:24:42,0.00008778,50.00000000
2018-02-27 18:24:43,0.00008778,47.00000000
2018-02-27 18:24:47,0.00008778,87.00000000
2018-02-27 18:24:48,0.00008778,37.00000000
2018-02-27 18:24:49,0.00008780,106.00000000
2018-02-27 18:24:51,0.00008778,100.00000000
2018-02-27 18:24:54,0.00008780,265.00000000
2018-02-27 18:25:02,0.00008780,46.00000000
2018-02-27 18:25:03,0.00008780,400.00000000
2018-02-27 18:25:04,0.00008780,224.00000000
2018-02-27 18:25:04,0.00008780,377.00000000
2018-02-27 18:25:20,0.00008780,12.00000000
2018-02-27 18:25:20,0.00008780,1000.00000000
2018-02-27 18:25:43,0.00008780,300.00000000
2018-02-27 18:25:53,0.00008785,198.00000000
2018-02-27 18:25:54,0.00008785,113.00000000
2018-02-27 18:25:55,0.00008785,18.00000000
2018-02-27 18:25:56,0.00008785,13.00000000
2018-02-27 18:25:57,0.00008785,569.00000000
2018-02-27 18:25:59,0.00008785,2001.00000000
2018-02-27 18:25:59,0.00008785,569.00000000
2018-02-27 18:26:01,0.00008785,49.00000000
2018-02-27 18:26:04,0.00008785,12.00000000
2018-02-27 18:26:06,0.00008788,4.00000000
2018-02-27 18:26:10,0.00008788,2.00000000
2018-02-27 18:26:11,0.00008786,43.00000000
2018-02-27 18:26:12,0.00008786,569.00000000
2018-02-27 18:26:14,0.00008786,569.00000000
2018-02-27 18:26:20,0.00008788,961.00000000
2018-02-27 18:26:20,0.00008789,12.00000000
2018-02-27 18:26:20,0.00008790,317.00000000
2018-02-27 18:26:20,0.00008786,201.00000000
2018-02-27 18:26:26,0.00008786,556.00000000
2018-02-27 18:26:27,0.00008786,113.00000000
2018-02-27 18:26:38,0.00008786,207.00000000
2018-02-27 18:26:39,0.00008785,17.00000000
2018-02-27 18:26:41,0.00008786,56.00000000
2018-02-27 18:26:46,0.00008785,767.00000000
2018-02-27 18:26:47,0.00008785,13.00000000
2018-02-27 18:26:49,0.00008786,30.00000000
2018-02-27 18:26:51,0.00008785,767.00000000
2018-02-27 18:26:54,0.00008786,100.00000000
2018-02-27 18:26:54,0.00008786,2999.00000000
2018-02-27 18:26:54,0.00008788,775.00000000
2018-02-27 18:26:54,0.00008790,2700.00000000
2018-02-27 18:26:54,0.00008791,100.00000000
2018-02-27 18:26:54,0.00008794,466.00000000
2018-02-27 18:26:54,0.00008795,3516.00000000
2018-02-27 18:26:54,0.00008796,1073.00000000
2018-02-27 18:26:54,0.00008797,83.00000000
2018-02-27 18:26:54,0.00008798,946.00000000
2018-02-27 18:26:54,0.00008799,4247.00000000
2018-02-27 18:26:56,0.00008785,767.00000000
2018-02-27 18:27:04,0.00008787,569.00000000
2018-02-27 18:27:06,0.00008788,569.00000000
2018-02-27 18:27:06,0.00008799,3459.00000000
2018-02-27 18:27:06,0.00008800,756.00000000
2018-02-27 18:27:08,0.00008787,499.00000000
2018-02-27 18:27:08,0.00008787,569.00000000
2018-02-27 18:27:10,0.00008787,178.00000000
2018-02-27 18:27:15,0.00008798,569.00000000
2018-02-27 18:27:15,0.00008800,509.00000000
2018-02-27 18:27:15,0.00008803,600.00000000
2018-02-27 18:27:15,0.00008805,450.00000000
2018-02-27 18:27:15,0.00008800,2236.00000000
2018-02-27 18:27:16,0.00008787,492.00000000
2018-02-27 18:27:16,0.00008786,76.00000000
2018-02-27 18:27:17,0.00008786,581.00000000
2018-02-27 18:27:17,0.00008785,1124.00000000
2018-02-27 18:27:17,0.00008781,962.00000000
2018-02-27 18:27:17,0.00008780,66.00000000
2018-02-27 18:27:23,0.00008802,261.00000000
2018-02-27 18:27:26,0.00008802,86.00000000
2018-02-27 18:27:26,0.00008787,85.00000000
2018-02-27 18:27:27,0.00008786,25.00000000
2018-02-27 18:27:27,0.00008786,149.00000000
2018-02-27 18:27:30,0.00008786,100.00000000
2018-02-27 18:27:36,0.00008786,366.00000000
2018-02-27 18:27:38,0.00008786,100.00000000
2018-02-27 18:27:39,0.00008786,12.00000000
2018-02-27 18:27:45,0.00008787,165.00000000
2018-02-27 18:27:45,0.00008801,79.00000000
2018-02-27 18:27:48,0.00008787,26.00000000
2018-02-27 18:27:52,0.00008788,30.00000000
2018-02-27 18:27:52,0.00008787,300.00000000
2018-02-27 18:27:54,0.00008787,2.00000000
2018-02-27 18:28:05,0.00008798,29.00000000
2018-02-27 18:28:14,0.00008787,13.00000000
2018-02-27 18:28:25,0.00008798,299.00000000
2018-02-27 18:28:25,0.00008799,2506.00000000
2018-02-27 18:28:26,0.00008799,3065.00000000
2018-02-27 18:28:26,0.00008787,821.00000000
2018-02-27 18:28:26,0.00008786,598.00000000
2018-02-27 18:28:26,0.00008783,697.00000000
2018-02-27 18:28:26,0.00008782,642.00000000
2018-02-27 18:28:26,0.00008782,258.00000000
2018-02-27 18:28:26,0.00008780,582.00000000
2018-02-27 18:28:26,0.00008782,114.00000000
2018-02-27 18:28:26,0.00008782,210.00000000
2018-02-27 18:28:27,0.00008794,274.00000000
2018-02-27 18:28:27,0.00008781,962.00000000
2018-02-27 18:28:27,0.00008780,2106.00000000
2018-02-27 18:28:29,0.00008793,201.00000000
2018-02-27 18:28:33,0.00008793,36.00000000
2018-02-27 18:28:40,0.00008793,872.00000000
2018-02-27 18:28:41,0.00008793,499.00000000
2018-02-27 18:28:44,0.00008793,45.00000000
2018-02-27 18:28:44,0.00008793,90.00000000
2018-02-27 18:28:45,0.00008793,45.00000000
2018-02-27 18:28:45,0.00008793,41.00000000
2018-02-27 18:28:47,0.00008787,11.00000000
2018-02-27 18:28:58,0.00008787,1.00000000
2018-02-27 18:28:58,0.00008786,57.00000000
2018-02-27 18:28:58,0.00008781,407.00000000
2018-02-27 18:28:59,0.00008791,35.00000000
2018-02-27 18:29:05,0.00008787,382.00000000
2018-02-27 18:29:10,0.00008791,1.00000000
2018-02-27 18:29:10,0.00008793,437.00000000
2018-02-27 18:29:17,0.00008793,1000.00000000
2018-02-27 18:29:23,0.00008787,1050.00000000
2018-02-27 18:29:24,0.00008792,28.00000000
2018-02-27 18:29:38,0.00008787,600.00000000
2018-02-27 18:29:38,0.00008787,2.00000000
2018-02-27 18:29:40,0.00008787,384.00000000
2018-02-27 18:29:42,0.00008792,167.00000000
2018-02-27 18:29:45,0.00008787,12.00000000
2018-02-27 18:29:47,0.00008792,135.00000000
2018-02-27 18:29:50,0.00008790,208.00000000
2018-02-27 18:29:51,0.00008790,113.00000000
2018-02-27 18:29:52,0.00008790,51.00000000
2018-02-27 18:29:53,0.00008792,764.00000000
2018-02-27 18:29:54,0.00008792,236.00000000
2018-02-27 18:29:54,0.00008790,95.00000000
2018-02-27 18:29:54,0.00008787,97.00000000
2018-02-27 18:29:57,0.00008787,113.00000000
2018-02-27 18:30:01,0.00008787,225.00000000
2018-02-27 18:30:05,0.00008787,12.00000000
2018-02-27 18:30:18,0.00008790,51.00000000
2018-02-27 18:30:18,0.00008789,34.00000000
2018-02-27 18:30:18,0.00008787,21.00000000
2018-02-27 18:30:22,0.00008787,1043.00000000
2018-02-27 18:30:24,0.00008787,113.00000000
2018-02-27 18:30:26,0.00008793,66.00000000
2018-02-27 18:30:49,0.00008788,43.00000000
2018-02-27 18:30:50,0.00008788,7.00000000
2018-02-27 18:30:50,0.00008787,57.00000000
2018-02-27 18:30:51,0.00008787,113.00000000
2018-02-27 18:30:56,0.00008787,10.00000000
2018-02-27 18:31:06,0.00008790,300.00000000
2018-02-27 18:31:08,0.00008790,2060.00000000
2018-02-27 18:31:12,0.00008790,113.00000000
2018-02-27 18:31:15,0.00008790,113.00000000
2018-02-27 18:31:15,0.00008787,100.00000000
2018-02-27 18:31:18,0.00008790,268.00000000
2018-02-27 18:31:18,0.00008790,268.00000000
2018-02-27 18:31:18,0.00008790,113.00000000
2018-02-27 18:31:18,0.00008790,171.00000000
2018-02-27 18:31:19,0.00008787,585.00000000
2018-02-27 18:31:21,0.00008787,224.00000000
2018-02-27 18:31:26,0.00008787,16.00000000
2018-02-27 18:31:26,0.00008787,16.00000000
2018-02-27 18:31:31,0.00008786,113.00000000
2018-02-27 18:31:34,0.00008786,159.00000000
2018-02-27 18:31:35,0.00008786,113.00000000
2018-02-27 18:31:36,0.00008786,35.00000000
2018-02-27 18:31:36,0.00008787,248.00000000
2018-02-27 18:31:37,0.00008787,4419.00000000
2018-02-27 18:31:37,0.00008790,656.00000000
2018-02-27 18:31:39,0.00008790,569.00000000
2018-02-27 18:31:41,0.00008790,569.00000000
2018-02-27 18:31:41,0.00008793,54.00000000
2018-02-27 18:31:41,0.00008799,59.00000000
2018-02-27 18:31:43,0.00008790,569.00000000
2018-02-27 18:31:45,0.00008790,29.00000000
2018-02-27 18:31:50,0.00008790,569.00000000
2018-02-27 18:31:52,0.00008790,569.00000000
2018-02-27 18:31:54,0.00008790,569.00000000
2018-02-27 18:31:55,0.00008799,1.00000000
2018-02-27 18:31:56,0.00008790,183.00000000
2018-02-27 18:31:56,0.00008785,386.00000000
2018-02-27 18:32:07,0.00008787,113.00000000
2018-02-27 18:32:08,0.00008787,26.00000000
2018-02-27 18:32:08,0.00008789,386.00000000
2018-02-27 18:32:09,0.00008790,183.00000000
2018-02-27 18:32:10,0.00008793,2.00000000
2018-02-27 18:32:11,0.00008790,875.00000000
2018-02-27 18:32:13,0.00008790,225.00000000
2018-02-27 18:32:18,0.00008790,967.00000000
2018-02-27 18:32:19,0.00008785,1623.00000000
2018-02-27 18:32:19,0.00008784,378.00000000
2018-02-27 18:32:19,0.00008783,1466.00000000
2018-02-27 18:32:22,0.00008790,20.00000000
2018-02-27 18:32:22,0.00008785,31.00000000
2018-02-27 18:32:27,0.00008789,113.00000000
2018-02-27 18:32:27,0.00008789,30.00000000
2018-02-27 18:32:31,0.00008785,25.00000000
2018-02-27 18:32:31,0.00008783,201.00000000
2018-02-27 18:32:31,0.00008783,113.00000000
2018-02-27 18:32:32,0.00008789,19.00000000
2018-02-27 18:32:37,0.00008789,113.00000000
2018-02-27 18:32:42,0.00008785,40.00000000
2018-02-27 18:32:45,0.00008789,89.00000000
2018-02-27 18:32:45,0.00008790,709.00000000
2018-02-27 18:32:45,0.00008793,18.00000000
2018-02-27 18:32:45,0.00008799,284.00000000
2018-02-27 18:32:45,0.00008799,113.00000000
2018-02-27 18:32:47,0.00008786,963.00000000
2018-02-27 18:32:47,0.00008785,258.00000000
2018-02-27 18:32:50,0.00008798,113.00000000
2018-02-27 18:32:50,0.00008785,13.00000000
2018-02-27 18:32:54,0.00008786,569.00000000
2018-02-27 18:32:55,0.00008798,113.00000000
2018-02-27 18:32:56,0.00008786,431.00000000
2018-02-27 18:32:56,0.00008785,385.00000000
2018-02-27 18:33:05,0.00008796,113.00000000
2018-02-27 18:33:07,0.00008789,20.00000000
2018-02-27 18:33:10,0.00008795,66.00000000
2018-02-27 18:33:10,0.00008796,47.00000000
2018-02-27 18:33:13,0.00008790,43.00000000
2018-02-27 18:33:13,0.00008790,124.00000000
2018-02-27 18:33:13,0.00008786,50.00000000
2018-02-27 18:33:13,0.00008785,395.00000000
2018-02-27 18:33:15,0.00008799,113.00000000
2018-02-27 18:33:17,0.00008798,280.00000000
2018-02-27 18:33:17,0.00008798,12.00000000
2018-02-27 18:33:23,0.00008786,100.00000000
2018-02-27 18:33:23,0.00008785,469.00000000
2018-02-27 18:33:25,0.00008797,192.00000000
2018-02-27 18:33:27,0.00008785,40.00000000
2018-02-27 18:33:31,0.00008789,385.00000000
2018-02-27 18:33:31,0.00008790,300.00000000
2018-02-27 18:33:31,0.00008795,357.00000000
2018-02-27 18:33:32,0.00008785,15.00000000
2018-02-27 18:33:33,0.00008795,92.00000000
2018-02-27 18:33:34,0.00008785,12.00000000
2018-02-27 18:33:35,0.00008795,397.00000000
2018-02-27 18:33:35,0.00008797,292.00000000
2018-02-27 18:33:35,0.00008799,480.00000000
2018-02-27 18:33:35,0.00008800,2194.00000000
2018-02-27 18:33:35,0.00008802,683.00000000
2018-02-27 18:33:35,0.00008804,560.00000000
2018-02-27 18:33:35,0.00008805,1480.00000000
2018-02-27 18:33:35,0.00008807,200.00000000
2018-02-27 18:33:35,0.00008808,356.00000000
2018-02-27 18:33:35,0.00008810,262.00000000
2018-02-27 18:33:35,0.00008811,500.00000000
2018-02-27 18:33:35,0.00008814,2323.00000000
2018-02-27 18:33:35,0.00008815,1058.00000000
2018-02-27 18:33:35,0.00008816,106.00000000
2018-02-27 18:33:35,0.00008817,260.00000000
2018-02-27 18:33:35,0.00008820,244.00000000
2018-02-27 18:33:35,0.00008822,3433.00000000
2018-02-27 18:33:35,0.00008823,678.00000000
2018-02-27 18:33:35,0.00008824,58.00000000
2018-02-27 18:33:35,0.00008825,1098.00000000
2018-02-27 18:33:35,0.00008827,4120.00000000
2018-02-27 18:33:35,0.00008828,2969.00000000
2018-02-27 18:33:35,0.00008829,248.00000000
2018-02-27 18:33:35,0.00008830,1696.00000000
2018-02-27 18:33:35,0.00008833,59.00000000
2018-02-27 18:33:35,0.00008835,2246.00000000
2018-02-27 18:33:35,0.00008835,153.00000000
2018-02-27 18:33:35,0.00008835,3294.00000000
2018-02-27 18:33:35,0.00008837,497.00000000
2018-02-27 18:33:35,0.00008838,1339.00000000
2018-02-27 18:33:35,0.00008840,163.00000000
2018-02-27 18:33:35,0.00008835,88.00000000
2018-02-27 18:33:35,0.00008785,88.00000000
2018-02-27 18:33:35,0.00008800,1000.00000000
2018-02-27 18:33:35,0.00008786,1850.00000000
2018-02-27 18:33:36,0.00008787,114.00000000
2018-02-27 18:33:37,0.00008788,264.00000000
2018-02-27 18:33:42,0.00008803,113.00000000
2018-02-27 18:33:49,0.00008795,21.00000000
2018-02-27 18:33:51,0.00008795,52.00000000
2018-02-27 18:33:51,0.00008798,61.00000000
2018-02-27 18:33:51,0.00008786,32.00000000
2018-02-27 18:33:52,0.00008802,984.00000000
2018-02-27 18:33:53,0.00008803,113.00000000
2018-02-27 18:33:53,0.00008802,196.00000000
2018-02-27 18:33:53,0.00008802,788.00000000
2018-02-27 18:33:53,0.00008802,197.00000000
2018-02-27 18:33:53,0.00008802,49.00000000
2018-02-27 18:33:53,0.00008802,569.00000000
2018-02-27 18:33:54,0.00008802,340.00000000
2018-02-27 18:33:54,0.00008786,186.00000000
2018-02-27 18:33:55,0.00008786,15.00000000
2018-02-27 18:34:00,0.00008800,64.00000000
2018-02-27 18:34:02,0.00008800,113.00000000
2018-02-27 18:34:02,0.00008789,33.00000000
2018-02-27 18:34:04,0.00008800,113.00000000
2018-02-27 18:34:05,0.00008800,81.00000000
2018-02-27 18:34:07,0.00008790,806.00000000
2018-02-27 18:34:08,0.00008788,24.00000000
2018-02-27 18:34:08,0.00008789,25.00000000
2018-02-27 18:34:16,0.00008788,13.00000000
2018-02-27 18:34:21,0.00008789,113.00000000
2018-02-27 18:34:21,0.00008788,88.00000000
2018-02-27 18:34:24,0.00008789,113.00000000
2018-02-27 18:34:25,0.00008789,113.00000000
2018-02-27 18:34:27,0.00008788,569.00000000
2018-02-27 18:34:27,0.00008789,20.00000000
2018-02-27 18:34:28,0.00008788,289.00000000
2018-02-27 18:34:29,0.00008789,1.00000000
2018-02-27 18:34:30,0.00008788,569.00000000
2018-02-27 18:34:30,0.00008789,113.00000000
2018-02-27 18:34:30,0.00008789,444.00000000
2018-02-27 18:34:31,0.00008788,569.00000000
2018-02-27 18:34:34,0.00008788,569.00000000
2018-02-27 18:34:36,0.00008788,569.00000000
2018-02-27 18:34:36,0.00008788,746.00000000
2018-02-27 18:34:37,0.00008787,190.00000000
2018-02-27 18:34:37,0.00008786,64.00000000
2018-02-27 18:34:39,0.00008786,569.00000000
2018-02-27 18:34:40,0.00008789,113.00000000
2018-02-27 18:34:42,0.00008789,411.00000000
2018-02-27 18:34:42,0.00008789,795.00000000
2018-02-27 18:34:44,0.00008787,171.00000000
2018-02-27 18:34:46,0.00008788,79.00000000
2018-02-27 18:34:48,0.00008799,113.00000000
2018-02-27 18:34:50,0.00008799,4.00000000
2018-02-27 18:34:52,0.00008787,1000.00000000
2018-02-27 18:34:53,0.00008787,50.00000000
2018-02-27 18:34:55,0.00008798,113.00000000
2018-02-27 18:34:59,0.00008798,113.00000000
2018-02-27 18:35:00,0.00008798,5.00000000
2018-02-27 18:35:01,0.00008787,212.00000000
2018-02-27 18:35:02,0.00008798,12.00000000
2018-02-27 18:35:06,0.00008787,12.00000000
2018-02-27 18:35:09,0.00008798,20.00000000
2018-02-27 18:35:09,0.00008787,75.00000000
2018-02-27 18:35:09,0.00008786,267.00000000
2018-02-27 18:35:17,0.00008787,362.00000000
2018-02-27 18:35:21,0.00008787,437.00000000
2018-02-27 18:35:24,0.00008798,113.00000000
2018-02-27 18:35:26,0.00008787,362.00000000
2018-02-27 18:35:33,0.00008798,113.00000000
2018-02-27 18:35:38,0.00008790,2049.00000000
2018-02-27 18:35:40,0.00008790,156.00000000
2018-02-27 18:35:40,0.00008787,275.00000000
2018-02-27 18:35:40,0.00008786,8.00000000
2018-02-27 18:35:42,0.00008787,113.00000000
2018-02-27 18:35:47,0.00008790,113.00000000
2018-02-27 18:35:48,0.00008790,113.00000000
2018-02-27 18:35:48,0.00008787,13.00000000
2018-02-27 18:35:50,0.00008787,359.00000000
2018-02-27 18:35:52,0.00008787,663.00000000
2018-02-27 18:35:53,0.00008790,29.00000000
2018-02-27 18:35:54,0.00008787,50.00000000
2018-02-27 18:35:55,0.00008787,422.00000000
2018-02-27 18:35:58,0.00008790,354.00000000
2018-02-27 18:35:59,0.00008787,477.00000000
2018-02-27 18:35:59,0.00008787,413.00000000
2018-02-27 18:36:01,0.00008787,201.00000000
2018-02-27 18:36:06,0.00008791,114.00000000
2018-02-27 18:36:09,0.00008791,114.00000000
2018-02-27 18:36:10,0.00008791,792.00000000
2018-02-27 18:36:11,0.00008791,117.00000000
2018-02-27 18:36:12,0.00008788,40.00000000
2018-02-27 18:36:12,0.00008788,68.00000000
2018-02-27 18:36:21,0.00008790,117.00000000
2018-02-27 18:36:21,0.00008798,242.00000000
2018-02-27 18:36:27,0.00008788,19.00000000
2018-02-27 18:36:27,0.00008788,569.00000000
2018-02-27 18:36:29,0.00008788,569.00000000
2018-02-27 18:36:29,0.00008788,24.00000000
2018-02-27 18:36:29,0.00008789,86.00000000
2018-02-27 18:36:29,0.00008789,2550.00000000
2018-02-27 18:36:31,0.00008789,569.00000000
2018-02-27 18:36:32,0.00008789,162.00000000
2018-02-27 18:36:34,0.00008789,13.00000000
2018-02-27 18:36:34,0.00008789,375.00000000
2018-02-27 18:36:34,0.00008788,194.00000000
2018-02-27 18:36:36,0.00008788,12.00000000
2018-02-27 18:36:38,0.00008788,113.00000000
2018-02-27 18:36:39,0.00008791,15.00000000
2018-02-27 18:36:39,0.00008788,569.00000000
2018-02-27 18:36:40,0.00008789,87.00000000
2018-02-27 18:36:40,0.00008789,90.00000000
2018-02-27 18:36:43,0.00008789,46.00000000
2018-02-27 18:36:43,0.00008788,523.00000000
2018-02-27 18:36:46,0.00008788,167.00000000
2018-02-27 18:36:46,0.00008787,195.00000000
2018-02-27 18:36:52,0.00008794,107.00000000
2018-02-27 18:36:59,0.00008788,12.00000000
2018-02-27 18:37:04,0.00008788,2.00000000
2018-02-27 18:37:04,0.00008790,67.00000000
2018-02-27 18:37:05,0.00008790,468.00000000
2018-02-27 18:37:06,0.00008790,207.00000000
2018-02-27 18:37:10,0.00008790,12.00000000
2018-02-27 18:37:10,0.00008788,10.00000000
2018-02-27 18:37:11,0.00008794,140.00000000
2018-02-27 18:37:12,0.00008788,668.00000000
2018-02-27 18:37:17,0.00008788,13.00000000
2018-02-27 18:37:21,0.00008793,2.00000000
2018-02-27 18:37:22,0.00008788,1300.00000000
2018-02-27 18:37:26,0.00008793,106.00000000
2018-02-27 18:37:27,0.00008793,569.00000000
2018-02-27 18:37:30,0.00008793,422.00000000
2018-02-27 18:37:31,0.00008793,50.00000000
2018-02-27 18:37:31,0.00008788,519.00000000
2018-02-27 18:37:35,0.00008794,113.00000000
2018-02-27 18:37:36,0.00008794,113.00000000
2018-02-27 18:37:36,0.00008788,874.00000000
2018-02-27 18:37:38,0.00008788,16.00000000
2018-02-27 18:37:39,0.00008788,62.00000000
2018-02-27 18:37:39,0.00008794,13.00000000
2018-02-27 18:37:39,0.00008788,135.00000000
2018-02-27 18:37:39,0.00008788,569.00000000
2018-02-27 18:37:41,0.00008788,113.00000000
2018-02-27 18:37:42,0.00008794,985.00000000
2018-02-27 18:37:42,0.00008795,14.00000000
2018-02-27 18:37:43,0.00008794,89.00000000
2018-02-27 18:37:44,0.00008794,64.00000000
2018-02-27 18:37:44,0.00008789,15.00000000
2018-02-27 18:37:45,0.00008798,113.00000000
2018-02-27 18:37:45,0.00008789,286.00000000
2018-02-27 18:37:45,0.00008788,214.00000000
2018-02-27 18:37:46,0.00008788,19.00000000
2018-02-27 18:37:49,0.00008789,21.00000000
2018-02-27 18:37:50,0.00008798,113.00000000
2018-02-27 18:37:51,0.00008798,113.00000000
2018-02-27 18:37:54,0.00008798,1.00000000
2018-02-27 18:37:57,0.00008798,26.00000000
2018-02-27 18:38:00,0.00008797,113.00000000
2018-02-27 18:38:06,0.00008797,113.00000000
2018-02-27 18:38:07,0.00008791,114.00000000
2018-02-27 18:38:09,0.00008791,13.00000000
2018-02-27 18:38:12,0.00008791,94.00000000
2018-02-27 18:38:12,0.00008789,64.00000000
2018-02-27 18:38:16,0.00008796,30.00000000
2018-02-27 18:38:20,0.00008796,112.00000000
2018-02-27 18:38:20,0.00008796,113.00000000
2018-02-27 18:38:24,0.00008796,113.00000000
2018-02-27 18:38:26,0.00008795,49.00000000
2018-02-27 18:38:27,0.00008790,484.00000000
2018-02-27 18:38:27,0.00008789,516.00000000
2018-02-27 18:38:35,0.00008794,74.00000000
2018-02-27 18:38:35,0.00008795,655.00000000
2018-02-27 18:38:38,0.00008794,26.00000000
2018-02-27 18:38:38,0.00008789,77.00000000
2018-02-27 18:38:39,0.00008795,434.00000000
2018-02-27 18:38:41,0.00008795,20.00000000
2018-02-27 18:38:41,0.00008795,532.00000000
2018-02-27 18:38:42,0.00008795,113.00000000
2018-02-27 18:38:44,0.00008795,114.00000000
2018-02-27 18:38:45,0.00008795,108.00000000
2018-02-27 18:38:45,0.00008789,881.00000000
2018-02-27 18:38:48,0.00008789,13.00000000
2018-02-27 18:38:49,0.00008794,113.00000000
2018-02-27 18:38:54,0.00008794,100.00000000
2018-02-27 18:38:57,0.00008794,28.00000000
2018-02-27 18:38:57,0.00008795,194.00000000
2018-02-27 18:38:59,0.00008794,764.00000000
2018-02-27 18:39:03,0.00008794,1640.00000000
2018-02-27 18:39:03,0.00008791,50.00000000
2018-02-27 18:39:03,0.00008789,3527.00000000
2018-02-27 18:39:03,0.00008788,3408.00000000
2018-02-27 18:39:09,0.00008788,1000.00000000
2018-02-27 18:39:15,0.00008790,37.00000000
2018-02-27 18:39:16,0.00008795,473.00000000
2018-02-27 18:39:23,0.00008790,2010.00000000
2018-02-27 18:39:23,0.00008788,2927.00000000
2018-02-27 18:39:24,0.00008788,126.00000000
2018-02-27 18:39:26,0.00008788,12.00000000
2018-02-27 18:39:34,0.00008788,12.00000000
2018-02-27 18:39:34,0.00008794,113.00000000
2018-02-27 18:39:35,0.00008794,113.00000000
2018-02-27 18:39:37,0.00008794,19.00000000
2018-02-27 18:39:38,0.00008788,177.00000000
2018-02-27 18:39:38,0.00008788,711.00000000
2018-02-27 18:39:39,0.00008788,112.00000000
2018-02-27 18:39:39,0.00008794,174.00000000
2018-02-27 18:39:46,0.00008794,1222.00000000
2018-02-27 18:39:46,0.00008795,778.00000000
2018-02-27 18:39:52,0.00008795,4.00000000
2018-02-27 18:39:52,0.00008796,109.00000000
2018-02-27 18:39:57,0.00008787,34.00000000
2018-02-27 18:39:57,0.00008787,729.00000000
2018-02-27 18:39:59,0.00008787,9915.00000000
2018-02-27 18:39:59,0.00008787,113.00000000
2018-02-27 18:39:59,0.00008787,1294.00000000
2018-02-27 18:40:02,0.00008790,325.00000000
2018-02-27 18:40:04,0.00008787,90.00000000
2018-02-27 18:40:04,0.00008787,21.00000000
2018-02-27 18:40:06,0.00008795,113.00000000
2018-02-27 18:40:16,0.00008795,30.00000000
2018-02-27 18:40:17,0.00008787,13.00000000
2018-02-27 18:40:20,0.00008795,1391.00000000
2018-02-27 18:40:20,0.00008787,36.00000000
2018-02-27 18:40:21,0.00008787,940.00000000
2018-02-27 18:40:21,0.00008786,113.00000000
2018-02-27 18:40:31,0.00008787,113.00000000
2018-02-27 18:40:39,0.00008795,34.00000000
2018-02-27 18:40:39,0.00008787,207.00000000
2018-02-27 18:40:39,0.00008786,175.00000000
2018-02-27 18:40:40,0.00008786,217.00000000
2018-02-27 18:40:40,0.00008795,205.00000000
2018-02-27 18:40:41,0.00008785,113.00000000
2018-02-27 18:40:44,0.00008795,113.00000000
2018-02-27 18:40:50,0.00008787,331.00000000
2018-02-27 18:40:50,0.00008795,98.00000000
2018-02-27 18:40:56,0.00008795,799.00000000
2018-02-27 18:40:57,0.00008795,55.00000000
2018-02-27 18:40:58,0.00008787,80.00000000
2018-02-27 18:41:01,0.00008786,23.00000000
2018-02-27 18:41:02,0.00008787,12.00000000
2018-02-27 18:41:03,0.00008787,113.00000000
2018-02-27 18:41:09,0.00008787,176.00000000
2018-02-27 18:41:09,0.00008786,24.00000000
2018-02-27 18:41:11,0.00008787,62.00000000
2018-02-27 18:41:12,0.00008794,80.00000000
2018-02-27 18:41:12,0.00008795,33.00000000
2018-02-27 18:41:39,0.00008794,2362.00000000
2018-02-27 18:41:39,0.00008795,286.00000000
2018-02-27 18:41:39,0.00008787,19.00000000
2018-02-27 18:41:40,0.00008795,4454.00000000
2018-02-27 18:41:40,0.00008796,14.00000000
2018-02-27 18:41:40,0.00008798,111.00000000
2018-02-27 18:41:41,0.00008800,87.00000000
2018-02-27 18:41:41,0.00008800,6871.00000000
2018-02-27 18:41:41,0.00008800,4463.00000000
2018-02-27 18:41:41,0.00008787,881.00000000
2018-02-27 18:41:41,0.00008786,2637.00000000
2018-02-27 18:41:41,0.00008785,2755.00000000
2018-02-27 18:41:42,0.00008785,238.00000000
2018-02-27 18:42:10,0.00008787,597.00000000
2018-02-27 18:42:10,0.00008785,798.00000000
2018-02-27 18:42:12,0.00008794,5.00000000
2018-02-27 18:42:15,0.00008794,192.00000000
2018-02-27 18:42:17,0.00008785,765.00000000
2018-02-27 18:42:22,0.00008793,310.00000000
2018-02-27 18:42:28,0.00008793,2.00000000
2018-02-27 18:42:39,0.00008785,3.00000000
2018-02-27 18:42:39,0.00008793,113.00000000
2018-02-27 18:42:40,0.00008793,158.00000000
2018-02-27 18:42:41,0.00008793,113.00000000
2018-02-27 18:42:55,0.00008785,97.00000000
2018-02-27 18:42:55,0.00008785,113.00000000
2018-02-27 18:42:55,0.00008793,990.00000000
2018-02-27 18:43:02,0.00008793,1311.00000000
2018-02-27 18:43:02,0.00008793,113.00000000
2018-02-27 18:43:03,0.00008793,500.00000000
2018-02-27 18:43:03,0.00008793,61.00000000
2018-02-27 18:43:03,0.00008793,499.00000000
2018-02-27 18:43:04,0.00008793,104.00000000
2018-02-27 18:43:05,0.00008785,764.00000000
2018-02-27 18:43:09,0.00008793,113.00000000
2018-02-27 18:43:13,0.00008793,28.00000000
2018-02-27 18:43:15,0.00008785,745.00000000
2018-02-27 18:43:15,0.00008793,21.00000000
2018-02-27 18:43:18,0.00008785,765.00000000
2018-02-27 18:43:18,0.00008785,2902.00000000
2018-02-27 18:43:18,0.00008784,1492.00000000
2018-02-27 18:43:18,0.00008783,212.00000000
2018-02-27 18:43:18,0.00008781,33.00000000
2018-02-27 18:43:19,0.00008793,113.00000000
2018-02-27 18:43:28,0.00008793,33.00000000
2018-02-27 18:43:30,0.00008781,499.00000000
2018-02-27 18:43:40,0.00008781,107.00000000
2018-02-27 18:43:41,0.00008781,107.00000000
2018-02-27 18:43:42,0.00008781,113.00000000
2018-02-27 18:43:46,0.00008780,1001.00000000
2018-02-27 18:43:47,0.00008792,113.00000000
2018-02-27 18:43:48,0.00008781,160.00000000
2018-02-27 18:43:48,0.00008780,113.00000000
2018-02-27 18:43:49,0.00008781,84.00000000
2018-02-27 18:43:49,0.00008781,17.00000000
2018-02-27 18:43:50,0.00008792,13.00000000
2018-02-27 18:43:52,0.00008781,915.00000000
2018-02-27 18:43:52,0.00008780,677.00000000
2018-02-27 18:43:52,0.00008792,113.00000000
2018-02-27 18:43:53,0.00008781,699.00000000
2018-02-27 18:43:54,0.00008780,4011.00000000
2018-02-27 18:43:54,0.00008780,113.00000000
2018-02-27 18:43:57,0.00008780,765.00000000
2018-02-27 18:44:06,0.00008780,1.00000000
2018-02-27 18:44:06,0.00008793,113.00000000
2018-02-27 18:44:07,0.00008793,113.00000000
2018-02-27 18:44:22,0.00008793,113.00000000
2018-02-27 18:44:23,0.00008793,113.00000000
2018-02-27 18:44:28,0.00008791,113.00000000
2018-02-27 18:44:29,0.00008791,113.00000000
2018-02-27 18:44:31,0.00008781,217.00000000
2018-02-27 18:44:32,0.00008791,159.00000000
2018-02-27 18:44:36,0.00008791,137.00000000
2018-02-27 18:44:37,0.00008791,90.00000000
2018-02-27 18:44:37,0.00008791,6.00000000
2018-02-27 18:44:40,0.00008789,80.00000000
2018-02-27 18:44:40,0.00008791,113.00000000
2018-02-27 18:44:45,0.00008792,113.00000000
2018-02-27 18:44:51,0.00008791,155.00000000
2018-02-27 18:44:54,0.00008791,244.00000000
2018-02-27 18:45:00,0.00008791,113.00000000
2018-02-27 18:45:05,0.00008790,113.00000000
2018-02-27 18:45:08,0.00008785,12.00000000
2018-02-27 18:45:09,0.00008785,211.00000000
2018-02-27 18:45:10,0.00008790,113.00000000
2018-02-27 18:45:12,0.00008790,24.00000000
2018-02-27 18:45:12,0.00008790,26.00000000
2018-02-27 18:45:21,0.00008790,13.00000000
2018-02-27 18:45:21,0.00008785,22.00000000
2018-02-27 18:45:28,0.00008790,178.00000000
2018-02-27 18:45:30,0.00008785,653.00000000
2018-02-27 18:45:31,0.00008785,107.00000000
2018-02-27 18:45:32,0.00008785,107.00000000
2018-02-27 18:45:47,0.00008790,21.00000000
2018-02-27 18:45:47,0.00008790,23.00000000
2018-02-27 18:45:54,0.00008785,626.00000000
2018-02-27 18:45:56,0.00008785,40.00000000
2018-02-27 18:45:57,0.00008785,275.00000000
2018-02-27 18:45:58,0.00008790,402.00000000
2018-02-27 18:46:13,0.00008782,1000.00000000
2018-02-27 18:46:14,0.00008782,203.00000000
2018-02-27 18:46:14,0.00008781,135.00000000
2018-02-27 18:46:15,0.00008782,282.00000000
2018-02-27 18:46:20,0.00008781,45.00000000
2018-02-27 18:46:30,0.00008781,93.00000000
2018-02-27 18:46:31,0.00008790,14.00000000
2018-02-27 18:46:34,0.00008781,979.00000000
2018-02-27 18:46:36,0.00008790,2769.00000000
2018-02-27 18:46:36,0.00008790,106.00000000
2018-02-27 18:46:38,0.00008781,59.00000000
2018-02-27 18:46:39,0.00008790,80.00000000
2018-02-27 18:46:40,0.00008790,2763.00000000
2018-02-27 18:46:48,0.00008790,100.00000000
2018-02-27 18:46:51,0.00008785,58.00000000
2018-02-27 18:46:52,0.00008790,1500.00000000
2018-02-27 18:46:54,0.00008790,39.00000000
2018-02-27 18:46:54,0.00008791,493.00000000
2018-02-27 18:46:54,0.00008793,2.00000000
2018-02-27 18:47:05,0.00008792,113.00000000
2018-02-27 18:47:15,0.00008785,25.00000000
2018-02-27 18:47:15,0.00008785,32.00000000
2018-02-27 18:47:15,0.00008791,88.00000000
2018-02-27 18:47:16,0.00008791,80.00000000
2018-02-27 18:47:16,0.00008792,33.00000000
2018-02-27 18:47:23,0.00008792,104.00000000
2018-02-27 18:47:23,0.00008793,9.00000000
2018-02-27 18:47:26,0.00008792,94.00000000
2018-02-27 18:47:29,0.00008792,113.00000000
2018-02-27 18:47:33,0.00008786,113.00000000
2018-02-27 18:47:37,0.00008792,113.00000000
2018-02-27 18:47:37,0.00008792,144.00000000
2018-02-27 18:47:42,0.00008792,113.00000000
2018-02-27 18:47:46,0.00008792,1299.00000000
2018-02-27 18:47:48,0.00008786,113.00000000
2018-02-27 18:47:51,0.00008792,113.00000000
2018-02-27 18:47:55,0.00008790,12.00000000
2018-02-27 18:47:55,0.00008792,2775.00000000
2018-02-27 18:48:01,0.00008790,24.00000000
2018-02-27 18:48:01,0.00008792,89.00000000
2018-02-27 18:48:09,0.00008792,318.00000000
2018-02-27 18:48:17,0.00008786,97.00000000
2018-02-27 18:48:24,0.00008786,33.00000000
2018-02-27 18:48:24,0.00008785,167.00000000
2018-02-27 18:48:25,0.00008792,17.00000000
2018-02-27 18:48:25,0.00008792,113.00000000
2018-02-27 18:48:28,0.00008792,113.00000000
2018-02-27 18:48:30,0.00008792,3.00000000
2018-02-27 18:48:33,0.00008792,113.00000000
2018-02-27 18:48:33,0.00008785,297.00000000
2018-02-27 18:48:34,0.00008786,18.00000000
2018-02-27 18:48:34,0.00008786,102.00000000
2018-02-27 18:48:41,0.00008785,113.00000000
2018-02-27 18:48:43,0.00008786,29.00000000
2018-02-27 18:48:44,0.00008786,207.00000000
2018-02-27 18:48:44,0.00008786,64.00000000
2018-02-27 18:48:44,0.00008791,12.00000000
2018-02-27 18:48:44,0.00008792,195.00000000
2018-02-27 18:48:44,0.00008792,113.00000000
2018-02-27 18:48:45,0.00008792,113.00000000
2018-02-27 18:48:50,0.00008785,113.00000000
2018-02-27 18:48:52,0.00008792,198.00000000
2018-02-27 18:48:53,0.00008791,375.00000000
2018-02-27 18:48:54,0.00008792,393.00000000
2018-02-27 18:48:55,0.00008792,113.00000000
2018-02-27 18:48:57,0.00008791,1138.00000000
2018-02-27 18:48:57,0.00008791,154.00000000
2018-02-27 18:48:58,0.00008791,160.00000000
2018-02-27 18:49:06,0.00008790,149.00000000
2018-02-27 18:49:06,0.00008790,2356.00000000
2018-02-27 18:49:06,0.00008791,164.00000000
2018-02-27 18:49:08,0.00008786,113.00000000
2018-02-27 18:49:09,0.00008791,7.00000000
2018-02-27 18:49:10,0.00008791,496.00000000
2018-02-27 18:49:11,0.00008791,18.00000000
2018-02-27 18:49:11,0.00008791,246.00000000
2018-02-27 18:49:12,0.00008792,18.00000000
2018-02-27 18:49:12,0.00008792,3225.00000000
2018-02-27 18:49:23,0.00008793,921.00000000
2018-02-27 18:49:23,0.00008793,128.00000000
2018-02-27 18:49:23,0.00008790,620.00000000
2018-02-27 18:49:25,0.00008793,1896.00000000
2018-02-27 18:49:26,0.00008791,27.00000000
2018-02-27 18:49:26,0.00008790,634.00000000
2018-02-27 18:49:28,0.00008791,200.00000000
2018-02-27 18:49:33,0.00008791,654.00000000
2018-02-27 18:49:33,0.00008790,927.00000000
2018-02-27 18:49:35,0.00008795,1137.00000000
2018-02-27 18:49:35,0.00008795,18.00000000
2018-02-27 18:49:36,0.00008795,18.00000000
2018-02-27 18:49:40,0.00008794,113.00000000
2018-02-27 18:49:42,0.00008794,1075.00000000
2018-02-27 18:49:42,0.00008795,195.00000000
2018-02-27 18:49:43,0.00008795,1137.00000000
2018-02-27 18:49:43,0.00008795,1377.00000000
2018-02-27 18:49:45,0.00008795,113.00000000
2018-02-27 18:49:48,0.00008792,12.00000000
2018-02-27 18:49:48,0.00008790,1095.00000000
2018-02-27 18:49:50,0.00008795,38.00000000
2018-02-27 18:49:58,0.00008794,56.00000000
2018-02-27 18:49:58,0.00008792,500.00000000
2018-02-27 18:49:58,0.00008790,451.00000000
2018-02-27 18:49:58,0.00008790,113.00000000
2018-02-27 18:50:05,0.00008791,51.00000000
2018-02-27 18:50:05,0.00008790,32.00000000
2018-02-27 18:50:07,0.00008790,113.00000000
2018-02-27 18:50:10,0.00008790,12.00000000
2018-02-27 18:50:12,0.00008795,1751.00000000
2018-02-27 18:50:12,0.00008795,89.00000000
2018-02-27 18:50:13,0.00008790,113.00000000
2018-02-27 18:50:19,0.00008790,113.00000000
2018-02-27 18:50:20,0.00008795,26.00000000
2018-02-27 18:50:20,0.00008790,165.00000000
2018-02-27 18:50:22,0.00008790,1.00000000
2018-02-27 18:50:31,0.00008790,113.00000000
2018-02-27 18:50:34,0.00008790,191.00000000
2018-02-27 18:50:41,0.00008795,7.00000000
2018-02-27 18:50:41,0.00008795,79.00000000
2018-02-27 18:50:44,0.00008800,113.00000000
2018-02-27 18:50:44,0.00008795,1.00000000
2018-02-27 18:50:46,0.00008795,28.00000000
2018-02-27 18:50:48,0.00008795,49.00000000
2018-02-27 18:50:48,0.00008790,373.00000000
2018-02-27 18:50:51,0.00008800,859.00000000
2018-02-27 18:50:58,0.00008794,18.00000000
2018-02-27 18:51:10,0.00008800,23.00000000
2018-02-27 18:51:13,0.00008800,113.00000000
2018-02-27 18:51:15,0.00008794,77.00000000
2018-02-27 18:51:15,0.00008791,106.00000000
2018-02-27 18:51:18,0.00008794,113.00000000
2018-02-27 18:51:19,0.00008794,89.00000000
2018-02-27 18:51:22,0.00008794,29.00000000
2018-02-27 18:51:22,0.00008800,84.00000000
2018-02-27 18:51:27,0.00008794,93.00000000
2018-02-27 18:51:29,0.00008791,113.00000000
2018-02-27 18:51:35,0.00008791,113.00000000
2018-02-27 18:51:47,0.00008790,113.00000000
2018-02-27 18:51:47,0.00008794,100.00000000
2018-02-27 18:51:47,0.00008800,13.00000000
2018-02-27 18:51:49,0.00008794,150.00000000
2018-02-27 18:51:51,0.00008791,21.00000000
2018-02-27 18:51:51,0.00008790,129.00000000
2018-02-27 18:51:53,0.00008790,113.00000000
2018-02-27 18:51:59,0.00008790,113.00000000
2018-02-27 18:51:59,0.00008790,74.00000000
2018-02-27 18:52:01,0.00008790,1297.00000000
2018-02-27 18:52:03,0.00008790,317.00000000
2018-02-27 18:52:04,0.00008794,113.00000000
2018-02-27 18:52:07,0.00008791,55.00000000
2018-02-27 18:52:10,0.00008791,377.00000000
2018-02-27 18:52:10,0.00008794,143.00000000
2018-02-27 18:52:10,0.00008800,872.00000000
2018-02-27 18:52:14,0.00008803,78.00000000
2018-02-27 18:52:15,0.00008803,74.00000000
2018-02-27 18:52:15,0.00008803,27.00000000
2018-02-27 18:52:15,0.00008803,139.00000000
2018-02-27 18:52:15,0.00008790,156.00000000
2018-02-27 18:52:15,0.00008790,113.00000000
2018-02-27 18:52:15,0.00008802,113.00000000
2018-02-27 18:52:15,0.00008790,216.00000000
2018-02-27 18:52:16,0.00008790,980.00000000
2018-02-27 18:52:16,0.00008786,216.00000000
2018-02-27 18:52:16,0.00008790,12.00000000
2018-02-27 18:52:17,0.00008790,8.00000000
2018-02-27 18:52:17,0.00008798,105.00000000
2018-02-27 18:52:21,0.00008799,98.00000000
2018-02-27 18:52:24,0.00008791,120.00000000
2018-02-27 18:52:25,0.00008791,113.00000000
2018-02-27 18:52:26,0.00008799,113.00000000
2018-02-27 18:52:28,0.00008799,113.00000000
2018-02-27 18:52:29,0.00008799,568.00000000
2018-02-27 18:52:29,0.00008799,2235.00000000
2018-02-27 18:52:30,0.00008791,224.00000000
2018-02-27 18:52:30,0.00008790,21.00000000
2018-02-27 18:52:30,0.00008787,224.00000000
2018-02-27 18:53:01,0.00008791,201.00000000
2018-02-27 18:53:22,0.00008797,38.00000000
2018-02-27 18:53:29,0.00008797,51.00000000
2018-02-27 18:53:39,0.00008797,581.00000000
2018-02-27 18:53:39,0.00008797,415.00000000
2018-02-27 18:53:39,0.00008797,255.00000000
2018-02-27 18:53:39,0.00008795,26.00000000
2018-02-27 18:53:39,0.00008791,64.00000000
2018-02-27 18:53:39,0.00008799,157.00000000
2018-02-27 18:53:39,0.00008799,158.00000000
2018-02-27 18:53:39,0.00008799,489.00000000
2018-02-27 18:53:39,0.00008799,139.00000000
2018-02-27 18:53:42,0.00008799,25.00000000
2018-02-27 18:53:44,0.00008800,747.00000000
2018-02-27 18:53:47,0.00008799,25.00000000
2018-02-27 18:53:48,0.00008799,100.00000000
2018-02-27 18:53:51,0.00008800,21.00000000
2018-02-27 18:53:51,0.00008799,25.00000000
2018-02-27 18:53:52,0.00008799,113.00000000
2018-02-27 18:53:53,0.00008799,38.00000000
2018-02-27 18:53:54,0.00008799,25.00000000
2018-02-27 18:53:56,0.00008800,2.00000000
2018-02-27 18:54:15,0.00008792,107.00000000
2018-02-27 18:54:15,0.00008791,141.00000000
2018-02-27 18:54:15,0.00008790,10.00000000
2018-02-27 18:54:19,0.00008790,307.00000000
2018-02-27 18:54:20,0.00008796,101.00000000
2018-02-27 18:54:22,0.00008796,3.00000000
2018-02-27 18:54:22,0.00008799,97.00000000
2018-02-27 18:54:28,0.00008799,38.00000000
2018-02-27 18:54:29,0.00008799,15.00000000
2018-02-27 18:54:30,0.00008799,40.00000000
2018-02-27 18:54:35,0.00008799,400.00000000
2018-02-27 18:54:42,0.00008799,113.00000000
2018-02-27 18:54:43,0.00008799,41.00000000
2018-02-27 18:54:44,0.00008799,40.00000000
2018-02-27 18:54:45,0.00008799,113.00000000
2018-02-27 18:54:48,0.00008799,532.00000000
2018-02-27 18:54:49,0.00008800,1137.00000000
2018-02-27 18:54:49,0.00008800,5906.00000000
2018-02-27 18:54:52,0.00008803,113.00000000
2018-02-27 18:54:53,0.00008800,473.00000000
2018-02-27 18:54:53,0.00008799,135.00000000
2018-02-27 18:54:53,0.00008792,56.00000000
2018-02-27 18:54:53,0.00008791,27.00000000
2018-02-27 18:54:54,0.00008791,574.00000000
2018-02-27 18:54:54,0.00008790,36.00000000
2018-02-27 18:54:55,0.00008799,113.00000000
2018-02-27 18:54:58,0.00008790,19.00000000
2018-02-27 18:55:01,0.00008799,100.00000000
2018-02-27 18:55:05,0.00008798,600.00000000
2018-02-27 18:55:05,0.00008799,2262.00000000
2018-02-27 18:55:06,0.00008799,113.00000000
2018-02-27 18:55:07,0.00008803,113.00000000
2018-02-27 18:55:09,0.00008799,173.00000000
2018-02-27 18:55:10,0.00008803,113.00000000
2018-02-27 18:55:11,0.00008803,113.00000000
2018-02-27 18:55:15,0.00008803,171.00000000
2018-02-27 18:55:15,0.00008804,219.00000000
2018-02-27 18:55:17,0.00008804,113.00000000
2018-02-27 18:55:18,0.00008799,27.00000000
2018-02-27 18:55:18,0.00008804,113.00000000
2018-02-27 18:55:18,0.00008799,105.00000000
2018-02-27 18:55:19,0.00008799,39.00000000
2018-02-27 18:55:19,0.00008790,11.00000000
2018-02-27 18:55:23,0.00008799,92.00000000
2018-02-27 18:55:23,0.00008804,113.00000000
2018-02-27 18:55:28,0.00008799,337.00000000
2018-02-27 18:55:29,0.00008799,96.00000000
2018-02-27 18:55:34,0.00008799,565.00000000
2018-02-27 18:55:37,0.00008799,25.00000000
2018-02-27 18:55:37,0.00008799,213.00000000
2018-02-27 18:55:37,0.00008804,2.00000000
2018-02-27 18:55:37,0.00008805,248.00000000
2018-02-27 18:55:42,0.00008805,86.00000000
2018-02-27 18:55:42,0.00008810,27.00000000
2018-02-27 18:55:57,0.00008810,263.00000000
2018-02-27 18:55:57,0.00008816,455.00000000
2018-02-27 18:55:58,0.00008793,530.00000000
2018-02-27 18:55:58,0.00008792,236.00000000
2018-02-27 18:55:59,0.00008792,446.00000000
2018-02-27 18:55:59,0.00008791,767.00000000
2018-02-27 18:56:01,0.00008811,1000.00000000
2018-02-27 18:56:01,0.00008811,113.00000000
2018-02-27 18:56:03,0.00008811,15.00000000
2018-02-27 18:56:03,0.00008811,113.00000000
2018-02-27 18:56:04,0.00008791,209.00000000
2018-02-27 18:56:04,0.00008790,18.00000000
2018-02-27 18:56:04,0.00008791,111.00000000
2018-02-27 18:56:06,0.00008812,113.00000000
2018-02-27 18:56:09,0.00008811,53.00000000
2018-02-27 18:56:10,0.00008795,29.00000000
2018-02-27 18:56:10,0.00008814,113.00000000
2018-02-27 18:56:14,0.00008810,113.00000000
2018-02-27 18:56:16,0.00008800,108.00000000
2018-02-27 18:56:16,0.00008800,2.00000000
2018-02-27 18:56:16,0.00008799,106.00000000
2018-02-27 18:56:16,0.00008792,31.00000000
2018-02-27 18:56:20,0.00008792,113.00000000
2018-02-27 18:56:24,0.00008810,12.00000000
2018-02-27 18:56:26,0.00008793,113.00000000
2018-02-27 18:56:36,0.00008794,17.00000000
2018-02-27 18:56:36,0.00008793,141.00000000
2018-02-27 18:56:37,0.00008793,113.00000000
2018-02-27 18:56:44,0.00008809,84.00000000
2018-02-27 18:56:44,0.00008810,29.00000000
2018-02-27 18:56:52,0.00008810,113.00000000
2018-02-27 18:56:54,0.00008812,3.00000000
2018-02-27 18:57:01,0.00008812,346.00000000
2018-02-27 18:57:01,0.00008813,567.00000000
2018-02-27 18:57:02,0.00008795,113.00000000
2018-02-27 18:57:04,0.00008796,380.00000000
2018-02-27 18:57:04,0.00008796,512.00000000
2018-02-27 18:57:06,0.00008795,540.00000000
2018-02-27 18:57:11,0.00008795,29.00000000
2018-02-27 18:57:11,0.00008794,255.00000000
2018-02-27 18:57:12,0.00008795,108.00000000
2018-02-27 18:57:12,0.00008794,468.00000000
2018-02-27 18:57:13,0.00008794,672.00000000
2018-02-27 18:57:20,0.00008794,664.00000000
2018-02-27 18:57:21,0.00008811,993.00000000
2018-02-27 18:57:21,0.00008794,716.00000000
2018-02-27 18:57:26,0.00008796,284.00000000
2018-02-27 18:57:28,0.00008796,103.00000000
2018-02-27 18:57:30,0.00008811,221.00000000
2018-02-27 18:57:34,0.00008796,163.00000000
2018-02-27 18:57:36,0.00008795,27.00000000
2018-02-27 18:57:39,0.00008796,27.00000000
2018-02-27 18:57:40,0.00008796,284.00000000
2018-02-27 18:57:42,0.00008800,22.00000000
2018-02-27 18:57:42,0.00008800,27.00000000
2018-02-27 18:57:43,0.00008800,41.00000000
2018-02-27 18:57:48,0.00008799,29.00000000
2018-02-27 18:57:48,0.00008810,22.00000000
2018-02-27 18:57:51,0.00008796,36.00000000
2018-02-27 18:57:54,0.00008796,15.00000000
2018-02-27 18:57:54,0.00008796,64.00000000
2018-02-27 18:58:00,0.00008796,114.00000000
2018-02-27 18:58:03,0.00008800,49.00000000
2018-02-27 18:58:06,0.00008796,399.00000000
2018-02-27 18:58:06,0.00008795,366.00000000
2018-02-27 18:58:18,0.00008800,99.00000000
2018-02-27 18:58:19,0.00008800,2104.00000000
2018-02-27 18:58:19,0.00008795,101.00000000
2018-02-27 18:58:19,0.00008795,26.00000000
2018-02-27 18:58:20,0.00008800,18.00000000
2018-02-27 18:58:21,0.00008799,73.00000000
2018-02-27 18:58:21,0.00008800,65.00000000
2018-02-27 18:58:26,0.00008800,16.00000000
2018-02-27 18:58:36,0.00008800,23.00000000
2018-02-27 18:58:38,0.00008800,619.00000000
2018-02-27 18:58:41,0.00008795,1020.00000000
2018-02-27 18:58:44,0.00008800,113.00000000
2018-02-27 18:58:45,0.00008795,42.00000000
2018-02-27 18:58:47,0.00008800,113.00000000
2018-02-27 18:58:47,0.00008800,113.00000000
2018-02-27 18:58:49,0.00008800,12.00000000
2018-02-27 18:58:51,0.00008800,113.00000000
2018-02-27 18:58:57,0.00008800,226.00000000
2018-02-27 18:59:00,0.00008800,113.00000000
2018-02-27 18:59:03,0.00008800,113.00000000
2018-02-27 18:59:04,0.00008800,228.00000000
2018-02-27 18:59:08,0.00008800,248.00000000
2018-02-27 18:59:09,0.00008800,267.00000000
2018-02-27 18:59:09,0.00008795,55.00000000
2018-02-27 18:59:09,0.00008800,992.00000000
2018-02-27 18:59:13,0.00008800,999.00000000
2018-02-27 18:59:15,0.00008800,360.00000000
2018-02-27 18:59:17,0.00008800,948.00000000
2018-02-27 18:59:22,0.00008809,864.00000000
2018-02-27 18:59:23,0.00008800,100.00000000
2018-02-27 18:59:27,0.00008800,434.00000000
2018-02-27 18:59:27,0.00008796,51.00000000
2018-02-27 18:59:27,0.00008795,442.00000000
2018-02-27 18:59:27,0.00008794,1426.00000000
2018-02-27 18:59:27,0.00008793,8.00000000
2018-02-27 18:59:28,0.00008793,4.00000000
2018-02-27 18:59:28,0.00008791,716.00000000
2018-02-27 18:59:28,0.00008803,551.00000000
2018-02-27 18:59:28,0.00008790,434.00000000
2018-02-27 18:59:29,0.00008800,130.00000000
2018-02-27 18:59:32,0.00008790,1539.00000000
2018-02-27 18:59:32,0.00008797,17.00000000
2018-02-27 18:59:33,0.00008790,528.00000000
2018-02-27 18:59:33,0.00008797,14.00000000
2018-02-27 18:59:34,0.00008800,15.00000000
2018-02-27 18:59:34,0.00008801,98.00000000
2018-02-27 18:59:35,0.00008800,910.00000000
2018-02-27 18:59:38,0.00008800,49.00000000
2018-02-27 18:59:40,0.00008800,666.00000000
2018-02-27 18:59:41,0.00008790,343.00000000
2018-02-27 18:59:42,0.00008790,666.00000000
2018-02-27 18:59:48,0.00008800,80.00000000
2018-02-27 18:59:48,0.00008803,52.00000000
2018-02-27 18:59:48,0.00008807,581.00000000
2018-02-27 18:59:48,0.00008808,97.00000000
2018-02-27 18:59:50,0.00008806,17.00000000
2018-02-27 18:59:52,0.00008806,34.00000000
2018-02-27 18:59:57,0.00008799,806.00000000
