DATE,PRICE,VOLUME
2018-02-23 06:00:00,0.00009196,545.00000000
2018-02-23 06:00:00,0.00009196,3348.00000000
2018-02-23 06:00:01,0.00009196,72.00000000
2018-02-23 06:00:02,0.00009196,4213.00000000
2018-02-23 06:00:04,0.00009196,934.00000000
2018-02-23 06:00:06,0.00009197,329.00000000
2018-02-23 06:00:07,0.00009196,4670.00000000
2018-02-23 06:00:09,0.00009196,25.00000000
2018-02-23 06:00:09,0.00009196,3119.00000000
2018-02-23 06:00:11,0.00009197,161.00000000
2018-02-23 06:00:11,0.00009196,4893.00000000
2018-02-23 06:00:12,0.00009196,934.00000000
2018-02-23 06:00:12,0.00009196,3659.00000000
2018-02-23 06:00:13,0.00009196,380.00000000
2018-02-23 06:00:14,0.00009196,1031.00000000
2018-02-23 06:00:16,0.00009196,1475.00000000
2018-02-23 06:00:16,0.00009195,829.00000000
2018-02-23 06:00:16,0.00009192,1000.00000000
2018-02-23 06:00:16,0.00009192,861.00000000
2018-02-23 06:00:18,0.00009194,234.00000000
2018-02-23 06:00:18,0.00009192,862.00000000
2018-02-23 06:00:18,0.00009189,4138.00000000
2018-02-23 06:00:24,0.00009191,32.00000000
2018-02-23 06:00:24,0.00009189,489.00000000
2018-02-23 06:00:36,0.00009189,205.00000000
2018-02-23 06:00:37,0.00009190,2.00000000
2018-02-23 06:00:38,0.00009189,25.00000000
2018-02-23 06:00:39,0.00009190,57.00000000
2018-02-23 06:00:39,0.00009191,11.00000000
2018-02-23 06:00:39,0.00009193,195.00000000
2018-02-23 06:00:41,0.00009189,436.00000000
2018-02-23 06:00:41,0.00009188,574.00000000
2018-02-23 06:00:41,0.00009188,253.00000000
2018-02-23 06:00:41,0.00009188,253.00000000
2018-02-23 06:00:42,0.00009188,253.00000000
2018-02-23 06:00:42,0.00009188,351.00000000
2018-02-23 06:00:42,0.00009188,337.00000000
2018-02-23 06:00:43,0.00009188,15.00000000
2018-02-23 06:00:43,0.00009185,291.00000000
2018-02-23 06:00:43,0.00009186,56.00000000
2018-02-23 06:00:43,0.00009186,8.00000000
2018-02-23 06:00:43,0.00009185,129.00000000
2018-02-23 06:00:43,0.00009181,189.00000000
2018-02-23 06:00:52,0.00009181,219.00000000
2018-02-23 06:00:53,0.00009181,725.00000000
2018-02-23 06:00:57,0.00009181,24.00000000
2018-02-23 06:00:58,0.00009181,1467.00000000
2018-02-23 06:01:00,0.00009181,278.00000000
2018-02-23 06:01:01,0.00009181,225.00000000
2018-02-23 06:01:01,0.00009181,108.00000000
2018-02-23 06:01:01,0.00009180,108.00000000
2018-02-23 06:01:01,0.00009180,73.00000000
2018-02-23 06:01:01,0.00009180,326.00000000
2018-02-23 06:01:01,0.00009180,386.00000000
2018-02-23 06:01:01,0.00009179,189.00000000
2018-02-23 06:01:01,0.00009179,1.00000000
2018-02-23 06:01:01,0.00009178,17.00000000
2018-02-23 06:01:01,0.00009178,97.00000000
2018-02-23 06:01:01,0.00009178,196.00000000
2018-02-23 06:01:02,0.00009180,49.00000000
2018-02-23 06:01:02,0.00009178,243.00000000
2018-02-23 06:01:03,0.00009178,243.00000000
2018-02-23 06:01:04,0.00009180,1.00000000
2018-02-23 06:01:05,0.00009180,109.00000000
2018-02-23 06:01:05,0.00009178,103.00000000
2018-02-23 06:01:05,0.00009178,41.00000000
2018-02-23 06:01:05,0.00009177,600.00000000
2018-02-23 06:01:05,0.00009177,103.00000000
2018-02-23 06:01:07,0.00009177,175.00000000
2018-02-23 06:01:07,0.00009177,259.00000000
2018-02-23 06:01:08,0.00009177,259.00000000
2018-02-23 06:01:09,0.00009178,900.00000000
2018-02-23 06:01:09,0.00009177,4404.00000000
2018-02-23 06:01:10,0.00009177,77.00000000
2018-02-23 06:01:10,0.00009177,97.00000000
2018-02-23 06:01:12,0.00009177,273.00000000
2018-02-23 06:01:12,0.00009177,100.00000000
2018-02-23 06:01:12,0.00009175,113.00000000
2018-02-23 06:01:12,0.00009174,46.00000000
2018-02-23 06:01:12,0.00009172,24.00000000
2018-02-23 06:01:12,0.00009170,453.00000000
2018-02-23 06:01:12,0.00009168,2000.00000000
2018-02-23 06:01:12,0.00009166,1540.00000000
2018-02-23 06:01:12,0.00009162,560.00000000
2018-02-23 06:01:12,0.00009161,12074.00000000
2018-02-23 06:01:12,0.00009160,2793.00000000
2018-02-23 06:01:12,0.00009157,111.00000000
2018-02-23 06:01:12,0.00009153,38.00000000
2018-02-23 06:01:12,0.00009152,1670.00000000
2018-02-23 06:01:12,0.00009151,32.00000000
2018-02-23 06:01:12,0.00009150,3815.00000000
2018-02-23 06:01:12,0.00009148,2005.00000000
2018-02-23 06:01:12,0.00009147,1093.00000000
2018-02-23 06:01:12,0.00009143,2120.00000000
2018-02-23 06:01:12,0.00009141,7593.00000000
2018-02-23 06:01:12,0.00009140,1020.00000000
2018-02-23 06:01:12,0.00009139,120.00000000
2018-02-23 06:01:12,0.00009135,699.00000000
2018-02-23 06:01:12,0.00009133,60.00000000
2018-02-23 06:01:12,0.00009130,3409.00000000
2018-02-23 06:01:12,0.00009129,174.00000000
2018-02-23 06:01:12,0.00009125,6002.00000000
2018-02-23 06:01:12,0.00009124,31.00000000
2018-02-23 06:01:12,0.00009121,496.00000000
2018-02-23 06:01:12,0.00009118,50.00000000
2018-02-23 06:01:12,0.00009117,30.00000000
2018-02-23 06:01:12,0.00009116,665.00000000
2018-02-23 06:01:12,0.00009115,442.00000000
2018-02-23 06:01:12,0.00009112,46.00000000
2018-02-23 06:01:12,0.00009111,1865.00000000
2018-02-23 06:01:12,0.00009110,423.00000000
2018-02-23 06:01:12,0.00009108,511.00000000
2018-02-23 06:01:12,0.00009107,224.00000000
2018-02-23 06:01:12,0.00009105,1188.00000000
2018-02-23 06:01:12,0.00009101,4920.00000000
2018-02-23 06:01:12,0.00009138,515.00000000
2018-02-23 06:01:12,0.00009138,132.00000000
2018-02-23 06:01:12,0.00009138,864.00000000
2018-02-23 06:01:12,0.00009146,195.00000000
2018-02-23 06:01:12,0.00009146,234.00000000
2018-02-23 06:01:12,0.00009146,39.00000000
2018-02-23 06:01:12,0.00009146,33.00000000
2018-02-23 06:01:12,0.00009146,5964.00000000
2018-02-23 06:01:12,0.00009175,70.00000000
2018-02-23 06:01:13,0.00009174,26.00000000
2018-02-23 06:01:13,0.00009173,25.00000000
2018-02-23 06:01:15,0.00009171,21.00000000
2018-02-23 06:01:17,0.00009169,25.00000000
2018-02-23 06:01:18,0.00009169,28.00000000
2018-02-23 06:01:18,0.00009168,109.00000000
2018-02-23 06:01:18,0.00009168,791.00000000
2018-02-23 06:01:18,0.00009169,479.00000000
2018-02-23 06:01:19,0.00009168,900.00000000
2018-02-23 06:01:19,0.00009169,194.00000000
2018-02-23 06:01:20,0.00009167,1.00000000
2018-02-23 06:01:21,0.00009157,111.00000000
2018-02-23 06:01:21,0.00009167,211.00000000
2018-02-23 06:01:22,0.00009157,50.00000000
2018-02-23 06:01:22,0.00009154,64.00000000
2018-02-23 06:01:22,0.00009160,1087.00000000
2018-02-23 06:01:22,0.00009154,26.00000000
2018-02-23 06:01:22,0.00009154,456.00000000
2018-02-23 06:01:22,0.00009153,964.00000000
2018-02-23 06:01:22,0.00009152,3346.00000000
2018-02-23 06:01:23,0.00009155,1087.00000000
2018-02-23 06:01:23,0.00009153,481.00000000
2018-02-23 06:01:24,0.00009152,2819.00000000
2018-02-23 06:01:24,0.00009146,114.00000000
2018-02-23 06:01:24,0.00009140,20.00000000
2018-02-23 06:01:24,0.00009139,474.00000000
2018-02-23 06:01:25,0.00009165,109.00000000
2018-02-23 06:01:27,0.00009164,50.00000000
2018-02-23 06:01:27,0.00009164,76.00000000
2018-02-23 06:01:27,0.00009164,25.00000000
2018-02-23 06:01:28,0.00009164,46.00000000
2018-02-23 06:01:28,0.00009157,881.00000000
2018-02-23 06:01:28,0.00009164,30.00000000
2018-02-23 06:01:28,0.00009164,31.00000000
2018-02-23 06:01:31,0.00009161,25.00000000
2018-02-23 06:01:31,0.00009160,859.00000000
2018-02-23 06:01:31,0.00009160,41.00000000
2018-02-23 06:01:31,0.00009161,1046.00000000
2018-02-23 06:01:31,0.00009160,20.00000000
2018-02-23 06:01:31,0.00009160,29.00000000
2018-02-23 06:01:32,0.00009160,215.00000000
2018-02-23 06:01:32,0.00009160,48.00000000
2018-02-23 06:01:32,0.00009160,588.00000000
2018-02-23 06:01:32,0.00009162,265.00000000
2018-02-23 06:01:32,0.00009160,900.00000000
2018-02-23 06:01:32,0.00009162,125.00000000
2018-02-23 06:01:32,0.00009164,343.00000000
2018-02-23 06:01:32,0.00009165,36.00000000
2018-02-23 06:01:32,0.00009165,465.00000000
2018-02-23 06:01:32,0.00009158,14.00000000
2018-02-23 06:01:32,0.00009176,262.00000000
2018-02-23 06:01:32,0.00009178,64.00000000
2018-02-23 06:01:32,0.00009180,22.00000000
2018-02-23 06:01:32,0.00009180,15.00000000
2018-02-23 06:01:33,0.00009180,15.00000000
2018-02-23 06:01:33,0.00009180,53.00000000
2018-02-23 06:01:33,0.00009183,413.00000000
2018-02-23 06:01:33,0.00009166,939.00000000
2018-02-23 06:01:33,0.00009166,100.00000000
2018-02-23 06:01:36,0.00009166,42.00000000
2018-02-23 06:01:38,0.00009166,50.00000000
2018-02-23 06:01:39,0.00009166,453.00000000
2018-02-23 06:01:39,0.00009165,465.00000000
2018-02-23 06:01:41,0.00009165,106.00000000
2018-02-23 06:01:41,0.00009164,93.00000000
2018-02-23 06:01:42,0.00009163,30.00000000
2018-02-23 06:01:42,0.00009161,30.00000000
2018-02-23 06:01:43,0.00009163,25.00000000
2018-02-23 06:01:45,0.00009161,24.00000000
2018-02-23 06:01:45,0.00009161,88.00000000
2018-02-23 06:01:45,0.00009160,194.00000000
2018-02-23 06:01:46,0.00009160,208.00000000
2018-02-23 06:01:46,0.00009160,11.00000000
2018-02-23 06:01:46,0.00009161,41.00000000
2018-02-23 06:01:47,0.00009160,11.00000000
2018-02-23 06:01:47,0.00009161,14.00000000
2018-02-23 06:01:51,0.00009161,469.00000000
2018-02-23 06:01:51,0.00009165,109.00000000
2018-02-23 06:01:51,0.00009162,22.00000000
2018-02-23 06:01:51,0.00009159,163.00000000
2018-02-23 06:01:51,0.00009158,302.00000000
2018-02-23 06:01:51,0.00009165,25.00000000
2018-02-23 06:01:56,0.00009164,25.00000000
2018-02-23 06:01:56,0.00009164,33.00000000
2018-02-23 06:01:57,0.00009164,76.00000000
2018-02-23 06:01:58,0.00009164,327.00000000
2018-02-23 06:01:58,0.00009163,326.00000000
2018-02-23 06:01:58,0.00009163,327.00000000
2018-02-23 06:01:58,0.00009163,50.00000000
2018-02-23 06:01:58,0.00009161,139.00000000
2018-02-23 06:01:58,0.00009163,45.00000000
2018-02-23 06:01:58,0.00009163,72.00000000
2018-02-23 06:01:58,0.00009158,60.00000000
2018-02-23 06:01:59,0.00009163,301.00000000
2018-02-23 06:01:59,0.00009163,301.00000000
2018-02-23 06:02:00,0.00009163,25.00000000
2018-02-23 06:02:02,0.00009163,159.00000000
2018-02-23 06:02:03,0.00009163,160.00000000
2018-02-23 06:02:03,0.00009163,25.00000000
2018-02-23 06:02:05,0.00009163,1177.00000000
2018-02-23 06:02:05,0.00009164,10.00000000
2018-02-23 06:02:05,0.00009164,5923.00000000
2018-02-23 06:02:06,0.00009164,218.00000000
2018-02-23 06:02:08,0.00009165,729.00000000
2018-02-23 06:02:08,0.00009165,43.00000000
2018-02-23 06:02:08,0.00009165,25.00000000
2018-02-23 06:02:09,0.00009164,294.00000000
2018-02-23 06:02:10,0.00009162,12.00000000
2018-02-23 06:02:10,0.00009162,23.00000000
2018-02-23 06:02:10,0.00009161,12.00000000
2018-02-23 06:02:11,0.00009159,202.00000000
2018-02-23 06:02:12,0.00009164,25.00000000
2018-02-23 06:02:13,0.00009159,449.00000000
2018-02-23 06:02:13,0.00009159,48.00000000
2018-02-23 06:02:14,0.00009159,11.00000000
2018-02-23 06:02:17,0.00009164,135.00000000
2018-02-23 06:02:22,0.00009165,449.00000000
2018-02-23 06:02:22,0.00009166,1.00000000
2018-02-23 06:02:26,0.00009164,299.00000000
2018-02-23 06:02:29,0.00009164,546.00000000
2018-02-23 06:02:32,0.00009164,546.00000000
2018-02-23 06:02:32,0.00009159,154.00000000
2018-02-23 06:02:43,0.00009159,770.00000000
2018-02-23 06:02:48,0.00009164,546.00000000
2018-02-23 06:02:56,0.00009164,327.00000000
2018-02-23 06:02:56,0.00009166,498.00000000
2018-02-23 06:02:56,0.00009166,36.00000000
2018-02-23 06:02:56,0.00009159,573.00000000
2018-02-23 06:02:57,0.00009159,668.00000000
2018-02-23 06:02:58,0.00009170,102.00000000
2018-02-23 06:02:58,0.00009171,7.00000000
2018-02-23 06:02:58,0.00009171,73.00000000
2018-02-23 06:03:03,0.00009158,14.00000000
2018-02-23 06:03:03,0.00009154,186.00000000
2018-02-23 06:03:06,0.00009169,545.00000000
2018-02-23 06:03:09,0.00009169,545.00000000
2018-02-23 06:03:11,0.00009164,546.00000000
2018-02-23 06:03:11,0.00009164,180.00000000
2018-02-23 06:03:12,0.00009164,23.00000000
2018-02-23 06:03:13,0.00009164,70.00000000
2018-02-23 06:03:14,0.00009164,546.00000000
2018-02-23 06:03:16,0.00009164,545.00000000
2018-02-23 06:03:18,0.00009164,79.00000000
2018-02-23 06:03:19,0.00009163,17.00000000
2018-02-23 06:03:20,0.00009164,155.00000000
2018-02-23 06:03:20,0.00009168,23.00000000
2018-02-23 06:03:22,0.00009168,20.00000000
2018-02-23 06:03:24,0.00009163,23.00000000
2018-02-23 06:03:24,0.00009159,89.00000000
2018-02-23 06:03:24,0.00009159,209.00000000
2018-02-23 06:03:24,0.00009160,309.00000000
2018-02-23 06:03:24,0.00009160,109.00000000
2018-02-23 06:03:29,0.00009160,72.00000000
2018-02-23 06:03:30,0.00009160,28.00000000
2018-02-23 06:03:31,0.00009168,183.00000000
2018-02-23 06:03:34,0.00009168,822.00000000
2018-02-23 06:03:36,0.00009164,7.00000000
2018-02-23 06:03:36,0.00009154,546.00000000
2018-02-23 06:03:36,0.00009151,482.00000000
2018-02-23 06:03:36,0.00009150,1646.00000000
2018-02-23 06:03:37,0.00009166,70.00000000
2018-02-23 06:03:43,0.00009153,799.00000000
2018-02-23 06:04:05,0.00009153,117.00000000
2018-02-23 06:04:06,0.00009153,524.00000000
2018-02-23 06:04:07,0.00009163,29.00000000
2018-02-23 06:04:12,0.00009163,92.00000000
2018-02-23 06:04:12,0.00009163,88.00000000
2018-02-23 06:04:12,0.00009163,253.00000000
2018-02-23 06:04:12,0.00009153,253.00000000
2018-02-23 06:04:12,0.00009160,42.00000000
2018-02-23 06:04:15,0.00009153,310.00000000
2018-02-23 06:04:28,0.00009164,546.00000000
2018-02-23 06:04:32,0.00009164,24.00000000
2018-02-23 06:04:34,0.00009165,189.00000000
2018-02-23 06:04:36,0.00009165,48.00000000
2018-02-23 06:04:36,0.00009165,456.00000000
2018-02-23 06:04:36,0.00009168,89.00000000
2018-02-23 06:04:38,0.00009165,283.00000000
2018-02-23 06:04:38,0.00009168,243.00000000
2018-02-23 06:04:38,0.00009170,19.00000000
2018-02-23 06:04:40,0.00009170,545.00000000
2018-02-23 06:04:42,0.00009170,20.00000000
2018-02-23 06:04:51,0.00009168,109.00000000
2018-02-23 06:04:51,0.00009170,64.00000000
2018-02-23 06:04:51,0.00009172,1111.00000000
2018-02-23 06:04:51,0.00009173,18.00000000
2018-02-23 06:04:51,0.00009174,268.00000000
2018-02-23 06:05:10,0.00009164,2.00000000
2018-02-23 06:05:12,0.00009164,27.00000000
2018-02-23 06:05:12,0.00009169,835.00000000
2018-02-23 06:05:12,0.00009174,31.00000000
2018-02-23 06:05:12,0.00009178,668.00000000
2018-02-23 06:05:12,0.00009179,500.00000000
2018-02-23 06:05:12,0.00009180,224.00000000
2018-02-23 06:05:13,0.00009162,322.00000000
2018-02-23 06:05:13,0.00009163,14.00000000
2018-02-23 06:05:14,0.00009163,327.00000000
2018-02-23 06:05:14,0.00009163,89.00000000
2018-02-23 06:05:21,0.00009161,115.00000000
2018-02-23 06:05:22,0.00009161,90.00000000
2018-02-23 06:05:23,0.00009161,45.00000000
2018-02-23 06:05:24,0.00009165,436.00000000
2018-02-23 06:05:30,0.00009160,72.00000000
2018-02-23 06:05:30,0.00009160,108.00000000
2018-02-23 06:05:30,0.00009158,900.00000000
2018-02-23 06:05:30,0.00009156,154.00000000
2018-02-23 06:05:30,0.00009155,718.00000000
2018-02-23 06:05:37,0.00009161,17.00000000
2018-02-23 06:05:37,0.00009156,37.00000000
2018-02-23 06:05:41,0.00009166,317.00000000
2018-02-23 06:05:41,0.00009167,718.00000000
2018-02-23 06:05:41,0.00009168,1632.00000000
2018-02-23 06:05:41,0.00009174,147.00000000
2018-02-23 06:05:41,0.00009174,147.00000000
2018-02-23 06:05:41,0.00009174,147.00000000
2018-02-23 06:05:41,0.00009174,90.00000000
2018-02-23 06:05:42,0.00009174,100.00000000
2018-02-23 06:05:42,0.00009174,41.00000000
2018-02-23 06:05:42,0.00009174,12.00000000
2018-02-23 06:05:44,0.00009174,120.00000000
2018-02-23 06:05:45,0.00009174,1087.00000000
2018-02-23 06:05:45,0.00009174,90.00000000
2018-02-23 06:05:46,0.00009174,335.00000000
2018-02-23 06:05:49,0.00009162,12.00000000
2018-02-23 06:05:55,0.00009175,12.00000000
2018-02-23 06:05:55,0.00009176,14.00000000
2018-02-23 06:06:02,0.00009174,33.00000000
2018-02-23 06:06:02,0.00009174,53.00000000
2018-02-23 06:06:03,0.00009164,53.00000000
2018-02-23 06:06:03,0.00009176,69.00000000
2018-02-23 06:06:06,0.00009176,900.00000000
2018-02-23 06:06:06,0.00009177,942.00000000
2018-02-23 06:06:09,0.00009177,146.00000000
2018-02-23 06:06:09,0.00009178,80.00000000
2018-02-23 06:06:14,0.00009177,40.00000000
2018-02-23 06:06:30,0.00009177,108.00000000
2018-02-23 06:06:32,0.00009177,15.00000000
2018-02-23 06:06:33,0.00009177,401.00000000
2018-02-23 06:06:35,0.00009176,15.00000000
2018-02-23 06:06:44,0.00009176,27.00000000
2018-02-23 06:06:47,0.00009176,251.00000000
2018-02-23 06:06:52,0.00009175,88.00000000
2018-02-23 06:07:01,0.00009167,19.00000000
2018-02-23 06:07:03,0.00009174,299.00000000
2018-02-23 06:07:03,0.00009175,16.00000000
2018-02-23 06:07:06,0.00009175,130.00000000
2018-02-23 06:07:15,0.00009174,100.00000000
2018-02-23 06:07:25,0.00009174,190.00000000
2018-02-23 06:07:38,0.00009173,6.00000000
2018-02-23 06:07:39,0.00009173,416.00000000
2018-02-23 06:07:39,0.00009174,6116.00000000
2018-02-23 06:07:47,0.00009167,8.00000000
2018-02-23 06:07:48,0.00009166,44.00000000
2018-02-23 06:07:48,0.00009174,800.00000000
2018-02-23 06:07:49,0.00009174,585.00000000
2018-02-23 06:07:50,0.00009174,26.00000000
2018-02-23 06:07:50,0.00009174,26.00000000
2018-02-23 06:07:52,0.00009175,216.00000000
2018-02-23 06:07:52,0.00009174,216.00000000
2018-02-23 06:07:53,0.00009174,2462.00000000
2018-02-23 06:07:53,0.00009174,900.00000000
2018-02-23 06:07:55,0.00009172,52.00000000
2018-02-23 06:07:55,0.00009174,68.00000000
2018-02-23 06:07:57,0.00009165,38.00000000
2018-02-23 06:07:57,0.00009165,15.00000000
2018-02-23 06:07:57,0.00009164,23.00000000
2018-02-23 06:07:59,0.00009167,51.00000000
2018-02-23 06:08:01,0.00009167,21.00000000
2018-02-23 06:08:01,0.00009164,48.00000000
2018-02-23 06:08:03,0.00009164,85.00000000
2018-02-23 06:08:04,0.00009164,303.00000000
2018-02-23 06:08:06,0.00009164,26.00000000
2018-02-23 06:08:08,0.00009164,7.00000000
2018-02-23 06:08:08,0.00009163,19.00000000
2018-02-23 06:08:09,0.00009166,26.00000000
2018-02-23 06:08:09,0.00009167,519.00000000
2018-02-23 06:08:11,0.00009163,72.00000000
2018-02-23 06:08:13,0.00009163,26.00000000
2018-02-23 06:08:15,0.00009163,3.00000000
2018-02-23 06:08:15,0.00009162,23.00000000
2018-02-23 06:08:17,0.00009163,1600.00000000
2018-02-23 06:08:18,0.00009163,489.00000000
2018-02-23 06:08:18,0.00009163,546.00000000
2018-02-23 06:08:18,0.00009162,17.00000000
2018-02-23 06:08:18,0.00009161,9.00000000
2018-02-23 06:08:20,0.00009163,565.00000000
2018-02-23 06:08:20,0.00009164,53.00000000
2018-02-23 06:08:20,0.00009167,376.00000000
2018-02-23 06:08:20,0.00009173,900.00000000
2018-02-23 06:08:20,0.00009174,832.00000000
2018-02-23 06:08:20,0.00009161,8.00000000
2018-02-23 06:08:20,0.00009160,18.00000000
2018-02-23 06:08:21,0.00009174,545.00000000
2018-02-23 06:08:22,0.00009160,82.00000000
2018-02-23 06:08:23,0.00009173,545.00000000
2018-02-23 06:08:23,0.00009164,1075.00000000
2018-02-23 06:08:26,0.00009173,77.00000000
2018-02-23 06:08:27,0.00009173,74.00000000
2018-02-23 06:08:27,0.00009174,471.00000000
2018-02-23 06:08:29,0.00009174,545.00000000
2018-02-23 06:08:30,0.00009165,100.00000000
2018-02-23 06:08:31,0.00009174,109.00000000
2018-02-23 06:08:34,0.00009174,109.00000000
2018-02-23 06:08:35,0.00009174,100.00000000
2018-02-23 06:08:35,0.00009174,22.00000000
2018-02-23 06:08:35,0.00009177,146.00000000
2018-02-23 06:08:39,0.00009177,50.00000000
2018-02-23 06:08:40,0.00009177,12.00000000
2018-02-23 06:08:43,0.00009168,151.00000000
2018-02-23 06:08:43,0.00009167,325.00000000
2018-02-23 06:08:44,0.00009167,168.00000000
2018-02-23 06:08:46,0.00009166,353.00000000
2018-02-23 06:08:46,0.00009174,150.00000000
2018-02-23 06:08:47,0.00009174,40.00000000
2018-02-23 06:08:47,0.00009180,69.00000000
2018-02-23 06:08:49,0.00009166,112.00000000
2018-02-23 06:08:49,0.00009166,44.00000000
2018-02-23 06:08:53,0.00009179,353.00000000
2018-02-23 06:08:53,0.00009180,192.00000000
2018-02-23 06:08:55,0.00009180,545.00000000
2018-02-23 06:08:55,0.00009166,74.00000000
2018-02-23 06:09:00,0.00009179,109.00000000
2018-02-23 06:09:03,0.00009174,21.00000000
2018-02-23 06:09:06,0.00009175,310.00000000
2018-02-23 06:09:06,0.00009174,130.00000000
2018-02-23 06:09:06,0.00009173,88.00000000
2018-02-23 06:09:06,0.00009168,80.00000000
2018-02-23 06:09:06,0.00009168,1588.00000000
2018-02-23 06:09:08,0.00009167,98.00000000
2018-02-23 06:09:13,0.00009168,551.00000000
2018-02-23 06:09:21,0.00009176,109.00000000
2018-02-23 06:09:25,0.00009168,142.00000000
2018-02-23 06:09:30,0.00009177,3.00000000
2018-02-23 06:09:31,0.00009177,89.00000000
2018-02-23 06:09:43,0.00009177,321.00000000
2018-02-23 06:09:43,0.00009177,500.00000000
2018-02-23 06:09:44,0.00009177,92.00000000
2018-02-23 06:09:45,0.00009177,364.00000000
2018-02-23 06:09:50,0.00009177,730.00000000
2018-02-23 06:09:53,0.00009175,413.00000000
2018-02-23 06:10:00,0.00009174,42.00000000
2018-02-23 06:10:00,0.00009175,361.00000000
2018-02-23 06:10:13,0.00009175,10.00000000
2018-02-23 06:10:17,0.00009175,94.00000000
2018-02-23 06:10:19,0.00009175,1000.00000000
2018-02-23 06:10:24,0.00009175,100.00000000
2018-02-23 06:10:29,0.00009175,2218.00000000
2018-02-23 06:10:30,0.00009177,40.00000000
2018-02-23 06:10:38,0.00009179,28.00000000
2018-02-23 06:10:46,0.00009178,106.00000000
2018-02-23 06:10:46,0.00009179,615.00000000
2018-02-23 06:10:52,0.00009175,1054.00000000
2018-02-23 06:10:53,0.00009179,545.00000000
2018-02-23 06:10:54,0.00009179,109.00000000
2018-02-23 06:10:55,0.00009175,1057.00000000
2018-02-23 06:10:56,0.00009179,109.00000000
2018-02-23 06:10:57,0.00009175,337.00000000
2018-02-23 06:10:58,0.00009179,109.00000000
2018-02-23 06:10:59,0.00009176,212.00000000
2018-02-23 06:11:03,0.00009176,556.00000000
2018-02-23 06:11:04,0.00009175,1363.00000000
2018-02-23 06:11:07,0.00009176,100.00000000
2018-02-23 06:11:07,0.00009175,699.00000000
2018-02-23 06:11:12,0.00009178,545.00000000
2018-02-23 06:11:15,0.00009178,545.00000000
2018-02-23 06:11:16,0.00009178,109.00000000
2018-02-23 06:11:16,0.00009178,85.00000000
2018-02-23 06:11:17,0.00009178,326.00000000
2018-02-23 06:11:17,0.00009178,326.00000000
2018-02-23 06:11:17,0.00009178,326.00000000
2018-02-23 06:11:17,0.00009178,298.00000000
2018-02-23 06:11:17,0.00009178,322.00000000
2018-02-23 06:11:17,0.00009178,89.00000000
2018-02-23 06:11:18,0.00009179,109.00000000
2018-02-23 06:11:20,0.00009179,109.00000000
2018-02-23 06:11:23,0.00009179,113.00000000
2018-02-23 06:11:23,0.00009180,110.00000000
2018-02-23 06:11:23,0.00009186,69.00000000
2018-02-23 06:11:23,0.00009186,6.00000000
2018-02-23 06:11:23,0.00009188,74.00000000
2018-02-23 06:11:23,0.00009189,464.00000000
2018-02-23 06:11:27,0.00009175,763.00000000
2018-02-23 06:11:27,0.00009171,151.00000000
2018-02-23 06:11:27,0.00009170,32.00000000
2018-02-23 06:11:27,0.00009168,308.00000000
2018-02-23 06:11:27,0.00009166,504.00000000
2018-02-23 06:11:27,0.00009165,363.00000000
2018-02-23 06:11:27,0.00009164,1025.00000000
2018-02-23 06:11:27,0.00009163,44.00000000
2018-02-23 06:11:27,0.00009162,109.00000000
2018-02-23 06:11:27,0.00009160,913.00000000
2018-02-23 06:11:27,0.00009158,215.00000000
2018-02-23 06:11:27,0.00009156,1007.00000000
2018-02-23 06:11:27,0.00009155,605.00000000
2018-02-23 06:11:27,0.00009154,2437.00000000
2018-02-23 06:11:27,0.00009153,763.00000000
2018-02-23 06:11:27,0.00009151,983.00000000
2018-02-23 06:11:27,0.00009150,1023.00000000
2018-02-23 06:11:30,0.00009178,156.00000000
2018-02-23 06:11:31,0.00009178,44.00000000
2018-02-23 06:11:32,0.00009178,1015.00000000
2018-02-23 06:11:39,0.00009178,143.00000000
2018-02-23 06:11:42,0.00009162,390.00000000
2018-02-23 06:11:42,0.00009162,389.00000000
2018-02-23 06:11:42,0.00009162,228.00000000
2018-02-23 06:11:43,0.00009174,120.00000000
2018-02-23 06:11:43,0.00009175,89.00000000
2018-02-23 06:11:43,0.00009175,327.00000000
2018-02-23 06:11:45,0.00009176,67.00000000
2018-02-23 06:11:59,0.00009176,306.00000000
2018-02-23 06:11:59,0.00009177,45.00000000
2018-02-23 06:11:59,0.00009178,32.00000000
2018-02-23 06:11:59,0.00009183,15.00000000
2018-02-23 06:12:02,0.00009185,15.00000000
2018-02-23 06:12:08,0.00009175,47.00000000
2018-02-23 06:12:16,0.00009176,109.00000000
2018-02-23 06:12:16,0.00009176,837.00000000
2018-02-23 06:12:17,0.00009176,335.00000000
2018-02-23 06:12:17,0.00009176,1086.00000000
2018-02-23 06:12:17,0.00009176,325.00000000
2018-02-23 06:12:17,0.00009176,322.00000000
2018-02-23 06:12:19,0.00009177,100.00000000
2018-02-23 06:12:19,0.00009177,26.00000000
2018-02-23 06:12:22,0.00009177,883.00000000
2018-02-23 06:12:31,0.00009176,278.00000000
2018-02-23 06:12:44,0.00009177,83.00000000
2018-02-23 06:12:48,0.00009177,545.00000000
2018-02-23 06:12:48,0.00009177,276.00000000
2018-02-23 06:12:48,0.00009179,2120.00000000
2018-02-23 06:12:52,0.00009180,3.00000000
2018-02-23 06:12:54,0.00009179,19.00000000
2018-02-23 06:13:00,0.00009180,186.00000000
2018-02-23 06:13:00,0.00009179,447.00000000
2018-02-23 06:13:01,0.00009180,246.00000000
2018-02-23 06:13:02,0.00009180,606.00000000
2018-02-23 06:13:04,0.00009180,237.00000000
2018-02-23 06:13:04,0.00009179,315.00000000
2018-02-23 06:13:05,0.00009179,681.00000000
2018-02-23 06:13:05,0.00009188,820.00000000
2018-02-23 06:13:07,0.00009177,26.00000000
2018-02-23 06:13:09,0.00009177,26.00000000
2018-02-23 06:13:10,0.00009188,31.00000000
2018-02-23 06:13:10,0.00009188,3.00000000
2018-02-23 06:13:11,0.00009188,100.00000000
2018-02-23 06:13:11,0.00009177,275.00000000
2018-02-23 06:13:14,0.00009178,150.00000000
2018-02-23 06:13:14,0.00009177,194.00000000
2018-02-23 06:13:15,0.00009177,46.00000000
2018-02-23 06:13:15,0.00009188,109.00000000
2018-02-23 06:13:18,0.00009179,26.00000000
2018-02-23 06:13:21,0.00009179,20.00000000
2018-02-23 06:13:21,0.00009179,26.00000000
2018-02-23 06:13:21,0.00009188,268.00000000
2018-02-23 06:13:21,0.00009179,58.00000000
2018-02-23 06:13:26,0.00009179,97.00000000
2018-02-23 06:13:33,0.00009188,711.00000000
2018-02-23 06:13:33,0.00009189,350.00000000
2018-02-23 06:13:33,0.00009190,1183.00000000
2018-02-23 06:13:33,0.00009191,546.00000000
2018-02-23 06:13:33,0.00009193,474.00000000
2018-02-23 06:13:34,0.00009192,176.00000000
2018-02-23 06:13:39,0.00009192,9.00000000
2018-02-23 06:13:46,0.00009178,12.00000000
2018-02-23 06:13:48,0.00009192,170.00000000
2018-02-23 06:13:54,0.00009186,20.00000000
2018-02-23 06:13:54,0.00009186,104.00000000
2018-02-23 06:13:54,0.00009187,358.00000000
2018-02-23 06:13:54,0.00009186,532.00000000
2018-02-23 06:13:54,0.00009186,266.00000000
2018-02-23 06:13:54,0.00009186,291.00000000
2018-02-23 06:13:55,0.00009187,813.00000000
2018-02-23 06:13:56,0.00009187,190.00000000
2018-02-23 06:13:56,0.00009186,666.00000000
2018-02-23 06:13:56,0.00009186,373.00000000
2018-02-23 06:13:57,0.00009186,117.00000000
2018-02-23 06:13:57,0.00009186,257.00000000
2018-02-23 06:14:01,0.00009190,282.00000000
2018-02-23 06:14:02,0.00009190,544.00000000
2018-02-23 06:14:03,0.00009186,1242.00000000
2018-02-23 06:14:03,0.00009186,385.00000000
2018-02-23 06:14:04,0.00009186,107.00000000
2018-02-23 06:14:06,0.00009190,60.00000000
2018-02-23 06:14:08,0.00009190,30.00000000
2018-02-23 06:14:10,0.00009190,87.00000000
2018-02-23 06:14:10,0.00009191,22.00000000
2018-02-23 06:14:11,0.00009191,128.00000000
2018-02-23 06:14:20,0.00009190,31.00000000
2018-02-23 06:14:22,0.00009192,207.00000000
2018-02-23 06:14:22,0.00009193,166.00000000
2018-02-23 06:14:22,0.00009194,171.00000000
2018-02-23 06:14:25,0.00009193,13.00000000
2018-02-23 06:14:25,0.00009194,2291.00000000
2018-02-23 06:14:26,0.00009195,297.00000000
2018-02-23 06:14:28,0.00009195,279.00000000
2018-02-23 06:14:31,0.00009195,589.00000000
2018-02-23 06:14:34,0.00009195,1970.00000000
2018-02-23 06:14:36,0.00009195,19.00000000
2018-02-23 06:14:41,0.00009196,73.00000000
2018-02-23 06:14:42,0.00009199,120.00000000
2018-02-23 06:14:44,0.00009199,1212.00000000
2018-02-23 06:14:44,0.00009200,3.00000000
2018-02-23 06:14:45,0.00009196,329.00000000
2018-02-23 06:14:45,0.00009199,1355.00000000
2018-02-23 06:14:45,0.00009200,1051.00000000
2018-02-23 06:14:46,0.00009199,439.00000000
2018-02-23 06:14:46,0.00009199,43.00000000
2018-02-23 06:14:46,0.00009200,37.00000000
2018-02-23 06:14:49,0.00009200,26.00000000
2018-02-23 06:14:50,0.00009196,760.00000000
2018-02-23 06:14:50,0.00009195,1011.00000000
2018-02-23 06:14:50,0.00009192,38.00000000
2018-02-23 06:14:51,0.00009199,900.00000000
2018-02-23 06:14:51,0.00009200,2074.00000000
2018-02-23 06:14:51,0.00009200,900.00000000
2018-02-23 06:14:52,0.00009200,5000.00000000
2018-02-23 06:14:53,0.00009201,500.00000000
2018-02-23 06:14:56,0.00009200,12.00000000
2018-02-23 06:14:56,0.00009200,12.00000000
2018-02-23 06:14:57,0.00009201,482.00000000
2018-02-23 06:14:57,0.00009201,30.00000000
2018-02-23 06:14:58,0.00009201,104.00000000
2018-02-23 06:14:58,0.00009200,54.00000000
2018-02-23 06:15:01,0.00009200,109.00000000
2018-02-23 06:15:01,0.00009201,425.00000000
2018-02-23 06:15:02,0.00009200,227.00000000
2018-02-23 06:15:03,0.00009200,73.00000000
2018-02-23 06:15:04,0.00009200,51.00000000
2018-02-23 06:15:05,0.00009200,326.00000000
2018-02-23 06:15:05,0.00009200,325.00000000
2018-02-23 06:15:05,0.00009200,326.00000000
2018-02-23 06:15:06,0.00009200,226.00000000
2018-02-23 06:15:07,0.00009201,3000.00000000
2018-02-23 06:15:08,0.00009200,91.00000000
2018-02-23 06:15:11,0.00009200,551.00000000
2018-02-23 06:15:16,0.00009201,1026.00000000
2018-02-23 06:15:17,0.00009200,12.00000000
2018-02-23 06:15:18,0.00009201,427.00000000
2018-02-23 06:15:20,0.00009201,25.00000000
2018-02-23 06:15:24,0.00009201,551.00000000
2018-02-23 06:15:24,0.00009201,69.00000000
2018-02-23 06:15:25,0.00009201,1669.00000000
2018-02-23 06:15:25,0.00009202,363.00000000
2018-02-23 06:15:25,0.00009205,88.00000000
2018-02-23 06:15:25,0.00009206,596.00000000
2018-02-23 06:15:26,0.00009205,49.00000000
2018-02-23 06:15:26,0.00009201,159.00000000
2018-02-23 06:15:27,0.00009205,251.00000000
2018-02-23 06:15:27,0.00009206,292.00000000
2018-02-23 06:15:28,0.00009206,543.00000000
2018-02-23 06:15:28,0.00009206,415.00000000
2018-02-23 06:15:28,0.00009207,96.00000000
2018-02-23 06:15:29,0.00009207,90.00000000
2018-02-23 06:15:29,0.00009203,799.00000000
2018-02-23 06:15:30,0.00009207,325.00000000
2018-02-23 06:15:36,0.00009215,70.00000000
2018-02-23 06:15:37,0.00009211,18.00000000
2018-02-23 06:15:41,0.00009211,154.00000000
2018-02-23 06:15:41,0.00009211,3000.00000000
2018-02-23 06:15:46,0.00009207,23.00000000
2018-02-23 06:15:49,0.00009207,69.00000000
2018-02-23 06:15:51,0.00009207,103.00000000
2018-02-23 06:15:51,0.00009207,19.00000000
2018-02-23 06:15:51,0.00009211,3766.00000000
2018-02-23 06:15:51,0.00009215,1028.00000000
2018-02-23 06:15:52,0.00009215,51.00000000
2018-02-23 06:15:53,0.00009215,3560.00000000
2018-02-23 06:15:54,0.00009216,225.00000000
2018-02-23 06:15:57,0.00009216,55.00000000
2018-02-23 06:16:00,0.00009216,220.00000000
2018-02-23 06:16:00,0.00009215,3561.00000000
2018-02-23 06:16:09,0.00009213,111.00000000
2018-02-23 06:16:15,0.00009213,891.00000000
2018-02-23 06:16:29,0.00009211,65.00000000
2018-02-23 06:16:30,0.00009211,96.00000000
2018-02-23 06:16:34,0.00009211,543.00000000
2018-02-23 06:16:35,0.00009211,60.00000000
2018-02-23 06:16:36,0.00009211,1282.00000000
2018-02-23 06:16:39,0.00009211,114.00000000
2018-02-23 06:16:39,0.00009211,114.00000000
2018-02-23 06:16:40,0.00009211,1430.00000000
2018-02-23 06:16:41,0.00009210,543.00000000
2018-02-23 06:16:45,0.00009211,1461.00000000
2018-02-23 06:16:45,0.00009213,617.00000000
2018-02-23 06:16:45,0.00009215,2624.00000000
2018-02-23 06:16:47,0.00009210,12.00000000
2018-02-23 06:16:50,0.00009210,94.00000000
2018-02-23 06:16:54,0.00009210,2616.00000000
2018-02-23 06:16:59,0.00009210,1308.00000000
2018-02-23 06:16:59,0.00009210,17.00000000
2018-02-23 06:17:01,0.00009214,490.00000000
2018-02-23 06:17:01,0.00009215,120.00000000
2018-02-23 06:17:01,0.00009211,30.00000000
2018-02-23 06:17:04,0.00009215,108.00000000
2018-02-23 06:17:07,0.00009213,12.00000000
2018-02-23 06:17:07,0.00009211,302.00000000
2018-02-23 06:17:08,0.00009211,466.00000000
2018-02-23 06:17:09,0.00009211,62.00000000
2018-02-23 06:17:15,0.00009215,89.00000000
2018-02-23 06:17:16,0.00009216,247.00000000
2018-02-23 06:17:16,0.00009216,206.00000000
2018-02-23 06:17:16,0.00009216,87.00000000
2018-02-23 06:17:20,0.00009215,824.00000000
2018-02-23 06:17:24,0.00009217,441.00000000
2018-02-23 06:17:24,0.00009218,79.00000000
2018-02-23 06:17:26,0.00009215,537.00000000
2018-02-23 06:17:27,0.00009215,454.00000000
2018-02-23 06:17:27,0.00009218,421.00000000
2018-02-23 06:17:27,0.00009219,2898.00000000
2018-02-23 06:17:27,0.00009222,699.00000000
2018-02-23 06:17:28,0.00009216,29.00000000
2018-02-23 06:17:37,0.00009216,221.00000000
2018-02-23 06:17:40,0.00009217,206.00000000
2018-02-23 06:17:42,0.00009217,325.00000000
2018-02-23 06:17:48,0.00009222,780.00000000
2018-02-23 06:17:48,0.00009217,216.00000000
2018-02-23 06:17:48,0.00009217,110.00000000
2018-02-23 06:17:49,0.00009217,43.00000000
2018-02-23 06:17:49,0.00009217,15.00000000
2018-02-23 06:17:51,0.00009217,43.00000000
2018-02-23 06:17:53,0.00009217,42.00000000
2018-02-23 06:17:53,0.00009216,1.00000000
2018-02-23 06:17:57,0.00009216,43.00000000
2018-02-23 06:17:59,0.00009216,43.00000000
2018-02-23 06:17:59,0.00009216,438.00000000
2018-02-23 06:17:59,0.00009220,500.00000000
2018-02-23 06:17:59,0.00009222,14.00000000
2018-02-23 06:17:59,0.00009224,3.00000000
2018-02-23 06:18:00,0.00009216,759.00000000
2018-02-23 06:18:01,0.00009216,549.00000000
2018-02-23 06:18:03,0.00009216,1735.00000000
2018-02-23 06:18:07,0.00009217,542.00000000
2018-02-23 06:18:09,0.00009219,208.00000000
2018-02-23 06:18:12,0.00009217,4.00000000
2018-02-23 06:18:14,0.00009224,11.00000000
2018-02-23 06:18:17,0.00009217,746.00000000
2018-02-23 06:18:17,0.00009216,903.00000000
2018-02-23 06:18:17,0.00009217,1754.00000000
2018-02-23 06:18:17,0.00009224,434.00000000
2018-02-23 06:18:21,0.00009216,542.00000000
2018-02-23 06:18:26,0.00009224,139.00000000
2018-02-23 06:18:26,0.00009224,323.00000000
2018-02-23 06:18:30,0.00009218,3097.00000000
2018-02-23 06:18:30,0.00009216,798.00000000
2018-02-23 06:18:30,0.00009215,199.00000000
2018-02-23 06:18:30,0.00009213,551.00000000
2018-02-23 06:18:30,0.00009217,997.00000000
2018-02-23 06:18:31,0.00009219,3.00000000
2018-02-23 06:18:31,0.00009215,43.00000000
2018-02-23 06:18:33,0.00009216,1844.00000000
2018-02-23 06:18:33,0.00009216,43.00000000
2018-02-23 06:18:35,0.00009217,22.00000000
2018-02-23 06:18:35,0.00009216,21.00000000
2018-02-23 06:18:36,0.00009223,70.00000000
2018-02-23 06:18:37,0.00009216,6561.00000000
2018-02-23 06:18:38,0.00009215,43.00000000
2018-02-23 06:18:39,0.00009223,224.00000000
2018-02-23 06:18:40,0.00009210,43.00000000
2018-02-23 06:18:42,0.00009210,207.00000000
2018-02-23 06:18:44,0.00009210,297.00000000
2018-02-23 06:18:46,0.00009210,83.00000000
2018-02-23 06:18:48,0.00009222,161.00000000
2018-02-23 06:18:48,0.00009217,116.00000000
2018-02-23 06:18:49,0.00009210,33.00000000
2018-02-23 06:18:49,0.00009209,10.00000000
2018-02-23 06:18:51,0.00009209,228.00000000
2018-02-23 06:18:53,0.00009209,40.00000000
2018-02-23 06:18:53,0.00009209,49.00000000
2018-02-23 06:18:53,0.00009208,15.00000000
2018-02-23 06:18:54,0.00009216,390.00000000
2018-02-23 06:18:55,0.00009208,81.00000000
2018-02-23 06:18:58,0.00009209,165.00000000
2018-02-23 06:18:58,0.00009208,416.00000000
2018-02-23 06:18:58,0.00009208,127.00000000
2018-02-23 06:19:00,0.00009208,748.00000000
2018-02-23 06:19:01,0.00009202,191.00000000
2018-02-23 06:19:05,0.00009203,1354.00000000
2018-02-23 06:19:05,0.00009207,34.00000000
2018-02-23 06:19:10,0.00009201,108.00000000
2018-02-23 06:19:10,0.00009201,54.00000000
2018-02-23 06:19:12,0.00009202,43.00000000
2018-02-23 06:19:12,0.00009207,9.00000000
2018-02-23 06:19:12,0.00009210,1.00000000
2018-02-23 06:19:12,0.00009201,54.00000000
2018-02-23 06:19:13,0.00009210,25.00000000
2018-02-23 06:19:13,0.00009214,89.00000000
2018-02-23 06:19:17,0.00009201,612.00000000
2018-02-23 06:19:18,0.00009201,12.00000000
2018-02-23 06:19:20,0.00009202,17.00000000
2018-02-23 06:19:23,0.00009213,6.00000000
2018-02-23 06:19:32,0.00009213,72.00000000
2018-02-23 06:19:41,0.00009213,4.00000000
2018-02-23 06:19:48,0.00009213,20.00000000
2018-02-23 06:19:48,0.00009203,27.00000000
2018-02-23 06:19:54,0.00009203,510.00000000
2018-02-23 06:19:57,0.00009211,81.00000000
2018-02-23 06:20:00,0.00009203,273.00000000
2018-02-23 06:20:06,0.00009203,462.00000000
2018-02-23 06:20:10,0.00009203,84.00000000
2018-02-23 06:20:11,0.00009211,43.00000000
2018-02-23 06:20:12,0.00009211,58.00000000
2018-02-23 06:20:12,0.00009203,43.00000000
2018-02-23 06:20:15,0.00009203,43.00000000
2018-02-23 06:20:15,0.00009203,293.00000000
2018-02-23 06:20:15,0.00009202,77.00000000
2018-02-23 06:20:15,0.00009201,30.00000000
2018-02-23 06:20:17,0.00009201,1249.00000000
2018-02-23 06:20:19,0.00009201,1251.00000000
2018-02-23 06:20:19,0.00009200,1456.00000000
2018-02-23 06:20:19,0.00009197,389.00000000
2018-02-23 06:20:29,0.00009194,69.00000000
2018-02-23 06:20:35,0.00009203,250.00000000
2018-02-23 06:20:39,0.00009203,426.00000000
2018-02-23 06:20:39,0.00009206,274.00000000
2018-02-23 06:20:45,0.00009205,39.00000000
2018-02-23 06:20:45,0.00009205,30.00000000
2018-02-23 06:20:45,0.00009206,83.00000000
2018-02-23 06:21:04,0.00009205,11.00000000
2018-02-23 06:21:06,0.00009194,84.00000000
2018-02-23 06:21:11,0.00009194,32.00000000
2018-02-23 06:21:15,0.00009205,174.00000000
2018-02-23 06:21:20,0.00009194,123.00000000
2018-02-23 06:21:20,0.00009192,169.00000000
2018-02-23 06:21:20,0.00009190,16.00000000
2018-02-23 06:21:20,0.00009180,161.00000000
2018-02-23 06:21:24,0.00009194,13.00000000
2018-02-23 06:21:29,0.00009194,75.00000000
2018-02-23 06:21:31,0.00009194,1306.00000000
2018-02-23 06:21:31,0.00009194,1.00000000
2018-02-23 06:21:31,0.00009199,337.00000000
2018-02-23 06:21:31,0.00009204,11.00000000
2018-02-23 06:21:31,0.00009205,1011.00000000
2018-02-23 06:21:31,0.00009206,200.00000000
2018-02-23 06:21:31,0.00009207,302.00000000
2018-02-23 06:21:31,0.00009209,150.00000000
2018-02-23 06:21:31,0.00009209,900.00000000
2018-02-23 06:21:31,0.00009209,900.00000000
2018-02-23 06:21:31,0.00009209,431.00000000
2018-02-23 06:21:32,0.00009209,89.00000000
2018-02-23 06:21:32,0.00009209,86.00000000
2018-02-23 06:21:32,0.00009209,706.00000000
2018-02-23 06:21:32,0.00009209,446.00000000
2018-02-23 06:21:39,0.00009194,284.00000000
2018-02-23 06:21:39,0.00009194,174.00000000
2018-02-23 06:21:48,0.00009194,1.00000000
2018-02-23 06:21:48,0.00009200,12.00000000
2018-02-23 06:21:55,0.00009199,35.00000000
2018-02-23 06:21:56,0.00009200,90.00000000
2018-02-23 06:22:00,0.00009200,116.00000000
2018-02-23 06:22:01,0.00009200,1188.00000000
2018-02-23 06:22:03,0.00009200,424.00000000
2018-02-23 06:22:08,0.00009200,43.00000000
2018-02-23 06:22:14,0.00009200,1175.00000000
2018-02-23 06:22:19,0.00009200,17.00000000
2018-02-23 06:22:20,0.00009200,1146.00000000
2018-02-23 06:22:23,0.00009201,1283.00000000
2018-02-23 06:22:26,0.00009203,137.00000000
2018-02-23 06:22:28,0.00009203,126.00000000
2018-02-23 06:22:30,0.00009203,274.00000000
2018-02-23 06:22:30,0.00009201,158.00000000
2018-02-23 06:22:34,0.00009205,86.00000000
2018-02-23 06:22:34,0.00009206,1325.00000000
2018-02-23 06:22:36,0.00009201,2188.00000000
2018-02-23 06:22:37,0.00009206,1641.00000000
2018-02-23 06:22:39,0.00009206,71.00000000
2018-02-23 06:22:43,0.00009206,400.00000000
2018-02-23 06:22:46,0.00009206,50.00000000
2018-02-23 06:22:51,0.00009210,901.00000000
2018-02-23 06:22:51,0.00009210,577.00000000
2018-02-23 06:22:51,0.00009206,625.00000000
2018-02-23 06:22:52,0.00009201,312.00000000
2018-02-23 06:22:54,0.00009211,1.00000000
2018-02-23 06:22:55,0.00009202,109.00000000
2018-02-23 06:23:02,0.00009210,100.00000000
2018-02-23 06:23:09,0.00009210,243.00000000
2018-02-23 06:23:18,0.00009210,786.00000000
2018-02-23 06:23:23,0.00009210,440.00000000
2018-02-23 06:23:29,0.00009202,180.00000000
2018-02-23 06:23:32,0.00009202,26.00000000
2018-02-23 06:23:32,0.00009206,745.00000000
2018-02-23 06:23:32,0.00009206,1.00000000
2018-02-23 06:23:32,0.00009210,275.00000000
2018-02-23 06:23:32,0.00009211,471.00000000
2018-02-23 06:23:32,0.00009211,947.00000000
2018-02-23 06:23:32,0.00009211,325.00000000
2018-02-23 06:23:32,0.00009211,543.00000000
2018-02-23 06:23:32,0.00009211,543.00000000
2018-02-23 06:23:33,0.00009210,90.00000000
2018-02-23 06:23:33,0.00009210,185.00000000
2018-02-23 06:23:33,0.00009202,8.00000000
2018-02-23 06:23:33,0.00009200,24.00000000
2018-02-23 06:23:36,0.00009200,40.00000000
2018-02-23 06:23:36,0.00009197,160.00000000
2018-02-23 06:23:38,0.00009209,3.00000000
2018-02-23 06:23:52,0.00009209,3.00000000
2018-02-23 06:23:53,0.00009209,280.00000000
2018-02-23 06:23:56,0.00009209,450.00000000
2018-02-23 06:24:02,0.00009206,129.00000000
2018-02-23 06:24:02,0.00009199,108.00000000
2018-02-23 06:24:02,0.00009198,263.00000000
2018-02-23 06:24:09,0.00009209,114.00000000
2018-02-23 06:24:10,0.00009209,325.00000000
2018-02-23 06:24:10,0.00009209,325.00000000
2018-02-23 06:24:10,0.00009209,237.00000000
2018-02-23 06:24:16,0.00009210,23.00000000
2018-02-23 06:24:16,0.00009210,324.00000000
2018-02-23 06:24:16,0.00009210,474.00000000
2018-02-23 06:24:17,0.00009210,45.00000000
2018-02-23 06:24:17,0.00009209,162.00000000
2018-02-23 06:24:17,0.00009209,163.00000000
2018-02-23 06:24:17,0.00009209,163.00000000
2018-02-23 06:24:25,0.00009208,73.00000000
2018-02-23 06:24:27,0.00009208,126.00000000
2018-02-23 06:24:28,0.00009204,1089.00000000
2018-02-23 06:24:33,0.00009204,98.00000000
2018-02-23 06:24:34,0.00009205,481.00000000
2018-02-23 06:24:34,0.00009204,608.00000000
2018-02-23 06:24:52,0.00009207,158.00000000
2018-02-23 06:25:03,0.00009204,37.00000000
2018-02-23 06:25:05,0.00009204,37.00000000
2018-02-23 06:25:06,0.00009204,37.00000000
2018-02-23 06:25:09,0.00009204,37.00000000
2018-02-23 06:25:10,0.00009204,45.00000000
2018-02-23 06:25:11,0.00009204,37.00000000
2018-02-23 06:25:12,0.00009204,36.00000000
2018-02-23 06:25:12,0.00009207,132.00000000
2018-02-23 06:25:13,0.00009207,29.00000000
2018-02-23 06:25:14,0.00009207,36.00000000
2018-02-23 06:25:15,0.00009207,553.00000000
2018-02-23 06:25:15,0.00009207,44.00000000
2018-02-23 06:25:15,0.00009207,29.00000000
2018-02-23 06:25:16,0.00009207,464.00000000
2018-02-23 06:25:16,0.00009207,35.00000000
2018-02-23 06:25:16,0.00009207,217.00000000
2018-02-23 06:25:21,0.00009207,490.00000000
2018-02-23 06:25:24,0.00009207,212.00000000
2018-02-23 06:25:25,0.00009204,43.00000000
2018-02-23 06:25:26,0.00009204,1096.00000000
2018-02-23 06:25:26,0.00009204,30.00000000
2018-02-23 06:25:27,0.00009204,43.00000000
2018-02-23 06:25:29,0.00009204,476.00000000
2018-02-23 06:25:32,0.00009204,1062.00000000
2018-02-23 06:25:34,0.00009204,1553.00000000
2018-02-23 06:25:35,0.00009204,163.00000000
2018-02-23 06:25:37,0.00009204,325.00000000
2018-02-23 06:25:37,0.00009204,88.00000000
2018-02-23 06:25:37,0.00009204,72.00000000
2018-02-23 06:25:37,0.00009200,72.00000000
2018-02-23 06:25:55,0.00009203,324.00000000
2018-02-23 06:25:55,0.00009203,209.00000000
2018-02-23 06:26:08,0.00009203,55.00000000
2018-02-23 06:26:08,0.00009204,1521.00000000
2018-02-23 06:26:08,0.00009207,450.00000000
2018-02-23 06:26:08,0.00009208,953.00000000
2018-02-23 06:26:20,0.00009208,381.00000000
2018-02-23 06:26:21,0.00009208,137.00000000
2018-02-23 06:26:21,0.00009208,325.00000000
2018-02-23 06:26:21,0.00009208,157.00000000
2018-02-23 06:26:33,0.00009204,1089.00000000
2018-02-23 06:26:33,0.00009205,300.00000000
2018-02-23 06:26:33,0.00009209,40.00000000
2018-02-23 06:26:33,0.00009210,2203.00000000
2018-02-23 06:26:34,0.00009203,27.00000000
2018-02-23 06:26:35,0.00009210,908.00000000
2018-02-23 06:26:36,0.00009210,303.00000000
2018-02-23 06:26:38,0.00009209,1624.00000000
2018-02-23 06:26:38,0.00009210,658.00000000
2018-02-23 06:26:43,0.00009205,200.00000000
2018-02-23 06:26:43,0.00009205,200.00000000
2018-02-23 06:26:43,0.00009205,200.00000000
2018-02-23 06:26:43,0.00009205,325.00000000
2018-02-23 06:26:43,0.00009205,449.00000000
2018-02-23 06:26:44,0.00009205,126.00000000
2018-02-23 06:26:44,0.00009203,76.00000000
2018-02-23 06:26:44,0.00009203,76.00000000
2018-02-23 06:26:44,0.00009203,325.00000000
2018-02-23 06:26:44,0.00009203,177.00000000
2018-02-23 06:26:44,0.00009210,95.00000000
2018-02-23 06:26:47,0.00009209,208.00000000
2018-02-23 06:26:47,0.00009209,32.00000000
2018-02-23 06:26:53,0.00009209,1412.00000000
2018-02-23 06:26:54,0.00009209,17.00000000
2018-02-23 06:26:55,0.00009203,25.00000000
2018-02-23 06:26:59,0.00009209,414.00000000
2018-02-23 06:27:14,0.00009204,121.00000000
2018-02-23 06:27:18,0.00009204,451.00000000
2018-02-23 06:27:18,0.00009203,92.00000000
2018-02-23 06:27:20,0.00009205,543.00000000
2018-02-23 06:27:22,0.00009205,471.00000000
2018-02-23 06:27:22,0.00009203,72.00000000
2018-02-23 06:27:24,0.00009203,215.00000000
2018-02-23 06:27:24,0.00009200,328.00000000
2018-02-23 06:27:26,0.00009200,543.00000000
2018-02-23 06:27:26,0.00009200,26.00000000
2018-02-23 06:27:28,0.00009202,82.00000000
2018-02-23 06:27:28,0.00009208,248.00000000
2018-02-23 06:27:28,0.00009200,100.00000000
2018-02-23 06:27:29,0.00009208,841.00000000
2018-02-23 06:27:29,0.00009209,796.00000000
2018-02-23 06:27:31,0.00009200,39.00000000
2018-02-23 06:27:31,0.00009199,363.00000000
2018-02-23 06:27:31,0.00009198,25.00000000
2018-02-23 06:27:31,0.00009197,117.00000000
2018-02-23 06:27:32,0.00009197,100.00000000
2018-02-23 06:27:33,0.00009197,86.00000000
2018-02-23 06:27:34,0.00009197,118.00000000
2018-02-23 06:27:35,0.00009197,544.00000000
2018-02-23 06:27:37,0.00009196,96.00000000
2018-02-23 06:27:40,0.00009196,394.00000000
2018-02-23 06:27:41,0.00009199,27.00000000
2018-02-23 06:27:41,0.00009196,177.00000000
2018-02-23 06:27:43,0.00009196,544.00000000
2018-02-23 06:27:43,0.00009196,17.00000000
2018-02-23 06:27:45,0.00009196,544.00000000
2018-02-23 06:27:49,0.00009197,500.00000000
2018-02-23 06:27:52,0.00009199,55.00000000
2018-02-23 06:27:57,0.00009200,182.00000000
2018-02-23 06:27:57,0.00009199,367.00000000
2018-02-23 06:27:57,0.00009197,596.00000000
2018-02-23 06:28:06,0.00009200,168.00000000
2018-02-23 06:28:06,0.00009197,116.00000000
2018-02-23 06:28:11,0.00009203,11.00000000
2018-02-23 06:28:12,0.00009203,14.00000000
2018-02-23 06:28:14,0.00009197,94.00000000
2018-02-23 06:28:14,0.00009203,21.00000000
2018-02-23 06:28:16,0.00009197,37.00000000
2018-02-23 06:28:17,0.00009197,1.00000000
2018-02-23 06:28:20,0.00009196,27.00000000
2018-02-23 06:28:23,0.00009196,86.00000000
2018-02-23 06:28:24,0.00009196,440.00000000
2018-02-23 06:28:30,0.00009195,1089.00000000
2018-02-23 06:28:31,0.00009195,139.00000000
2018-02-23 06:28:33,0.00009195,163.00000000
2018-02-23 06:28:39,0.00009196,504.00000000
2018-02-23 06:28:41,0.00009195,553.00000000
2018-02-23 06:28:48,0.00009195,409.00000000
2018-02-23 06:28:50,0.00009195,326.00000000
2018-02-23 06:28:51,0.00009195,35.00000000
2018-02-23 06:28:52,0.00009195,165.00000000
2018-02-23 06:28:55,0.00009195,48.00000000
2018-02-23 06:29:00,0.00009195,482.00000000
2018-02-23 06:29:04,0.00009195,78.00000000
2018-02-23 06:29:04,0.00009194,442.00000000
2018-02-23 06:29:09,0.00009196,284.00000000
2018-02-23 06:29:09,0.00009197,216.00000000
2018-02-23 06:29:13,0.00009194,451.00000000
2018-02-23 06:29:13,0.00009194,1.00000000
2018-02-23 06:29:18,0.00009195,51.00000000
2018-02-23 06:29:26,0.00009197,969.00000000
2018-02-23 06:29:26,0.00009200,245.00000000
2018-02-23 06:29:26,0.00009203,200.00000000
2018-02-23 06:29:26,0.00009204,193.00000000
2018-02-23 06:29:26,0.00009205,644.00000000
2018-02-23 06:29:26,0.00009207,768.00000000
2018-02-23 06:29:26,0.00009208,242.00000000
2018-02-23 06:29:27,0.00009195,701.00000000
2018-02-23 06:29:29,0.00009195,175.00000000
2018-02-23 06:29:30,0.00009194,273.00000000
2018-02-23 06:29:35,0.00009195,4276.00000000
2018-02-23 06:29:37,0.00009194,1223.00000000
2018-02-23 06:29:37,0.00009193,13228.00000000
2018-02-23 06:29:38,0.00009192,100.00000000
2018-02-23 06:29:39,0.00009192,20.00000000
2018-02-23 06:29:39,0.00009193,581.00000000
2018-02-23 06:29:39,0.00009195,8591.00000000
2018-02-23 06:29:40,0.00009195,4795.00000000
2018-02-23 06:29:47,0.00009195,1.00000000
2018-02-23 06:29:47,0.00009203,128.00000000
2018-02-23 06:29:49,0.00009188,72.00000000
2018-02-23 06:29:51,0.00009197,4.00000000
2018-02-23 06:29:54,0.00009197,346.00000000
2018-02-23 06:29:54,0.00009201,177.00000000
2018-02-23 06:29:56,0.00009195,75.00000000
2018-02-23 06:29:56,0.00009195,12.00000000
2018-02-23 06:29:58,0.00009195,225.00000000
2018-02-23 06:29:59,0.00009195,1089.00000000
2018-02-23 06:30:00,0.00009201,26.00000000
2018-02-23 06:30:02,0.00009195,119.00000000
2018-02-23 06:30:02,0.00009195,216.00000000
2018-02-23 06:30:02,0.00009190,109.00000000
2018-02-23 06:30:02,0.00009189,120.00000000
2018-02-23 06:30:02,0.00009188,41.00000000
2018-02-23 06:30:02,0.00009187,58.00000000
2018-02-23 06:30:03,0.00009201,51.00000000
2018-02-23 06:30:09,0.00009200,91.00000000
2018-02-23 06:30:09,0.00009201,5.00000000
2018-02-23 06:30:09,0.00009201,153.00000000
2018-02-23 06:30:09,0.00009201,86.00000000
2018-02-23 06:30:10,0.00009201,183.00000000
2018-02-23 06:30:10,0.00009201,60.00000000
2018-02-23 06:30:16,0.00009201,34.00000000
2018-02-23 06:30:17,0.00009201,2.00000000
2018-02-23 06:30:22,0.00009195,39.00000000
2018-02-23 06:30:32,0.00009195,51.00000000
2018-02-23 06:30:32,0.00009188,52.00000000
2018-02-23 06:30:35,0.00009188,54.00000000
2018-02-23 06:30:39,0.00009196,326.00000000
2018-02-23 06:30:39,0.00009196,64.00000000
2018-02-23 06:30:39,0.00009197,91.00000000
2018-02-23 06:30:44,0.00009202,2.00000000
2018-02-23 06:30:46,0.00009188,54.00000000
2018-02-23 06:30:48,0.00009201,90.00000000
2018-02-23 06:30:50,0.00009188,28.00000000
2018-02-23 06:30:51,0.00009201,2.00000000
2018-02-23 06:30:54,0.00009201,83.00000000
2018-02-23 06:30:57,0.00009201,145.00000000
2018-02-23 06:31:00,0.00009201,108.00000000
2018-02-23 06:31:01,0.00009201,69.00000000
2018-02-23 06:31:01,0.00009194,64.00000000
2018-02-23 06:31:01,0.00009193,233.00000000
2018-02-23 06:31:03,0.00009201,20.00000000
2018-02-23 06:31:03,0.00009201,70.00000000
2018-02-23 06:31:08,0.00009201,31.00000000
2018-02-23 06:31:09,0.00009193,12.00000000
2018-02-23 06:31:12,0.00009201,169.00000000
2018-02-23 06:31:27,0.00009202,54.00000000
2018-02-23 06:31:30,0.00009202,108.00000000
2018-02-23 06:31:30,0.00009201,278.00000000
2018-02-23 06:31:31,0.00009201,193.00000000
2018-02-23 06:31:34,0.00009202,90.00000000
2018-02-23 06:31:39,0.00009201,137.00000000
2018-02-23 06:31:40,0.00009202,117.00000000
2018-02-23 06:31:44,0.00009202,114.00000000
2018-02-23 06:31:46,0.00009201,244.00000000
2018-02-23 06:31:46,0.00009201,34.00000000
2018-02-23 06:31:46,0.00009202,179.00000000
2018-02-23 06:31:46,0.00009202,4108.00000000
2018-02-23 06:31:47,0.00009202,69.00000000
2018-02-23 06:31:56,0.00009201,15.00000000
2018-02-23 06:31:57,0.00009201,239.00000000
2018-02-23 06:31:59,0.00009201,566.00000000
2018-02-23 06:32:04,0.00009201,186.00000000
2018-02-23 06:32:04,0.00009200,337.00000000
2018-02-23 06:32:15,0.00009201,566.00000000
2018-02-23 06:32:15,0.00009200,282.00000000
2018-02-23 06:32:17,0.00009201,35.00000000
2018-02-23 06:32:17,0.00009202,199.00000000
2018-02-23 06:32:18,0.00009200,381.00000000
2018-02-23 06:32:18,0.00009200,368.00000000
2018-02-23 06:32:18,0.00009202,501.00000000
2018-02-23 06:32:24,0.00009202,3687.00000000
2018-02-23 06:32:24,0.00009202,2696.00000000
2018-02-23 06:32:25,0.00009202,544.00000000
2018-02-23 06:32:27,0.00009202,544.00000000
2018-02-23 06:32:29,0.00009202,523.00000000
2018-02-23 06:32:29,0.00009203,150.00000000
2018-02-23 06:32:29,0.00009202,799.00000000
2018-02-23 06:32:39,0.00009202,287.00000000
2018-02-23 06:32:39,0.00009202,100.00000000
2018-02-23 06:32:42,0.00009203,452.00000000
2018-02-23 06:32:42,0.00009203,420.00000000
2018-02-23 06:32:45,0.00009203,4.00000000
2018-02-23 06:32:49,0.00009203,152.00000000
2018-02-23 06:32:49,0.00009202,135.00000000
2018-02-23 06:33:00,0.00009202,287.00000000
2018-02-23 06:33:09,0.00009202,547.00000000
2018-02-23 06:33:25,0.00009206,90.00000000
2018-02-23 06:33:26,0.00009202,676.00000000
2018-02-23 06:33:32,0.00009203,34.00000000
2018-02-23 06:33:33,0.00009203,17.00000000
2018-02-23 06:33:34,0.00009203,84.00000000
2018-02-23 06:33:34,0.00009202,1.00000000
2018-02-23 06:33:35,0.00009202,38.00000000
2018-02-23 06:33:42,0.00009206,138.00000000
2018-02-23 06:33:44,0.00009204,14.00000000
2018-02-23 06:33:44,0.00009202,14.00000000
2018-02-23 06:33:48,0.00009203,582.00000000
2018-02-23 06:33:55,0.00009203,1089.00000000
2018-02-23 06:33:55,0.00009202,7434.00000000
2018-02-23 06:33:55,0.00009201,100.00000000
2018-02-23 06:33:55,0.00009200,110.00000000
2018-02-23 06:33:59,0.00009202,8.00000000
2018-02-23 06:34:02,0.00009202,16.00000000
2018-02-23 06:34:02,0.00009201,79.00000000
2018-02-23 06:34:02,0.00009193,871.00000000
2018-02-23 06:34:13,0.00009195,169.00000000
2018-02-23 06:34:15,0.00009194,356.00000000
2018-02-23 06:34:19,0.00009194,123.00000000
2018-02-23 06:34:19,0.00009193,2318.00000000
2018-02-23 06:34:19,0.00009189,307.00000000
2018-02-23 06:34:21,0.00009201,13.00000000
2018-02-23 06:34:23,0.00009189,721.00000000
2018-02-23 06:34:37,0.00009201,108.00000000
2018-02-23 06:34:40,0.00009201,108.00000000
2018-02-23 06:34:45,0.00009199,578.00000000
2018-02-23 06:34:45,0.00009200,2129.00000000
2018-02-23 06:34:49,0.00009189,243.00000000
2018-02-23 06:34:50,0.00009200,4.00000000
2018-02-23 06:34:52,0.00009195,11.00000000
2018-02-23 06:34:52,0.00009189,29.00000000
2018-02-23 06:34:53,0.00009194,15.00000000
2018-02-23 06:34:55,0.00009194,53.00000000
2018-02-23 06:34:56,0.00009194,12.00000000
2018-02-23 06:34:58,0.00009194,9.00000000
2018-02-23 06:35:01,0.00009190,36.00000000
2018-02-23 06:35:02,0.00009193,17.00000000
2018-02-23 06:35:03,0.00009195,122.00000000
2018-02-23 06:35:05,0.00009198,70.00000000
2018-02-23 06:35:05,0.00009195,251.00000000
2018-02-23 06:35:05,0.00009190,14.00000000
2018-02-23 06:35:06,0.00009190,53.00000000
2018-02-23 06:35:09,0.00009190,2.00000000
2018-02-23 06:35:09,0.00009189,1070.00000000
2018-02-23 06:35:11,0.00009190,2134.00000000
2018-02-23 06:35:12,0.00009189,601.00000000
2018-02-23 06:35:14,0.00009189,362.00000000
2018-02-23 06:35:14,0.00009189,142.00000000
2018-02-23 06:35:16,0.00009187,28.00000000
2018-02-23 06:35:20,0.00009189,206.00000000
2018-02-23 06:35:20,0.00009190,3132.00000000
2018-02-23 06:35:20,0.00009194,33.00000000
2018-02-23 06:35:20,0.00009198,91.00000000
2018-02-23 06:35:20,0.00009201,2142.00000000
2018-02-23 06:35:20,0.00009187,12.00000000
2018-02-23 06:35:21,0.00009186,14.00000000
2018-02-23 06:35:23,0.00009187,364.00000000
2018-02-23 06:35:25,0.00009190,75.00000000
2018-02-23 06:35:26,0.00009187,520.00000000
2018-02-23 06:35:27,0.00009190,230.00000000
2018-02-23 06:35:27,0.00009190,229.00000000
2018-02-23 06:35:27,0.00009190,230.00000000
2018-02-23 06:35:27,0.00009190,163.00000000
2018-02-23 06:35:27,0.00009190,229.00000000
2018-02-23 06:35:27,0.00009190,230.00000000
2018-02-23 06:35:27,0.00009190,230.00000000
2018-02-23 06:35:27,0.00009190,230.00000000
2018-02-23 06:35:28,0.00009190,146.00000000
2018-02-23 06:35:30,0.00009190,60.00000000
2018-02-23 06:35:30,0.00009190,24.00000000
2018-02-23 06:35:31,0.00009189,36.00000000
2018-02-23 06:35:33,0.00009191,28.00000000
2018-02-23 06:35:33,0.00009191,11.00000000
2018-02-23 06:35:34,0.00009188,120.00000000
2018-02-23 06:35:34,0.00009187,111.00000000
2018-02-23 06:35:34,0.00009187,111.00000000
2018-02-23 06:35:34,0.00009187,89.00000000
2018-02-23 06:35:34,0.00009187,77.00000000
2018-02-23 06:35:34,0.00009187,77.00000000
2018-02-23 06:35:34,0.00009187,40.00000000
2018-02-23 06:35:38,0.00009187,1641.00000000
2018-02-23 06:35:39,0.00009187,550.00000000
2018-02-23 06:35:42,0.00009186,578.00000000
2018-02-23 06:35:44,0.00009187,39.00000000
2018-02-23 06:35:47,0.00009187,1735.00000000
2018-02-23 06:35:47,0.00009187,300.00000000
2018-02-23 06:35:49,0.00009187,769.00000000
2018-02-23 06:35:50,0.00009187,3500.00000000
2018-02-23 06:35:50,0.00009190,17.00000000
2018-02-23 06:35:50,0.00009198,120.00000000
2018-02-23 06:35:50,0.00009200,560.00000000
2018-02-23 06:35:50,0.00009201,2710.00000000
2018-02-23 06:35:50,0.00009202,4701.00000000
2018-02-23 06:35:52,0.00009190,90.00000000
2018-02-23 06:35:52,0.00009190,90.00000000
2018-02-23 06:35:56,0.00009190,333.00000000
2018-02-23 06:36:04,0.00009191,363.00000000
2018-02-23 06:36:04,0.00009190,28.00000000
2018-02-23 06:36:06,0.00009190,765.00000000
2018-02-23 06:36:09,0.00009190,2.00000000
2018-02-23 06:36:09,0.00009190,48.00000000
2018-02-23 06:36:09,0.00009198,30.00000000
2018-02-23 06:36:09,0.00009190,204.00000000
2018-02-23 06:36:10,0.00009198,6.00000000
2018-02-23 06:36:13,0.00009187,101.00000000
2018-02-23 06:36:14,0.00009188,907.00000000
2018-02-23 06:36:14,0.00009188,907.00000000
2018-02-23 06:36:16,0.00009188,154.00000000
2018-02-23 06:36:16,0.00009188,154.00000000
2018-02-23 06:36:18,0.00009188,122.00000000
2018-02-23 06:36:19,0.00009188,122.00000000
2018-02-23 06:36:21,0.00009189,447.00000000
2018-02-23 06:36:24,0.00009190,1088.00000000
2018-02-23 06:36:29,0.00009190,1.00000000
2018-02-23 06:36:31,0.00009198,594.00000000
2018-02-23 06:36:49,0.00009189,189.00000000
2018-02-23 06:36:53,0.00009189,80.00000000
2018-02-23 06:36:55,0.00009189,34.00000000
2018-02-23 06:36:56,0.00009189,73.00000000
2018-02-23 06:37:01,0.00009188,26.00000000
2018-02-23 06:37:06,0.00009188,104.00000000
2018-02-23 06:37:06,0.00009189,506.00000000
2018-02-23 06:37:06,0.00009194,376.00000000
2018-02-23 06:37:06,0.00009196,873.00000000
2018-02-23 06:37:06,0.00009198,2297.00000000
2018-02-23 06:37:11,0.00009188,545.00000000
2018-02-23 06:37:18,0.00009188,3.00000000
2018-02-23 06:37:18,0.00009187,34.00000000
2018-02-23 06:37:18,0.00009187,23.00000000
2018-02-23 06:37:19,0.00009192,22.00000000
2018-02-23 06:37:19,0.00009189,91.00000000
2018-02-23 06:37:19,0.00009189,29.00000000
2018-02-23 06:37:20,0.00009189,109.00000000
2018-02-23 06:37:22,0.00009189,399.00000000
2018-02-23 06:37:22,0.00009192,98.00000000
2018-02-23 06:37:22,0.00009197,47.00000000
2018-02-23 06:37:29,0.00009196,23.00000000
2018-02-23 06:37:29,0.00009197,86.00000000
2018-02-23 06:37:36,0.00009196,109.00000000
2018-02-23 06:37:37,0.00009188,39.00000000
2018-02-23 06:37:38,0.00009196,109.00000000
2018-02-23 06:37:39,0.00009196,544.00000000
2018-02-23 06:37:40,0.00009188,81.00000000
2018-02-23 06:37:40,0.00009187,26.00000000
2018-02-23 06:37:44,0.00009187,26.00000000
2018-02-23 06:37:46,0.00009187,704.00000000
2018-02-23 06:37:46,0.00009187,544.00000000
2018-02-23 06:37:48,0.00009187,872.00000000
2018-02-23 06:37:48,0.00009196,544.00000000
2018-02-23 06:37:48,0.00009186,16.00000000
2018-02-23 06:37:50,0.00009188,109.00000000
2018-02-23 06:37:52,0.00009187,140.00000000
2018-02-23 06:37:52,0.00009186,274.00000000
2018-02-23 06:37:52,0.00009188,70.00000000
2018-02-23 06:37:52,0.00009196,39.00000000
2018-02-23 06:37:56,0.00009196,179.00000000
2018-02-23 06:37:57,0.00009187,300.00000000
2018-02-23 06:37:57,0.00009186,1823.00000000
2018-02-23 06:37:57,0.00009184,450.00000000
2018-02-23 06:37:57,0.00009183,1530.00000000
2018-02-23 06:37:57,0.00009182,578.00000000
2018-02-23 06:37:57,0.00009181,160.00000000
2018-02-23 06:38:00,0.00009182,138.00000000
2018-02-23 06:38:03,0.00009191,38.00000000
2018-02-23 06:38:11,0.00009182,235.00000000
2018-02-23 06:38:14,0.00009182,27.00000000
2018-02-23 06:38:14,0.00009181,16.00000000
2018-02-23 06:38:20,0.00009181,43.00000000
2018-02-23 06:38:20,0.00009188,235.00000000
2018-02-23 06:38:20,0.00009189,419.00000000
2018-02-23 06:38:23,0.00009187,685.00000000
2018-02-23 06:38:26,0.00009187,1170.00000000
2018-02-23 06:38:29,0.00009187,544.00000000
2018-02-23 06:38:33,0.00009187,1089.00000000
2018-02-23 06:38:33,0.00009182,130.00000000
2018-02-23 06:38:35,0.00009182,3874.00000000
2018-02-23 06:38:35,0.00009182,98.00000000
2018-02-23 06:38:35,0.00009182,98.00000000
2018-02-23 06:38:35,0.00009182,58.00000000
2018-02-23 06:38:36,0.00009181,98.00000000
2018-02-23 06:38:36,0.00009182,871.00000000
2018-02-23 06:38:36,0.00009187,545.00000000
2018-02-23 06:38:39,0.00009187,1089.00000000
2018-02-23 06:38:39,0.00009187,704.00000000
2018-02-23 06:38:39,0.00009188,334.00000000
2018-02-23 06:38:40,0.00009181,448.00000000
2018-02-23 06:38:40,0.00009180,532.00000000
2018-02-23 06:38:40,0.00009189,937.00000000
2018-02-23 06:38:45,0.00009189,88.00000000
2018-02-23 06:38:45,0.00009190,795.00000000
2018-02-23 06:38:45,0.00009190,206.00000000
2018-02-23 06:38:45,0.00009185,1499.00000000
2018-02-23 06:38:45,0.00009185,1005.00000000
2018-02-23 06:38:45,0.00009185,1601.00000000
2018-02-23 06:38:46,0.00009185,1227.00000000
2018-02-23 06:38:47,0.00009185,2568.00000000
2018-02-23 06:38:47,0.00009185,366.00000000
2018-02-23 06:38:50,0.00009185,43.00000000
2018-02-23 06:38:50,0.00009185,28.00000000
2018-02-23 06:38:52,0.00009185,6061.00000000
2018-02-23 06:38:57,0.00009181,264.00000000
2018-02-23 06:38:59,0.00009184,418.00000000
2018-02-23 06:39:00,0.00009184,453.00000000
2018-02-23 06:39:03,0.00009181,1164.00000000
2018-02-23 06:39:05,0.00009185,550.00000000
2018-02-23 06:39:06,0.00009185,25.00000000
2018-02-23 06:39:08,0.00009185,250.00000000
2018-02-23 06:39:08,0.00009185,16.00000000
2018-02-23 06:39:09,0.00009181,202.00000000
2018-02-23 06:39:20,0.00009181,489.00000000
2018-02-23 06:39:21,0.00009181,712.00000000
2018-02-23 06:39:24,0.00009185,190.00000000
2018-02-23 06:39:25,0.00009182,485.00000000
2018-02-23 06:39:25,0.00009181,4058.00000000
2018-02-23 06:39:25,0.00009180,2194.00000000
2018-02-23 06:39:28,0.00009185,108.00000000
2018-02-23 06:39:29,0.00009181,143.00000000
2018-02-23 06:39:31,0.00009181,108.00000000
2018-02-23 06:39:37,0.00009180,1883.00000000
2018-02-23 06:39:43,0.00009181,60.00000000
2018-02-23 06:39:43,0.00009183,43.00000000
2018-02-23 06:39:44,0.00009183,491.00000000
2018-02-23 06:39:44,0.00009185,66.00000000
2018-02-23 06:39:44,0.00009187,600.00000000
2018-02-23 06:39:44,0.00009191,241.00000000
2018-02-23 06:39:44,0.00009180,1883.00000000
2018-02-23 06:39:45,0.00009191,211.00000000
2018-02-23 06:39:45,0.00009192,120.00000000
2018-02-23 06:39:46,0.00009193,167.00000000
2018-02-23 06:39:46,0.00009193,360.00000000
2018-02-23 06:39:46,0.00009193,29.00000000
2018-02-23 06:39:46,0.00009192,29.00000000
2018-02-23 06:39:46,0.00009192,74.00000000
2018-02-23 06:39:46,0.00009180,30.00000000
2018-02-23 06:39:48,0.00009180,38.00000000
2018-02-23 06:39:49,0.00009185,12.00000000
2018-02-23 06:39:54,0.00009185,21.00000000
2018-02-23 06:40:05,0.00009185,544.00000000
2018-02-23 06:40:06,0.00009181,226.00000000
2018-02-23 06:40:06,0.00009180,2164.00000000
2018-02-23 06:40:07,0.00009180,490.00000000
2018-02-23 06:40:10,0.00009184,75.00000000
2018-02-23 06:40:11,0.00009184,544.00000000
2018-02-23 06:40:21,0.00009181,85.00000000
2018-02-23 06:40:23,0.00009184,227.00000000
2018-02-23 06:40:23,0.00009185,1224.00000000
2018-02-23 06:40:26,0.00009185,1941.00000000
2018-02-23 06:40:31,0.00009181,307.00000000
2018-02-23 06:40:31,0.00009180,583.00000000
2018-02-23 06:40:31,0.00009175,4921.00000000
2018-02-23 06:40:31,0.00009174,50.00000000
2018-02-23 06:40:31,0.00009175,6188.00000000
2018-02-23 06:40:31,0.00009185,1182.00000000
2018-02-23 06:40:33,0.00009184,900.00000000
2018-02-23 06:40:33,0.00009185,504.00000000
2018-02-23 06:40:37,0.00009171,184.00000000
2018-02-23 06:40:40,0.00009184,435.00000000
2018-02-23 06:40:41,0.00009184,100.00000000
2018-02-23 06:40:43,0.00009184,413.00000000
2018-02-23 06:40:43,0.00009185,4225.00000000
2018-02-23 06:40:44,0.00009180,185.00000000
2018-02-23 06:40:46,0.00009180,109.00000000
2018-02-23 06:40:50,0.00009179,109.00000000
2018-02-23 06:40:50,0.00009172,92.00000000
2018-02-23 06:40:53,0.00009179,41.00000000
2018-02-23 06:40:53,0.00009179,545.00000000
2018-02-23 06:40:55,0.00009179,545.00000000
2018-02-23 06:40:56,0.00009172,169.00000000
2018-02-23 06:40:57,0.00009179,9.00000000
2018-02-23 06:40:57,0.00009179,545.00000000
2018-02-23 06:40:59,0.00009179,545.00000000
2018-02-23 06:41:01,0.00009179,109.00000000
2018-02-23 06:41:02,0.00009179,18.00000000
2018-02-23 06:41:05,0.00009178,358.00000000
2018-02-23 06:41:05,0.00009179,187.00000000
2018-02-23 06:41:06,0.00009179,3212.00000000
2018-02-23 06:41:07,0.00009179,545.00000000
2018-02-23 06:41:10,0.00009179,1164.00000000
2018-02-23 06:41:17,0.00009173,184.00000000
2018-02-23 06:41:17,0.00009172,37.00000000
2018-02-23 06:41:21,0.00009179,714.00000000
2018-02-23 06:41:25,0.00009174,230.00000000
2018-02-23 06:41:28,0.00009178,545.00000000
2018-02-23 06:41:30,0.00009174,128.00000000
2018-02-23 06:41:31,0.00009173,545.00000000
2018-02-23 06:41:31,0.00009173,1090.00000000
2018-02-23 06:41:32,0.00009173,637.00000000
2018-02-23 06:41:32,0.00009178,498.00000000
2018-02-23 06:41:35,0.00009178,999.00000000
2018-02-23 06:41:41,0.00009177,395.00000000
2018-02-23 06:41:41,0.00009178,605.00000000
2018-02-23 06:41:41,0.00009172,358.00000000
2018-02-23 06:41:41,0.00009171,1089.00000000
2018-02-23 06:41:42,0.00009171,3337.00000000
2018-02-23 06:41:43,0.00009171,2349.00000000
2018-02-23 06:41:44,0.00009171,2133.00000000
2018-02-23 06:41:44,0.00009171,219.00000000
2018-02-23 06:41:45,0.00009171,2349.00000000
2018-02-23 06:41:45,0.00009171,153.00000000
2018-02-23 06:41:45,0.00009171,3271.00000000
2018-02-23 06:41:46,0.00009171,545.00000000
2018-02-23 06:41:49,0.00009171,26.00000000
2018-02-23 06:41:50,0.00009171,2138.00000000
2018-02-23 06:41:50,0.00009171,899.00000000
2018-02-23 06:41:50,0.00009171,93.00000000
2018-02-23 06:41:51,0.00009171,5451.00000000
2018-02-23 06:41:51,0.00009171,5000.00000000
2018-02-23 06:41:51,0.00009171,90.00000000
2018-02-23 06:41:51,0.00009171,545.00000000
2018-02-23 06:41:53,0.00009171,100.00000000
2018-02-23 06:41:54,0.00009170,400.00000000
2018-02-23 06:41:55,0.00009170,192.00000000
2018-02-23 06:41:56,0.00009171,43.00000000
2018-02-23 06:41:57,0.00009171,327.00000000
2018-02-23 06:41:57,0.00009171,109.00000000
2018-02-23 06:42:00,0.00009171,173.00000000
2018-02-23 06:42:00,0.00009177,109.00000000
2018-02-23 06:42:01,0.00009171,358.00000000
2018-02-23 06:42:02,0.00009171,542.00000000
2018-02-23 06:42:02,0.00009177,109.00000000
2018-02-23 06:42:04,0.00009174,20.00000000
2018-02-23 06:42:04,0.00009174,20.00000000
2018-02-23 06:42:04,0.00009174,698.00000000
2018-02-23 06:42:09,0.00009174,12.00000000
2018-02-23 06:42:09,0.00009174,327.00000000
2018-02-23 06:42:11,0.00009174,320.00000000
2018-02-23 06:42:12,0.00009177,109.00000000
2018-02-23 06:42:13,0.00009177,31.00000000
2018-02-23 06:42:13,0.00009178,42.00000000
2018-02-23 06:42:13,0.00009179,472.00000000
2018-02-23 06:42:15,0.00009171,47.00000000
2018-02-23 06:42:15,0.00009179,279.00000000
2018-02-23 06:42:16,0.00009179,315.00000000
2018-02-23 06:42:16,0.00009180,230.00000000
2018-02-23 06:42:20,0.00009179,109.00000000
2018-02-23 06:42:22,0.00009179,109.00000000
2018-02-23 06:42:24,0.00009179,109.00000000
2018-02-23 06:42:25,0.00009179,545.00000000
2018-02-23 06:42:27,0.00009179,545.00000000
2018-02-23 06:42:29,0.00009178,212.00000000
2018-02-23 06:42:29,0.00009178,178.00000000
2018-02-23 06:42:29,0.00009179,367.00000000
2018-02-23 06:42:30,0.00009179,541.00000000
2018-02-23 06:42:31,0.00009179,109.00000000
2018-02-23 06:42:34,0.00009179,1002.00000000
2018-02-23 06:42:36,0.00009180,2837.00000000
2018-02-23 06:42:37,0.00009180,371.00000000
2018-02-23 06:42:37,0.00009185,553.00000000
2018-02-23 06:42:39,0.00009185,12.00000000
2018-02-23 06:42:40,0.00009185,2747.00000000
2018-02-23 06:42:41,0.00009185,619.00000000
2018-02-23 06:42:53,0.00009180,335.00000000
2018-02-23 06:42:55,0.00009185,50.00000000
2018-02-23 06:43:02,0.00009185,100.00000000
2018-02-23 06:43:04,0.00009185,16.00000000
2018-02-23 06:43:04,0.00009180,222.00000000
2018-02-23 06:43:04,0.00009180,203.00000000
2018-02-23 06:43:04,0.00009185,730.00000000
2018-02-23 06:43:04,0.00009192,779.00000000
2018-02-23 06:43:04,0.00009193,1555.00000000
2018-02-23 06:43:10,0.00009192,1173.00000000
2018-02-23 06:43:10,0.00009192,1068.00000000
2018-02-23 06:43:11,0.00009180,190.00000000
2018-02-23 06:43:24,0.00009191,36.00000000
2018-02-23 06:43:45,0.00009181,594.00000000
2018-02-23 06:43:45,0.00009180,213.00000000
2018-02-23 06:43:46,0.00009191,837.00000000
2018-02-23 06:43:54,0.00009191,204.00000000
2018-02-23 06:43:55,0.00009191,26.00000000
2018-02-23 06:43:57,0.00009190,87.00000000
2018-02-23 06:43:58,0.00009191,49.00000000
2018-02-23 06:44:03,0.00009190,41.00000000
2018-02-23 06:44:03,0.00009181,12.00000000
2018-02-23 06:44:07,0.00009191,501.00000000
2018-02-23 06:44:15,0.00009187,24.00000000
2018-02-23 06:44:15,0.00009191,586.00000000
2018-02-23 06:44:22,0.00009182,263.00000000
2018-02-23 06:44:22,0.00009182,13.00000000
2018-02-23 06:44:25,0.00009182,6.00000000
2018-02-23 06:44:29,0.00009191,108.00000000
2018-02-23 06:44:32,0.00009185,1179.00000000
2018-02-23 06:44:32,0.00009182,196.00000000
2018-02-23 06:44:40,0.00009182,63.00000000
2018-02-23 06:44:45,0.00009189,382.00000000
2018-02-23 06:44:53,0.00009188,15.00000000
2018-02-23 06:44:53,0.00009189,1376.00000000
2018-02-23 06:44:58,0.00009189,242.00000000
2018-02-23 06:44:58,0.00009190,3198.00000000
2018-02-23 06:45:17,0.00009182,847.00000000
2018-02-23 06:45:18,0.00009185,505.00000000
2018-02-23 06:45:18,0.00009190,719.00000000
2018-02-23 06:45:30,0.00009190,21.00000000
2018-02-23 06:45:32,0.00009182,502.00000000
2018-02-23 06:45:32,0.00009180,641.00000000
2018-02-23 06:45:53,0.00009180,25.00000000
2018-02-23 06:46:08,0.00009189,58.00000000
2018-02-23 06:46:08,0.00009189,43.00000000
2018-02-23 06:46:08,0.00009189,43.00000000
2018-02-23 06:46:09,0.00009180,33.00000000
2018-02-23 06:46:13,0.00009180,51.00000000
2018-02-23 06:46:16,0.00009180,80.00000000
2018-02-23 06:46:17,0.00009180,22.00000000
2018-02-23 06:46:17,0.00009180,22.00000000
2018-02-23 06:46:17,0.00009180,22.00000000
2018-02-23 06:46:17,0.00009180,22.00000000
2018-02-23 06:46:17,0.00009180,261.00000000
2018-02-23 06:46:17,0.00009180,21.00000000
2018-02-23 06:46:19,0.00009189,227.00000000
2018-02-23 06:46:19,0.00009189,57.00000000
2018-02-23 06:46:19,0.00009189,57.00000000
2018-02-23 06:46:28,0.00009189,108.00000000
2018-02-23 06:46:37,0.00009188,108.00000000
2018-02-23 06:46:47,0.00009188,155.00000000
2018-02-23 06:46:48,0.00009188,20.00000000
2018-02-23 06:46:48,0.00009188,3.00000000
2018-02-23 06:46:48,0.00009186,13.00000000
2018-02-23 06:46:49,0.00009182,329.00000000
2018-02-23 06:46:49,0.00009186,29.00000000
2018-02-23 06:46:49,0.00009186,130.00000000
2018-02-23 06:46:51,0.00009186,19.00000000
2018-02-23 06:46:51,0.00009189,574.00000000
2018-02-23 06:46:51,0.00009189,593.00000000
2018-02-23 06:46:51,0.00009189,422.00000000
2018-02-23 06:46:51,0.00009189,475.00000000
2018-02-23 06:46:51,0.00009189,2241.00000000
2018-02-23 06:46:54,0.00009189,4322.00000000
2018-02-23 06:46:54,0.00009190,678.00000000
2018-02-23 06:46:55,0.00009190,2160.00000000
2018-02-23 06:47:03,0.00009190,50.00000000
2018-02-23 06:47:03,0.00009190,50.00000000
2018-02-23 06:47:03,0.00009190,51.00000000
2018-02-23 06:47:03,0.00009186,38.00000000
2018-02-23 06:47:04,0.00009190,37.00000000
2018-02-23 06:47:15,0.00009189,108.00000000
2018-02-23 06:47:17,0.00009189,1210.00000000
2018-02-23 06:47:17,0.00009190,1139.00000000
2018-02-23 06:47:17,0.00009190,29.00000000
2018-02-23 06:47:31,0.00009190,682.00000000
2018-02-23 06:47:32,0.00009190,326.00000000
2018-02-23 06:47:43,0.00009190,641.00000000
2018-02-23 06:47:43,0.00009191,390.00000000
2018-02-23 06:47:46,0.00009191,4311.00000000
2018-02-23 06:47:48,0.00009190,407.00000000
2018-02-23 06:47:52,0.00009191,25.00000000
2018-02-23 06:47:52,0.00009191,1104.00000000
2018-02-23 06:47:54,0.00009191,386.00000000
2018-02-23 06:47:59,0.00009191,178.00000000
2018-02-23 06:48:05,0.00009191,206.00000000
2018-02-23 06:48:06,0.00009190,550.00000000
2018-02-23 06:48:08,0.00009191,400.00000000
2018-02-23 06:48:14,0.00009190,466.00000000
2018-02-23 06:48:18,0.00009191,953.00000000
2018-02-23 06:48:29,0.00009190,326.00000000
2018-02-23 06:48:29,0.00009190,325.00000000
2018-02-23 06:48:29,0.00009190,326.00000000
2018-02-23 06:48:29,0.00009190,82.00000000
2018-02-23 06:48:31,0.00009189,30.00000000
2018-02-23 06:48:33,0.00009191,47.00000000
2018-02-23 06:48:35,0.00009189,40.00000000
2018-02-23 06:48:37,0.00009189,30.00000000
2018-02-23 06:48:37,0.00009186,16.00000000
2018-02-23 06:48:37,0.00009180,467.00000000
2018-02-23 06:48:39,0.00009191,218.00000000
2018-02-23 06:48:49,0.00009190,14.00000000
2018-02-23 06:48:49,0.00009190,13.00000000
2018-02-23 06:48:52,0.00009190,12.00000000
2018-02-23 06:48:57,0.00009190,45.00000000
2018-02-23 06:49:02,0.00009181,32.00000000
2018-02-23 06:49:03,0.00009181,38.00000000
2018-02-23 06:49:03,0.00009181,92.00000000
2018-02-23 06:49:04,0.00009190,70.00000000
2018-02-23 06:49:08,0.00009190,130.00000000
2018-02-23 06:49:08,0.00009190,6.00000000
2018-02-23 06:49:14,0.00009181,38.00000000
2018-02-23 06:49:14,0.00009180,1026.00000000
2018-02-23 06:49:18,0.00009190,310.00000000
2018-02-23 06:49:26,0.00009190,108.00000000
2018-02-23 06:49:28,0.00009181,231.00000000
2018-02-23 06:49:37,0.00009182,1000.00000000
2018-02-23 06:49:49,0.00009190,6.00000000
2018-02-23 06:49:49,0.00009190,1164.00000000
2018-02-23 06:49:49,0.00009190,3192.00000000
2018-02-23 06:49:49,0.00009190,483.00000000
2018-02-23 06:49:49,0.00009190,438.00000000
2018-02-23 06:49:49,0.00009190,544.00000000
2018-02-23 06:49:49,0.00009190,886.00000000
2018-02-23 06:49:50,0.00009190,108.00000000
2018-02-23 06:49:50,0.00009190,43.00000000
2018-02-23 06:49:51,0.00009190,20.00000000
2018-02-23 06:49:58,0.00009183,115.00000000
2018-02-23 06:49:59,0.00009183,431.00000000
2018-02-23 06:49:59,0.00009182,561.00000000
2018-02-23 06:49:59,0.00009181,2256.00000000
2018-02-23 06:49:59,0.00009180,3430.00000000
2018-02-23 06:50:09,0.00009190,32.00000000
2018-02-23 06:50:11,0.00009190,23.00000000
2018-02-23 06:50:14,0.00009183,50.00000000
2018-02-23 06:50:14,0.00009180,372.00000000
2018-02-23 06:50:14,0.00009180,169.00000000
2018-02-23 06:50:19,0.00009189,161.00000000
2018-02-23 06:50:19,0.00009189,161.00000000
2018-02-23 06:50:19,0.00009189,161.00000000
2018-02-23 06:50:24,0.00009189,17.00000000
2018-02-23 06:50:38,0.00009183,105.00000000
2018-02-23 06:50:40,0.00009189,61.00000000
2018-02-23 06:50:43,0.00009185,2203.00000000
2018-02-23 06:50:45,0.00009189,325.00000000
2018-02-23 06:50:45,0.00009189,326.00000000
2018-02-23 06:50:45,0.00009189,325.00000000
2018-02-23 06:50:45,0.00009189,87.00000000
2018-02-23 06:50:45,0.00009190,201.00000000
2018-02-23 06:50:45,0.00009190,326.00000000
2018-02-23 06:50:46,0.00009190,74.00000000
2018-02-23 06:50:46,0.00009190,76.00000000
2018-02-23 06:50:46,0.00009185,32.00000000
2018-02-23 06:50:50,0.00009185,1089.00000000
2018-02-23 06:50:50,0.00009190,544.00000000
2018-02-23 06:50:50,0.00009190,544.00000000
2018-02-23 06:50:50,0.00009190,467.00000000
2018-02-23 06:50:56,0.00009186,535.00000000
2018-02-23 06:50:56,0.00009186,267.00000000
2018-02-23 06:50:56,0.00009186,287.00000000
2018-02-23 06:50:57,0.00009190,13.00000000
2018-02-23 06:50:59,0.00009190,6712.00000000
2018-02-23 06:51:03,0.00009190,836.00000000
2018-02-23 06:51:03,0.00009185,1.00000000
2018-02-23 06:51:08,0.00009190,221.00000000
2018-02-23 06:51:11,0.00009190,226.00000000
2018-02-23 06:51:13,0.00009190,4.00000000
2018-02-23 06:51:17,0.00009189,101.00000000
2018-02-23 06:51:17,0.00009190,133.00000000
2018-02-23 06:51:19,0.00009190,1438.00000000
2018-02-23 06:51:22,0.00009190,38.00000000
2018-02-23 06:51:23,0.00009190,112.00000000
2018-02-23 06:51:24,0.00009190,138.00000000
2018-02-23 06:51:29,0.00009190,108.00000000
2018-02-23 06:51:38,0.00009189,258.00000000
2018-02-23 06:51:44,0.00009189,424.00000000
2018-02-23 06:51:46,0.00009189,143.00000000
2018-02-23 06:52:06,0.00009187,2746.00000000
2018-02-23 06:52:10,0.00009187,544.00000000
2018-02-23 06:52:10,0.00009188,202.00000000
2018-02-23 06:52:11,0.00009188,18.00000000
2018-02-23 06:52:11,0.00009188,18.00000000
2018-02-23 06:52:11,0.00009188,91.00000000
2018-02-23 06:52:11,0.00009187,18.00000000
2018-02-23 06:52:13,0.00009188,757.00000000
2018-02-23 06:52:13,0.00009189,3861.00000000
2018-02-23 06:52:21,0.00009190,154.00000000
2018-02-23 06:52:22,0.00009189,50.00000000
2018-02-23 06:52:24,0.00009189,499.00000000
2018-02-23 06:52:27,0.00009189,419.00000000
2018-02-23 06:52:27,0.00009189,117.00000000
2018-02-23 06:52:27,0.00009187,90.00000000
2018-02-23 06:52:31,0.00009189,400.00000000
2018-02-23 06:52:51,0.00009189,965.00000000
2018-02-23 06:52:51,0.00009189,32.00000000
2018-02-23 06:52:52,0.00009189,544.00000000
2018-02-23 06:52:52,0.00009189,248.00000000
2018-02-23 06:52:52,0.00009189,435.00000000
2018-02-23 06:53:00,0.00009188,50.00000000
2018-02-23 06:53:00,0.00009188,5.00000000
2018-02-23 06:53:07,0.00009188,42.00000000
2018-02-23 06:53:07,0.00009189,334.00000000
2018-02-23 06:53:12,0.00009188,78.00000000
2018-02-23 06:53:14,0.00009188,25.00000000
2018-02-23 06:53:14,0.00009189,227.00000000
2018-02-23 06:53:14,0.00009189,68.00000000
2018-02-23 06:53:15,0.00009189,326.00000000
2018-02-23 06:53:15,0.00009189,134.00000000
2018-02-23 06:53:18,0.00009189,334.00000000
2018-02-23 06:53:24,0.00009189,20.00000000
2018-02-23 06:53:26,0.00009189,1089.00000000
2018-02-23 06:53:28,0.00009190,4710.00000000
2018-02-23 06:53:28,0.00009190,2350.00000000
2018-02-23 06:53:30,0.00009190,95.00000000
2018-02-23 06:53:30,0.00009190,500.00000000
2018-02-23 06:53:31,0.00009190,1078.00000000
2018-02-23 06:53:31,0.00009190,4982.00000000
2018-02-23 06:53:32,0.00009189,1089.00000000
2018-02-23 06:53:32,0.00009190,3.00000000
2018-02-23 06:53:33,0.00009190,253.00000000
2018-02-23 06:53:33,0.00009191,268.00000000
2018-02-23 06:53:33,0.00009191,6749.00000000
2018-02-23 06:53:33,0.00009192,31.00000000
2018-02-23 06:53:33,0.00009193,6230.00000000
2018-02-23 06:53:33,0.00009193,693.00000000
2018-02-23 06:53:33,0.00009195,247.00000000
2018-02-23 06:53:33,0.00009197,695.00000000
2018-02-23 06:53:33,0.00009198,4940.00000000
2018-02-23 06:53:34,0.00009196,203.00000000
2018-02-23 06:53:34,0.00009198,2622.00000000
2018-02-23 06:53:35,0.00009198,6373.00000000
2018-02-23 06:53:35,0.00009198,2668.00000000
2018-02-23 06:53:36,0.00009198,325.00000000
2018-02-23 06:53:36,0.00009198,717.00000000
2018-02-23 06:53:36,0.00009198,351.00000000
2018-02-23 06:53:36,0.00009198,717.00000000
2018-02-23 06:53:36,0.00009198,718.00000000
2018-02-23 06:53:36,0.00009198,366.00000000
2018-02-23 06:53:36,0.00009198,305.00000000
2018-02-23 06:53:36,0.00009198,305.00000000
2018-02-23 06:53:36,0.00009198,1205.00000000
2018-02-23 06:53:37,0.00009197,43.00000000
2018-02-23 06:53:37,0.00009192,423.00000000
2018-02-23 06:53:37,0.00009189,251.00000000
2018-02-23 06:53:41,0.00009192,191.00000000
2018-02-23 06:53:44,0.00009192,898.00000000
2018-02-23 06:53:44,0.00009198,3833.00000000
2018-02-23 06:53:46,0.00009198,43.00000000
2018-02-23 06:53:46,0.00009189,238.00000000
2018-02-23 06:53:48,0.00009189,43.00000000
2018-02-23 06:53:48,0.00009189,319.00000000
2018-02-23 06:53:50,0.00009189,43.00000000
2018-02-23 06:53:51,0.00009189,200.00000000
2018-02-23 06:53:52,0.00009189,122.00000000
2018-02-23 06:53:53,0.00009189,44.00000000
2018-02-23 06:53:53,0.00009189,497.00000000
2018-02-23 06:53:54,0.00009189,43.00000000
2018-02-23 06:53:54,0.00009188,41.00000000
2018-02-23 06:53:56,0.00009189,166.00000000
2018-02-23 06:53:56,0.00009189,1.00000000
2018-02-23 06:53:58,0.00009189,166.00000000
2018-02-23 06:53:59,0.00009188,610.00000000
2018-02-23 06:54:00,0.00009189,842.00000000
2018-02-23 06:54:00,0.00009189,42.00000000
2018-02-23 06:54:03,0.00009195,43.00000000
2018-02-23 06:54:06,0.00009190,22.00000000
2018-02-23 06:54:06,0.00009189,27.00000000
2018-02-23 06:54:06,0.00009195,7.00000000
2018-02-23 06:54:08,0.00009197,268.00000000
2018-02-23 06:54:09,0.00009196,36.00000000
2018-02-23 06:54:09,0.00009189,84.00000000
2018-02-23 06:54:09,0.00009189,23.00000000
2018-02-23 06:54:10,0.00009197,434.00000000
2018-02-23 06:54:10,0.00009197,100.00000000
2018-02-23 06:54:13,0.00009197,205.00000000
2018-02-23 06:54:20,0.00009189,25.00000000
2018-02-23 06:54:22,0.00009196,128.00000000
2018-02-23 06:54:22,0.00009197,117.00000000
2018-02-23 06:54:25,0.00009188,42.00000000
2018-02-23 06:54:25,0.00009189,374.00000000
2018-02-23 06:54:30,0.00009189,57.00000000
2018-02-23 06:54:31,0.00009189,62.00000000
2018-02-23 06:54:33,0.00009189,57.00000000
2018-02-23 06:54:34,0.00009189,66.00000000
2018-02-23 06:54:35,0.00009189,59.00000000
2018-02-23 06:54:37,0.00009188,367.00000000
2018-02-23 06:54:38,0.00009189,24.00000000
2018-02-23 06:54:39,0.00009190,19.00000000
2018-02-23 06:54:39,0.00009188,95.00000000
2018-02-23 06:54:42,0.00009196,355.00000000
2018-02-23 06:54:42,0.00009197,645.00000000
2018-02-23 06:55:21,0.00009196,544.00000000
2018-02-23 06:55:25,0.00009196,543.00000000
2018-02-23 06:55:36,0.00009196,163.00000000
2018-02-23 06:55:45,0.00009196,1517.00000000
2018-02-23 06:55:49,0.00009193,92.00000000
2018-02-23 06:55:49,0.00009193,92.00000000
2018-02-23 06:55:49,0.00009193,407.00000000
2018-02-23 06:55:49,0.00009192,92.00000000
2018-02-23 06:55:49,0.00009192,633.00000000
2018-02-23 06:55:54,0.00009196,543.00000000
2018-02-23 06:55:55,0.00009196,1160.00000000
2018-02-23 06:55:56,0.00009196,120.00000000
2018-02-23 06:55:57,0.00009196,170.00000000
2018-02-23 06:56:06,0.00009196,150.00000000
2018-02-23 06:56:22,0.00009197,4.00000000
2018-02-23 06:56:34,0.00009197,52.00000000
2018-02-23 06:56:34,0.00009196,165.00000000
2018-02-23 06:56:39,0.00009195,3.00000000
2018-02-23 06:56:41,0.00009196,26.00000000
2018-02-23 06:56:42,0.00009197,947.00000000
2018-02-23 06:56:43,0.00009196,50.00000000
2018-02-23 06:56:45,0.00009196,150.00000000
2018-02-23 06:56:49,0.00009196,279.00000000
2018-02-23 06:56:49,0.00009197,1210.00000000
2018-02-23 06:56:50,0.00009196,220.00000000
2018-02-23 06:56:52,0.00009196,24.00000000
2018-02-23 06:56:53,0.00009196,33.00000000
2018-02-23 06:57:01,0.00009196,2426.00000000
2018-02-23 06:57:10,0.00009196,108.00000000
2018-02-23 06:57:10,0.00009196,371.00000000
2018-02-23 06:57:12,0.00009196,811.00000000
2018-02-23 06:57:12,0.00009197,398.00000000
2018-02-23 06:57:21,0.00009195,97.00000000
2018-02-23 06:57:21,0.00009194,161.00000000
2018-02-23 06:57:21,0.00009193,304.00000000
2018-02-23 06:57:22,0.00009193,26.00000000
2018-02-23 06:57:36,0.00009196,300.00000000
2018-02-23 06:57:43,0.00009197,925.00000000
2018-02-23 06:57:43,0.00009189,34.00000000
2018-02-23 06:57:56,0.00009189,200.00000000
2018-02-23 06:57:57,0.00009189,375.00000000
2018-02-23 06:58:02,0.00009190,48.00000000
2018-02-23 06:58:02,0.00009193,53.00000000
2018-02-23 06:58:02,0.00009189,147.00000000
2018-02-23 06:58:10,0.00009189,27.00000000
2018-02-23 06:58:20,0.00009189,656.00000000
2018-02-23 06:58:20,0.00009189,105.00000000
2018-02-23 06:58:30,0.00009189,13.00000000
2018-02-23 06:58:32,0.00009188,64.00000000
2018-02-23 06:58:36,0.00009189,608.00000000
2018-02-23 06:58:41,0.00009188,818.00000000
2018-02-23 06:58:44,0.00009189,11.00000000
2018-02-23 06:58:46,0.00009189,29.00000000
2018-02-23 06:59:04,0.00009189,52.00000000
2018-02-23 06:59:08,0.00009189,100.00000000
2018-02-23 06:59:11,0.00009189,100.00000000
2018-02-23 06:59:14,0.00009189,134.00000000
2018-02-23 06:59:22,0.00009189,131.00000000
2018-02-23 06:59:24,0.00009189,134.00000000
2018-02-23 06:59:29,0.00009188,316.00000000
2018-02-23 06:59:34,0.00009189,36.00000000
2018-02-23 06:59:40,0.00009188,62.00000000
2018-02-23 06:59:40,0.00009186,33.00000000
2018-02-23 06:59:41,0.00009189,17.00000000
2018-02-23 06:59:52,0.00009189,53.00000000
2018-02-23 06:59:58,0.00009186,361.00000000
2018-02-23 06:59:58,0.00009183,645.00000000
2018-02-23 06:59:58,0.00009182,50.00000000
2018-02-23 06:59:58,0.00009181,1403.00000000
2018-02-23 06:59:58,0.00009180,1583.00000000
2018-02-23 06:59:59,0.00009180,1382.00000000
2018-02-23 06:59:59,0.00009189,685.00000000
2018-02-23 06:59:59,0.00009179,11.00000000
2018-02-23 06:59:59,0.00009178,60.00000000
