DATE,PRICE,VOLUME
2018-02-25 06:00:03,0.00009349,18.00000000
2018-02-25 06:00:06,0.00009333,54.00000000
2018-02-25 06:00:09,0.00009349,484.00000000
2018-02-25 06:00:09,0.00009350,20.00000000
2018-02-25 06:00:09,0.00009351,1306.00000000
2018-02-25 06:00:09,0.00009352,993.00000000
2018-02-25 06:00:09,0.00009353,197.00000000
2018-02-25 06:00:12,0.00009333,42.00000000
2018-02-25 06:00:18,0.00009333,47.00000000
2018-02-25 06:00:22,0.00009336,238.00000000
2018-02-25 06:00:22,0.00009336,228.00000000
2018-02-25 06:00:22,0.00009336,90.00000000
2018-02-25 06:00:22,0.00009335,228.00000000
2018-02-25 06:00:23,0.00009336,348.00000000
2018-02-25 06:00:24,0.00009338,328.00000000
2018-02-25 06:00:25,0.00009334,96.00000000
2018-02-25 06:00:25,0.00009335,32.00000000
2018-02-25 06:00:25,0.00009335,131.00000000
2018-02-25 06:00:29,0.00009335,97.00000000
2018-02-25 06:00:31,0.00009334,186.00000000
2018-02-25 06:00:36,0.00009335,62.00000000
2018-02-25 06:00:42,0.00009334,100.00000000
2018-02-25 06:00:50,0.00009334,154.00000000
2018-02-25 06:01:16,0.00009336,635.00000000
2018-02-25 06:01:17,0.00009335,294.00000000
2018-02-25 06:01:19,0.00009335,30.00000000
2018-02-25 06:01:19,0.00009334,12.00000000
2018-02-25 06:01:21,0.00009334,428.00000000
2018-02-25 06:01:23,0.00009334,428.00000000
2018-02-25 06:01:24,0.00009334,813.00000000
2018-02-25 06:01:26,0.00009335,404.00000000
2018-02-25 06:01:28,0.00009335,169.00000000
2018-02-25 06:01:29,0.00009335,113.00000000
2018-02-25 06:01:31,0.00009335,185.00000000
2018-02-25 06:01:33,0.00009335,52.00000000
2018-02-25 06:01:34,0.00009335,1.00000000
2018-02-25 06:01:36,0.00009336,951.00000000
2018-02-25 06:01:36,0.00009336,64.00000000
2018-02-25 06:01:36,0.00009336,42.00000000
2018-02-25 06:01:43,0.00009336,14.00000000
2018-02-25 06:01:47,0.00009336,319.00000000
2018-02-25 06:01:47,0.00009336,320.00000000
2018-02-25 06:01:47,0.00009335,536.00000000
2018-02-25 06:01:47,0.00009336,320.00000000
2018-02-25 06:01:47,0.00009336,84.00000000
2018-02-25 06:02:14,0.00009335,24.00000000
2018-02-25 06:02:19,0.00009336,19.00000000
2018-02-25 06:02:21,0.00009335,42.00000000
2018-02-25 06:02:26,0.00009336,15.00000000
2018-02-25 06:02:27,0.00009337,25.00000000
2018-02-25 06:02:27,0.00009335,288.00000000
2018-02-25 06:02:28,0.00009338,37.00000000
2018-02-25 06:02:29,0.00009338,67.00000000
2018-02-25 06:02:38,0.00009338,69.00000000
2018-02-25 06:02:39,0.00009338,155.00000000
2018-02-25 06:02:49,0.00009340,363.00000000
2018-02-25 06:02:55,0.00009340,355.00000000
2018-02-25 06:03:00,0.00009338,27.00000000
2018-02-25 06:03:06,0.00009341,371.00000000
2018-02-25 06:03:22,0.00009341,1179.00000000
2018-02-25 06:03:23,0.00009341,138.00000000
2018-02-25 06:03:23,0.00009340,429.00000000
2018-02-25 06:03:23,0.00009339,75.00000000
2018-02-25 06:03:36,0.00009340,294.00000000
2018-02-25 06:03:42,0.00009341,2308.00000000
2018-02-25 06:03:52,0.00009342,20.00000000
2018-02-25 06:03:55,0.00009345,38.00000000
2018-02-25 06:03:55,0.00009348,157.00000000
2018-02-25 06:03:55,0.00009349,305.00000000
2018-02-25 06:04:05,0.00009341,142.00000000
2018-02-25 06:04:05,0.00009340,1155.00000000
2018-02-25 06:04:12,0.00009350,1117.00000000
2018-02-25 06:04:13,0.00009342,35.00000000
2018-02-25 06:04:15,0.00009342,37.00000000
2018-02-25 06:04:17,0.00009350,3413.00000000
2018-02-25 06:04:18,0.00009350,1500.00000000
2018-02-25 06:04:18,0.00009350,800.00000000
2018-02-25 06:04:20,0.00009350,87.00000000
2018-02-25 06:04:21,0.00009350,535.00000000
2018-02-25 06:04:23,0.00009350,1094.00000000
2018-02-25 06:04:23,0.00009350,535.00000000
2018-02-25 06:04:24,0.00009350,37.00000000
2018-02-25 06:04:32,0.00009350,292.00000000
2018-02-25 06:04:33,0.00009351,147.00000000
2018-02-25 06:04:35,0.00009350,37.00000000
2018-02-25 06:04:38,0.00009350,535.00000000
2018-02-25 06:04:39,0.00009351,215.00000000
2018-02-25 06:04:40,0.00009350,3.00000000
2018-02-25 06:04:40,0.00009350,66.00000000
2018-02-25 06:04:41,0.00009350,390.00000000
2018-02-25 06:04:49,0.00009349,8.00000000
2018-02-25 06:04:49,0.00009351,547.00000000
2018-02-25 06:04:49,0.00009341,595.00000000
2018-02-25 06:04:51,0.00009341,673.00000000
2018-02-25 06:04:53,0.00009351,259.00000000
2018-02-25 06:05:01,0.00009351,552.00000000
2018-02-25 06:05:04,0.00009342,42.00000000
2018-02-25 06:05:04,0.00009350,153.00000000
2018-02-25 06:05:05,0.00009350,147.00000000
2018-02-25 06:05:05,0.00009351,87.00000000
2018-02-25 06:05:06,0.00009342,143.00000000
2018-02-25 06:05:08,0.00009342,42.00000000
2018-02-25 06:05:10,0.00009343,42.00000000
2018-02-25 06:05:15,0.00009343,13.00000000
2018-02-25 06:05:17,0.00009343,54.00000000
2018-02-25 06:05:22,0.00009343,42.00000000
2018-02-25 06:05:23,0.00009343,52.00000000
2018-02-25 06:05:23,0.00009343,65.00000000
2018-02-25 06:05:29,0.00009344,25.00000000
2018-02-25 06:05:32,0.00009342,300.00000000
2018-02-25 06:05:33,0.00009342,535.00000000
2018-02-25 06:05:35,0.00009342,386.00000000
2018-02-25 06:05:40,0.00009342,109.00000000
2018-02-25 06:05:41,0.00009342,96.00000000
2018-02-25 06:05:46,0.00009342,109.00000000
2018-02-25 06:05:48,0.00009342,535.00000000
2018-02-25 06:05:57,0.00009342,489.00000000
2018-02-25 06:05:57,0.00009341,21.00000000
2018-02-25 06:05:57,0.00009341,174.00000000
2018-02-25 06:05:58,0.00009343,211.00000000
2018-02-25 06:05:58,0.00009343,110.00000000
2018-02-25 06:06:05,0.00009341,2230.00000000
2018-02-25 06:06:05,0.00009341,631.00000000
2018-02-25 06:06:05,0.00009340,25.00000000
2018-02-25 06:06:13,0.00009340,449.00000000
2018-02-25 06:06:19,0.00009338,125.00000000
2018-02-25 06:06:19,0.00009340,851.00000000
2018-02-25 06:06:20,0.00009340,37.00000000
2018-02-25 06:06:21,0.00009339,1522.00000000
2018-02-25 06:06:23,0.00009338,57.00000000
2018-02-25 06:06:29,0.00009338,24.00000000
2018-02-25 06:06:34,0.00009338,766.00000000
2018-02-25 06:06:36,0.00009338,174.00000000
2018-02-25 06:06:38,0.00009338,162.00000000
2018-02-25 06:06:38,0.00009336,1864.00000000
2018-02-25 06:06:39,0.00009336,101.00000000
2018-02-25 06:06:39,0.00009335,78.00000000
2018-02-25 06:06:42,0.00009335,321.00000000
2018-02-25 06:06:45,0.00009335,1880.00000000
2018-02-25 06:06:45,0.00009334,497.00000000
2018-02-25 06:06:49,0.00009335,2024.00000000
2018-02-25 06:06:51,0.00009334,536.00000000
2018-02-25 06:06:52,0.00009334,1132.00000000
2018-02-25 06:06:53,0.00009334,10.00000000
2018-02-25 06:06:53,0.00009333,13.00000000
2018-02-25 06:06:53,0.00009335,78.00000000
2018-02-25 06:06:54,0.00009335,749.00000000
2018-02-25 06:06:55,0.00009333,95.00000000
2018-02-25 06:06:56,0.00009335,592.00000000
2018-02-25 06:06:56,0.00009346,991.00000000
2018-02-25 06:06:56,0.00009348,937.00000000
2018-02-25 06:06:56,0.00009331,1132.00000000
2018-02-25 06:06:57,0.00009334,830.00000000
2018-02-25 06:06:59,0.00009333,190.00000000
2018-02-25 06:07:04,0.00009333,564.00000000
2018-02-25 06:07:05,0.00009333,125.00000000
2018-02-25 06:07:09,0.00009333,5566.00000000
2018-02-25 06:07:10,0.00009347,1213.00000000
2018-02-25 06:07:16,0.00009333,67.00000000
2018-02-25 06:07:16,0.00009332,796.00000000
2018-02-25 06:07:16,0.00009331,707.00000000
2018-02-25 06:07:16,0.00009330,136.00000000
2018-02-25 06:07:16,0.00009329,21.00000000
2018-02-25 06:07:19,0.00009329,25.00000000
2018-02-25 06:07:25,0.00009334,23.00000000
2018-02-25 06:07:27,0.00009334,32.00000000
2018-02-25 06:07:40,0.00009345,106.00000000
2018-02-25 06:07:45,0.00009345,554.00000000
2018-02-25 06:07:45,0.00009347,223.00000000
2018-02-25 06:07:45,0.00009348,1121.00000000
2018-02-25 06:07:45,0.00009349,384.00000000
2018-02-25 06:07:46,0.00009335,645.00000000
2018-02-25 06:07:47,0.00009334,14.00000000
2018-02-25 06:08:05,0.00009335,96.00000000
2018-02-25 06:08:16,0.00009335,96.00000000
2018-02-25 06:08:19,0.00009335,450.00000000
2018-02-25 06:08:25,0.00009335,980.00000000
2018-02-25 06:08:26,0.00009344,22.00000000
2018-02-25 06:08:27,0.00009335,96.00000000
2018-02-25 06:08:33,0.00009345,150.00000000
2018-02-25 06:08:37,0.00009336,376.00000000
2018-02-25 06:08:38,0.00009336,96.00000000
2018-02-25 06:08:39,0.00009345,991.00000000
2018-02-25 06:08:39,0.00009349,2436.00000000
2018-02-25 06:08:40,0.00009349,107.00000000
2018-02-25 06:08:42,0.00009349,1542.00000000
2018-02-25 06:08:42,0.00009350,1877.00000000
2018-02-25 06:08:49,0.00009337,95.00000000
2018-02-25 06:08:52,0.00009335,428.00000000
2018-02-25 06:08:54,0.00009335,288.00000000
2018-02-25 06:08:54,0.00009335,15.00000000
2018-02-25 06:08:56,0.00009335,94.00000000
2018-02-25 06:08:56,0.00009347,1873.00000000
2018-02-25 06:09:14,0.00009335,77.00000000
2018-02-25 06:09:18,0.00009344,281.00000000
2018-02-25 06:09:33,0.00009344,21.00000000
2018-02-25 06:09:33,0.00009345,4146.00000000
2018-02-25 06:09:33,0.00009347,232.00000000
2018-02-25 06:09:33,0.00009348,43.00000000
2018-02-25 06:09:45,0.00009345,37.00000000
2018-02-25 06:09:54,0.00009348,7.00000000
2018-02-25 06:09:54,0.00009350,4243.00000000
2018-02-25 06:09:54,0.00009351,2624.00000000
2018-02-25 06:09:55,0.00009345,37.00000000
2018-02-25 06:10:10,0.00009345,56.00000000
2018-02-25 06:10:15,0.00009345,225.00000000
2018-02-25 06:10:20,0.00009345,222.00000000
2018-02-25 06:10:21,0.00009345,63.00000000
2018-02-25 06:10:28,0.00009346,63.00000000
2018-02-25 06:10:31,0.00009346,118.00000000
2018-02-25 06:10:34,0.00009346,42.00000000
2018-02-25 06:10:34,0.00009351,50.00000000
2018-02-25 06:10:34,0.00009352,207.00000000
2018-02-25 06:10:35,0.00009354,100.00000000
2018-02-25 06:10:35,0.00009355,319.00000000
2018-02-25 06:10:39,0.00009346,205.00000000
2018-02-25 06:10:40,0.00009355,106.00000000
2018-02-25 06:10:40,0.00009346,42.00000000
2018-02-25 06:10:47,0.00009346,691.00000000
2018-02-25 06:10:52,0.00009355,1602.00000000
2018-02-25 06:10:52,0.00009356,600.00000000
2018-02-25 06:10:52,0.00009357,907.00000000
2018-02-25 06:10:52,0.00009358,1271.00000000
2018-02-25 06:10:52,0.00009360,2771.00000000
2018-02-25 06:10:54,0.00009360,6.00000000
2018-02-25 06:10:54,0.00009362,235.00000000
2018-02-25 06:10:54,0.00009365,77.00000000
2018-02-25 06:10:54,0.00009366,30.00000000
2018-02-25 06:10:56,0.00009360,107.00000000
2018-02-25 06:10:56,0.00009349,46.00000000
2018-02-25 06:10:57,0.00009349,100.00000000
2018-02-25 06:10:59,0.00009358,808.00000000
2018-02-25 06:11:01,0.00009358,1.00000000
2018-02-25 06:11:01,0.00009358,88.00000000
2018-02-25 06:11:03,0.00009351,107.00000000
2018-02-25 06:11:03,0.00009351,28.00000000
2018-02-25 06:11:07,0.00009351,427.00000000
2018-02-25 06:11:09,0.00009351,427.00000000
2018-02-25 06:11:10,0.00009351,96.00000000
2018-02-25 06:11:10,0.00009351,172.00000000
2018-02-25 06:11:12,0.00009351,128.00000000
2018-02-25 06:11:13,0.00009360,106.00000000
2018-02-25 06:11:13,0.00009360,10.00000000
2018-02-25 06:11:14,0.00009351,46.00000000
2018-02-25 06:11:19,0.00009360,134.00000000
2018-02-25 06:11:19,0.00009368,252.00000000
2018-02-25 06:11:19,0.00009369,620.00000000
2018-02-25 06:11:19,0.00009370,4332.00000000
2018-02-25 06:11:19,0.00009371,33.00000000
2018-02-25 06:11:19,0.00009372,372.00000000
2018-02-25 06:11:20,0.00009351,27.00000000
2018-02-25 06:11:22,0.00009372,40.00000000
2018-02-25 06:11:31,0.00009372,2174.00000000
2018-02-25 06:11:34,0.00009360,1120.00000000
2018-02-25 06:11:37,0.00009361,11.00000000
2018-02-25 06:11:38,0.00009370,107.00000000
2018-02-25 06:11:38,0.00009370,172.00000000
2018-02-25 06:11:38,0.00009360,6.00000000
2018-02-25 06:11:38,0.00009361,145.00000000
2018-02-25 06:11:38,0.00009361,333.00000000
2018-02-25 06:11:39,0.00009361,96.00000000
2018-02-25 06:11:39,0.00009361,278.00000000
2018-02-25 06:11:46,0.00009361,53.00000000
2018-02-25 06:11:49,0.00009361,42.00000000
2018-02-25 06:11:49,0.00009361,30.00000000
2018-02-25 06:11:51,0.00009367,852.00000000
2018-02-25 06:11:51,0.00009368,143.00000000
2018-02-25 06:11:51,0.00009369,95.00000000
2018-02-25 06:11:51,0.00009372,1807.00000000
2018-02-25 06:11:51,0.00009373,476.00000000
2018-02-25 06:11:51,0.00009374,313.00000000
2018-02-25 06:11:51,0.00009375,1195.00000000
2018-02-25 06:11:51,0.00009376,22.00000000
2018-02-25 06:11:52,0.00009361,78.00000000
2018-02-25 06:11:52,0.00009361,186.00000000
2018-02-25 06:11:54,0.00009362,78.00000000
2018-02-25 06:11:55,0.00009362,904.00000000
2018-02-25 06:11:55,0.00009361,24.00000000
2018-02-25 06:11:56,0.00009360,78.00000000
2018-02-25 06:11:56,0.00009362,24.00000000
2018-02-25 06:11:56,0.00009362,66.00000000
2018-02-25 06:11:56,0.00009360,12.00000000
2018-02-25 06:11:57,0.00009369,600.00000000
2018-02-25 06:11:58,0.00009360,79.00000000
2018-02-25 06:12:00,0.00009360,96.00000000
2018-02-25 06:12:01,0.00009360,42.00000000
2018-02-25 06:12:01,0.00009369,382.00000000
2018-02-25 06:12:01,0.00009370,335.00000000
2018-02-25 06:12:01,0.00009372,135.00000000
2018-02-25 06:12:02,0.00009361,340.00000000
2018-02-25 06:12:03,0.00009362,283.00000000
2018-02-25 06:12:07,0.00009362,42.00000000
2018-02-25 06:12:08,0.00009362,42.00000000
2018-02-25 06:12:09,0.00009362,42.00000000
2018-02-25 06:12:10,0.00009375,85.00000000
2018-02-25 06:12:10,0.00009376,1.00000000
2018-02-25 06:12:10,0.00009378,1140.00000000
2018-02-25 06:12:10,0.00009379,20.00000000
2018-02-25 06:12:10,0.00009380,30.00000000
2018-02-25 06:12:11,0.00009362,96.00000000
2018-02-25 06:12:13,0.00009380,652.00000000
2018-02-25 06:12:13,0.00009363,34.00000000
2018-02-25 06:12:13,0.00009363,29.00000000
2018-02-25 06:12:14,0.00009379,500.00000000
2018-02-25 06:12:14,0.00009363,42.00000000
2018-02-25 06:12:17,0.00009379,21.00000000
2018-02-25 06:12:18,0.00009379,534.00000000
2018-02-25 06:12:20,0.00009379,107.00000000
2018-02-25 06:12:20,0.00009379,68.00000000
2018-02-25 06:12:21,0.00009379,27.00000000
2018-02-25 06:12:22,0.00009380,718.00000000
2018-02-25 06:12:22,0.00009379,242.00000000
2018-02-25 06:12:24,0.00009380,213.00000000
2018-02-25 06:12:26,0.00009379,48.00000000
2018-02-25 06:12:31,0.00009379,53.00000000
2018-02-25 06:12:31,0.00009379,2.00000000
2018-02-25 06:12:31,0.00009379,28.00000000
2018-02-25 06:12:32,0.00009378,16.00000000
2018-02-25 06:12:32,0.00009378,15.00000000
2018-02-25 06:12:33,0.00009379,46.00000000
2018-02-25 06:12:34,0.00009379,42.00000000
2018-02-25 06:12:36,0.00009380,31.00000000
2018-02-25 06:12:36,0.00009379,135.00000000
2018-02-25 06:12:39,0.00009379,42.00000000
2018-02-25 06:12:41,0.00009379,42.00000000
2018-02-25 06:12:42,0.00009379,900.00000000
2018-02-25 06:12:43,0.00009379,46.00000000
2018-02-25 06:12:44,0.00009379,54.00000000
2018-02-25 06:12:44,0.00009379,242.00000000
2018-02-25 06:12:46,0.00009379,283.00000000
2018-02-25 06:12:46,0.00009379,42.00000000
2018-02-25 06:12:47,0.00009379,123.00000000
2018-02-25 06:12:47,0.00009379,2.00000000
2018-02-25 06:12:47,0.00009380,157.00000000
2018-02-25 06:12:48,0.00009379,55.00000000
2018-02-25 06:12:50,0.00009380,812.00000000
2018-02-25 06:12:50,0.00009379,42.00000000
2018-02-25 06:12:50,0.00009379,9.00000000
2018-02-25 06:12:52,0.00009380,80.00000000
2018-02-25 06:12:52,0.00009379,156.00000000
2018-02-25 06:12:54,0.00009379,53.00000000
2018-02-25 06:12:55,0.00009379,44.00000000
2018-02-25 06:12:55,0.00009379,242.00000000
2018-02-25 06:12:57,0.00009379,42.00000000
2018-02-25 06:12:57,0.00009380,9.00000000
2018-02-25 06:12:57,0.00009383,23.00000000
2018-02-25 06:12:59,0.00009379,42.00000000
2018-02-25 06:12:59,0.00009379,140.00000000
2018-02-25 06:13:00,0.00009383,17.00000000
2018-02-25 06:13:00,0.00009385,47.00000000
2018-02-25 06:13:00,0.00009387,30.00000000
2018-02-25 06:13:01,0.00009379,42.00000000
2018-02-25 06:13:07,0.00009387,17.00000000
2018-02-25 06:13:09,0.00009387,51.00000000
2018-02-25 06:13:11,0.00009379,318.00000000
2018-02-25 06:13:11,0.00009379,37.00000000
2018-02-25 06:13:12,0.00009379,137.00000000
2018-02-25 06:13:12,0.00009379,429.00000000
2018-02-25 06:13:20,0.00009380,45.00000000
2018-02-25 06:13:20,0.00009387,2737.00000000
2018-02-25 06:13:20,0.00009389,160.00000000
2018-02-25 06:13:20,0.00009390,745.00000000
2018-02-25 06:13:20,0.00009391,692.00000000
2018-02-25 06:13:21,0.00009391,347.00000000
2018-02-25 06:13:21,0.00009379,347.00000000
2018-02-25 06:13:21,0.00009379,346.00000000
2018-02-25 06:13:21,0.00009379,381.00000000
2018-02-25 06:13:21,0.00009379,107.00000000
2018-02-25 06:13:21,0.00009379,96.00000000
2018-02-25 06:13:22,0.00009379,135.00000000
2018-02-25 06:13:22,0.00009379,13.00000000
2018-02-25 06:13:25,0.00009390,17.00000000
2018-02-25 06:13:28,0.00009390,20.00000000
2018-02-25 06:13:28,0.00009391,34.00000000
2018-02-25 06:13:29,0.00009380,108.00000000
2018-02-25 06:13:32,0.00009380,96.00000000
2018-02-25 06:13:35,0.00009380,190.00000000
2018-02-25 06:13:35,0.00009380,499.00000000
2018-02-25 06:13:44,0.00009380,96.00000000
2018-02-25 06:13:45,0.00009380,29.00000000
2018-02-25 06:13:48,0.00009380,63.00000000
2018-02-25 06:13:49,0.00009385,151.00000000
2018-02-25 06:13:52,0.00009385,106.00000000
2018-02-25 06:13:52,0.00009390,16.00000000
2018-02-25 06:13:52,0.00009385,91.00000000
2018-02-25 06:13:53,0.00009385,94.00000000
2018-02-25 06:13:58,0.00009385,107.00000000
2018-02-25 06:14:01,0.00009385,95.00000000
2018-02-25 06:14:02,0.00009390,80.00000000
2018-02-25 06:14:02,0.00009391,451.00000000
2018-02-25 06:14:03,0.00009385,499.00000000
2018-02-25 06:14:03,0.00009385,42.00000000
2018-02-25 06:14:06,0.00009385,96.00000000
2018-02-25 06:14:08,0.00009391,35.00000000
2018-02-25 06:14:08,0.00009393,40.00000000
2018-02-25 06:14:08,0.00009394,20.00000000
2018-02-25 06:14:08,0.00009395,1381.00000000
2018-02-25 06:14:08,0.00009396,53.00000000
2018-02-25 06:14:08,0.00009397,937.00000000
2018-02-25 06:14:08,0.00009398,2418.00000000
2018-02-25 06:14:08,0.00009399,9116.00000000
2018-02-25 06:14:08,0.00009385,1238.00000000
2018-02-25 06:14:09,0.00009385,499.00000000
2018-02-25 06:14:10,0.00009385,52.00000000
2018-02-25 06:14:13,0.00009385,806.00000000
2018-02-25 06:14:13,0.00009385,806.00000000
2018-02-25 06:14:13,0.00009385,152.00000000
2018-02-25 06:14:20,0.00009386,348.00000000
2018-02-25 06:14:23,0.00009386,14.00000000
2018-02-25 06:14:25,0.00009386,400.00000000
2018-02-25 06:14:27,0.00009386,29.00000000
2018-02-25 06:14:27,0.00009385,278.00000000
2018-02-25 06:14:27,0.00009385,93.00000000
2018-02-25 06:14:28,0.00009386,18.00000000
2018-02-25 06:14:32,0.00009389,382.00000000
2018-02-25 06:14:32,0.00009390,573.00000000
2018-02-25 06:14:33,0.00009386,530.00000000
2018-02-25 06:14:37,0.00009386,73.00000000
2018-02-25 06:14:37,0.00009386,59.00000000
2018-02-25 06:14:39,0.00009386,185.00000000
2018-02-25 06:14:40,0.00009386,18.00000000
2018-02-25 06:14:40,0.00009386,1011.00000000
2018-02-25 06:14:41,0.00009386,18.00000000
2018-02-25 06:14:42,0.00009386,1061.00000000
2018-02-25 06:14:43,0.00009386,124.00000000
2018-02-25 06:14:46,0.00009386,42.00000000
2018-02-25 06:14:49,0.00009386,42.00000000
2018-02-25 06:14:51,0.00009386,42.00000000
2018-02-25 06:14:52,0.00009389,12.00000000
2018-02-25 06:14:54,0.00009386,42.00000000
2018-02-25 06:14:56,0.00009386,42.00000000
2018-02-25 06:14:56,0.00009389,1853.00000000
2018-02-25 06:14:56,0.00009390,1166.00000000
2018-02-25 06:14:59,0.00009386,404.00000000
2018-02-25 06:14:59,0.00009386,796.00000000
2018-02-25 06:15:00,0.00009386,376.00000000
2018-02-25 06:15:01,0.00009386,597.00000000
2018-02-25 06:15:06,0.00009386,316.00000000
2018-02-25 06:15:07,0.00009390,472.00000000
2018-02-25 06:15:09,0.00009386,176.00000000
2018-02-25 06:15:14,0.00009389,916.00000000
2018-02-25 06:15:20,0.00009389,1865.00000000
2018-02-25 06:15:20,0.00009390,1120.00000000
2018-02-25 06:15:23,0.00009390,346.00000000
2018-02-25 06:15:24,0.00009394,220.00000000
2018-02-25 06:15:24,0.00009394,139.00000000
2018-02-25 06:15:25,0.00009394,18.00000000
2018-02-25 06:15:25,0.00009394,499.00000000
2018-02-25 06:15:25,0.00009394,89.00000000
2018-02-25 06:15:25,0.00009394,72.00000000
2018-02-25 06:15:25,0.00009394,532.00000000
2018-02-25 06:15:26,0.00009394,283.00000000
2018-02-25 06:15:26,0.00009394,122.00000000
2018-02-25 06:15:26,0.00009394,187.00000000
2018-02-25 06:15:26,0.00009394,370.00000000
2018-02-25 06:15:27,0.00009394,68.00000000
2018-02-25 06:15:27,0.00009394,1.00000000
2018-02-25 06:15:29,0.00009390,107.00000000
2018-02-25 06:15:29,0.00009394,318.00000000
2018-02-25 06:15:30,0.00009394,73.00000000
2018-02-25 06:15:30,0.00009394,74.00000000
2018-02-25 06:15:30,0.00009394,90.00000000
2018-02-25 06:15:31,0.00009394,252.00000000
2018-02-25 06:15:31,0.00009390,280.00000000
2018-02-25 06:15:32,0.00009390,425.00000000
2018-02-25 06:15:32,0.00009394,22.00000000
2018-02-25 06:15:33,0.00009394,46.00000000
2018-02-25 06:15:33,0.00009394,107.00000000
2018-02-25 06:15:34,0.00009394,119.00000000
2018-02-25 06:15:36,0.00009394,42.00000000
2018-02-25 06:15:36,0.00009394,98.00000000
2018-02-25 06:15:36,0.00009390,9.00000000
2018-02-25 06:15:37,0.00009390,2.00000000
2018-02-25 06:15:38,0.00009394,106.00000000
2018-02-25 06:15:38,0.00009390,199.00000000
2018-02-25 06:15:38,0.00009390,124.00000000
2018-02-25 06:15:40,0.00009394,106.00000000
2018-02-25 06:15:41,0.00009390,94.00000000
2018-02-25 06:15:41,0.00009390,27.00000000
2018-02-25 06:15:41,0.00009394,168.00000000
2018-02-25 06:15:42,0.00009398,168.00000000
2018-02-25 06:15:43,0.00009394,42.00000000
2018-02-25 06:15:44,0.00009394,260.00000000
2018-02-25 06:15:44,0.00009394,6.00000000
2018-02-25 06:15:44,0.00009390,200.00000000
2018-02-25 06:15:49,0.00009390,128.00000000
2018-02-25 06:15:49,0.00009390,199.00000000
2018-02-25 06:15:49,0.00009393,42.00000000
2018-02-25 06:15:49,0.00009398,330.00000000
2018-02-25 06:15:51,0.00009390,128.00000000
2018-02-25 06:15:53,0.00009390,636.00000000
2018-02-25 06:15:53,0.00009387,977.00000000
2018-02-25 06:15:53,0.00009386,843.00000000
2018-02-25 06:15:54,0.00009386,353.00000000
2018-02-25 06:15:55,0.00009386,171.00000000
2018-02-25 06:15:56,0.00009386,498.00000000
2018-02-25 06:15:56,0.00009386,32.00000000
2018-02-25 06:15:56,0.00009386,353.00000000
2018-02-25 06:15:56,0.00009386,200.00000000
2018-02-25 06:15:57,0.00009386,437.00000000
2018-02-25 06:15:57,0.00009386,26.00000000
2018-02-25 06:15:58,0.00009386,5.00000000
2018-02-25 06:16:00,0.00009386,30.00000000
2018-02-25 06:16:01,0.00009386,51.00000000
2018-02-25 06:16:02,0.00009386,148.00000000
2018-02-25 06:16:02,0.00009385,50.00000000
2018-02-25 06:16:02,0.00009380,150.00000000
2018-02-25 06:16:04,0.00009380,359.00000000
2018-02-25 06:16:07,0.00009379,1.00000000
2018-02-25 06:16:08,0.00009380,150.00000000
2018-02-25 06:16:08,0.00009380,36.00000000
2018-02-25 06:16:08,0.00009377,33.00000000
2018-02-25 06:16:09,0.00009377,26.00000000
2018-02-25 06:16:09,0.00009377,3.00000000
2018-02-25 06:16:10,0.00009377,12.00000000
2018-02-25 06:16:10,0.00009373,945.00000000
2018-02-25 06:16:11,0.00009373,122.00000000
2018-02-25 06:16:12,0.00009372,54.00000000
2018-02-25 06:16:13,0.00009372,22.00000000
2018-02-25 06:16:13,0.00009373,117.00000000
2018-02-25 06:16:14,0.00009389,155.00000000
2018-02-25 06:16:16,0.00009389,513.00000000
2018-02-25 06:16:17,0.00009375,13.00000000
2018-02-25 06:16:17,0.00009375,21.00000000
2018-02-25 06:16:17,0.00009374,195.00000000
2018-02-25 06:16:17,0.00009374,141.00000000
2018-02-25 06:16:17,0.00009374,97.00000000
2018-02-25 06:16:19,0.00009375,27.00000000
2018-02-25 06:16:19,0.00009376,52.00000000
2018-02-25 06:16:19,0.00009376,98.00000000
2018-02-25 06:16:19,0.00009375,7.00000000
2018-02-25 06:16:20,0.00009377,75.00000000
2018-02-25 06:16:20,0.00009377,22.00000000
2018-02-25 06:16:20,0.00009377,62.00000000
2018-02-25 06:16:21,0.00009375,64.00000000
2018-02-25 06:16:21,0.00009377,32.00000000
2018-02-25 06:16:21,0.00009377,21.00000000
2018-02-25 06:16:21,0.00009375,33.00000000
2018-02-25 06:16:21,0.00009375,70.00000000
2018-02-25 06:16:22,0.00009376,16.00000000
2018-02-25 06:16:22,0.00009378,2.00000000
2018-02-25 06:16:22,0.00009378,23.00000000
2018-02-25 06:16:23,0.00009388,33.00000000
2018-02-25 06:16:23,0.00009389,314.00000000
2018-02-25 06:16:23,0.00009398,184.00000000
2018-02-25 06:16:24,0.00009380,53.00000000
2018-02-25 06:16:24,0.00009377,353.00000000
2018-02-25 06:16:24,0.00009377,30.00000000
2018-02-25 06:16:25,0.00009377,37.00000000
2018-02-25 06:16:25,0.00009377,1053.00000000
2018-02-25 06:16:26,0.00009377,35.00000000
2018-02-25 06:16:26,0.00009377,280.00000000
2018-02-25 06:16:27,0.00009378,53.00000000
2018-02-25 06:16:31,0.00009378,21.00000000
2018-02-25 06:16:33,0.00009378,64.00000000
2018-02-25 06:16:33,0.00009396,168.00000000
2018-02-25 06:16:33,0.00009378,58.00000000
2018-02-25 06:16:35,0.00009378,2175.00000000
2018-02-25 06:16:36,0.00009377,14.00000000
2018-02-25 06:16:37,0.00009385,90.00000000
2018-02-25 06:16:41,0.00009378,691.00000000
2018-02-25 06:16:42,0.00009385,83.00000000
2018-02-25 06:16:42,0.00009397,531.00000000
2018-02-25 06:16:48,0.00009385,26.00000000
2018-02-25 06:16:48,0.00009393,725.00000000
2018-02-25 06:16:48,0.00009394,641.00000000
2018-02-25 06:16:48,0.00009398,1381.00000000
2018-02-25 06:16:48,0.00009399,2905.00000000
2018-02-25 06:16:52,0.00009386,2.00000000
2018-02-25 06:17:03,0.00009386,426.00000000
2018-02-25 06:17:03,0.00009398,116.00000000
2018-02-25 06:17:03,0.00009399,718.00000000
2018-02-25 06:17:05,0.00009386,196.00000000
2018-02-25 06:17:07,0.00009386,55.00000000
2018-02-25 06:17:08,0.00009391,90.00000000
2018-02-25 06:17:08,0.00009391,73.00000000
2018-02-25 06:17:08,0.00009391,43.00000000
2018-02-25 06:17:12,0.00009390,47.00000000
2018-02-25 06:17:12,0.00009388,3.00000000
2018-02-25 06:17:17,0.00009397,35.00000000
2018-02-25 06:17:23,0.00009395,107.00000000
2018-02-25 06:17:27,0.00009397,116.00000000
2018-02-25 06:17:27,0.00009398,16.00000000
2018-02-25 06:17:29,0.00009391,345.00000000
2018-02-25 06:17:29,0.00009388,527.00000000
2018-02-25 06:17:29,0.00009386,128.00000000
2018-02-25 06:17:29,0.00009398,73.00000000
2018-02-25 06:17:29,0.00009399,639.00000000
2018-02-25 06:17:29,0.00009395,60.00000000
2018-02-25 06:17:29,0.00009395,3446.00000000
2018-02-25 06:17:29,0.00009386,60.00000000
2018-02-25 06:17:31,0.00009386,1000.00000000
2018-02-25 06:17:31,0.00009386,94.00000000
2018-02-25 06:17:31,0.00009391,100.00000000
2018-02-25 06:17:32,0.00009398,531.00000000
2018-02-25 06:17:33,0.00009391,102.00000000
2018-02-25 06:17:35,0.00009398,67.00000000
2018-02-25 06:17:38,0.00009398,977.00000000
2018-02-25 06:17:38,0.00009398,1179.00000000
2018-02-25 06:17:39,0.00009391,98.00000000
2018-02-25 06:17:48,0.00009391,115.00000000
2018-02-25 06:17:48,0.00009392,902.00000000
2018-02-25 06:17:53,0.00009397,561.00000000
2018-02-25 06:17:56,0.00009397,156.00000000
2018-02-25 06:17:56,0.00009399,45.00000000
2018-02-25 06:17:59,0.00009399,113.00000000
2018-02-25 06:18:02,0.00009391,3.00000000
2018-02-25 06:18:11,0.00009391,78.00000000
2018-02-25 06:18:11,0.00009387,1971.00000000
2018-02-25 06:18:18,0.00009391,105.00000000
2018-02-25 06:18:23,0.00009380,54.00000000
2018-02-25 06:18:24,0.00009380,665.00000000
2018-02-25 06:18:25,0.00009380,636.00000000
2018-02-25 06:18:26,0.00009380,65.00000000
2018-02-25 06:18:29,0.00009381,1002.00000000
2018-02-25 06:18:36,0.00009387,73.00000000
2018-02-25 06:18:36,0.00009390,401.00000000
2018-02-25 06:18:41,0.00009386,100.00000000
2018-02-25 06:18:41,0.00009386,107.00000000
2018-02-25 06:18:46,0.00009386,270.00000000
2018-02-25 06:18:48,0.00009390,921.00000000
2018-02-25 06:18:53,0.00009386,8998.00000000
2018-02-25 06:18:53,0.00009390,90.00000000
2018-02-25 06:18:54,0.00009386,8996.00000000
2018-02-25 06:18:55,0.00009386,4411.00000000
2018-02-25 06:18:56,0.00009390,150.00000000
2018-02-25 06:19:04,0.00009390,32.00000000
2018-02-25 06:19:06,0.00009386,784.00000000
2018-02-25 06:19:08,0.00009386,530.00000000
2018-02-25 06:19:12,0.00009386,40.00000000
2018-02-25 06:19:19,0.00009386,63.00000000
2018-02-25 06:19:27,0.00009386,37.00000000
2018-02-25 06:19:27,0.00009390,46.00000000
2018-02-25 06:19:28,0.00009385,17.00000000
2018-02-25 06:19:28,0.00009385,15.00000000
2018-02-25 06:19:28,0.00009385,15.00000000
2018-02-25 06:19:29,0.00009385,265.00000000
2018-02-25 06:19:29,0.00009390,215.00000000
2018-02-25 06:19:29,0.00009395,82.00000000
2018-02-25 06:19:29,0.00009396,977.00000000
2018-02-25 06:19:29,0.00009397,1826.00000000
2018-02-25 06:19:29,0.00009385,1030.00000000
2018-02-25 06:19:29,0.00009380,680.00000000
2018-02-25 06:19:29,0.00009379,15.00000000
2018-02-25 06:19:29,0.00009379,676.00000000
2018-02-25 06:19:30,0.00009381,977.00000000
2018-02-25 06:19:30,0.00009377,68.00000000
2018-02-25 06:19:30,0.00009377,5410.00000000
2018-02-25 06:19:31,0.00009386,106.00000000
2018-02-25 06:19:31,0.00009375,700.00000000
2018-02-25 06:19:32,0.00009386,204.00000000
2018-02-25 06:19:32,0.00009375,1000.00000000
2018-02-25 06:19:33,0.00009375,71.00000000
2018-02-25 06:19:35,0.00009376,40.00000000
2018-02-25 06:19:35,0.00009375,100.00000000
2018-02-25 06:19:35,0.00009375,3425.00000000
2018-02-25 06:19:35,0.00009373,282.00000000
2018-02-25 06:19:35,0.00009370,1055.00000000
2018-02-25 06:19:36,0.00009371,27.00000000
2018-02-25 06:19:38,0.00009370,22.00000000
2018-02-25 06:19:39,0.00009380,38.00000000
2018-02-25 06:19:40,0.00009380,22.00000000
2018-02-25 06:19:40,0.00009380,180.00000000
2018-02-25 06:19:40,0.00009380,90.00000000
2018-02-25 06:19:40,0.00009380,466.00000000
2018-02-25 06:19:40,0.00009380,833.00000000
2018-02-25 06:19:40,0.00009370,68.00000000
2018-02-25 06:19:42,0.00009370,157.00000000
2018-02-25 06:19:42,0.00009370,43.00000000
2018-02-25 06:19:43,0.00009370,13.00000000
2018-02-25 06:19:44,0.00009370,48.00000000
2018-02-25 06:19:48,0.00009370,107.00000000
2018-02-25 06:19:50,0.00009367,20.00000000
2018-02-25 06:19:50,0.00009368,53.00000000
2018-02-25 06:19:51,0.00009366,139.00000000
2018-02-25 06:19:53,0.00009363,32.00000000
2018-02-25 06:19:54,0.00009363,106.00000000
2018-02-25 06:19:54,0.00009363,42.00000000
2018-02-25 06:19:54,0.00009363,85.00000000
2018-02-25 06:19:55,0.00009367,214.00000000
2018-02-25 06:19:58,0.00009367,811.00000000
2018-02-25 06:20:01,0.00009367,98.00000000
2018-02-25 06:20:01,0.00009367,1166.00000000
2018-02-25 06:20:02,0.00009367,11.00000000
2018-02-25 06:20:02,0.00009367,53.00000000
2018-02-25 06:20:02,0.00009367,55.00000000
2018-02-25 06:20:03,0.00009367,1444.00000000
2018-02-25 06:20:03,0.00009367,898.00000000
2018-02-25 06:20:04,0.00009367,30.00000000
2018-02-25 06:20:04,0.00009367,33.00000000
2018-02-25 06:20:05,0.00009367,40.00000000
2018-02-25 06:20:06,0.00009367,156.00000000
2018-02-25 06:20:07,0.00009367,153.00000000
2018-02-25 06:20:08,0.00009370,32.00000000
2018-02-25 06:20:10,0.00009367,5356.00000000
2018-02-25 06:20:16,0.00009368,1401.00000000
2018-02-25 06:20:17,0.00009368,59.00000000
2018-02-25 06:20:17,0.00009370,45.00000000
2018-02-25 06:20:20,0.00009370,698.00000000
2018-02-25 06:20:23,0.00009370,23.00000000
2018-02-25 06:20:24,0.00009370,54.00000000
2018-02-25 06:20:26,0.00009379,1.00000000
2018-02-25 06:20:29,0.00009371,36.00000000
2018-02-25 06:20:32,0.00009371,468.00000000
2018-02-25 06:20:32,0.00009368,883.00000000
2018-02-25 06:20:37,0.00009369,569.00000000
2018-02-25 06:20:38,0.00009369,27.00000000
2018-02-25 06:20:39,0.00009369,467.00000000
2018-02-25 06:20:40,0.00009368,315.00000000
2018-02-25 06:20:41,0.00009368,300.00000000
2018-02-25 06:20:41,0.00009369,4.00000000
2018-02-25 06:20:43,0.00009369,596.00000000
2018-02-25 06:20:47,0.00009369,30.00000000
2018-02-25 06:20:48,0.00009371,216.00000000
2018-02-25 06:20:48,0.00009371,25.00000000
2018-02-25 06:20:48,0.00009371,188.00000000
2018-02-25 06:20:49,0.00009371,38.00000000
2018-02-25 06:20:49,0.00009370,106.00000000
2018-02-25 06:20:51,0.00009370,110.00000000
2018-02-25 06:20:53,0.00009369,139.00000000
2018-02-25 06:20:53,0.00009368,528.00000000
2018-02-25 06:20:56,0.00009370,987.00000000
2018-02-25 06:20:56,0.00009376,13.00000000
2018-02-25 06:20:57,0.00009368,129.00000000
2018-02-25 06:20:57,0.00009368,110.00000000
2018-02-25 06:20:58,0.00009368,634.00000000
2018-02-25 06:21:05,0.00009369,1067.00000000
2018-02-25 06:21:06,0.00009369,334.00000000
2018-02-25 06:21:06,0.00009368,1055.00000000
2018-02-25 06:21:16,0.00009375,300.00000000
2018-02-25 06:21:16,0.00009368,148.00000000
2018-02-25 06:21:18,0.00009368,167.00000000
2018-02-25 06:21:18,0.00009375,44.00000000
2018-02-25 06:21:18,0.00009376,90.00000000
2018-02-25 06:21:18,0.00009386,77.00000000
2018-02-25 06:21:18,0.00009388,266.00000000
2018-02-25 06:21:19,0.00009368,106.00000000
2018-02-25 06:21:21,0.00009387,310.00000000
2018-02-25 06:21:24,0.00009368,354.00000000
2018-02-25 06:21:29,0.00009368,1120.00000000
2018-02-25 06:21:29,0.00009368,27.00000000
2018-02-25 06:21:31,0.00009367,534.00000000
2018-02-25 06:21:31,0.00009368,170.00000000
2018-02-25 06:21:32,0.00009368,80.00000000
2018-02-25 06:21:40,0.00009367,3134.00000000
2018-02-25 06:21:54,0.00009367,321.00000000
2018-02-25 06:21:56,0.00009367,113.00000000
2018-02-25 06:21:57,0.00009367,820.00000000
2018-02-25 06:21:58,0.00009367,47.00000000
2018-02-25 06:21:59,0.00009367,4564.00000000
2018-02-25 06:21:59,0.00009367,30.00000000
2018-02-25 06:22:01,0.00009367,12.00000000
2018-02-25 06:22:04,0.00009367,167.00000000
2018-02-25 06:22:05,0.00009368,160.00000000
2018-02-25 06:22:06,0.00009373,220.00000000
2018-02-25 06:22:06,0.00009367,106.00000000
2018-02-25 06:22:09,0.00009384,35.00000000
2018-02-25 06:22:11,0.00009381,3.00000000
2018-02-25 06:22:18,0.00009367,1070.00000000
2018-02-25 06:22:20,0.00009383,12.00000000
2018-02-25 06:22:39,0.00009368,108.00000000
2018-02-25 06:22:39,0.00009384,1020.00000000
2018-02-25 06:22:44,0.00009367,107.00000000
2018-02-25 06:22:48,0.00009368,107.00000000
2018-02-25 06:22:49,0.00009375,233.00000000
2018-02-25 06:22:51,0.00009368,107.00000000
2018-02-25 06:22:52,0.00009381,19.00000000
2018-02-25 06:22:54,0.00009368,114.00000000
2018-02-25 06:22:54,0.00009368,107.00000000
2018-02-25 06:22:56,0.00009368,25.00000000
2018-02-25 06:22:56,0.00009368,123.00000000
2018-02-25 06:22:57,0.00009368,107.00000000
2018-02-25 06:22:57,0.00009381,90.00000000
2018-02-25 06:22:57,0.00009384,24.00000000
2018-02-25 06:23:00,0.00009368,107.00000000
2018-02-25 06:23:00,0.00009368,14.00000000
2018-02-25 06:23:02,0.00009368,18.00000000
2018-02-25 06:23:03,0.00009368,107.00000000
2018-02-25 06:23:10,0.00009368,155.00000000
2018-02-25 06:23:16,0.00009368,11.00000000
2018-02-25 06:23:16,0.00009368,107.00000000
2018-02-25 06:23:18,0.00009368,107.00000000
2018-02-25 06:23:21,0.00009381,23.00000000
2018-02-25 06:23:21,0.00009381,3.00000000
2018-02-25 06:23:21,0.00009368,104.00000000
2018-02-25 06:23:25,0.00009382,18.00000000
2018-02-25 06:23:26,0.00009382,180.00000000
2018-02-25 06:23:26,0.00009382,90.00000000
2018-02-25 06:23:33,0.00009375,107.00000000
2018-02-25 06:23:36,0.00009375,107.00000000
2018-02-25 06:23:37,0.00009375,506.00000000
2018-02-25 06:23:37,0.00009368,46.00000000
2018-02-25 06:23:48,0.00009375,389.00000000
2018-02-25 06:24:08,0.00009375,191.00000000
2018-02-25 06:24:13,0.00009378,33.00000000
2018-02-25 06:24:16,0.00009378,5.00000000
2018-02-25 06:24:21,0.00009375,4.00000000
2018-02-25 06:24:26,0.00009378,14.00000000
2018-02-25 06:24:27,0.00009375,3.00000000
2018-02-25 06:24:28,0.00009378,71.00000000
2018-02-25 06:24:28,0.00009379,78.00000000
2018-02-25 06:24:29,0.00009375,85.00000000
2018-02-25 06:24:29,0.00009371,20.00000000
2018-02-25 06:24:30,0.00009379,170.00000000
2018-02-25 06:24:33,0.00009378,106.00000000
2018-02-25 06:24:34,0.00009378,2447.00000000
2018-02-25 06:24:37,0.00009371,133.00000000
2018-02-25 06:24:38,0.00009378,6503.00000000
2018-02-25 06:24:38,0.00009379,2003.00000000
2018-02-25 06:24:38,0.00009381,29.00000000
2018-02-25 06:24:38,0.00009383,452.00000000
2018-02-25 06:24:41,0.00009383,67.00000000
2018-02-25 06:24:45,0.00009383,19.00000000
2018-02-25 06:24:45,0.00009384,429.00000000
2018-02-25 06:24:45,0.00009384,548.00000000
2018-02-25 06:24:45,0.00009385,318.00000000
2018-02-25 06:24:46,0.00009384,318.00000000
2018-02-25 06:24:47,0.00009384,659.00000000
2018-02-25 06:24:47,0.00009383,619.00000000
2018-02-25 06:24:48,0.00009377,211.00000000
2018-02-25 06:24:48,0.00009373,534.00000000
2018-02-25 06:24:55,0.00009384,213.00000000
2018-02-25 06:25:06,0.00009378,5.00000000
2018-02-25 06:25:10,0.00009380,27.00000000
2018-02-25 06:25:22,0.00009378,20.00000000
2018-02-25 06:25:22,0.00009373,28.00000000
2018-02-25 06:25:22,0.00009380,179.00000000
2018-02-25 06:25:22,0.00009384,1319.00000000
2018-02-25 06:25:35,0.00009379,17.00000000
2018-02-25 06:25:40,0.00009380,14.00000000
2018-02-25 06:25:46,0.00009380,577.00000000
2018-02-25 06:25:46,0.00009379,479.00000000
2018-02-25 06:25:46,0.00009379,2427.00000000
2018-02-25 06:25:46,0.00009384,108.00000000
2018-02-25 06:25:46,0.00009385,341.00000000
2018-02-25 06:25:46,0.00009386,1982.00000000
2018-02-25 06:25:46,0.00009389,221.00000000
2018-02-25 06:25:47,0.00009380,21.00000000
2018-02-25 06:25:48,0.00009389,9.00000000
2018-02-25 06:25:48,0.00009390,2989.00000000
2018-02-25 06:25:54,0.00009390,197.00000000
2018-02-25 06:25:54,0.00009390,783.00000000
2018-02-25 06:25:58,0.00009390,170.00000000
2018-02-25 06:26:01,0.00009390,208.00000000
2018-02-25 06:26:01,0.00009390,495.00000000
2018-02-25 06:26:05,0.00009390,15.00000000
2018-02-25 06:26:23,0.00009396,18.00000000
2018-02-25 06:26:24,0.00009396,850.00000000
2018-02-25 06:26:29,0.00009390,53.00000000
2018-02-25 06:26:29,0.00009377,37.00000000
2018-02-25 06:26:30,0.00009396,106.00000000
2018-02-25 06:26:37,0.00009391,1.00000000
2018-02-25 06:26:45,0.00009396,20.00000000
2018-02-25 06:26:48,0.00009395,65.00000000
2018-02-25 06:26:53,0.00009395,747.00000000
2018-02-25 06:26:53,0.00009395,73.00000000
2018-02-25 06:26:54,0.00009391,11.00000000
2018-02-25 06:26:54,0.00009377,70.00000000
2018-02-25 06:26:58,0.00009391,14.00000000
2018-02-25 06:26:58,0.00009394,69.00000000
2018-02-25 06:27:00,0.00009379,25.00000000
2018-02-25 06:27:00,0.00009394,34.00000000
2018-02-25 06:27:03,0.00009393,35.00000000
2018-02-25 06:27:05,0.00009392,194.00000000
2018-02-25 06:27:13,0.00009392,191.00000000
2018-02-25 06:27:16,0.00009381,9.00000000
2018-02-25 06:27:20,0.00009381,20.00000000
2018-02-25 06:27:26,0.00009380,86.00000000
2018-02-25 06:27:26,0.00009393,900.00000000
2018-02-25 06:27:26,0.00009394,227.00000000
2018-02-25 06:27:26,0.00009395,122.00000000
2018-02-25 06:27:26,0.00009395,900.00000000
2018-02-25 06:27:27,0.00009395,82.00000000
2018-02-25 06:27:27,0.00009395,93.00000000
2018-02-25 06:27:27,0.00009395,4613.00000000
2018-02-25 06:27:29,0.00009396,64.00000000
2018-02-25 06:27:29,0.00009395,1.00000000
2018-02-25 06:27:29,0.00009395,532.00000000
2018-02-25 06:27:30,0.00009395,82.00000000
2018-02-25 06:27:30,0.00009395,93.00000000
2018-02-25 06:27:31,0.00009395,532.00000000
2018-02-25 06:27:32,0.00009395,467.00000000
2018-02-25 06:27:32,0.00009395,82.00000000
2018-02-25 06:27:32,0.00009395,533.00000000
2018-02-25 06:27:34,0.00009395,532.00000000
2018-02-25 06:27:35,0.00009395,37.00000000
2018-02-25 06:27:35,0.00009395,4000.00000000
2018-02-25 06:27:37,0.00009395,107.00000000
2018-02-25 06:27:38,0.00009395,107.00000000
2018-02-25 06:27:39,0.00009395,257.00000000
2018-02-25 06:27:39,0.00009393,100.00000000
2018-02-25 06:27:42,0.00009388,75.00000000
2018-02-25 06:27:44,0.00009388,588.00000000
2018-02-25 06:27:44,0.00009380,313.00000000
2018-02-25 06:27:48,0.00009388,1.00000000
2018-02-25 06:27:50,0.00009388,96.00000000
2018-02-25 06:27:51,0.00009388,107.00000000
2018-02-25 06:28:10,0.00009388,1065.00000000
2018-02-25 06:28:10,0.00009388,766.00000000
2018-02-25 06:28:10,0.00009388,319.00000000
2018-02-25 06:28:18,0.00009388,6.00000000
2018-02-25 06:28:19,0.00009390,101.00000000
2018-02-25 06:28:19,0.00009390,70.00000000
2018-02-25 06:28:20,0.00009390,207.00000000
2018-02-25 06:28:20,0.00009388,207.00000000
2018-02-25 06:28:21,0.00009390,21.00000000
2018-02-25 06:28:22,0.00009388,1111.00000000
2018-02-25 06:28:23,0.00009388,212.00000000
2018-02-25 06:28:25,0.00009385,27.00000000
2018-02-25 06:28:26,0.00009385,164.00000000
2018-02-25 06:28:29,0.00009385,218.00000000
2018-02-25 06:28:29,0.00009385,1802.00000000
2018-02-25 06:28:30,0.00009385,591.00000000
2018-02-25 06:28:30,0.00009385,89.00000000
2018-02-25 06:28:33,0.00009385,19.00000000
2018-02-25 06:28:34,0.00009385,139.00000000
2018-02-25 06:28:34,0.00009390,944.00000000
2018-02-25 06:28:34,0.00009382,150.00000000
2018-02-25 06:28:37,0.00009390,1.00000000
2018-02-25 06:28:38,0.00009382,90.00000000
2018-02-25 06:28:39,0.00009382,91.00000000
2018-02-25 06:28:42,0.00009382,10000.00000000
2018-02-25 06:29:10,0.00009386,86.00000000
2018-02-25 06:29:21,0.00009386,52.00000000
2018-02-25 06:29:21,0.00009388,78.00000000
2018-02-25 06:29:24,0.00009386,107.00000000
2018-02-25 06:29:26,0.00009388,115.00000000
2018-02-25 06:29:27,0.00009388,107.00000000
2018-02-25 06:29:31,0.00009388,120.00000000
2018-02-25 06:29:41,0.00009390,144.00000000
2018-02-25 06:29:43,0.00009390,393.00000000
2018-02-25 06:29:43,0.00009391,18.00000000
2018-02-25 06:29:43,0.00009393,73.00000000
2018-02-25 06:29:43,0.00009395,1551.00000000
2018-02-25 06:29:43,0.00009396,726.00000000
2018-02-25 06:29:43,0.00009397,2798.00000000
2018-02-25 06:29:46,0.00009397,211.00000000
2018-02-25 06:29:56,0.00009397,836.00000000
2018-02-25 06:30:05,0.00009397,123.00000000
2018-02-25 06:30:06,0.00009390,532.00000000
2018-02-25 06:30:08,0.00009390,532.00000000
2018-02-25 06:30:08,0.00009397,94.00000000
2018-02-25 06:30:09,0.00009390,532.00000000
2018-02-25 06:30:22,0.00009392,106.00000000
2018-02-25 06:30:24,0.00009397,56.00000000
2018-02-25 06:30:25,0.00009392,137.00000000
2018-02-25 06:30:25,0.00009391,388.00000000
2018-02-25 06:30:29,0.00009391,317.00000000
2018-02-25 06:30:30,0.00009391,468.00000000
2018-02-25 06:30:36,0.00009390,100.00000000
2018-02-25 06:30:41,0.00009396,200.00000000
2018-02-25 06:30:49,0.00009396,185.00000000
2018-02-25 06:30:49,0.00009390,527.00000000
2018-02-25 06:30:50,0.00009396,115.00000000
2018-02-25 06:30:52,0.00009396,485.00000000
2018-02-25 06:30:54,0.00009396,514.00000000
2018-02-25 06:30:54,0.00009397,354.00000000
2018-02-25 06:30:54,0.00009390,3042.00000000
2018-02-25 06:31:01,0.00009396,698.00000000
2018-02-25 06:31:01,0.00009396,302.00000000
2018-02-25 06:31:01,0.00009392,730.00000000
2018-02-25 06:31:02,0.00009392,302.00000000
2018-02-25 06:31:02,0.00009390,2086.00000000
2018-02-25 06:31:02,0.00009390,1986.00000000
2018-02-25 06:31:02,0.00009390,1940.00000000
2018-02-25 06:31:02,0.00009389,1986.00000000
2018-02-25 06:31:02,0.00009388,5667.00000000
2018-02-25 06:31:02,0.00009388,302.00000000
2018-02-25 06:31:03,0.00009388,1167.00000000
2018-02-25 06:31:05,0.00009388,13.00000000
2018-02-25 06:31:07,0.00009397,750.00000000
2018-02-25 06:31:10,0.00009396,15.00000000
2018-02-25 06:31:13,0.00009395,75.00000000
2018-02-25 06:31:13,0.00009397,195.00000000
2018-02-25 06:31:16,0.00009397,2.00000000
2018-02-25 06:31:17,0.00009390,478.00000000
2018-02-25 06:31:17,0.00009388,1130.00000000
2018-02-25 06:31:17,0.00009388,390.00000000
2018-02-25 06:31:17,0.00009388,2004.00000000
2018-02-25 06:31:20,0.00009390,31.00000000
2018-02-25 06:31:21,0.00009388,572.00000000
2018-02-25 06:31:25,0.00009388,221.00000000
2018-02-25 06:31:35,0.00009388,37.00000000
2018-02-25 06:31:38,0.00009388,160.00000000
2018-02-25 06:31:44,0.00009388,498.00000000
2018-02-25 06:31:45,0.00009388,37.00000000
2018-02-25 06:31:46,0.00009388,1067.00000000
2018-02-25 06:31:50,0.00009388,100.00000000
2018-02-25 06:31:51,0.00009390,269.00000000
2018-02-25 06:31:53,0.00009390,1067.00000000
2018-02-25 06:31:53,0.00009390,238.00000000
2018-02-25 06:31:53,0.00009388,682.00000000
2018-02-25 06:31:54,0.00009395,189.00000000
2018-02-25 06:31:59,0.00009388,1067.00000000
2018-02-25 06:32:05,0.00009388,37.00000000
2018-02-25 06:32:05,0.00009388,1067.00000000
2018-02-25 06:32:14,0.00009390,37.00000000
2018-02-25 06:32:15,0.00009388,37.00000000
2018-02-25 06:32:23,0.00009395,1.00000000
2018-02-25 06:32:25,0.00009390,37.00000000
2018-02-25 06:32:35,0.00009390,37.00000000
2018-02-25 06:32:45,0.00009390,37.00000000
2018-02-25 06:32:47,0.00009390,24.00000000
2018-02-25 06:32:52,0.00009390,106.00000000
2018-02-25 06:33:07,0.00009395,106.00000000
2018-02-25 06:33:08,0.00009390,60.00000000
2018-02-25 06:33:11,0.00009390,20.00000000
2018-02-25 06:33:15,0.00009390,876.00000000
2018-02-25 06:33:15,0.00009390,384.00000000
2018-02-25 06:33:17,0.00009390,106.00000000
2018-02-25 06:33:18,0.00009390,112.00000000
2018-02-25 06:33:18,0.00009388,8278.00000000
2018-02-25 06:33:22,0.00009388,100.00000000
2018-02-25 06:33:23,0.00009388,1685.00000000
2018-02-25 06:33:24,0.00009388,3900.00000000
2018-02-25 06:33:27,0.00009388,745.00000000
2018-02-25 06:33:30,0.00009395,2000.00000000
2018-02-25 06:33:31,0.00009388,3531.00000000
2018-02-25 06:33:31,0.00009386,957.00000000
2018-02-25 06:33:37,0.00009390,18.00000000
2018-02-25 06:33:41,0.00009388,42.00000000
2018-02-25 06:33:41,0.00009386,1.00000000
2018-02-25 06:33:41,0.00009382,407.00000000
2018-02-25 06:33:41,0.00009380,181.00000000
2018-02-25 06:33:41,0.00009373,155.00000000
2018-02-25 06:33:42,0.00009388,32.00000000
2018-02-25 06:33:42,0.00009373,213.00000000
2018-02-25 06:33:43,0.00009388,527.00000000
2018-02-25 06:33:43,0.00009373,132.00000000
2018-02-25 06:33:46,0.00009370,966.00000000
2018-02-25 06:33:53,0.00009369,213.00000000
2018-02-25 06:33:54,0.00009369,211.00000000
2018-02-25 06:34:04,0.00009387,27.00000000
2018-02-25 06:34:04,0.00009387,72.00000000
2018-02-25 06:34:04,0.00009387,325.00000000
2018-02-25 06:34:04,0.00009388,146.00000000
2018-02-25 06:34:04,0.00009389,1141.00000000
2018-02-25 06:34:04,0.00009390,259.00000000
2018-02-25 06:34:06,0.00009390,3144.00000000
2018-02-25 06:34:08,0.00009390,368.00000000
2018-02-25 06:34:15,0.00009385,1066.00000000
2018-02-25 06:34:15,0.00009385,1104.00000000
2018-02-25 06:34:29,0.00009376,30.00000000
2018-02-25 06:34:29,0.00009375,221.00000000
2018-02-25 06:34:29,0.00009373,868.00000000
2018-02-25 06:34:32,0.00009385,319.00000000
2018-02-25 06:34:32,0.00009385,82.00000000
2018-02-25 06:34:35,0.00009385,917.00000000
2018-02-25 06:34:40,0.00009373,3.00000000
2018-02-25 06:34:54,0.00009373,1023.00000000
2018-02-25 06:34:59,0.00009373,90.00000000
2018-02-25 06:34:59,0.00009373,855.00000000
2018-02-25 06:34:59,0.00009373,84.00000000
2018-02-25 06:34:59,0.00009371,350.00000000
2018-02-25 06:35:02,0.00009385,15.00000000
2018-02-25 06:35:08,0.00009368,90.00000000
2018-02-25 06:35:09,0.00009368,213.00000000
2018-02-25 06:35:15,0.00009368,106.00000000
2018-02-25 06:35:21,0.00009384,37.00000000
2018-02-25 06:35:24,0.00009368,35.00000000
2018-02-25 06:35:24,0.00009368,32.00000000
2018-02-25 06:35:24,0.00009368,27.00000000
2018-02-25 06:35:24,0.00009368,6.00000000
2018-02-25 06:35:24,0.00009368,14.00000000
2018-02-25 06:35:24,0.00009368,176.00000000
2018-02-25 06:35:25,0.00009368,27.00000000
2018-02-25 06:35:25,0.00009384,18.00000000
2018-02-25 06:35:25,0.00009368,18.00000000
2018-02-25 06:35:25,0.00009367,56.00000000
2018-02-25 06:35:25,0.00009366,17.00000000
2018-02-25 06:35:30,0.00009366,54.00000000
2018-02-25 06:35:30,0.00009366,32.00000000
2018-02-25 06:35:31,0.00009366,32.00000000
2018-02-25 06:35:32,0.00009384,36.00000000
2018-02-25 06:35:35,0.00009368,1.00000000
2018-02-25 06:35:48,0.00009384,1000.00000000
2018-02-25 06:35:51,0.00009384,65.00000000
2018-02-25 06:35:52,0.00009385,25.00000000
2018-02-25 06:35:52,0.00009386,290.00000000
2018-02-25 06:35:55,0.00009384,18.00000000
2018-02-25 06:35:56,0.00009384,419.00000000
2018-02-25 06:35:57,0.00009383,426.00000000
2018-02-25 06:35:58,0.00009371,106.00000000
2018-02-25 06:36:00,0.00009372,31.00000000
2018-02-25 06:36:04,0.00009372,213.00000000
2018-02-25 06:36:12,0.00009380,1299.00000000
2018-02-25 06:36:12,0.00009383,979.00000000
2018-02-25 06:36:12,0.00009384,1245.00000000
2018-02-25 06:36:21,0.00009384,319.00000000
2018-02-25 06:36:21,0.00009384,1149.00000000
2018-02-25 06:36:21,0.00009384,829.00000000
2018-02-25 06:36:21,0.00009384,319.00000000
2018-02-25 06:36:45,0.00009375,182.00000000
2018-02-25 06:36:55,0.00009375,82.00000000
2018-02-25 06:36:56,0.00009375,12.00000000
2018-02-25 06:36:58,0.00009375,1282.00000000
2018-02-25 06:37:06,0.00009375,235.00000000
2018-02-25 06:37:14,0.00009375,76.00000000
2018-02-25 06:37:17,0.00009384,92.00000000
2018-02-25 06:37:20,0.00009384,426.00000000
2018-02-25 06:37:21,0.00009384,1278.00000000
2018-02-25 06:37:21,0.00009384,47.00000000
2018-02-25 06:37:28,0.00009384,249.00000000
2018-02-25 06:37:28,0.00009384,50.00000000
2018-02-25 06:37:30,0.00009384,751.00000000
2018-02-25 06:37:31,0.00009386,2.00000000
2018-02-25 06:37:32,0.00009384,752.00000000
2018-02-25 06:37:45,0.00009383,200.00000000
2018-02-25 06:37:45,0.00009384,3696.00000000
2018-02-25 06:37:45,0.00009386,2440.00000000
2018-02-25 06:37:45,0.00009388,4984.00000000
2018-02-25 06:37:45,0.00009389,579.00000000
2018-02-25 06:37:45,0.00009390,9521.00000000
2018-02-25 06:37:46,0.00009390,67.00000000
2018-02-25 06:37:47,0.00009390,135.00000000
2018-02-25 06:37:48,0.00009390,135.00000000
2018-02-25 06:37:48,0.00009390,115.00000000
2018-02-25 06:38:00,0.00009392,67.00000000
2018-02-25 06:38:03,0.00009390,38.00000000
2018-02-25 06:38:05,0.00009390,83.00000000
2018-02-25 06:38:10,0.00009390,85.00000000
2018-02-25 06:38:10,0.00009390,1294.00000000
2018-02-25 06:38:15,0.00009392,382.00000000
2018-02-25 06:38:20,0.00009390,544.00000000
2018-02-25 06:38:24,0.00009390,3514.00000000
2018-02-25 06:38:24,0.00009390,29.00000000
2018-02-25 06:38:24,0.00009390,27.00000000
2018-02-25 06:38:26,0.00009390,2301.00000000
2018-02-25 06:38:29,0.00009390,31.00000000
2018-02-25 06:38:33,0.00009390,360.00000000
2018-02-25 06:38:35,0.00009390,425.00000000
2018-02-25 06:38:35,0.00009390,776.00000000
2018-02-25 06:38:36,0.00009390,2012.00000000
2018-02-25 06:38:40,0.00009390,1013.00000000
2018-02-25 06:38:43,0.00009390,22.00000000
2018-02-25 06:38:44,0.00009390,5333.00000000
2018-02-25 06:38:44,0.00009390,287.00000000
2018-02-25 06:38:52,0.00009390,532.00000000
2018-02-25 06:38:55,0.00009391,106.00000000
2018-02-25 06:38:57,0.00009391,144.00000000
2018-02-25 06:38:57,0.00009391,41.00000000
2018-02-25 06:38:57,0.00009390,491.00000000
2018-02-25 06:39:03,0.00009391,30.00000000
2018-02-25 06:39:05,0.00009391,72.00000000
2018-02-25 06:39:05,0.00009394,43.00000000
2018-02-25 06:39:06,0.00009391,69.00000000
2018-02-25 06:39:06,0.00009390,463.00000000
2018-02-25 06:39:08,0.00009390,3332.00000000
2018-02-25 06:39:08,0.00009390,532.00000000
2018-02-25 06:39:10,0.00009390,532.00000000
2018-02-25 06:39:10,0.00009390,36.00000000
2018-02-25 06:39:13,0.00009391,101.00000000
2018-02-25 06:39:14,0.00009390,319.00000000
2018-02-25 06:39:14,0.00009390,129.00000000
2018-02-25 06:39:15,0.00009390,16.00000000
2018-02-25 06:39:16,0.00009390,18.00000000
2018-02-25 06:39:20,0.00009390,319.00000000
2018-02-25 06:39:20,0.00009390,50.00000000
2018-02-25 06:39:20,0.00009394,18.00000000
2018-02-25 06:39:20,0.00009394,222.00000000
2018-02-25 06:39:20,0.00009394,319.00000000
2018-02-25 06:39:20,0.00009394,313.00000000
2018-02-25 06:39:22,0.00009390,2554.00000000
2018-02-25 06:39:22,0.00009376,587.00000000
2018-02-25 06:39:22,0.00009375,8732.00000000
2018-02-25 06:39:22,0.00009373,2113.00000000
2018-02-25 06:39:28,0.00009375,155.00000000
2018-02-25 06:39:36,0.00009394,31.00000000
2018-02-25 06:39:42,0.00009394,124.00000000
2018-02-25 06:39:42,0.00009395,88.00000000
2018-02-25 06:40:11,0.00009389,117.00000000
2018-02-25 06:40:13,0.00009389,808.00000000
2018-02-25 06:40:13,0.00009390,60.00000000
2018-02-25 06:40:14,0.00009395,75.00000000
2018-02-25 06:40:28,0.00009395,22.00000000
2018-02-25 06:40:37,0.00009382,106.00000000
2018-02-25 06:40:38,0.00009395,106.00000000
2018-02-25 06:40:59,0.00009393,799.00000000
2018-02-25 06:40:59,0.00009394,280.00000000
2018-02-25 06:41:02,0.00009394,749.00000000
2018-02-25 06:41:05,0.00009394,54.00000000
2018-02-25 06:41:05,0.00009395,20.00000000
2018-02-25 06:41:13,0.00009394,14.00000000
2018-02-25 06:41:14,0.00009394,1053.00000000
2018-02-25 06:41:16,0.00009383,464.00000000
2018-02-25 06:41:17,0.00009383,22.00000000
2018-02-25 06:41:19,0.00009383,160.00000000
2018-02-25 06:41:21,0.00009394,100.00000000
2018-02-25 06:41:25,0.00009394,106.00000000
2018-02-25 06:41:27,0.00009385,333.00000000
2018-02-25 06:41:27,0.00009384,267.00000000
2018-02-25 06:41:33,0.00009393,89.00000000
2018-02-25 06:41:33,0.00009384,1.00000000
2018-02-25 06:41:39,0.00009393,160.00000000
2018-02-25 06:41:54,0.00009392,319.00000000
2018-02-25 06:41:57,0.00009393,136.00000000
2018-02-25 06:42:02,0.00009393,10.00000000
2018-02-25 06:42:09,0.00009393,107.00000000
2018-02-25 06:42:13,0.00009393,358.00000000
2018-02-25 06:42:14,0.00009393,81.00000000
2018-02-25 06:42:14,0.00009392,601.00000000
2018-02-25 06:42:18,0.00009392,464.00000000
2018-02-25 06:42:19,0.00009391,1041.00000000
2018-02-25 06:42:19,0.00009392,57.00000000
2018-02-25 06:42:21,0.00009392,1186.00000000
2018-02-25 06:42:30,0.00009392,73.00000000
2018-02-25 06:42:32,0.00009392,2143.00000000
2018-02-25 06:42:32,0.00009391,1898.00000000
2018-02-25 06:42:39,0.00009391,1740.00000000
2018-02-25 06:42:39,0.00009385,16.00000000
2018-02-25 06:42:39,0.00009384,671.00000000
2018-02-25 06:42:45,0.00009392,250.00000000
2018-02-25 06:42:45,0.00009393,246.00000000
2018-02-25 06:42:48,0.00009393,44.00000000
2018-02-25 06:43:03,0.00009391,15.00000000
2018-02-25 06:43:19,0.00009390,229.00000000
2018-02-25 06:43:19,0.00009391,134.00000000
2018-02-25 06:43:25,0.00009386,113.00000000
2018-02-25 06:43:25,0.00009386,106.00000000
2018-02-25 06:43:26,0.00009386,103.00000000
2018-02-25 06:43:27,0.00009386,100.00000000
2018-02-25 06:43:31,0.00009385,275.00000000
2018-02-25 06:43:32,0.00009385,47.00000000
2018-02-25 06:43:32,0.00009386,645.00000000
2018-02-25 06:43:47,0.00009391,231.00000000
2018-02-25 06:43:47,0.00009384,746.00000000
2018-02-25 06:43:49,0.00009391,152.00000000
2018-02-25 06:43:54,0.00009391,1038.00000000
2018-02-25 06:43:54,0.00009391,19.00000000
2018-02-25 06:43:59,0.00009384,31.00000000
2018-02-25 06:44:01,0.00009384,212.00000000
2018-02-25 06:44:03,0.00009384,9.00000000
2018-02-25 06:44:05,0.00009390,111.00000000
2018-02-25 06:44:05,0.00009384,20.00000000
2018-02-25 06:44:05,0.00009384,108.00000000
2018-02-25 06:44:07,0.00009392,98.00000000
2018-02-25 06:44:09,0.00009383,318.00000000
2018-02-25 06:44:09,0.00009383,158.00000000
2018-02-25 06:44:09,0.00009383,591.00000000
2018-02-25 06:44:12,0.00009383,1018.00000000
2018-02-25 06:44:17,0.00009392,25.00000000
2018-02-25 06:44:20,0.00009382,137.00000000
2018-02-25 06:44:22,0.00009376,183.00000000
2018-02-25 06:44:22,0.00009373,426.00000000
2018-02-25 06:44:22,0.00009371,390.00000000
2018-02-25 06:44:24,0.00009371,20.00000000
2018-02-25 06:44:58,0.00009371,24.00000000
2018-02-25 06:45:03,0.00009381,410.00000000
2018-02-25 06:45:03,0.00009382,320.00000000
2018-02-25 06:45:05,0.00009372,73.00000000
2018-02-25 06:45:11,0.00009383,60.00000000
2018-02-25 06:45:14,0.00009372,200.00000000
2018-02-25 06:45:16,0.00009384,151.00000000
2018-02-25 06:45:19,0.00009372,100.00000000
2018-02-25 06:45:20,0.00009372,979.00000000
2018-02-25 06:45:20,0.00009371,76.00000000
2018-02-25 06:45:28,0.00009376,90.00000000
2018-02-25 06:45:28,0.00009376,85.00000000
2018-02-25 06:45:28,0.00009377,60.00000000
2018-02-25 06:45:29,0.00009377,917.00000000
2018-02-25 06:45:46,0.00009375,282.00000000
2018-02-25 06:45:47,0.00009374,3623.00000000
2018-02-25 06:45:53,0.00009374,35.00000000
2018-02-25 06:45:53,0.00009373,151.00000000
2018-02-25 06:45:53,0.00009372,122.00000000
2018-02-25 06:45:53,0.00009371,95.00000000
2018-02-25 06:45:55,0.00009377,238.00000000
2018-02-25 06:46:00,0.00009377,2.00000000
2018-02-25 06:46:01,0.00009385,52.00000000
2018-02-25 06:46:11,0.00009384,1053.00000000
2018-02-25 06:46:12,0.00009384,1053.00000000
2018-02-25 06:46:13,0.00009378,150.00000000
2018-02-25 06:46:13,0.00009377,190.00000000
2018-02-25 06:46:14,0.00009377,589.00000000
2018-02-25 06:46:28,0.00009372,150.00000000
2018-02-25 06:46:28,0.00009371,441.00000000
2018-02-25 06:46:31,0.00009384,2264.00000000
2018-02-25 06:46:31,0.00009385,132.00000000
2018-02-25 06:46:31,0.00009387,116.00000000
2018-02-25 06:46:33,0.00009387,1.00000000
2018-02-25 06:46:33,0.00009387,58.00000000
2018-02-25 06:46:34,0.00009387,1096.00000000
2018-02-25 06:46:34,0.00009371,13.00000000
2018-02-25 06:46:40,0.00009377,376.00000000
2018-02-25 06:46:45,0.00009387,25.00000000
2018-02-25 06:46:47,0.00009387,85.00000000
2018-02-25 06:46:50,0.00009380,35.00000000
2018-02-25 06:46:52,0.00009380,21.00000000
2018-02-25 06:46:52,0.00009387,2207.00000000
2018-02-25 06:46:52,0.00009389,1063.00000000
2018-02-25 06:46:54,0.00009389,4.00000000
2018-02-25 06:46:54,0.00009390,3946.00000000
2018-02-25 06:46:54,0.00009392,951.00000000
2018-02-25 06:46:54,0.00009393,671.00000000
2018-02-25 06:46:56,0.00009393,3040.00000000
2018-02-25 06:46:56,0.00009394,272.00000000
2018-02-25 06:46:56,0.00009395,1145.00000000
2018-02-25 06:46:56,0.00009396,1115.00000000
2018-02-25 06:46:56,0.00009382,6.00000000
2018-02-25 06:46:56,0.00009394,319.00000000
2018-02-25 06:46:56,0.00009394,211.00000000
2018-02-25 06:46:57,0.00009382,6.00000000
2018-02-25 06:46:58,0.00009382,50.00000000
2018-02-25 06:46:58,0.00009393,56.00000000
2018-02-25 06:47:00,0.00009393,5035.00000000
2018-02-25 06:47:00,0.00009395,900.00000000
2018-02-25 06:47:00,0.00009396,1501.00000000
2018-02-25 06:47:00,0.00009394,25.00000000
2018-02-25 06:47:01,0.00009382,60.00000000
2018-02-25 06:47:02,0.00009395,518.00000000
2018-02-25 06:47:05,0.00009395,1809.00000000
2018-02-25 06:47:05,0.00009395,532.00000000
2018-02-25 06:47:06,0.00009395,1087.00000000
2018-02-25 06:47:06,0.00009395,246.00000000
2018-02-25 06:47:06,0.00009396,4754.00000000
2018-02-25 06:47:07,0.00009396,533.00000000
2018-02-25 06:47:08,0.00009383,533.00000000
2018-02-25 06:47:09,0.00009396,3946.00000000
2018-02-25 06:47:09,0.00009397,118.00000000
2018-02-25 06:47:09,0.00009398,936.00000000
2018-02-25 06:47:15,0.00009384,34.00000000
2018-02-25 06:47:15,0.00009395,165.00000000
2018-02-25 06:47:16,0.00009395,72.00000000
2018-02-25 06:47:16,0.00009395,206.00000000
2018-02-25 06:47:17,0.00009384,533.00000000
2018-02-25 06:47:18,0.00009384,4.00000000
2018-02-25 06:47:18,0.00009383,154.00000000
2018-02-25 06:47:18,0.00009381,25.00000000
2018-02-25 06:47:18,0.00009377,208.00000000
2018-02-25 06:47:18,0.00009374,9.00000000
2018-02-25 06:47:23,0.00009395,61.00000000
2018-02-25 06:47:23,0.00009395,800.00000000
2018-02-25 06:47:24,0.00009395,1099.00000000
2018-02-25 06:47:25,0.00009395,8142.00000000
2018-02-25 06:47:25,0.00009395,100.00000000
2018-02-25 06:47:25,0.00009395,43.00000000
2018-02-25 06:47:25,0.00009397,2060.00000000
2018-02-25 06:47:26,0.00009397,2061.00000000
2018-02-25 06:47:26,0.00009398,4125.00000000
2018-02-25 06:47:26,0.00009398,270.00000000
2018-02-25 06:47:26,0.00009395,374.00000000
2018-02-25 06:47:26,0.00009395,161.00000000
2018-02-25 06:47:27,0.00009395,1155.00000000
2018-02-25 06:47:27,0.00009395,2815.00000000
2018-02-25 06:47:27,0.00009396,220.00000000
2018-02-25 06:47:28,0.00009396,50.00000000
2018-02-25 06:47:28,0.00009396,95.00000000
2018-02-25 06:47:28,0.00009395,66.00000000
2018-02-25 06:47:28,0.00009395,1155.00000000
2018-02-25 06:47:28,0.00009395,2815.00000000
2018-02-25 06:47:28,0.00009398,106.00000000
2018-02-25 06:47:29,0.00009398,748.00000000
2018-02-25 06:47:29,0.00009399,84.00000000
2018-02-25 06:47:29,0.00009395,4045.00000000
2018-02-25 06:47:31,0.00009399,106.00000000
2018-02-25 06:47:34,0.00009396,149.00000000
2018-02-25 06:47:36,0.00009396,216.00000000
2018-02-25 06:47:37,0.00009396,149.00000000
2018-02-25 06:47:37,0.00009395,5200.00000000
2018-02-25 06:47:38,0.00009395,97.00000000
2018-02-25 06:47:40,0.00009396,415.00000000
2018-02-25 06:47:40,0.00009395,404.00000000
2018-02-25 06:47:42,0.00009399,2440.00000000
2018-02-25 06:47:46,0.00009397,365.00000000
2018-02-25 06:47:52,0.00009399,118.00000000
2018-02-25 06:47:54,0.00009399,542.00000000
2018-02-25 06:47:54,0.00009399,1300.00000000
2018-02-25 06:47:56,0.00009399,881.00000000
2018-02-25 06:48:00,0.00009399,5000.00000000
2018-02-25 06:48:02,0.00009399,2307.00000000
2018-02-25 06:48:03,0.00009398,253.00000000
2018-02-25 06:48:03,0.00009399,5066.00000000
2018-02-25 06:48:05,0.00009396,700.00000000
2018-02-25 06:48:05,0.00009396,1164.00000000
2018-02-25 06:48:05,0.00009395,43953.00000000
2018-02-25 06:48:05,0.00009395,1695.00000000
2018-02-25 06:48:05,0.00009395,339.00000000
2018-02-25 06:48:05,0.00009377,361.00000000
2018-02-25 06:48:06,0.00009379,68.00000000
2018-02-25 06:48:06,0.00009398,666.00000000
2018-02-25 06:48:07,0.00009379,207.00000000
2018-02-25 06:48:07,0.00009398,38.00000000
2018-02-25 06:48:07,0.00009399,492.00000000
2018-02-25 06:48:07,0.00009379,15.00000000
2018-02-25 06:48:07,0.00009380,426.00000000
2018-02-25 06:48:07,0.00009379,573.00000000
2018-02-25 06:48:08,0.00009395,135.00000000
2018-02-25 06:48:08,0.00009379,204.00000000
2018-02-25 06:48:08,0.00009378,1867.00000000
2018-02-25 06:48:08,0.00009377,2878.00000000
2018-02-25 06:48:08,0.00009374,247.00000000
2018-02-25 06:48:08,0.00009371,2784.00000000
2018-02-25 06:48:08,0.00009370,28.00000000
2018-02-25 06:48:08,0.00009369,576.00000000
2018-02-25 06:48:08,0.00009368,108.00000000
2018-02-25 06:48:08,0.00009367,213.00000000
2018-02-25 06:48:08,0.00009366,1615.00000000
2018-02-25 06:48:08,0.00009365,4608.00000000
2018-02-25 06:48:08,0.00009363,862.00000000
2018-02-25 06:48:08,0.00009362,1776.00000000
2018-02-25 06:48:08,0.00009360,885.00000000
2018-02-25 06:48:08,0.00009366,15.00000000
2018-02-25 06:48:08,0.00009368,1417.00000000
2018-02-25 06:48:08,0.00009367,1329.00000000
2018-02-25 06:48:14,0.00009375,31.00000000
2018-02-25 06:48:14,0.00009375,221.00000000
2018-02-25 06:48:14,0.00009387,52.00000000
2018-02-25 06:48:34,0.00009376,560.00000000
2018-02-25 06:48:34,0.00009375,409.00000000
2018-02-25 06:48:34,0.00009367,972.00000000
2018-02-25 06:48:34,0.00009362,594.00000000
2018-02-25 06:48:35,0.00009378,348.00000000
2018-02-25 06:48:35,0.00009387,2.00000000
2018-02-25 06:48:37,0.00009364,13.00000000
2018-02-25 06:48:44,0.00009383,117.00000000
2018-02-25 06:48:44,0.00009384,102.00000000
2018-02-25 06:48:49,0.00009369,853.00000000
2018-02-25 06:48:56,0.00009370,45.00000000
2018-02-25 06:48:57,0.00009383,311.00000000
2018-02-25 06:49:07,0.00009380,213.00000000
2018-02-25 06:49:14,0.00009380,203.00000000
2018-02-25 06:49:15,0.00009383,213.00000000
2018-02-25 06:49:20,0.00009383,242.00000000
2018-02-25 06:49:20,0.00009384,324.00000000
2018-02-25 06:49:20,0.00009385,213.00000000
2018-02-25 06:49:21,0.00009387,1065.00000000
2018-02-25 06:49:24,0.00009386,90.00000000
2018-02-25 06:49:24,0.00009383,28.00000000
2018-02-25 06:49:27,0.00009387,532.00000000
2018-02-25 06:49:30,0.00009383,398.00000000
2018-02-25 06:49:30,0.00009387,525.00000000
2018-02-25 06:49:30,0.00009390,608.00000000
2018-02-25 06:49:32,0.00009397,100.00000000
2018-02-25 06:49:37,0.00009398,532.00000000
2018-02-25 06:49:43,0.00009398,425.00000000
2018-02-25 06:49:46,0.00009397,136.00000000
2018-02-25 06:49:46,0.00009398,475.00000000
2018-02-25 06:49:46,0.00009399,435.00000000
2018-02-25 06:49:46,0.00009399,3936.00000000
2018-02-25 06:49:47,0.00009397,281.00000000
2018-02-25 06:49:48,0.00009399,25.00000000
2018-02-25 06:49:50,0.00009398,57.00000000
2018-02-25 06:49:50,0.00009398,50.00000000
2018-02-25 06:49:51,0.00009399,25.00000000
2018-02-25 06:49:51,0.00009399,3818.00000000
2018-02-25 06:49:52,0.00009398,150.00000000
2018-02-25 06:49:53,0.00009399,1643.00000000
2018-02-25 06:49:53,0.00009399,198.00000000
2018-02-25 06:49:54,0.00009399,666.00000000
2018-02-25 06:49:54,0.00009399,4615.00000000
2018-02-25 06:49:55,0.00009398,235.00000000
2018-02-25 06:49:55,0.00009399,728.00000000
2018-02-25 06:49:56,0.00009399,198.00000000
2018-02-25 06:49:57,0.00009399,2653.00000000
2018-02-25 06:49:58,0.00009399,199.00000000
2018-02-25 06:50:00,0.00009399,170.00000000
2018-02-25 06:50:03,0.00009399,138.00000000
2018-02-25 06:50:05,0.00009399,525.00000000
2018-02-25 06:50:10,0.00009398,709.00000000
2018-02-25 06:50:10,0.00009399,46.00000000
2018-02-25 06:50:10,0.00009399,459.00000000
2018-02-25 06:50:14,0.00009390,532.00000000
2018-02-25 06:50:14,0.00009388,306.00000000
2018-02-25 06:50:16,0.00009388,51.00000000
2018-02-25 06:50:16,0.00009387,100.00000000
2018-02-25 06:50:16,0.00009385,468.00000000
2018-02-25 06:50:16,0.00009383,32.00000000
2018-02-25 06:50:18,0.00009398,100.00000000
2018-02-25 06:50:24,0.00009383,227.00000000
2018-02-25 06:50:27,0.00009398,219.00000000
2018-02-25 06:50:28,0.00009383,1.00000000
2018-02-25 06:50:32,0.00009398,62.00000000
2018-02-25 06:50:32,0.00009399,799.00000000
2018-02-25 06:50:37,0.00009384,289.00000000
2018-02-25 06:50:43,0.00009398,106.00000000
2018-02-25 06:50:48,0.00009384,93.00000000
2018-02-25 06:50:48,0.00009384,7.00000000
2018-02-25 06:50:59,0.00009384,1041.00000000
2018-02-25 06:50:59,0.00009383,3450.00000000
2018-02-25 06:50:59,0.00009380,1029.00000000
2018-02-25 06:51:00,0.00009380,96.00000000
2018-02-25 06:51:00,0.00009380,213.00000000
2018-02-25 06:51:01,0.00009380,90.00000000
2018-02-25 06:51:03,0.00009380,18.00000000
2018-02-25 06:51:05,0.00009380,44.00000000
2018-02-25 06:51:06,0.00009380,70.00000000
2018-02-25 06:51:13,0.00009384,28.00000000
2018-02-25 06:51:16,0.00009384,45.00000000
2018-02-25 06:51:21,0.00009384,16.00000000
2018-02-25 06:51:21,0.00009384,16.00000000
2018-02-25 06:51:21,0.00009384,16.00000000
2018-02-25 06:51:21,0.00009380,31.00000000
2018-02-25 06:51:22,0.00009384,4.00000000
2018-02-25 06:51:22,0.00009385,884.00000000
2018-02-25 06:51:25,0.00009384,25.00000000
2018-02-25 06:51:25,0.00009396,81.00000000
2018-02-25 06:51:27,0.00009396,151.00000000
2018-02-25 06:51:27,0.00009396,152.00000000
2018-02-25 06:51:27,0.00009396,122.00000000
2018-02-25 06:51:32,0.00009396,160.00000000
2018-02-25 06:51:32,0.00009397,416.00000000
2018-02-25 06:51:32,0.00009398,977.00000000
2018-02-25 06:51:32,0.00009399,1195.00000000
2018-02-25 06:51:32,0.00009400,2061.00000000
2018-02-25 06:51:38,0.00009400,1723.00000000
2018-02-25 06:51:45,0.00009400,149.00000000
2018-02-25 06:51:47,0.00009388,871.00000000
2018-02-25 06:51:48,0.00009389,881.00000000
2018-02-25 06:51:48,0.00009388,106.00000000
2018-02-25 06:51:48,0.00009386,1165.00000000
2018-02-25 06:51:54,0.00009398,25.00000000
2018-02-25 06:51:56,0.00009386,180.00000000
2018-02-25 06:51:56,0.00009384,77.00000000
2018-02-25 06:52:11,0.00009387,21.00000000
2018-02-25 06:52:21,0.00009399,318.00000000
2018-02-25 06:52:21,0.00009399,12.00000000
2018-02-25 06:52:21,0.00009399,1547.00000000
2018-02-25 06:52:21,0.00009400,845.00000000
2018-02-25 06:52:21,0.00009400,318.00000000
2018-02-25 06:52:21,0.00009400,318.00000000
2018-02-25 06:52:21,0.00009400,1936.00000000
2018-02-25 06:52:21,0.00009400,317.00000000
2018-02-25 06:52:21,0.00009400,318.00000000
2018-02-25 06:52:21,0.00009400,318.00000000
2018-02-25 06:52:21,0.00009400,318.00000000
2018-02-25 06:52:21,0.00009400,317.00000000
2018-02-25 06:52:21,0.00009400,6382.00000000
2018-02-25 06:52:21,0.00009400,169.00000000
2018-02-25 06:52:21,0.00009400,318.00000000
2018-02-25 06:52:22,0.00009400,317.00000000
2018-02-25 06:52:22,0.00009400,3723.00000000
2018-02-25 06:52:22,0.00009400,318.00000000
2018-02-25 06:52:22,0.00009400,109.00000000
2018-02-25 06:52:22,0.00009400,584.00000000
2018-02-25 06:52:24,0.00009399,1863.00000000
2018-02-25 06:52:24,0.00009400,5492.00000000
2018-02-25 06:52:24,0.00009400,104.00000000
2018-02-25 06:52:29,0.00009399,1127.00000000
2018-02-25 06:52:34,0.00009398,151.00000000
2018-02-25 06:52:34,0.00009398,62.00000000
2018-02-25 06:52:34,0.00009399,156.00000000
2018-02-25 06:52:36,0.00009390,32.00000000
2018-02-25 06:52:37,0.00009399,73.00000000
2018-02-25 06:52:38,0.00009399,27.00000000
2018-02-25 06:52:40,0.00009399,480.00000000
2018-02-25 06:52:42,0.00009399,1530.00000000
2018-02-25 06:52:43,0.00009400,879.00000000
2018-02-25 06:52:43,0.00009399,6198.00000000
2018-02-25 06:52:46,0.00009399,32.00000000
2018-02-25 06:52:47,0.00009400,1263.00000000
2018-02-25 06:52:47,0.00009400,72.00000000
2018-02-25 06:52:50,0.00009400,117.00000000
2018-02-25 06:52:50,0.00009400,3368.00000000
2018-02-25 06:52:57,0.00009400,293.00000000
2018-02-25 06:52:58,0.00009399,3045.00000000
2018-02-25 06:53:01,0.00009399,636.00000000
2018-02-25 06:53:04,0.00009399,435.00000000
2018-02-25 06:53:11,0.00009390,390.00000000
2018-02-25 06:53:13,0.00009399,490.00000000
2018-02-25 06:53:15,0.00009399,21.00000000
2018-02-25 06:53:32,0.00009392,67.00000000
2018-02-25 06:53:34,0.00009399,45.00000000
2018-02-25 06:53:34,0.00009400,61.00000000
2018-02-25 06:53:35,0.00009392,1045.00000000
2018-02-25 06:53:50,0.00009399,109.00000000
2018-02-25 06:53:50,0.00009400,23.00000000
2018-02-25 06:54:00,0.00009392,879.00000000
2018-02-25 06:54:02,0.00009399,1000.00000000
2018-02-25 06:54:02,0.00009399,863.00000000
2018-02-25 06:54:02,0.00009400,221.00000000
2018-02-25 06:54:05,0.00009400,159.00000000
2018-02-25 06:54:16,0.00009399,100.00000000
2018-02-25 06:54:21,0.00009399,219.00000000
2018-02-25 06:54:34,0.00009398,317.00000000
2018-02-25 06:54:34,0.00009398,320.00000000
2018-02-25 06:54:35,0.00009399,26.00000000
2018-02-25 06:54:35,0.00009400,80.00000000
2018-02-25 06:54:52,0.00009399,279.00000000
2018-02-25 06:54:58,0.00009398,455.00000000
2018-02-25 06:55:03,0.00009399,1.00000000
2018-02-25 06:55:04,0.00009399,357.00000000
2018-02-25 06:55:10,0.00009400,1292.00000000
2018-02-25 06:55:13,0.00009399,512.00000000
2018-02-25 06:55:13,0.00009399,636.00000000
2018-02-25 06:55:18,0.00009399,526.00000000
2018-02-25 06:55:18,0.00009399,68.00000000
2018-02-25 06:55:20,0.00009399,95.00000000
2018-02-25 06:55:24,0.00009399,232.00000000
2018-02-25 06:55:25,0.00009399,232.00000000
2018-02-25 06:55:30,0.00009399,106.00000000
2018-02-25 06:55:30,0.00009399,106.00000000
2018-02-25 06:55:32,0.00009399,18.00000000
2018-02-25 06:55:32,0.00009399,4613.00000000
2018-02-25 06:55:33,0.00009399,387.00000000
2018-02-25 06:55:36,0.00009399,233.00000000
2018-02-25 06:55:39,0.00009399,93.00000000
2018-02-25 06:55:39,0.00009399,82.00000000
2018-02-25 06:55:40,0.00009399,600.00000000
2018-02-25 06:55:51,0.00009399,982.00000000
2018-02-25 06:55:52,0.00009398,67.00000000
2018-02-25 06:55:55,0.00009399,1609.00000000
2018-02-25 06:55:58,0.00009398,13.00000000
2018-02-25 06:55:59,0.00009399,154.00000000
2018-02-25 06:55:59,0.00009399,342.00000000
2018-02-25 06:56:03,0.00009400,100.00000000
2018-02-25 06:56:04,0.00009399,103.00000000
2018-02-25 06:56:11,0.00009399,129.00000000
2018-02-25 06:56:11,0.00009398,1355.00000000
2018-02-25 06:56:19,0.00009399,50.00000000
2018-02-25 06:56:25,0.00009399,227.00000000
2018-02-25 06:56:32,0.00009400,1063.00000000
2018-02-25 06:56:32,0.00009400,799.00000000
2018-02-25 06:56:32,0.00009399,977.00000000
2018-02-25 06:56:33,0.00009399,153.00000000
2018-02-25 06:56:37,0.00009399,206.00000000
2018-02-25 06:56:40,0.00009399,2.00000000
2018-02-25 06:56:41,0.00009399,236.00000000
2018-02-25 06:56:47,0.00009399,313.00000000
2018-02-25 06:56:48,0.00009398,534.00000000
2018-02-25 06:56:49,0.00009399,933.00000000
2018-02-25 06:56:50,0.00009399,330.00000000
2018-02-25 06:56:53,0.00009400,2000.00000000
2018-02-25 06:56:53,0.00009400,832.00000000
2018-02-25 06:57:01,0.00009400,1000.00000000
2018-02-25 06:57:02,0.00009400,1018.00000000
2018-02-25 06:57:06,0.00009400,1336.00000000
2018-02-25 06:57:09,0.00009400,290.00000000
2018-02-25 06:57:09,0.00009400,50.00000000
2018-02-25 06:57:09,0.00009400,394.00000000
2018-02-25 06:57:10,0.00009400,14.00000000
2018-02-25 06:57:17,0.00009400,1000.00000000
2018-02-25 06:57:18,0.00009400,258.00000000
2018-02-25 06:57:23,0.00009399,1200.00000000
2018-02-25 06:57:23,0.00009400,118.00000000
2018-02-25 06:57:30,0.00009399,45.00000000
2018-02-25 06:57:30,0.00009400,224.00000000
2018-02-25 06:57:30,0.00009401,152.00000000
2018-02-25 06:57:30,0.00009403,260.00000000
2018-02-25 06:57:31,0.00009404,106.00000000
2018-02-25 06:57:31,0.00009403,92.00000000
2018-02-25 06:57:31,0.00009399,825.00000000
2018-02-25 06:57:32,0.00009404,94.00000000
2018-02-25 06:57:32,0.00009405,50.00000000
2018-02-25 06:57:32,0.00009406,76.00000000
2018-02-25 06:57:34,0.00009400,173.00000000
2018-02-25 06:57:34,0.00009406,29.00000000
2018-02-25 06:57:35,0.00009400,131.00000000
2018-02-25 06:57:36,0.00009400,199.00000000
2018-02-25 06:57:39,0.00009400,320.00000000
2018-02-25 06:57:44,0.00009399,198.00000000
2018-02-25 06:57:46,0.00009400,1079.00000000
2018-02-25 06:57:47,0.00009399,173.00000000
2018-02-25 06:58:03,0.00009400,1067.00000000
2018-02-25 06:58:08,0.00009399,377.00000000
2018-02-25 06:58:08,0.00009399,12.00000000
2018-02-25 06:58:09,0.00009400,1067.00000000
2018-02-25 06:58:10,0.00009400,108.00000000
2018-02-25 06:58:15,0.00009400,108.00000000
2018-02-25 06:58:16,0.00009403,1067.00000000
2018-02-25 06:58:20,0.00009403,161.00000000
2018-02-25 06:58:30,0.00009403,60.00000000
2018-02-25 06:58:35,0.00009403,32.00000000
2018-02-25 06:58:41,0.00009406,1078.00000000
2018-02-25 06:58:46,0.00009404,325.00000000
2018-02-25 06:58:46,0.00009406,106.00000000
2018-02-25 06:58:48,0.00009406,106.00000000
2018-02-25 06:58:49,0.00009406,507.00000000
2018-02-25 06:58:52,0.00009406,3651.00000000
2018-02-25 06:58:53,0.00009405,325.00000000
2018-02-25 06:58:53,0.00009406,106.00000000
2018-02-25 06:58:56,0.00009405,325.00000000
2018-02-25 06:58:57,0.00009405,64.00000000
2018-02-25 06:58:59,0.00009405,325.00000000
2018-02-25 06:59:01,0.00009405,325.00000000
2018-02-25 06:59:04,0.00009405,325.00000000
2018-02-25 06:59:07,0.00009405,28.00000000
2018-02-25 06:59:07,0.00009405,297.00000000
2018-02-25 06:59:08,0.00009405,21.00000000
2018-02-25 06:59:10,0.00009405,325.00000000
2018-02-25 06:59:17,0.00009405,150.00000000
2018-02-25 06:59:19,0.00009405,27.00000000
2018-02-25 06:59:19,0.00009406,1067.00000000
2018-02-25 06:59:22,0.00009405,2.00000000
2018-02-25 06:59:24,0.00009405,666.00000000
2018-02-25 06:59:25,0.00009405,723.00000000
2018-02-25 06:59:27,0.00009405,320.00000000
2018-02-25 06:59:31,0.00009406,2.00000000
2018-02-25 06:59:41,0.00009406,79.00000000
2018-02-25 06:59:43,0.00009406,279.00000000
2018-02-25 06:59:46,0.00009406,435.00000000
2018-02-25 06:59:48,0.00009406,106.00000000
2018-02-25 06:59:48,0.00009405,1148.00000000
2018-02-25 06:59:57,0.00009405,782.00000000
2018-02-25 06:59:57,0.00009406,73.00000000
2018-02-25 06:59:57,0.00009406,432.00000000
2018-02-25 06:59:58,0.00009406,106.00000000
2018-02-25 06:59:59,0.00009406,544.00000000
