DATE,PRICE,VOLUME
2018-02-26 21:00:09,0.00009031,158.00000000
2018-02-26 21:00:09,0.00009031,1842.00000000
2018-02-26 21:00:11,0.00009030,150.00000000
2018-02-26 21:00:13,0.00009030,4631.00000000
2018-02-26 21:00:14,0.00009037,133.00000000
2018-02-26 21:00:14,0.00009030,335.00000000
2018-02-26 21:00:18,0.00009037,9.00000000
2018-02-26 21:00:19,0.00009030,101.00000000
2018-02-26 21:00:20,0.00009037,110.00000000
2018-02-26 21:00:24,0.00009037,469.00000000
2018-02-26 21:00:31,0.00009036,31.00000000
2018-02-26 21:00:31,0.00009031,39.00000000
2018-02-26 21:00:42,0.00009031,126.00000000
2018-02-26 21:00:53,0.00009031,148.00000000
2018-02-26 21:00:58,0.00009031,100.00000000
2018-02-26 21:01:02,0.00009030,237.00000000
2018-02-26 21:01:04,0.00009030,220.00000000
2018-02-26 21:01:09,0.00009031,110.00000000
2018-02-26 21:01:12,0.00009030,1589.00000000
2018-02-26 21:01:12,0.00009026,181.00000000
2018-02-26 21:01:12,0.00009025,332.00000000
2018-02-26 21:01:12,0.00009024,493.00000000
2018-02-26 21:01:12,0.00009022,146.00000000
2018-02-26 21:01:26,0.00009022,358.00000000
2018-02-26 21:01:26,0.00009030,13.00000000
2018-02-26 21:01:27,0.00009030,309.00000000
2018-02-26 21:01:32,0.00009030,300.00000000
2018-02-26 21:01:36,0.00009022,425.00000000
2018-02-26 21:01:36,0.00009021,323.00000000
2018-02-26 21:01:36,0.00009021,1314.00000000
2018-02-26 21:01:36,0.00009021,2223.00000000
2018-02-26 21:01:36,0.00009021,554.00000000
2018-02-26 21:01:39,0.00009021,111.00000000
2018-02-26 21:01:42,0.00009021,22.00000000
2018-02-26 21:01:43,0.00009021,18.00000000
2018-02-26 21:01:45,0.00009020,534.00000000
2018-02-26 21:01:45,0.00009019,63.00000000
2018-02-26 21:01:51,0.00009019,263.00000000
2018-02-26 21:01:57,0.00009020,573.00000000
2018-02-26 21:01:57,0.00009021,56.00000000
2018-02-26 21:02:02,0.00009019,52.00000000
2018-02-26 21:02:05,0.00009019,14740.00000000
2018-02-26 21:02:05,0.00009016,24.00000000
2018-02-26 21:02:05,0.00009015,1962.00000000
2018-02-26 21:02:05,0.00009014,200.00000000
2018-02-26 21:02:05,0.00009012,2541.00000000
2018-02-26 21:02:05,0.00009011,362.00000000
2018-02-26 21:02:05,0.00009010,3753.00000000
2018-02-26 21:02:05,0.00009009,423.00000000
2018-02-26 21:02:05,0.00009008,203.00000000
2018-02-26 21:02:05,0.00009007,1034.00000000
2018-02-26 21:02:05,0.00009005,5610.00000000
2018-02-26 21:02:05,0.00009004,1598.00000000
2018-02-26 21:02:05,0.00009003,444.00000000
2018-02-26 21:02:05,0.00009002,2266.00000000
2018-02-26 21:02:05,0.00009001,5369.00000000
2018-02-26 21:02:05,0.00009000,11457.00000000
2018-02-26 21:02:05,0.00009000,285.00000000
2018-02-26 21:02:05,0.00009000,164.00000000
2018-02-26 21:02:05,0.00009000,123.00000000
2018-02-26 21:02:05,0.00009000,1019.00000000
2018-02-26 21:02:05,0.00009000,499.00000000
2018-02-26 21:02:05,0.00009000,499.00000000
2018-02-26 21:02:05,0.00009000,100.00000000
2018-02-26 21:02:05,0.00009000,797.00000000
2018-02-26 21:02:05,0.00009000,325.00000000
2018-02-26 21:02:05,0.00009000,212.00000000
2018-02-26 21:02:21,0.00009020,89.00000000
2018-02-26 21:02:37,0.00009020,1000.00000000
2018-02-26 21:02:37,0.00009020,2.00000000
2018-02-26 21:02:43,0.00009019,33.00000000
2018-02-26 21:02:51,0.00009018,2.00000000
2018-02-26 21:02:56,0.00009018,320.00000000
2018-02-26 21:02:56,0.00009019,140.00000000
2018-02-26 21:03:01,0.00009018,125.00000000
2018-02-26 21:03:01,0.00009005,245.00000000
2018-02-26 21:03:02,0.00009018,554.00000000
2018-02-26 21:03:03,0.00009018,430.00000000
2018-02-26 21:03:05,0.00009006,41.00000000
2018-02-26 21:03:07,0.00009018,80.00000000
2018-02-26 21:03:19,0.00009006,139.00000000
2018-02-26 21:03:26,0.00009017,110.00000000
2018-02-26 21:03:33,0.00009010,590.00000000
2018-02-26 21:03:50,0.00009016,65.00000000
2018-02-26 21:03:58,0.00009016,64.00000000
2018-02-26 21:04:04,0.00009016,95.00000000
2018-02-26 21:04:05,0.00009011,106.00000000
2018-02-26 21:04:21,0.00009011,390.00000000
2018-02-26 21:04:22,0.00009011,22.00000000
2018-02-26 21:04:24,0.00009010,250.00000000
2018-02-26 21:04:25,0.00009010,70.00000000
2018-02-26 21:04:26,0.00009010,1346.00000000
2018-02-26 21:04:28,0.00009010,258.00000000
2018-02-26 21:04:28,0.00009007,248.00000000
2018-02-26 21:04:28,0.00009006,398.00000000
2018-02-26 21:04:29,0.00009011,19.00000000
2018-02-26 21:04:30,0.00009007,166.00000000
2018-02-26 21:04:31,0.00009011,97.00000000
2018-02-26 21:04:34,0.00009010,266.00000000
2018-02-26 21:04:46,0.00009010,99.00000000
2018-02-26 21:04:46,0.00009010,79.00000000
2018-02-26 21:04:47,0.00009010,91.00000000
2018-02-26 21:04:48,0.00009006,353.00000000
2018-02-26 21:04:48,0.00009010,1748.00000000
2018-02-26 21:04:51,0.00009010,157.00000000
2018-02-26 21:04:52,0.00009010,1110.00000000
2018-02-26 21:04:52,0.00009010,5174.00000000
2018-02-26 21:04:56,0.00009010,1110.00000000
2018-02-26 21:04:56,0.00009010,707.00000000
2018-02-26 21:05:00,0.00009009,85.00000000
2018-02-26 21:05:01,0.00009009,447.00000000
2018-02-26 21:05:01,0.00009012,467.00000000
2018-02-26 21:05:03,0.00009011,14.00000000
2018-02-26 21:05:06,0.00009010,19.00000000
2018-02-26 21:05:06,0.00009010,210.00000000
2018-02-26 21:05:08,0.00009010,18.00000000
2018-02-26 21:05:08,0.00009006,105.00000000
2018-02-26 21:05:08,0.00009010,20.00000000
2018-02-26 21:05:09,0.00009011,139.00000000
2018-02-26 21:05:10,0.00009011,18.00000000
2018-02-26 21:05:12,0.00009011,16.00000000
2018-02-26 21:05:14,0.00009011,15.00000000
2018-02-26 21:05:16,0.00009011,18.00000000
2018-02-26 21:05:19,0.00009011,15.00000000
2018-02-26 21:05:19,0.00009012,103.00000000
2018-02-26 21:05:26,0.00009012,92.00000000
2018-02-26 21:05:28,0.00009012,18.00000000
2018-02-26 21:05:31,0.00009012,18.00000000
2018-02-26 21:05:34,0.00009012,18.00000000
2018-02-26 21:05:34,0.00009012,1217.00000000
2018-02-26 21:05:36,0.00009012,140.00000000
2018-02-26 21:05:36,0.00009012,100.00000000
2018-02-26 21:05:39,0.00009012,188.00000000
2018-02-26 21:05:40,0.00009012,23.00000000
2018-02-26 21:05:40,0.00009011,127.00000000
2018-02-26 21:05:40,0.00009010,21.00000000
2018-02-26 21:05:40,0.00009006,153.00000000
2018-02-26 21:05:40,0.00009003,39.00000000
2018-02-26 21:05:40,0.00009002,672.00000000
2018-02-26 21:05:40,0.00009001,335.00000000
2018-02-26 21:05:49,0.00009011,12.00000000
2018-02-26 21:05:54,0.00009001,48.00000000
2018-02-26 21:05:57,0.00009013,246.00000000
2018-02-26 21:05:57,0.00009001,52.00000000
2018-02-26 21:06:13,0.00009002,111.00000000
2018-02-26 21:06:18,0.00009004,118.00000000
2018-02-26 21:06:18,0.00009003,947.00000000
2018-02-26 21:06:19,0.00009013,48.00000000
2018-02-26 21:06:28,0.00009003,50.00000000
2018-02-26 21:06:30,0.00009013,6.00000000
2018-02-26 21:06:30,0.00009014,4.00000000
2018-02-26 21:06:38,0.00009014,12.00000000
2018-02-26 21:06:46,0.00009014,99.00000000
2018-02-26 21:06:50,0.00009014,75.00000000
2018-02-26 21:07:03,0.00009003,100.00000000
2018-02-26 21:07:03,0.00009002,268.00000000
2018-02-26 21:07:03,0.00009001,389.00000000
2018-02-26 21:07:04,0.00009013,972.00000000
2018-02-26 21:07:04,0.00009014,1146.00000000
2018-02-26 21:07:04,0.00009014,179.00000000
2018-02-26 21:07:04,0.00009014,89.00000000
2018-02-26 21:07:10,0.00009014,1109.00000000
2018-02-26 21:07:15,0.00009014,12.00000000
2018-02-26 21:07:24,0.00009015,175.00000000
2018-02-26 21:07:32,0.00009014,799.00000000
2018-02-26 21:07:46,0.00009014,12.00000000
2018-02-26 21:07:46,0.00009015,68.00000000
2018-02-26 21:07:51,0.00009014,28.00000000
2018-02-26 21:08:01,0.00009014,500.00000000
2018-02-26 21:08:10,0.00009014,86.00000000
2018-02-26 21:08:10,0.00009014,1192.00000000
2018-02-26 21:08:21,0.00009014,1399.00000000
2018-02-26 21:08:34,0.00009010,150.00000000
2018-02-26 21:08:34,0.00009009,353.00000000
2018-02-26 21:08:34,0.00009005,972.00000000
2018-02-26 21:08:34,0.00009002,1275.00000000
2018-02-26 21:08:35,0.00009002,225.00000000
2018-02-26 21:08:35,0.00009001,1838.00000000
2018-02-26 21:08:37,0.00009013,267.00000000
2018-02-26 21:08:37,0.00009002,150.00000000
2018-02-26 21:08:37,0.00009001,1397.00000000
2018-02-26 21:08:37,0.00009013,197.00000000
2018-02-26 21:08:39,0.00009001,1160.00000000
2018-02-26 21:08:41,0.00009013,507.00000000
2018-02-26 21:08:41,0.00009002,450.00000000
2018-02-26 21:08:41,0.00009001,420.00000000
2018-02-26 21:08:44,0.00009008,450.00000000
2018-02-26 21:08:44,0.00009007,1508.00000000
2018-02-26 21:08:45,0.00009013,195.00000000
2018-02-26 21:08:46,0.00009008,450.00000000
2018-02-26 21:08:46,0.00009007,1351.00000000
2018-02-26 21:08:47,0.00009007,299.00000000
2018-02-26 21:08:47,0.00009003,353.00000000
2018-02-26 21:08:49,0.00009013,108.00000000
2018-02-26 21:08:49,0.00009014,1758.00000000
2018-02-26 21:08:49,0.00009015,5901.00000000
2018-02-26 21:08:56,0.00009015,643.00000000
2018-02-26 21:08:57,0.00009002,329.00000000
2018-02-26 21:08:59,0.00009003,90.00000000
2018-02-26 21:09:04,0.00009015,22.00000000
2018-02-26 21:09:05,0.00009015,110.00000000
2018-02-26 21:09:09,0.00009015,510.00000000
2018-02-26 21:09:09,0.00009015,50.00000000
2018-02-26 21:09:19,0.00009015,1028.00000000
2018-02-26 21:09:21,0.00009015,40.00000000
2018-02-26 21:09:45,0.00009015,263.00000000
2018-02-26 21:09:57,0.00009015,22.00000000
2018-02-26 21:10:02,0.00009009,141.00000000
2018-02-26 21:10:08,0.00009011,11.00000000
2018-02-26 21:10:10,0.00009011,144.00000000
2018-02-26 21:10:23,0.00009011,195.00000000
2018-02-26 21:10:24,0.00009014,1893.00000000
2018-02-26 21:10:24,0.00009015,2740.00000000
2018-02-26 21:10:28,0.00009014,2.00000000
2018-02-26 21:10:31,0.00009011,224.00000000
2018-02-26 21:10:36,0.00009010,555.00000000
2018-02-26 21:10:37,0.00009010,555.00000000
2018-02-26 21:10:40,0.00009011,110.00000000
2018-02-26 21:10:58,0.00009011,777.00000000
2018-02-26 21:11:01,0.00009010,443.00000000
2018-02-26 21:11:01,0.00009010,379.00000000
2018-02-26 21:11:01,0.00009009,591.00000000
2018-02-26 21:11:01,0.00009009,16.00000000
2018-02-26 21:11:01,0.00009003,288.00000000
2018-02-26 21:11:02,0.00009009,219.00000000
2018-02-26 21:11:13,0.00009009,197.00000000
2018-02-26 21:11:14,0.00009009,711.00000000
2018-02-26 21:11:23,0.00009008,25.00000000
2018-02-26 21:11:25,0.00009003,50.00000000
2018-02-26 21:11:27,0.00009003,249.00000000
2018-02-26 21:11:27,0.00009001,1250.00000000
2018-02-26 21:11:37,0.00009010,80.00000000
2018-02-26 21:11:40,0.00009008,51.00000000
2018-02-26 21:11:41,0.00009004,39.00000000
2018-02-26 21:11:41,0.00009002,333.00000000
2018-02-26 21:11:44,0.00009009,443.00000000
2018-02-26 21:11:44,0.00009009,557.00000000
2018-02-26 21:11:54,0.00009009,28.00000000
2018-02-26 21:11:58,0.00009010,2745.00000000
2018-02-26 21:12:02,0.00009002,417.00000000
2018-02-26 21:12:02,0.00009001,4196.00000000
2018-02-26 21:12:02,0.00009001,666.00000000
2018-02-26 21:12:06,0.00009010,272.00000000
2018-02-26 21:12:18,0.00009009,100.00000000
2018-02-26 21:12:25,0.00009009,188.00000000
2018-02-26 21:12:28,0.00009002,21.00000000
2018-02-26 21:12:32,0.00009002,454.00000000
2018-02-26 21:12:37,0.00009003,88.00000000
2018-02-26 21:12:37,0.00009002,467.00000000
2018-02-26 21:12:38,0.00009002,821.00000000
2018-02-26 21:12:38,0.00009002,237.00000000
2018-02-26 21:12:38,0.00009001,599.00000000
2018-02-26 21:12:40,0.00009001,1001.00000000
2018-02-26 21:12:40,0.00009000,2881.00000000
2018-02-26 21:12:40,0.00009000,16388.00000000
2018-02-26 21:12:40,0.00009000,2834.00000000
2018-02-26 21:12:41,0.00009000,260.00000000
2018-02-26 21:12:43,0.00009006,104.00000000
2018-02-26 21:12:44,0.00009000,20277.00000000
2018-02-26 21:12:48,0.00009006,1034.00000000
2018-02-26 21:12:48,0.00009000,173.00000000
2018-02-26 21:12:52,0.00009004,32.00000000
2018-02-26 21:12:57,0.00009004,1863.00000000
2018-02-26 21:12:57,0.00009005,1141.00000000
2018-02-26 21:12:57,0.00009005,11.00000000
2018-02-26 21:12:57,0.00009000,606.00000000
2018-02-26 21:13:00,0.00009000,1000.00000000
2018-02-26 21:13:02,0.00009006,15.00000000
2018-02-26 21:13:07,0.00009000,37.00000000
2018-02-26 21:13:12,0.00009005,955.00000000
2018-02-26 21:13:13,0.00009000,13.00000000
2018-02-26 21:13:14,0.00009000,4752.00000000
2018-02-26 21:13:14,0.00009000,12.00000000
2018-02-26 21:13:17,0.00009000,3.00000000
2018-02-26 21:13:19,0.00009000,1028.00000000
2018-02-26 21:13:27,0.00009000,333.00000000
2018-02-26 21:13:32,0.00009004,242.00000000
2018-02-26 21:13:34,0.00009001,50.00000000
2018-02-26 21:13:34,0.00009000,2344.00000000
2018-02-26 21:13:34,0.00009004,550.00000000
2018-02-26 21:13:36,0.00009004,17.00000000
2018-02-26 21:13:36,0.00009004,15.00000000
2018-02-26 21:13:38,0.00009000,397.00000000
2018-02-26 21:13:39,0.00009002,46.00000000
2018-02-26 21:13:40,0.00009000,142.00000000
2018-02-26 21:13:45,0.00009001,237.00000000
2018-02-26 21:13:45,0.00009000,15.00000000
2018-02-26 21:13:50,0.00009000,300.00000000
2018-02-26 21:13:56,0.00009000,250.00000000
2018-02-26 21:13:57,0.00009000,3341.00000000
2018-02-26 21:13:58,0.00009000,556.00000000
2018-02-26 21:14:00,0.00009000,556.00000000
2018-02-26 21:14:02,0.00009002,100.00000000
2018-02-26 21:14:03,0.00009000,89.00000000
2018-02-26 21:14:04,0.00009000,2462.00000000
2018-02-26 21:14:04,0.00009000,15085.00000000
2018-02-26 21:14:04,0.00009000,465.00000000
2018-02-26 21:14:08,0.00009000,3241.00000000
2018-02-26 21:14:12,0.00009001,802.00000000
2018-02-26 21:14:12,0.00009001,685.00000000
2018-02-26 21:14:12,0.00009000,6351.00000000
2018-02-26 21:14:14,0.00009000,342.00000000
2018-02-26 21:14:14,0.00009000,2009.00000000
2018-02-26 21:14:15,0.00009002,9.00000000
2018-02-26 21:14:16,0.00009000,1829.00000000
2018-02-26 21:14:16,0.00009000,3383.00000000
2018-02-26 21:14:17,0.00009000,1139.00000000
2018-02-26 21:14:17,0.00008999,207.00000000
2018-02-26 21:14:17,0.00008999,2360.00000000
2018-02-26 21:14:19,0.00008999,369.00000000
2018-02-26 21:14:19,0.00008999,799.00000000
2018-02-26 21:14:20,0.00008999,3122.00000000
2018-02-26 21:14:23,0.00008999,867.00000000
2018-02-26 21:14:24,0.00008999,6139.00000000
2018-02-26 21:14:26,0.00009000,18.00000000
2018-02-26 21:14:27,0.00008999,333.00000000
2018-02-26 21:14:27,0.00009000,683.00000000
2018-02-26 21:14:29,0.00009000,150.00000000
2018-02-26 21:14:31,0.00009000,111.00000000
2018-02-26 21:14:31,0.00009000,14.00000000
2018-02-26 21:14:33,0.00008999,1345.00000000
2018-02-26 21:14:35,0.00009000,175.00000000
2018-02-26 21:14:35,0.00008999,10.00000000
2018-02-26 21:14:36,0.00008999,556.00000000
2018-02-26 21:14:39,0.00008999,499.00000000
2018-02-26 21:14:40,0.00008999,556.00000000
2018-02-26 21:14:40,0.00009000,417.00000000
2018-02-26 21:14:41,0.00008999,556.00000000
2018-02-26 21:14:41,0.00008999,499.00000000
2018-02-26 21:14:43,0.00008999,499.00000000
2018-02-26 21:14:44,0.00009000,1.00000000
2018-02-26 21:14:47,0.00008999,12.00000000
2018-02-26 21:14:49,0.00008999,556.00000000
2018-02-26 21:14:58,0.00008999,1111.00000000
2018-02-26 21:15:04,0.00008999,80.00000000
2018-02-26 21:15:08,0.00008999,7435.00000000
2018-02-26 21:15:09,0.00008999,600.00000000
2018-02-26 21:15:12,0.00008999,118.00000000
2018-02-26 21:15:13,0.00008999,1000.00000000
2018-02-26 21:15:15,0.00009000,144.00000000
2018-02-26 21:15:15,0.00008999,1312.00000000
2018-02-26 21:15:15,0.00008999,53.00000000
2018-02-26 21:15:17,0.00008999,4000.00000000
2018-02-26 21:15:17,0.00008999,8683.00000000
2018-02-26 21:15:17,0.00008999,553.00000000
2018-02-26 21:15:17,0.00008999,1453.00000000
2018-02-26 21:15:18,0.00008999,5000.00000000
2018-02-26 21:15:19,0.00008999,1222.00000000
2018-02-26 21:15:19,0.00008999,7778.00000000
2018-02-26 21:15:19,0.00008998,1328.00000000
2018-02-26 21:15:19,0.00008997,47.00000000
2018-02-26 21:15:19,0.00008996,116.00000000
2018-02-26 21:15:19,0.00008996,470.00000000
2018-02-26 21:15:25,0.00008996,12.00000000
2018-02-26 21:15:30,0.00008996,13.00000000
2018-02-26 21:15:34,0.00008999,126.00000000
2018-02-26 21:15:41,0.00008999,1096.00000000
2018-02-26 21:15:41,0.00009000,847.00000000
2018-02-26 21:15:43,0.00008996,387.00000000
2018-02-26 21:15:44,0.00008996,22.00000000
2018-02-26 21:15:54,0.00008995,144.00000000
2018-02-26 21:15:54,0.00008994,555.00000000
2018-02-26 21:15:54,0.00008991,112.00000000
2018-02-26 21:15:54,0.00008990,3056.00000000
2018-02-26 21:15:54,0.00008989,7112.00000000
2018-02-26 21:15:54,0.00008996,2346.00000000
2018-02-26 21:15:56,0.00008996,89.00000000
2018-02-26 21:15:59,0.00008996,81.00000000
2018-02-26 21:16:00,0.00008995,25.00000000
2018-02-26 21:16:01,0.00008995,25.00000000
2018-02-26 21:16:01,0.00008996,199.00000000
2018-02-26 21:16:02,0.00008994,27.00000000
2018-02-26 21:16:02,0.00008989,191.00000000
2018-02-26 21:16:02,0.00008988,198.00000000
2018-02-26 21:16:05,0.00008996,70.00000000
2018-02-26 21:16:05,0.00008988,82.00000000
2018-02-26 21:16:07,0.00008988,266.00000000
2018-02-26 21:16:10,0.00008996,30.00000000
2018-02-26 21:16:14,0.00008996,68.00000000
2018-02-26 21:16:18,0.00008996,78.00000000
2018-02-26 21:16:19,0.00008988,88.00000000
2018-02-26 21:16:33,0.00008990,25.00000000
2018-02-26 21:16:33,0.00008988,11.00000000
2018-02-26 21:16:34,0.00008988,12.00000000
2018-02-26 21:16:43,0.00008988,14.00000000
2018-02-26 21:16:43,0.00008988,540.00000000
2018-02-26 21:16:44,0.00008988,1.00000000
2018-02-26 21:16:48,0.00008988,700.00000000
2018-02-26 21:16:56,0.00008988,133.00000000
2018-02-26 21:17:02,0.00008988,5069.00000000
2018-02-26 21:17:02,0.00008986,100.00000000
2018-02-26 21:17:02,0.00008986,206.00000000
2018-02-26 21:17:02,0.00008986,19.00000000
2018-02-26 21:17:02,0.00008986,19.00000000
2018-02-26 21:17:02,0.00008986,18.00000000
2018-02-26 21:17:03,0.00008986,820.00000000
2018-02-26 21:17:03,0.00008986,1113.00000000
2018-02-26 21:17:03,0.00008986,2491.00000000
2018-02-26 21:17:03,0.00008986,20.00000000
2018-02-26 21:17:04,0.00008986,1113.00000000
2018-02-26 21:17:04,0.00008986,2063.00000000
2018-02-26 21:17:04,0.00008986,400.00000000
2018-02-26 21:17:05,0.00008986,50.00000000
2018-02-26 21:17:07,0.00008983,156.00000000
2018-02-26 21:17:07,0.00008981,1092.00000000
2018-02-26 21:17:07,0.00008984,216.00000000
2018-02-26 21:17:10,0.00008984,25.00000000
2018-02-26 21:17:11,0.00008984,18.00000000
2018-02-26 21:17:11,0.00008984,102.00000000
2018-02-26 21:17:12,0.00008982,1110.00000000
2018-02-26 21:17:12,0.00008981,2894.00000000
2018-02-26 21:17:12,0.00008980,50.00000000
2018-02-26 21:17:12,0.00008984,35.00000000
2018-02-26 21:17:12,0.00008979,1710.00000000
2018-02-26 21:17:13,0.00008975,430.00000000
2018-02-26 21:17:13,0.00008972,640.00000000
2018-02-26 21:17:13,0.00008972,1738.00000000
2018-02-26 21:17:13,0.00008971,135.00000000
2018-02-26 21:17:13,0.00008984,28.00000000
2018-02-26 21:17:13,0.00008984,125.00000000
2018-02-26 21:17:13,0.00008986,2288.00000000
2018-02-26 21:17:17,0.00008985,19.00000000
2018-02-26 21:17:20,0.00008985,264.00000000
2018-02-26 21:17:20,0.00008983,248.00000000
2018-02-26 21:17:21,0.00008983,1652.00000000
2018-02-26 21:17:25,0.00008984,77.00000000
2018-02-26 21:17:25,0.00008985,34.00000000
2018-02-26 21:17:31,0.00008983,23.00000000
2018-02-26 21:17:31,0.00008983,17.00000000
2018-02-26 21:17:32,0.00008983,19.00000000
2018-02-26 21:17:36,0.00008978,50.00000000
2018-02-26 21:17:40,0.00008983,19.00000000
2018-02-26 21:17:40,0.00008983,44.00000000
2018-02-26 21:17:41,0.00008983,85.00000000
2018-02-26 21:17:43,0.00008983,18.00000000
2018-02-26 21:17:51,0.00008978,492.00000000
2018-02-26 21:17:52,0.00008983,557.00000000
2018-02-26 21:17:53,0.00008978,20.00000000
2018-02-26 21:17:53,0.00008983,557.00000000
2018-02-26 21:17:54,0.00008978,69.00000000
2018-02-26 21:17:57,0.00008978,45.00000000
2018-02-26 21:18:00,0.00008982,25.00000000
2018-02-26 21:18:05,0.00008982,25.00000000
2018-02-26 21:18:12,0.00008979,236.00000000
2018-02-26 21:18:22,0.00008981,141.00000000
2018-02-26 21:18:26,0.00008981,18.00000000
2018-02-26 21:18:28,0.00008981,49.00000000
2018-02-26 21:18:29,0.00008982,150.00000000
2018-02-26 21:18:29,0.00008982,33.00000000
2018-02-26 21:18:32,0.00008983,111.00000000
2018-02-26 21:18:34,0.00008983,25.00000000
2018-02-26 21:18:34,0.00008982,44.00000000
2018-02-26 21:18:35,0.00008982,1230.00000000
2018-02-26 21:18:35,0.00008981,751.00000000
2018-02-26 21:18:35,0.00008980,100.00000000
2018-02-26 21:18:35,0.00008980,272.00000000
2018-02-26 21:18:36,0.00008980,12.00000000
2018-02-26 21:18:37,0.00008980,12.00000000
2018-02-26 21:18:38,0.00008980,913.00000000
2018-02-26 21:18:38,0.00008980,443.00000000
2018-02-26 21:18:38,0.00008980,1252.00000000
2018-02-26 21:18:40,0.00008977,1274.00000000
2018-02-26 21:18:40,0.00008976,283.00000000
2018-02-26 21:18:40,0.00008972,12.00000000
2018-02-26 21:18:40,0.00008971,331.00000000
2018-02-26 21:18:41,0.00008980,18.00000000
2018-02-26 21:18:43,0.00008979,18.00000000
2018-02-26 21:18:46,0.00008979,19.00000000
2018-02-26 21:18:47,0.00008979,30.00000000
2018-02-26 21:18:47,0.00008979,35.00000000
2018-02-26 21:18:48,0.00008979,109.00000000
2018-02-26 21:18:48,0.00008979,45.00000000
2018-02-26 21:18:49,0.00008972,249.00000000
2018-02-26 21:18:49,0.00008979,4.00000000
2018-02-26 21:18:51,0.00008972,138.00000000
2018-02-26 21:18:56,0.00008972,1110.00000000
2018-02-26 21:18:56,0.00008971,566.00000000
2018-02-26 21:18:56,0.00008970,1298.00000000
2018-02-26 21:18:56,0.00008970,105.00000000
2018-02-26 21:18:58,0.00008979,48.00000000
2018-02-26 21:19:04,0.00008971,267.00000000
2018-02-26 21:19:11,0.00008978,50.00000000
2018-02-26 21:19:12,0.00008975,161.00000000
2018-02-26 21:19:14,0.00008978,54.00000000
2018-02-26 21:19:19,0.00008977,104.00000000
2018-02-26 21:19:25,0.00008975,10.00000000
2018-02-26 21:19:26,0.00008975,50.00000000
2018-02-26 21:19:35,0.00008975,20.00000000
2018-02-26 21:19:37,0.00008976,793.00000000
2018-02-26 21:19:39,0.00008976,22.00000000
2018-02-26 21:19:41,0.00008975,201.00000000
2018-02-26 21:19:43,0.00008975,100.00000000
2018-02-26 21:19:46,0.00008972,349.00000000
2018-02-26 21:19:48,0.00008975,100.00000000
2018-02-26 21:19:49,0.00008972,10.00000000
2018-02-26 21:19:51,0.00008974,30.00000000
2018-02-26 21:19:53,0.00008974,1285.00000000
2018-02-26 21:19:54,0.00008974,100.00000000
2018-02-26 21:19:54,0.00008972,38.00000000
2018-02-26 21:19:59,0.00008974,121.00000000
2018-02-26 21:19:59,0.00008975,361.00000000
2018-02-26 21:19:59,0.00008975,100.00000000
2018-02-26 21:20:05,0.00008974,100.00000000
2018-02-26 21:20:05,0.00008974,17.00000000
2018-02-26 21:20:05,0.00008972,1493.00000000
2018-02-26 21:20:07,0.00008972,111.00000000
2018-02-26 21:20:10,0.00008972,100.00000000
2018-02-26 21:20:11,0.00008972,18.00000000
2018-02-26 21:20:14,0.00008971,1051.00000000
2018-02-26 21:20:14,0.00008970,2233.00000000
2018-02-26 21:20:15,0.00008970,188.00000000
2018-02-26 21:20:16,0.00008970,100.00000000
2018-02-26 21:20:18,0.00008969,2.00000000
2018-02-26 21:20:22,0.00008969,100.00000000
2018-02-26 21:20:22,0.00008970,821.00000000
2018-02-26 21:20:22,0.00008970,260.00000000
2018-02-26 21:20:23,0.00008970,416.00000000
2018-02-26 21:20:28,0.00008969,825.00000000
2018-02-26 21:20:29,0.00008969,37.00000000
2018-02-26 21:20:30,0.00008969,675.00000000
2018-02-26 21:20:33,0.00008970,89.00000000
2018-02-26 21:20:34,0.00008970,89.00000000
2018-02-26 21:20:39,0.00008970,41.00000000
2018-02-26 21:20:41,0.00008970,100.00000000
2018-02-26 21:20:41,0.00008970,28.00000000
2018-02-26 21:20:43,0.00008969,60.00000000
2018-02-26 21:20:47,0.00008970,100.00000000
2018-02-26 21:20:52,0.00008970,100.00000000
2018-02-26 21:20:54,0.00008969,100.00000000
2018-02-26 21:20:58,0.00008970,100.00000000
2018-02-26 21:21:00,0.00008970,111.00000000
2018-02-26 21:21:00,0.00008970,89.00000000
2018-02-26 21:21:01,0.00008969,91.00000000
2018-02-26 21:21:02,0.00008970,111.00000000
2018-02-26 21:21:02,0.00008970,13.00000000
2018-02-26 21:21:03,0.00008969,241.00000000
2018-02-26 21:21:03,0.00008970,100.00000000
2018-02-26 21:21:04,0.00008970,111.00000000
2018-02-26 21:21:04,0.00008970,513.00000000
2018-02-26 21:21:06,0.00008970,111.00000000
2018-02-26 21:21:08,0.00008970,111.00000000
2018-02-26 21:21:08,0.00008970,100.00000000
2018-02-26 21:21:10,0.00008970,111.00000000
2018-02-26 21:21:10,0.00008970,519.00000000
2018-02-26 21:21:12,0.00008970,500.00000000
2018-02-26 21:21:12,0.00008970,111.00000000
2018-02-26 21:21:14,0.00008970,100.00000000
2018-02-26 21:21:14,0.00008970,480.00000000
2018-02-26 21:21:16,0.00008970,68.00000000
2018-02-26 21:21:19,0.00008970,100.00000000
2018-02-26 21:21:19,0.00008970,20.00000000
2018-02-26 21:21:22,0.00008969,91.00000000
2018-02-26 21:21:23,0.00008970,126.00000000
2018-02-26 21:21:24,0.00008970,12.00000000
2018-02-26 21:21:24,0.00008970,61.00000000
2018-02-26 21:21:25,0.00008970,100.00000000
2018-02-26 21:21:25,0.00008969,159.00000000
2018-02-26 21:21:27,0.00008970,111.00000000
2018-02-26 21:21:27,0.00008970,16.00000000
2018-02-26 21:21:34,0.00008970,2.00000000
2018-02-26 21:21:35,0.00008970,487.00000000
2018-02-26 21:21:39,0.00008970,12.00000000
2018-02-26 21:21:39,0.00008970,55.00000000
2018-02-26 21:21:40,0.00008970,526.00000000
2018-02-26 21:21:41,0.00008970,21.00000000
2018-02-26 21:21:44,0.00008970,50.00000000
2018-02-26 21:21:45,0.00008970,3148.00000000
2018-02-26 21:21:45,0.00008972,79.00000000
2018-02-26 21:21:45,0.00008973,1030.00000000
2018-02-26 21:21:45,0.00008975,99.00000000
2018-02-26 21:21:45,0.00008978,127.00000000
2018-02-26 21:21:45,0.00008983,17.00000000
2018-02-26 21:21:48,0.00008970,240.00000000
2018-02-26 21:21:48,0.00008970,90.00000000
2018-02-26 21:21:49,0.00008970,269.00000000
2018-02-26 21:21:53,0.00008969,19.00000000
2018-02-26 21:21:55,0.00008969,29.00000000
2018-02-26 21:21:56,0.00008969,13.00000000
2018-02-26 21:21:59,0.00008970,351.00000000
2018-02-26 21:22:03,0.00008970,400.00000000
2018-02-26 21:22:04,0.00008983,32.00000000
2018-02-26 21:22:07,0.00008983,237.00000000
2018-02-26 21:22:09,0.00008983,27.00000000
2018-02-26 21:22:15,0.00008970,1592.00000000
2018-02-26 21:22:17,0.00008970,1647.00000000
2018-02-26 21:22:19,0.00008983,10.00000000
2018-02-26 21:22:30,0.00008983,127.00000000
2018-02-26 21:22:37,0.00008971,45.00000000
2018-02-26 21:22:37,0.00008970,503.00000000
2018-02-26 21:22:43,0.00008982,1.00000000
2018-02-26 21:22:43,0.00008982,827.00000000
2018-02-26 21:22:44,0.00008982,140.00000000
2018-02-26 21:22:44,0.00008983,134.00000000
2018-02-26 21:22:48,0.00008971,968.00000000
2018-02-26 21:22:48,0.00008970,132.00000000
2018-02-26 21:22:48,0.00008983,1216.00000000
2018-02-26 21:22:49,0.00008983,89.00000000
2018-02-26 21:22:51,0.00008970,40.00000000
2018-02-26 21:22:52,0.00008982,239.00000000
2018-02-26 21:22:54,0.00008970,565.00000000
2018-02-26 21:22:58,0.00008982,204.00000000
2018-02-26 21:23:07,0.00008971,100.00000000
2018-02-26 21:23:09,0.00008981,500.00000000
2018-02-26 21:23:10,0.00008971,12.00000000
2018-02-26 21:23:10,0.00008981,610.00000000
2018-02-26 21:23:10,0.00008982,4594.00000000
2018-02-26 21:23:11,0.00008982,150.00000000
2018-02-26 21:23:12,0.00008981,22.00000000
2018-02-26 21:23:16,0.00008980,40.00000000
2018-02-26 21:23:20,0.00008971,200.00000000
2018-02-26 21:23:24,0.00008980,24.00000000
2018-02-26 21:23:33,0.00008980,52.00000000
2018-02-26 21:23:34,0.00008980,161.00000000
2018-02-26 21:23:36,0.00008981,100.00000000
2018-02-26 21:23:41,0.00008980,2530.00000000
2018-02-26 21:23:41,0.00008980,2530.00000000
2018-02-26 21:23:41,0.00008980,315.00000000
2018-02-26 21:23:46,0.00008980,164.00000000
2018-02-26 21:23:47,0.00008980,13.00000000
2018-02-26 21:23:48,0.00008980,52.00000000
2018-02-26 21:23:48,0.00008981,28.00000000
2018-02-26 21:23:54,0.00008981,102.00000000
2018-02-26 21:24:00,0.00008981,887.00000000
2018-02-26 21:24:06,0.00008981,51.00000000
2018-02-26 21:24:10,0.00008981,14.00000000
2018-02-26 21:24:16,0.00008981,464.00000000
2018-02-26 21:24:18,0.00008981,129.00000000
2018-02-26 21:24:20,0.00008981,224.00000000
2018-02-26 21:24:21,0.00008981,1113.00000000
2018-02-26 21:24:21,0.00008981,561.00000000
2018-02-26 21:24:22,0.00008981,561.00000000
2018-02-26 21:24:24,0.00008981,1073.00000000
2018-02-26 21:24:24,0.00008982,10.00000000
2018-02-26 21:24:28,0.00008981,15.00000000
2018-02-26 21:24:28,0.00008981,1004.00000000
2018-02-26 21:24:30,0.00008981,55.00000000
2018-02-26 21:24:30,0.00008980,179.00000000
2018-02-26 21:24:32,0.00008981,111.00000000
2018-02-26 21:24:36,0.00008981,111.00000000
2018-02-26 21:24:37,0.00008980,50.00000000
2018-02-26 21:24:39,0.00008980,1113.00000000
2018-02-26 21:24:39,0.00008980,7828.00000000
2018-02-26 21:24:39,0.00008981,1455.00000000
2018-02-26 21:24:46,0.00008981,250.00000000
2018-02-26 21:24:47,0.00008980,363.00000000
2018-02-26 21:24:56,0.00008980,117.00000000
2018-02-26 21:24:56,0.00008980,158.00000000
2018-02-26 21:24:57,0.00008980,46.00000000
2018-02-26 21:24:57,0.00008980,193.00000000
2018-02-26 21:25:00,0.00008980,86.00000000
2018-02-26 21:25:02,0.00008980,55.00000000
2018-02-26 21:25:03,0.00008980,208.00000000
2018-02-26 21:25:06,0.00008980,1760.00000000
2018-02-26 21:25:07,0.00008980,10287.00000000
2018-02-26 21:25:10,0.00008981,212.00000000
2018-02-26 21:25:12,0.00008980,497.00000000
2018-02-26 21:25:12,0.00008980,90.00000000
2018-02-26 21:25:15,0.00008980,24.00000000
2018-02-26 21:25:16,0.00008980,3250.00000000
2018-02-26 21:25:18,0.00008980,12.00000000
2018-02-26 21:25:23,0.00008980,20.00000000
2018-02-26 21:25:30,0.00008980,1098.00000000
2018-02-26 21:25:31,0.00008980,111.00000000
2018-02-26 21:25:31,0.00008980,61.00000000
2018-02-26 21:25:31,0.00008974,197.00000000
2018-02-26 21:25:31,0.00008980,278.00000000
2018-02-26 21:25:38,0.00008980,31.00000000
2018-02-26 21:26:01,0.00008974,246.00000000
2018-02-26 21:26:02,0.00008972,254.00000000
2018-02-26 21:26:05,0.00008980,17.00000000
2018-02-26 21:26:14,0.00008980,820.00000000
2018-02-26 21:26:14,0.00008975,1688.00000000
2018-02-26 21:26:20,0.00008975,3500.00000000
2018-02-26 21:26:22,0.00008980,67.00000000
2018-02-26 21:26:23,0.00008980,400.00000000
2018-02-26 21:26:30,0.00008979,33.00000000
2018-02-26 21:26:41,0.00008979,20.00000000
2018-02-26 21:26:44,0.00008978,597.00000000
2018-02-26 21:26:44,0.00008977,185.00000000
2018-02-26 21:26:45,0.00008977,12.00000000
2018-02-26 21:26:53,0.00008979,129.00000000
2018-02-26 21:26:55,0.00008977,239.00000000
2018-02-26 21:26:55,0.00008975,1009.00000000
2018-02-26 21:26:57,0.00008975,1120.00000000
2018-02-26 21:27:09,0.00008975,731.00000000
2018-02-26 21:27:11,0.00008973,166.00000000
2018-02-26 21:27:14,0.00008973,77.00000000
2018-02-26 21:27:15,0.00008975,101.00000000
2018-02-26 21:27:16,0.00008975,96.00000000
2018-02-26 21:27:17,0.00008975,620.00000000
2018-02-26 21:27:20,0.00008975,22.00000000
2018-02-26 21:27:21,0.00008975,50.00000000
2018-02-26 21:27:30,0.00008973,91.00000000
2018-02-26 21:27:31,0.00008973,228.00000000
2018-02-26 21:27:41,0.00008974,103.00000000
2018-02-26 21:27:43,0.00008974,88.00000000
2018-02-26 21:27:46,0.00008975,76.00000000
2018-02-26 21:27:51,0.00008974,118.00000000
2018-02-26 21:27:54,0.00008975,25.00000000
2018-02-26 21:27:57,0.00008974,6853.00000000
2018-02-26 21:27:59,0.00008974,334.00000000
2018-02-26 21:28:00,0.00008975,62.00000000
2018-02-26 21:28:03,0.00008975,517.00000000
2018-02-26 21:28:11,0.00008974,938.00000000
2018-02-26 21:28:14,0.00008975,158.00000000
2018-02-26 21:28:20,0.00008974,30.00000000
2018-02-26 21:28:21,0.00008974,75.00000000
2018-02-26 21:28:22,0.00008975,731.00000000
2018-02-26 21:28:23,0.00008975,560.00000000
2018-02-26 21:28:24,0.00008974,1977.00000000
2018-02-26 21:28:24,0.00008972,750.00000000
2018-02-26 21:28:24,0.00008971,1764.00000000
2018-02-26 21:28:24,0.00008970,2502.00000000
2018-02-26 21:28:25,0.00008975,215.00000000
2018-02-26 21:28:26,0.00008975,176.00000000
2018-02-26 21:28:27,0.00008975,18.00000000
2018-02-26 21:28:32,0.00008975,787.00000000
2018-02-26 21:28:35,0.00008975,133.00000000
2018-02-26 21:28:36,0.00008974,12.00000000
2018-02-26 21:28:38,0.00008975,61.00000000
2018-02-26 21:28:48,0.00008975,47.00000000
2018-02-26 21:28:51,0.00008975,1500.00000000
2018-02-26 21:28:57,0.00008974,65.00000000
2018-02-26 21:28:58,0.00008975,216.00000000
2018-02-26 21:29:03,0.00008974,15.00000000
2018-02-26 21:29:06,0.00008974,1114.00000000
2018-02-26 21:29:06,0.00008974,998.00000000
2018-02-26 21:29:15,0.00008974,89.00000000
2018-02-26 21:29:20,0.00008974,50.00000000
2018-02-26 21:29:21,0.00008974,247.00000000
2018-02-26 21:29:22,0.00008974,500.00000000
2018-02-26 21:29:28,0.00008974,1.00000000
2018-02-26 21:29:32,0.00008975,25.00000000
2018-02-26 21:29:37,0.00008975,5.00000000
2018-02-26 21:29:39,0.00008974,3249.00000000
2018-02-26 21:29:40,0.00008975,143.00000000
2018-02-26 21:29:44,0.00008974,400.00000000
2018-02-26 21:29:45,0.00008974,578.00000000
2018-02-26 21:29:58,0.00008974,10000.00000000
2018-02-26 21:30:03,0.00008974,9006.00000000
2018-02-26 21:30:04,0.00008975,22.00000000
2018-02-26 21:30:06,0.00008974,48.00000000
2018-02-26 21:30:08,0.00008975,50.00000000
2018-02-26 21:30:08,0.00008974,3494.00000000
2018-02-26 21:30:16,0.00008975,25.00000000
2018-02-26 21:30:20,0.00008974,12.00000000
2018-02-26 21:30:21,0.00008975,25.00000000
2018-02-26 21:30:21,0.00008974,10.00000000
2018-02-26 21:30:25,0.00008974,113.00000000
2018-02-26 21:30:28,0.00008974,215.00000000
2018-02-26 21:30:31,0.00008974,35.00000000
2018-02-26 21:30:34,0.00008974,191.00000000
2018-02-26 21:30:35,0.00008974,109.00000000
2018-02-26 21:30:35,0.00008975,206.00000000
2018-02-26 21:30:38,0.00008970,120.00000000
2018-02-26 21:30:40,0.00008975,1110.00000000
2018-02-26 21:30:46,0.00008975,361.00000000
2018-02-26 21:30:47,0.00008975,1110.00000000
2018-02-26 21:30:49,0.00008975,89.00000000
2018-02-26 21:30:53,0.00008975,1110.00000000
2018-02-26 21:30:59,0.00008975,1110.00000000
2018-02-26 21:31:01,0.00008975,30.00000000
2018-02-26 21:31:01,0.00008975,325.00000000
2018-02-26 21:31:04,0.00008975,2368.00000000
2018-02-26 21:31:04,0.00008974,229.00000000
2018-02-26 21:31:05,0.00008974,1110.00000000
2018-02-26 21:31:07,0.00008974,111.00000000
2018-02-26 21:31:08,0.00008971,500.00000000
2018-02-26 21:31:14,0.00008971,178.00000000
2018-02-26 21:31:15,0.00008974,100.00000000
2018-02-26 21:31:16,0.00008971,42.00000000
2018-02-26 21:31:20,0.00008971,924.00000000
2018-02-26 21:31:24,0.00008974,400.00000000
2018-02-26 21:31:33,0.00008973,94.00000000
2018-02-26 21:31:33,0.00008973,389.00000000
2018-02-26 21:31:33,0.00008974,11.00000000
2018-02-26 21:31:33,0.00008974,72.00000000
2018-02-26 21:31:40,0.00008971,354.00000000
2018-02-26 21:31:44,0.00008974,31.00000000
2018-02-26 21:32:05,0.00008974,2175.00000000
2018-02-26 21:32:10,0.00008973,69.00000000
2018-02-26 21:32:10,0.00008974,1943.00000000
2018-02-26 21:32:11,0.00008971,1434.00000000
2018-02-26 21:32:14,0.00008971,16.00000000
2018-02-26 21:32:16,0.00008971,87.00000000
2018-02-26 21:32:17,0.00008974,50.00000000
2018-02-26 21:32:18,0.00008974,100.00000000
2018-02-26 21:32:26,0.00008971,43.00000000
2018-02-26 21:32:27,0.00008973,59.00000000
2018-02-26 21:32:27,0.00008974,41.00000000
2018-02-26 21:32:27,0.00008971,657.00000000
2018-02-26 21:32:29,0.00008971,28.00000000
2018-02-26 21:32:29,0.00008971,2227.00000000
2018-02-26 21:32:30,0.00008974,377.00000000
2018-02-26 21:32:34,0.00008971,211.00000000
2018-02-26 21:32:45,0.00008971,1761.00000000
2018-02-26 21:32:45,0.00008970,3239.00000000
2018-02-26 21:32:58,0.00008973,40.00000000
2018-02-26 21:32:58,0.00008974,37.00000000
2018-02-26 21:33:01,0.00008971,104.00000000
2018-02-26 21:33:01,0.00008970,64.00000000
2018-02-26 21:33:15,0.00008970,1398.00000000
2018-02-26 21:33:16,0.00008970,469.00000000
2018-02-26 21:33:16,0.00008973,44.00000000
2018-02-26 21:33:24,0.00008970,5000.00000000
2018-02-26 21:33:27,0.00008970,5000.00000000
2018-02-26 21:33:30,0.00008970,5000.00000000
2018-02-26 21:33:35,0.00008970,786.00000000
2018-02-26 21:33:40,0.00008970,50.00000000
2018-02-26 21:33:40,0.00008970,320.00000000
2018-02-26 21:33:42,0.00008970,1138.00000000
2018-02-26 21:33:44,0.00008970,2253.00000000
2018-02-26 21:33:44,0.00008969,1351.00000000
2018-02-26 21:33:44,0.00008968,414.00000000
2018-02-26 21:33:44,0.00008966,36.00000000
2018-02-26 21:33:44,0.00008965,2119.00000000
2018-02-26 21:33:44,0.00008962,861.00000000
2018-02-26 21:33:44,0.00008962,211.00000000
2018-02-26 21:33:44,0.00008965,29.00000000
2018-02-26 21:33:44,0.00008962,1019.00000000
2018-02-26 21:33:44,0.00008961,406.00000000
2018-02-26 21:33:44,0.00008960,49.00000000
2018-02-26 21:33:44,0.00008959,25.00000000
2018-02-26 21:33:44,0.00008956,9646.00000000
2018-02-26 21:33:44,0.00008955,732.00000000
2018-02-26 21:33:46,0.00008955,648.00000000
2018-02-26 21:33:46,0.00008954,460.00000000
2018-02-26 21:33:46,0.00008953,68.00000000
2018-02-26 21:33:46,0.00008951,178.00000000
2018-02-26 21:33:46,0.00008951,151.00000000
2018-02-26 21:33:46,0.00008950,549.00000000
2018-02-26 21:33:46,0.00008950,94.00000000
2018-02-26 21:33:47,0.00008950,362.00000000
2018-02-26 21:33:47,0.00008950,327.00000000
2018-02-26 21:33:47,0.00008950,1600.00000000
2018-02-26 21:33:47,0.00008950,1600.00000000
2018-02-26 21:33:47,0.00008950,1000.00000000
2018-02-26 21:33:47,0.00008950,1600.00000000
2018-02-26 21:33:48,0.00008950,21.00000000
2018-02-26 21:33:49,0.00008950,300.00000000
2018-02-26 21:33:49,0.00008950,50.00000000
2018-02-26 21:33:50,0.00008950,21.00000000
2018-02-26 21:33:50,0.00008961,18.00000000
2018-02-26 21:33:50,0.00008950,1000.00000000
2018-02-26 21:33:50,0.00008950,700.00000000
2018-02-26 21:33:52,0.00008950,90.00000000
2018-02-26 21:33:54,0.00008950,560.00000000
2018-02-26 21:33:58,0.00008955,22.00000000
2018-02-26 21:33:58,0.00008955,62.00000000
2018-02-26 21:33:59,0.00008951,3853.00000000
2018-02-26 21:33:59,0.00008955,25.00000000
2018-02-26 21:33:59,0.00008951,687.00000000
2018-02-26 21:33:59,0.00008951,13.00000000
2018-02-26 21:34:00,0.00008966,23.00000000
2018-02-26 21:34:00,0.00008951,172.00000000
2018-02-26 21:34:01,0.00008966,31.00000000
2018-02-26 21:34:04,0.00008953,109.00000000
2018-02-26 21:34:04,0.00008951,3.00000000
2018-02-26 21:34:04,0.00008962,44.00000000
2018-02-26 21:34:06,0.00008956,18.00000000
2018-02-26 21:34:06,0.00008951,150.00000000
2018-02-26 21:34:08,0.00008965,12.00000000
2018-02-26 21:34:08,0.00008951,50.00000000
2018-02-26 21:34:10,0.00008956,123.00000000
2018-02-26 21:34:12,0.00008951,159.00000000
2018-02-26 21:34:12,0.00008960,83.00000000
2018-02-26 21:34:13,0.00008951,678.00000000
2018-02-26 21:34:15,0.00008951,323.00000000
2018-02-26 21:34:16,0.00008951,2.00000000
2018-02-26 21:34:16,0.00008951,18.00000000
2018-02-26 21:34:17,0.00008951,232.00000000
2018-02-26 21:34:17,0.00008951,90.00000000
2018-02-26 21:34:20,0.00008951,78.00000000
2018-02-26 21:34:21,0.00008950,223.00000000
2018-02-26 21:34:22,0.00008950,2931.00000000
2018-02-26 21:34:22,0.00008949,590.00000000
2018-02-26 21:34:22,0.00008948,675.00000000
2018-02-26 21:34:22,0.00008947,23.00000000
2018-02-26 21:34:22,0.00008946,456.00000000
2018-02-26 21:34:22,0.00008942,22.00000000
2018-02-26 21:34:22,0.00008940,626.00000000
2018-02-26 21:34:23,0.00008947,12.00000000
2018-02-26 21:34:24,0.00008947,208.00000000
2018-02-26 21:34:24,0.00008947,22.00000000
2018-02-26 21:34:24,0.00008950,78.00000000
2018-02-26 21:34:30,0.00008950,100.00000000
2018-02-26 21:34:33,0.00008940,170.00000000
2018-02-26 21:34:33,0.00008940,560.00000000
2018-02-26 21:34:35,0.00008949,103.00000000
2018-02-26 21:34:37,0.00008949,125.00000000
2018-02-26 21:34:38,0.00008949,22.00000000
2018-02-26 21:34:39,0.00008950,100.00000000
2018-02-26 21:34:41,0.00008949,1118.00000000
2018-02-26 21:34:41,0.00008949,1080.00000000
2018-02-26 21:34:41,0.00008949,45.00000000
2018-02-26 21:34:42,0.00008949,40.00000000
2018-02-26 21:34:43,0.00008949,44.00000000
2018-02-26 21:34:45,0.00008947,323.00000000
2018-02-26 21:34:45,0.00008949,602.00000000
2018-02-26 21:34:45,0.00008950,538.00000000
2018-02-26 21:34:46,0.00008948,97.00000000
2018-02-26 21:34:46,0.00008940,1071.00000000
2018-02-26 21:34:47,0.00008950,18.00000000
2018-02-26 21:34:47,0.00008950,97.00000000
2018-02-26 21:34:48,0.00008940,293.00000000
2018-02-26 21:34:48,0.00008950,100.00000000
2018-02-26 21:34:49,0.00008950,44.00000000
2018-02-26 21:34:51,0.00008949,44.00000000
2018-02-26 21:34:52,0.00008949,73.00000000
2018-02-26 21:34:53,0.00008949,18.00000000
2018-02-26 21:34:53,0.00008949,328.00000000
2018-02-26 21:34:53,0.00008949,44.00000000
2018-02-26 21:34:54,0.00008949,99.00000000
2018-02-26 21:34:54,0.00008940,2.00000000
2018-02-26 21:34:54,0.00008938,34.00000000
2018-02-26 21:34:54,0.00008937,64.00000000
2018-02-26 21:34:55,0.00008949,44.00000000
2018-02-26 21:34:57,0.00008949,48.00000000
2018-02-26 21:34:57,0.00008949,81.00000000
2018-02-26 21:34:59,0.00008949,153.00000000
2018-02-26 21:34:59,0.00008949,31.00000000
2018-02-26 21:34:59,0.00008950,153.00000000
2018-02-26 21:34:59,0.00008950,79.00000000
2018-02-26 21:34:59,0.00008950,632.00000000
2018-02-26 21:35:00,0.00008949,31.00000000
2018-02-26 21:35:00,0.00008938,139.00000000
2018-02-26 21:35:02,0.00008950,3974.00000000
2018-02-26 21:35:03,0.00008950,100.00000000
2018-02-26 21:35:05,0.00008938,100.00000000
2018-02-26 21:35:07,0.00008949,121.00000000
2018-02-26 21:35:07,0.00008950,941.00000000
2018-02-26 21:35:09,0.00008949,82.00000000
2018-02-26 21:35:09,0.00008950,7.00000000
2018-02-26 21:35:17,0.00008949,157.00000000
2018-02-26 21:35:18,0.00008949,100.00000000
2018-02-26 21:35:25,0.00008938,500.00000000
2018-02-26 21:35:27,0.00008949,100.00000000
2018-02-26 21:35:29,0.00008938,224.00000000
2018-02-26 21:35:29,0.00008937,171.00000000
2018-02-26 21:35:29,0.00008935,130.00000000
2018-02-26 21:35:29,0.00008933,1651.00000000
2018-02-26 21:35:30,0.00008949,131.00000000
2018-02-26 21:35:36,0.00008948,100.00000000
2018-02-26 21:35:39,0.00008948,414.00000000
2018-02-26 21:35:40,0.00008948,196.00000000
2018-02-26 21:35:40,0.00008933,169.00000000
2018-02-26 21:35:42,0.00008948,100.00000000
2018-02-26 21:35:45,0.00008948,153.00000000
2018-02-26 21:35:45,0.00008949,847.00000000
2018-02-26 21:35:46,0.00008948,54.00000000
2018-02-26 21:35:49,0.00008948,720.00000000
2018-02-26 21:35:49,0.00008949,587.00000000
2018-02-26 21:35:51,0.00008949,100.00000000
2018-02-26 21:35:53,0.00008948,22.00000000
2018-02-26 21:35:55,0.00008948,83.00000000
2018-02-26 21:35:55,0.00008949,8.00000000
2018-02-26 21:35:57,0.00008940,1000.00000000
2018-02-26 21:36:00,0.00008948,56.00000000
2018-02-26 21:36:00,0.00008949,44.00000000
2018-02-26 21:36:02,0.00008941,125.00000000
2018-02-26 21:36:05,0.00008949,220.00000000
2018-02-26 21:36:06,0.00008949,100.00000000
2018-02-26 21:36:06,0.00008941,242.00000000
2018-02-26 21:36:08,0.00008949,50.00000000
2018-02-26 21:36:09,0.00008949,108.00000000
2018-02-26 21:36:12,0.00008949,719.00000000
2018-02-26 21:36:14,0.00008949,27.00000000
2018-02-26 21:36:15,0.00008949,15.00000000
2018-02-26 21:36:15,0.00008949,100.00000000
2018-02-26 21:36:18,0.00008941,416.00000000
2018-02-26 21:36:24,0.00008949,100.00000000
2018-02-26 21:36:30,0.00008948,100.00000000
2018-02-26 21:36:31,0.00008948,91.00000000
2018-02-26 21:36:31,0.00008948,49.00000000
2018-02-26 21:36:39,0.00008948,100.00000000
2018-02-26 21:36:39,0.00008941,145.00000000
2018-02-26 21:36:44,0.00008948,310.00000000
2018-02-26 21:36:44,0.00008949,690.00000000
2018-02-26 21:36:44,0.00008941,997.00000000
2018-02-26 21:36:44,0.00008939,3.00000000
2018-02-26 21:36:45,0.00008949,100.00000000
2018-02-26 21:36:45,0.00008949,150.00000000
2018-02-26 21:36:52,0.00008949,44.00000000
2018-02-26 21:36:52,0.00008949,4045.00000000
2018-02-26 21:36:53,0.00008949,21.00000000
2018-02-26 21:36:54,0.00008949,100.00000000
2018-02-26 21:36:54,0.00008949,1000.00000000
2018-02-26 21:36:58,0.00008949,559.00000000
2018-02-26 21:37:02,0.00008942,65.00000000
2018-02-26 21:37:03,0.00008949,100.00000000
2018-02-26 21:37:04,0.00008949,29.00000000
2018-02-26 21:37:04,0.00008949,1000.00000000
2018-02-26 21:37:05,0.00008942,148.00000000
2018-02-26 21:37:07,0.00008949,16.00000000
2018-02-26 21:37:09,0.00008949,100.00000000
2018-02-26 21:37:10,0.00008942,20.00000000
2018-02-26 21:37:11,0.00008949,963.00000000
2018-02-26 21:37:12,0.00008949,22.00000000
2018-02-26 21:37:14,0.00008949,1000.00000000
2018-02-26 21:37:18,0.00008949,100.00000000
2018-02-26 21:37:21,0.00008942,103.00000000
2018-02-26 21:37:21,0.00008941,109.00000000
2018-02-26 21:37:21,0.00008940,5090.00000000
2018-02-26 21:37:24,0.00008948,393.00000000
2018-02-26 21:37:24,0.00008949,607.00000000
2018-02-26 21:37:27,0.00008948,1088.00000000
2018-02-26 21:37:27,0.00008949,3509.00000000
2018-02-26 21:37:27,0.00008950,100.00000000
2018-02-26 21:37:30,0.00008950,465.00000000
2018-02-26 21:37:30,0.00008950,111.00000000
2018-02-26 21:37:32,0.00008949,239.00000000
2018-02-26 21:37:35,0.00008950,1000.00000000
2018-02-26 21:37:36,0.00008950,100.00000000
2018-02-26 21:37:42,0.00008950,100.00000000
2018-02-26 21:37:46,0.00008950,1000.00000000
2018-02-26 21:37:52,0.00008949,41.00000000
2018-02-26 21:37:54,0.00008950,100.00000000
2018-02-26 21:38:00,0.00008950,89.00000000
2018-02-26 21:38:04,0.00008949,2047.00000000
2018-02-26 21:38:04,0.00008947,97.00000000
2018-02-26 21:38:04,0.00008950,1000.00000000
2018-02-26 21:38:06,0.00008947,561.00000000
2018-02-26 21:38:07,0.00008950,78.00000000
2018-02-26 21:38:07,0.00008947,21.00000000
2018-02-26 21:38:08,0.00008947,700.00000000
2018-02-26 21:38:09,0.00008950,100.00000000
2018-02-26 21:38:09,0.00008947,90.00000000
2018-02-26 21:38:09,0.00008947,215.00000000
2018-02-26 21:38:09,0.00008941,485.00000000
2018-02-26 21:38:10,0.00008941,561.00000000
2018-02-26 21:38:10,0.00008941,904.00000000
2018-02-26 21:38:10,0.00008941,1698.00000000
2018-02-26 21:38:14,0.00008950,1000.00000000
2018-02-26 21:38:16,0.00008941,300.00000000
2018-02-26 21:38:19,0.00008950,722.00000000
2018-02-26 21:38:24,0.00008949,8.00000000
2018-02-26 21:38:24,0.00008949,989.00000000
2018-02-26 21:38:24,0.00008950,11.00000000
2018-02-26 21:38:26,0.00008941,75.00000000
2018-02-26 21:38:26,0.00008950,232.00000000
2018-02-26 21:38:29,0.00008945,50.00000000
2018-02-26 21:38:30,0.00008945,111.00000000
2018-02-26 21:38:31,0.00008945,73.00000000
2018-02-26 21:38:31,0.00008950,38.00000000
2018-02-26 21:38:33,0.00008950,111.00000000
2018-02-26 21:38:33,0.00008950,100.00000000
2018-02-26 21:38:34,0.00008950,1000.00000000
2018-02-26 21:38:39,0.00008947,97.00000000
2018-02-26 21:38:42,0.00008947,597.00000000
2018-02-26 21:38:42,0.00008947,211.00000000
2018-02-26 21:38:43,0.00008941,700.00000000
2018-02-26 21:38:45,0.00008949,1000.00000000
2018-02-26 21:38:47,0.00008949,22.00000000
2018-02-26 21:38:49,0.00008941,9.00000000
2018-02-26 21:38:55,0.00008949,1000.00000000
2018-02-26 21:38:55,0.00008941,389.00000000
2018-02-26 21:38:56,0.00008941,26.00000000
2018-02-26 21:38:57,0.00008941,104.00000000
2018-02-26 21:38:58,0.00008940,107.00000000
2018-02-26 21:39:00,0.00008949,100.00000000
2018-02-26 21:39:04,0.00008948,122.00000000
2018-02-26 21:39:11,0.00008948,137.00000000
2018-02-26 21:39:11,0.00008949,863.00000000
2018-02-26 21:39:20,0.00008948,44.00000000
2018-02-26 21:39:22,0.00008948,51.00000000
2018-02-26 21:39:24,0.00008948,1000.00000000
2018-02-26 21:39:24,0.00008947,561.00000000
2018-02-26 21:39:25,0.00008947,4057.00000000
2018-02-26 21:39:25,0.00008948,111.00000000
2018-02-26 21:39:26,0.00008947,561.00000000
2018-02-26 21:39:26,0.00008948,111.00000000
2018-02-26 21:39:27,0.00008948,33.00000000
2018-02-26 21:39:27,0.00008949,67.00000000
2018-02-26 21:39:28,0.00008948,66.00000000
2018-02-26 21:39:28,0.00008947,789.00000000
2018-02-26 21:39:30,0.00008947,262.00000000
2018-02-26 21:39:37,0.00008948,27.00000000
2018-02-26 21:39:39,0.00008948,227.00000000
2018-02-26 21:39:40,0.00008948,1503.00000000
2018-02-26 21:39:40,0.00008947,1459.00000000
2018-02-26 21:39:41,0.00008948,7822.00000000
2018-02-26 21:39:43,0.00008947,10.00000000
2018-02-26 21:39:44,0.00008948,1000.00000000
2018-02-26 21:39:45,0.00008948,364.00000000
2018-02-26 21:39:48,0.00008948,89.00000000
2018-02-26 21:39:52,0.00008948,22.00000000
2018-02-26 21:39:52,0.00008948,222.00000000
2018-02-26 21:39:54,0.00008948,100.00000000
2018-02-26 21:39:55,0.00008948,12.00000000
2018-02-26 21:39:56,0.00008948,1000.00000000
2018-02-26 21:39:58,0.00008948,683.00000000
2018-02-26 21:40:01,0.00008948,1110.00000000
2018-02-26 21:40:03,0.00008948,595.00000000
2018-02-26 21:40:03,0.00008949,282.00000000
2018-02-26 21:40:03,0.00008950,225.00000000
2018-02-26 21:40:03,0.00008947,700.00000000
2018-02-26 21:40:03,0.00008950,100.00000000
2018-02-26 21:40:07,0.00008948,702.00000000
2018-02-26 21:40:07,0.00008950,408.00000000
2018-02-26 21:40:12,0.00008949,32.00000000
2018-02-26 21:40:12,0.00008949,69.00000000
2018-02-26 21:40:12,0.00008949,63.00000000
2018-02-26 21:40:12,0.00008950,37.00000000
2018-02-26 21:40:16,0.00008948,112.00000000
2018-02-26 21:40:18,0.00008948,33.00000000
2018-02-26 21:40:20,0.00008948,3.00000000
2018-02-26 21:40:21,0.00008947,3366.00000000
2018-02-26 21:40:23,0.00008947,178.00000000
2018-02-26 21:40:26,0.00008947,3992.00000000
2018-02-26 21:40:27,0.00008948,77.00000000
2018-02-26 21:40:28,0.00008948,18.00000000
2018-02-26 21:40:28,0.00008950,699.00000000
2018-02-26 21:40:30,0.00008947,127.00000000
2018-02-26 21:40:36,0.00008950,89.00000000
2018-02-26 21:40:37,0.00008950,2090.00000000
2018-02-26 21:40:40,0.00008950,12.00000000
2018-02-26 21:40:42,0.00008950,100.00000000
2018-02-26 21:40:47,0.00008948,12.00000000
2018-02-26 21:40:51,0.00008947,3392.00000000
2018-02-26 21:40:51,0.00008947,77.00000000
2018-02-26 21:40:51,0.00008948,25.00000000
2018-02-26 21:40:57,0.00008948,52.00000000
2018-02-26 21:41:00,0.00008947,559.00000000
2018-02-26 21:41:02,0.00008948,2.00000000
2018-02-26 21:41:06,0.00008948,23.00000000
2018-02-26 21:41:06,0.00008948,100.00000000
2018-02-26 21:41:06,0.00008947,7187.00000000
2018-02-26 21:41:06,0.00008940,510.00000000
2018-02-26 21:41:06,0.00008939,960.00000000
2018-02-26 21:41:06,0.00008938,596.00000000
2018-02-26 21:41:06,0.00008936,534.00000000
2018-02-26 21:41:06,0.00008935,178.00000000
2018-02-26 21:41:06,0.00008934,1574.00000000
2018-02-26 21:41:06,0.00008933,879.00000000
2018-02-26 21:41:06,0.00008932,5015.00000000
2018-02-26 21:41:06,0.00008930,10105.00000000
2018-02-26 21:41:06,0.00008929,29.00000000
2018-02-26 21:41:06,0.00008926,224.00000000
2018-02-26 21:41:06,0.00008925,1773.00000000
2018-02-26 21:41:06,0.00008922,58.00000000
2018-02-26 21:41:06,0.00008921,50.00000000
2018-02-26 21:41:06,0.00008920,1439.00000000
2018-02-26 21:41:06,0.00008920,115.00000000
2018-02-26 21:41:10,0.00008945,81.00000000
2018-02-26 21:41:10,0.00008945,114.00000000
2018-02-26 21:41:11,0.00008945,16.00000000
2018-02-26 21:41:11,0.00008925,17.00000000
2018-02-26 21:41:14,0.00008945,22.00000000
2018-02-26 21:41:15,0.00008925,16.00000000
2018-02-26 21:41:15,0.00008945,100.00000000
2018-02-26 21:41:22,0.00008945,1.00000000
2018-02-26 21:41:24,0.00008944,100.00000000
2018-02-26 21:41:25,0.00008944,300.00000000
2018-02-26 21:41:29,0.00008943,454.00000000
2018-02-26 21:41:30,0.00008945,100.00000000
2018-02-26 21:41:35,0.00008945,29.00000000
2018-02-26 21:41:39,0.00008945,100.00000000
2018-02-26 21:41:40,0.00008945,31.00000000
2018-02-26 21:41:41,0.00008945,21.00000000
2018-02-26 21:41:41,0.00008948,85.00000000
2018-02-26 21:41:42,0.00008944,210.00000000
2018-02-26 21:41:44,0.00008948,70.00000000
2018-02-26 21:41:46,0.00008944,700.00000000
2018-02-26 21:41:47,0.00008944,59462.00000000
2018-02-26 21:41:48,0.00008948,100.00000000
2018-02-26 21:41:51,0.00008948,32.00000000
2018-02-26 21:41:52,0.00008948,89.00000000
2018-02-26 21:41:55,0.00008948,110.00000000
2018-02-26 21:41:55,0.00008949,500.00000000
2018-02-26 21:41:55,0.00008950,1294.00000000
2018-02-26 21:41:57,0.00008950,100.00000000
2018-02-26 21:41:57,0.00008950,114.00000000
2018-02-26 21:41:58,0.00008950,90.00000000
2018-02-26 21:41:59,0.00008950,90.00000000
2018-02-26 21:42:02,0.00008950,896.00000000
2018-02-26 21:42:03,0.00008950,90.00000000
2018-02-26 21:42:03,0.00008950,100.00000000
2018-02-26 21:42:07,0.00008950,101.00000000
2018-02-26 21:42:11,0.00008950,111.00000000
2018-02-26 21:42:11,0.00008948,22.00000000
2018-02-26 21:42:11,0.00008945,283.00000000
2018-02-26 21:42:12,0.00008951,100.00000000
2018-02-26 21:42:20,0.00008951,130.00000000
2018-02-26 21:42:20,0.00008955,1617.00000000
2018-02-26 21:42:21,0.00008955,306.00000000
2018-02-26 21:42:21,0.00008960,22.00000000
2018-02-26 21:42:21,0.00008960,121.00000000
2018-02-26 21:42:21,0.00008955,222.00000000
2018-02-26 21:42:21,0.00008955,560.00000000
2018-02-26 21:42:21,0.00008955,740.00000000
2018-02-26 21:42:24,0.00008960,144.00000000
2018-02-26 21:42:24,0.00008960,65.00000000
2018-02-26 21:42:24,0.00008960,31.00000000
2018-02-26 21:42:25,0.00008960,48.00000000
2018-02-26 21:42:25,0.00008960,54.00000000
2018-02-26 21:42:26,0.00008960,62.00000000
2018-02-26 21:42:27,0.00008960,53.00000000
2018-02-26 21:42:29,0.00008955,1765.00000000
2018-02-26 21:42:30,0.00008961,14.00000000
2018-02-26 21:42:30,0.00008964,98.00000000
2018-02-26 21:42:31,0.00008964,801.00000000
2018-02-26 21:42:33,0.00008956,22.00000000
2018-02-26 21:42:33,0.00008956,224.00000000
2018-02-26 21:42:34,0.00008956,3.00000000
2018-02-26 21:42:34,0.00008955,246.00000000
2018-02-26 21:42:37,0.00008949,20.00000000
2018-02-26 21:42:39,0.00008964,69.00000000
2018-02-26 21:42:45,0.00008956,105.00000000
2018-02-26 21:42:51,0.00008965,236.00000000
2018-02-26 21:42:52,0.00008965,14.00000000
2018-02-26 21:42:55,0.00008964,1262.00000000
2018-02-26 21:42:56,0.00008956,162.00000000
2018-02-26 21:42:58,0.00008956,17.00000000
2018-02-26 21:43:02,0.00008964,299.00000000
2018-02-26 21:43:09,0.00008964,100.00000000
2018-02-26 21:43:10,0.00008964,33.00000000
2018-02-26 21:43:17,0.00008956,2.00000000
2018-02-26 21:43:17,0.00008951,321.00000000
2018-02-26 21:43:18,0.00008964,27.00000000
2018-02-26 21:43:18,0.00008964,100.00000000
2018-02-26 21:43:24,0.00008964,100.00000000
2018-02-26 21:43:26,0.00008964,69.00000000
2018-02-26 21:43:26,0.00008964,111.00000000
2018-02-26 21:43:27,0.00008964,626.00000000
2018-02-26 21:43:28,0.00008952,48.00000000
2018-02-26 21:43:33,0.00008964,100.00000000
2018-02-26 21:43:34,0.00008964,118.00000000
2018-02-26 21:43:42,0.00008952,1500.00000000
2018-02-26 21:43:42,0.00008951,843.00000000
2018-02-26 21:43:43,0.00008951,186.00000000
2018-02-26 21:43:43,0.00008951,183.00000000
2018-02-26 21:43:45,0.00008951,100.00000000
2018-02-26 21:43:47,0.00008951,614.00000000
2018-02-26 21:43:47,0.00008951,100.00000000
2018-02-26 21:43:47,0.00008951,1474.00000000
2018-02-26 21:43:47,0.00008963,416.00000000
2018-02-26 21:43:47,0.00008964,210.00000000
2018-02-26 21:43:48,0.00008964,1087.00000000
2018-02-26 21:43:51,0.00008964,100.00000000
2018-02-26 21:43:51,0.00008964,15.00000000
2018-02-26 21:43:54,0.00008952,24.00000000
2018-02-26 21:43:57,0.00008952,252.00000000
2018-02-26 21:43:57,0.00008951,317.00000000
2018-02-26 21:44:02,0.00008952,395.00000000
2018-02-26 21:44:03,0.00008959,25.00000000
2018-02-26 21:44:05,0.00008959,28.00000000
2018-02-26 21:44:10,0.00008959,303.00000000
2018-02-26 21:44:14,0.00008963,44.00000000
2018-02-26 21:44:14,0.00008963,265.00000000
2018-02-26 21:44:27,0.00008963,26.00000000
2018-02-26 21:44:28,0.00008963,74.00000000
2018-02-26 21:44:28,0.00008959,32.00000000
2018-02-26 21:44:30,0.00008963,200.00000000
2018-02-26 21:44:31,0.00008963,50.00000000
2018-02-26 21:44:32,0.00008963,15.00000000
2018-02-26 21:44:32,0.00008964,111.00000000
2018-02-26 21:44:34,0.00008963,331.00000000
2018-02-26 21:44:44,0.00008962,712.00000000
2018-02-26 21:44:44,0.00008959,2910.00000000
2018-02-26 21:44:45,0.00008959,100.00000000
2018-02-26 21:44:47,0.00008959,200.00000000
2018-02-26 21:44:50,0.00008959,46.00000000
2018-02-26 21:44:54,0.00008959,100.00000000
2018-02-26 21:44:54,0.00008952,160.00000000
2018-02-26 21:44:54,0.00008952,214.00000000
2018-02-26 21:45:00,0.00008959,100.00000000
2018-02-26 21:45:03,0.00008959,323.00000000
2018-02-26 21:45:03,0.00008962,301.00000000
2018-02-26 21:45:03,0.00008964,127.00000000
2018-02-26 21:45:03,0.00008965,350.00000000
2018-02-26 21:45:04,0.00008965,241.00000000
2018-02-26 21:45:06,0.00008965,1499.00000000
2018-02-26 21:45:08,0.00008966,24.00000000
2018-02-26 21:45:09,0.00008969,18.00000000
2018-02-26 21:45:09,0.00008970,42.00000000
2018-02-26 21:45:09,0.00008971,29.00000000
2018-02-26 21:45:14,0.00008966,50.00000000
2018-02-26 21:45:18,0.00008971,27.00000000
2018-02-26 21:45:19,0.00008966,608.00000000
2018-02-26 21:45:19,0.00008965,92.00000000
2018-02-26 21:45:22,0.00008970,419.00000000
2018-02-26 21:45:22,0.00008970,3525.00000000
2018-02-26 21:45:31,0.00008971,27.00000000
2018-02-26 21:45:31,0.00008973,60.00000000
2018-02-26 21:45:35,0.00008973,224.00000000
2018-02-26 21:45:36,0.00008973,2000.00000000
2018-02-26 21:45:36,0.00008973,264.00000000
2018-02-26 21:45:38,0.00008970,5335.00000000
2018-02-26 21:45:39,0.00008973,111.00000000
2018-02-26 21:45:40,0.00008973,322.00000000
2018-02-26 21:45:44,0.00008973,10.00000000
2018-02-26 21:45:47,0.00008973,37.00000000
2018-02-26 21:45:53,0.00008973,446.00000000
2018-02-26 21:45:53,0.00008974,3040.00000000
2018-02-26 21:45:56,0.00008973,2614.00000000
2018-02-26 21:45:59,0.00008973,1961.00000000
2018-02-26 21:46:02,0.00008973,1471.00000000
2018-02-26 21:46:05,0.00008973,2206.00000000
2018-02-26 21:46:05,0.00008973,52.00000000
2018-02-26 21:46:07,0.00008974,1.00000000
2018-02-26 21:46:07,0.00008974,1655.00000000
2018-02-26 21:46:10,0.00008974,551.00000000
2018-02-26 21:46:16,0.00008974,288.00000000
2018-02-26 21:46:17,0.00008974,610.00000000
2018-02-26 21:46:18,0.00008974,54.00000000
2018-02-26 21:46:19,0.00008974,4831.00000000
2018-02-26 21:46:19,0.00008979,1589.00000000
2018-02-26 21:46:19,0.00008980,3221.00000000
2018-02-26 21:46:19,0.00008980,126.00000000
2018-02-26 21:46:21,0.00008980,48.00000000
2018-02-26 21:46:25,0.00008980,20.00000000
2018-02-26 21:46:32,0.00008974,26.00000000
2018-02-26 21:46:32,0.00008980,628.00000000
2018-02-26 21:46:32,0.00008980,111.00000000
2018-02-26 21:46:33,0.00008980,285.00000000
2018-02-26 21:46:36,0.00008973,3210.00000000
2018-02-26 21:46:38,0.00008971,1461.00000000
2018-02-26 21:46:41,0.00008980,667.00000000
2018-02-26 21:46:41,0.00008980,103.00000000
2018-02-26 21:46:42,0.00008980,5000.00000000
2018-02-26 21:46:49,0.00008980,15.00000000
2018-02-26 21:46:50,0.00008980,200.00000000
2018-02-26 21:47:02,0.00008982,3.00000000
2018-02-26 21:47:05,0.00008982,277.00000000
2018-02-26 21:47:07,0.00008982,255.00000000
2018-02-26 21:47:07,0.00008983,22.00000000
2018-02-26 21:47:07,0.00008983,3.00000000
2018-02-26 21:47:07,0.00008985,68.00000000
2018-02-26 21:47:07,0.00008986,1243.00000000
2018-02-26 21:47:07,0.00008988,75.00000000
2018-02-26 21:47:07,0.00008990,5.00000000
2018-02-26 21:47:14,0.00008990,176.00000000
2018-02-26 21:47:14,0.00008990,18.00000000
2018-02-26 21:47:23,0.00008981,444.00000000
2018-02-26 21:47:24,0.00008981,596.00000000
2018-02-26 21:47:24,0.00008980,72.00000000
2018-02-26 21:47:27,0.00008980,21.00000000
2018-02-26 21:47:30,0.00008980,106.00000000
2018-02-26 21:47:33,0.00008990,19.00000000
2018-02-26 21:47:34,0.00008980,1.00000000
2018-02-26 21:47:36,0.00008990,354.00000000
2018-02-26 21:47:38,0.00008990,352.00000000
2018-02-26 21:47:42,0.00008980,335.00000000
2018-02-26 21:47:43,0.00008980,129.00000000
2018-02-26 21:47:46,0.00008990,109.00000000
2018-02-26 21:47:49,0.00008990,22.00000000
2018-02-26 21:48:00,0.00008990,100.00000000
2018-02-26 21:48:13,0.00008990,225.00000000
2018-02-26 21:48:19,0.00008985,120.00000000
2018-02-26 21:48:19,0.00008980,500.00000000
2018-02-26 21:48:19,0.00008976,964.00000000
2018-02-26 21:48:19,0.00008975,320.00000000
2018-02-26 21:48:29,0.00008981,516.00000000
2018-02-26 21:48:29,0.00008980,283.00000000
2018-02-26 21:48:31,0.00008980,334.00000000
2018-02-26 21:48:39,0.00008980,111.00000000
2018-02-26 21:48:53,0.00008981,442.00000000
2018-02-26 21:49:01,0.00008987,23.00000000
2018-02-26 21:49:03,0.00008981,334.00000000
2018-02-26 21:49:06,0.00008981,224.00000000
2018-02-26 21:49:06,0.00008980,2776.00000000
2018-02-26 21:49:09,0.00008976,334.00000000
2018-02-26 21:49:11,0.00008980,36.00000000
2018-02-26 21:49:12,0.00008980,964.00000000
2018-02-26 21:49:16,0.00008980,74.00000000
2018-02-26 21:49:20,0.00008980,41.00000000
2018-02-26 21:49:24,0.00008980,125.00000000
2018-02-26 21:49:26,0.00008980,1929.00000000
2018-02-26 21:49:30,0.00008981,12.00000000
2018-02-26 21:49:31,0.00008980,119.00000000
2018-02-26 21:49:34,0.00008981,247.00000000
2018-02-26 21:49:34,0.00008980,106.00000000
2018-02-26 21:49:34,0.00008980,817.00000000
2018-02-26 21:49:35,0.00008976,100.00000000
2018-02-26 21:49:35,0.00008975,6.00000000
2018-02-26 21:49:46,0.00008975,50.00000000
2018-02-26 21:49:50,0.00008979,40.00000000
2018-02-26 21:49:51,0.00008979,209.00000000
2018-02-26 21:49:51,0.00008980,41.00000000
2018-02-26 21:49:52,0.00008975,6298.00000000
2018-02-26 21:49:54,0.00008975,2531.00000000
2018-02-26 21:49:54,0.00008980,1089.00000000
2018-02-26 21:49:55,0.00008980,1017.00000000
2018-02-26 21:50:04,0.00008974,26.00000000
2018-02-26 21:50:17,0.00008974,700.00000000
2018-02-26 21:50:18,0.00008974,94.00000000
2018-02-26 21:50:18,0.00008974,1000.00000000
2018-02-26 21:50:18,0.00008974,90.00000000
2018-02-26 21:50:18,0.00008974,559.00000000
2018-02-26 21:50:18,0.00008974,168.00000000
2018-02-26 21:50:18,0.00008973,11.00000000
2018-02-26 21:50:18,0.00008973,304.00000000
2018-02-26 21:50:18,0.00008971,479.00000000
2018-02-26 21:50:19,0.00008971,78.00000000
2018-02-26 21:50:19,0.00008970,2848.00000000
2018-02-26 21:50:20,0.00008970,462.00000000
2018-02-26 21:50:20,0.00008969,215.00000000
2018-02-26 21:50:20,0.00008965,7067.00000000
2018-02-26 21:50:20,0.00008962,112.00000000
2018-02-26 21:50:21,0.00008962,128.00000000
2018-02-26 21:50:31,0.00008975,222.00000000
2018-02-26 21:50:32,0.00008974,33.00000000
2018-02-26 21:50:35,0.00008974,100.00000000
2018-02-26 21:50:38,0.00008974,279.00000000
2018-02-26 21:50:38,0.00008963,964.00000000
2018-02-26 21:50:38,0.00008962,1999.00000000
2018-02-26 21:50:38,0.00008975,208.00000000
2018-02-26 21:50:38,0.00008979,349.00000000
2018-02-26 21:50:55,0.00008974,16.00000000
2018-02-26 21:50:56,0.00008974,22.00000000
2018-02-26 21:50:59,0.00008974,65.00000000
2018-02-26 21:50:59,0.00008978,935.00000000
2018-02-26 21:51:02,0.00008970,50.00000000
2018-02-26 21:51:37,0.00008970,14.00000000
2018-02-26 21:51:39,0.00008969,29.00000000
2018-02-26 21:51:39,0.00008970,1.00000000
2018-02-26 21:51:39,0.00008970,111.00000000
2018-02-26 21:51:49,0.00008970,1065.00000000
2018-02-26 21:51:49,0.00008978,35.00000000
2018-02-26 21:52:01,0.00008970,18.00000000
2018-02-26 21:52:01,0.00008970,72.00000000
2018-02-26 21:52:01,0.00008975,395.00000000
2018-02-26 21:52:01,0.00008978,865.00000000
2018-02-26 21:52:01,0.00008979,1040.00000000
2018-02-26 21:52:02,0.00008962,358.00000000
2018-02-26 21:52:02,0.00008957,141.00000000
2018-02-26 21:52:02,0.00008953,164.00000000
2018-02-26 21:52:09,0.00008970,60.00000000
2018-02-26 21:52:11,0.00008956,34.00000000
2018-02-26 21:52:11,0.00008954,2136.00000000
2018-02-26 21:52:11,0.00008953,1803.00000000
2018-02-26 21:52:11,0.00008953,900.00000000
2018-02-26 21:52:11,0.00008953,7494.00000000
2018-02-26 21:52:11,0.00008953,6245.00000000
2018-02-26 21:52:11,0.00008953,900.00000000
2018-02-26 21:52:11,0.00008953,111.00000000
2018-02-26 21:52:11,0.00008953,900.00000000
2018-02-26 21:52:11,0.00008953,596.00000000
2018-02-26 21:52:12,0.00008953,522.00000000
2018-02-26 21:52:12,0.00008953,56.00000000
2018-02-26 21:52:12,0.00008953,179.00000000
2018-02-26 21:52:12,0.00008953,180.00000000
2018-02-26 21:52:12,0.00008953,5035.00000000
2018-02-26 21:52:14,0.00008964,756.00000000
2018-02-26 21:52:15,0.00008963,43.00000000
2018-02-26 21:52:18,0.00008963,38.00000000
2018-02-26 21:52:21,0.00008963,15.00000000
2018-02-26 21:52:23,0.00008963,869.00000000
2018-02-26 21:52:23,0.00008964,291.00000000
2018-02-26 21:52:25,0.00008964,5198.00000000
2018-02-26 21:52:25,0.00008970,379.00000000
2018-02-26 21:52:29,0.00008970,30.00000000
2018-02-26 21:52:29,0.00008970,132.00000000
2018-02-26 21:52:38,0.00008970,146.00000000
2018-02-26 21:52:39,0.00008970,1314.00000000
2018-02-26 21:52:43,0.00008974,32.00000000
2018-02-26 21:52:45,0.00008970,109.00000000
2018-02-26 21:52:46,0.00008974,355.00000000
2018-02-26 21:52:47,0.00008974,528.00000000
2018-02-26 21:52:53,0.00008970,57.00000000
2018-02-26 21:52:53,0.00008964,50.00000000
2018-02-26 21:52:53,0.00008963,1971.00000000
2018-02-26 21:52:53,0.00008961,497.00000000
2018-02-26 21:52:53,0.00008960,2779.00000000
2018-02-26 21:52:53,0.00008952,3544.00000000
2018-02-26 21:52:53,0.00008951,1336.00000000
2018-02-26 21:52:53,0.00008950,428.00000000
2018-02-26 21:52:56,0.00008950,109.00000000
2018-02-26 21:52:57,0.00008950,109.00000000
2018-02-26 21:52:59,0.00008956,18.00000000
2018-02-26 21:53:01,0.00008956,99.00000000
2018-02-26 21:53:01,0.00008954,54.00000000
2018-02-26 21:53:01,0.00008950,442.00000000
2018-02-26 21:53:02,0.00008969,18.00000000
2018-02-26 21:53:02,0.00008969,331.00000000
2018-02-26 21:53:02,0.00008970,668.00000000
2018-02-26 21:53:10,0.00008967,18.00000000
2018-02-26 21:53:10,0.00008967,582.00000000
2018-02-26 21:53:11,0.00008970,141.00000000
2018-02-26 21:53:11,0.00008970,795.00000000
2018-02-26 21:53:14,0.00008972,55.00000000
2018-02-26 21:53:19,0.00008972,6.00000000
2018-02-26 21:53:20,0.00008972,439.00000000
2018-02-26 21:53:20,0.00008974,391.00000000
2018-02-26 21:53:27,0.00008970,788.00000000
2018-02-26 21:53:30,0.00008974,1393.00000000
2018-02-26 21:53:33,0.00008975,197.00000000
2018-02-26 21:53:36,0.00008974,116.00000000
2018-02-26 21:53:38,0.00008974,6.00000000
2018-02-26 21:53:43,0.00008974,4.00000000
2018-02-26 21:53:44,0.00008974,296.00000000
2018-02-26 21:53:44,0.00008975,93.00000000
2018-02-26 21:53:50,0.00008975,3.00000000
2018-02-26 21:53:51,0.00008975,23.00000000
2018-02-26 21:53:54,0.00008975,214.00000000
2018-02-26 21:53:54,0.00008975,100.00000000
2018-02-26 21:53:55,0.00008972,747.00000000
2018-02-26 21:54:01,0.00008975,42.00000000
2018-02-26 21:54:01,0.00008975,67.00000000
2018-02-26 21:54:02,0.00008978,1114.00000000
2018-02-26 21:54:02,0.00008978,333.00000000
2018-02-26 21:54:03,0.00008979,150.00000000
2018-02-26 21:54:03,0.00008980,894.00000000
2018-02-26 21:54:04,0.00008980,105.00000000
2018-02-26 21:54:13,0.00008975,20.00000000
2018-02-26 21:54:16,0.00008980,107.00000000
2018-02-26 21:54:18,0.00008975,95.00000000
2018-02-26 21:54:21,0.00008975,210.00000000
2018-02-26 21:54:25,0.00008972,107.00000000
2018-02-26 21:54:32,0.00008980,20.00000000
2018-02-26 21:54:32,0.00008972,665.00000000
2018-02-26 21:54:41,0.00008972,334.00000000
2018-02-26 21:54:43,0.00008980,25.00000000
2018-02-26 21:54:43,0.00008981,20.00000000
2018-02-26 21:54:51,0.00008973,700.00000000
2018-02-26 21:55:01,0.00008980,41.00000000
2018-02-26 21:55:01,0.00008981,57.00000000
2018-02-26 21:55:01,0.00008985,2.00000000
2018-02-26 21:55:01,0.00008985,51.00000000
2018-02-26 21:55:02,0.00008973,70.00000000
2018-02-26 21:55:05,0.00008973,2086.00000000
2018-02-26 21:55:09,0.00008975,15.00000000
2018-02-26 21:55:09,0.00008985,36.00000000
2018-02-26 21:55:09,0.00008987,4.00000000
2018-02-26 21:55:10,0.00008987,961.00000000
2018-02-26 21:55:10,0.00008988,39.00000000
2018-02-26 21:55:12,0.00008974,965.00000000
2018-02-26 21:55:12,0.00008973,708.00000000
2018-02-26 21:55:12,0.00008973,57.00000000
2018-02-26 21:55:12,0.00008972,47.00000000
2018-02-26 21:55:15,0.00008988,100.00000000
2018-02-26 21:55:16,0.00008987,100.00000000
2018-02-26 21:55:20,0.00008975,181.00000000
2018-02-26 21:55:20,0.00008986,819.00000000
2018-02-26 21:55:22,0.00008974,100.00000000
2018-02-26 21:55:22,0.00008973,457.00000000
2018-02-26 21:55:23,0.00008974,605.00000000
2018-02-26 21:55:24,0.00008974,320.00000000
2018-02-26 21:55:24,0.00008973,80.00000000
2018-02-26 21:55:25,0.00008976,362.00000000
2018-02-26 21:55:25,0.00008973,81.00000000
2018-02-26 21:55:25,0.00008972,551.00000000
2018-02-26 21:55:25,0.00008972,8525.00000000
2018-02-26 21:55:25,0.00008968,300.00000000
2018-02-26 21:55:26,0.00008954,150.00000000
2018-02-26 21:55:26,0.00008953,407.00000000
2018-02-26 21:55:28,0.00008972,1000.00000000
2018-02-26 21:55:31,0.00008984,100.00000000
2018-02-26 21:55:35,0.00008974,1692.00000000
2018-02-26 21:55:36,0.00008974,4000.00000000
2018-02-26 21:55:37,0.00008974,557.00000000
2018-02-26 21:55:37,0.00008974,302.00000000
2018-02-26 21:55:37,0.00008960,412.00000000
2018-02-26 21:55:37,0.00008959,1458.00000000
2018-02-26 21:55:37,0.00008953,640.00000000
2018-02-26 21:55:37,0.00008952,510.00000000
2018-02-26 21:55:45,0.00008972,100.00000000
2018-02-26 21:55:54,0.00008972,100.00000000
2018-02-26 21:56:01,0.00008968,100.00000000
2018-02-26 21:56:05,0.00008968,77.00000000
2018-02-26 21:56:10,0.00008969,100.00000000
2018-02-26 21:56:16,0.00008969,100.00000000
2018-02-26 21:56:22,0.00008969,67.00000000
2018-02-26 21:56:25,0.00008969,100.00000000
2018-02-26 21:56:27,0.00008954,55.00000000
2018-02-26 21:56:27,0.00008953,322.00000000
2018-02-26 21:56:29,0.00008954,18.00000000
2018-02-26 21:56:29,0.00008954,28.00000000
2018-02-26 21:56:29,0.00008954,27.00000000
2018-02-26 21:56:29,0.00008954,58.00000000
2018-02-26 21:56:30,0.00008954,748.00000000
2018-02-26 21:56:30,0.00008954,642.00000000
2018-02-26 21:56:30,0.00008969,153.00000000
2018-02-26 21:56:31,0.00008969,111.00000000
2018-02-26 21:56:34,0.00008969,100.00000000
2018-02-26 21:56:35,0.00008969,88.00000000
2018-02-26 21:56:36,0.00008969,51.00000000
2018-02-26 21:56:38,0.00008969,227.00000000
2018-02-26 21:56:38,0.00008970,500.00000000
2018-02-26 21:56:39,0.00008969,20.00000000
2018-02-26 21:56:39,0.00008968,158.00000000
2018-02-26 21:56:39,0.00008970,1110.00000000
2018-02-26 21:56:39,0.00008971,970.00000000
2018-02-26 21:56:39,0.00008972,66.00000000
2018-02-26 21:56:43,0.00008972,54.00000000
2018-02-26 21:56:46,0.00008972,81.00000000
2018-02-26 21:56:49,0.00008972,43.00000000
2018-02-26 21:56:50,0.00008972,22.00000000
2018-02-26 21:56:51,0.00008972,62.00000000
2018-02-26 21:56:52,0.00008972,167.00000000
2018-02-26 21:56:57,0.00008970,43.00000000
2018-02-26 21:56:58,0.00008970,18.00000000
2018-02-26 21:56:58,0.00008972,14.00000000
2018-02-26 21:56:59,0.00008972,72.00000000
2018-02-26 21:57:01,0.00008971,55.00000000
2018-02-26 21:57:01,0.00008972,1396.00000000
2018-02-26 21:57:05,0.00008972,90.00000000
2018-02-26 21:57:06,0.00008972,10.00000000
2018-02-26 21:57:07,0.00008974,100.00000000
2018-02-26 21:57:07,0.00008972,670.00000000
2018-02-26 21:57:09,0.00008974,100.00000000
2018-02-26 21:57:09,0.00008975,24.00000000
2018-02-26 21:57:16,0.00008975,4.00000000
2018-02-26 21:57:16,0.00008980,40.00000000
2018-02-26 21:57:16,0.00008982,56.00000000
2018-02-26 21:57:22,0.00008969,20.00000000
2018-02-26 21:57:28,0.00008969,100.00000000
2018-02-26 21:57:30,0.00008969,29.00000000
2018-02-26 21:57:58,0.00008969,547.00000000
2018-02-26 21:57:59,0.00008969,538.00000000
2018-02-26 21:57:59,0.00008969,2215.00000000
2018-02-26 21:58:07,0.00008969,213.00000000
2018-02-26 21:58:10,0.00008961,27.00000000
2018-02-26 21:58:14,0.00008969,4589.00000000
2018-02-26 21:58:23,0.00008961,943.00000000
2018-02-26 21:58:25,0.00008961,205.00000000
2018-02-26 21:58:25,0.00008969,387.00000000
2018-02-26 21:58:27,0.00008969,104.00000000
2018-02-26 21:58:27,0.00008969,314.00000000
2018-02-26 21:58:32,0.00008959,220.00000000
2018-02-26 21:58:33,0.00008971,232.00000000
2018-02-26 21:58:34,0.00008968,58.00000000
2018-02-26 21:58:34,0.00008956,111.00000000
2018-02-26 21:58:36,0.00008957,117.00000000
2018-02-26 21:58:36,0.00008955,318.00000000
2018-02-26 21:58:36,0.00008954,20.00000000
2018-02-26 21:58:39,0.00008954,558.00000000
2018-02-26 21:58:40,0.00008971,55.00000000
2018-02-26 21:58:42,0.00008959,30.00000000
2018-02-26 21:58:42,0.00008954,528.00000000
2018-02-26 21:58:45,0.00008954,558.00000000
2018-02-26 21:58:46,0.00008954,3336.00000000
2018-02-26 21:58:46,0.00008953,558.00000000
2018-02-26 21:58:51,0.00008954,60.00000000
2018-02-26 21:58:51,0.00008955,120.00000000
2018-02-26 21:58:51,0.00008953,5.00000000
2018-02-26 21:58:55,0.00008953,78.00000000
2018-02-26 21:59:02,0.00008953,150.00000000
2018-02-26 21:59:04,0.00008966,78.00000000
2018-02-26 21:59:04,0.00008966,195.00000000
2018-02-26 21:59:06,0.00008970,163.00000000
2018-02-26 21:59:07,0.00008973,153.00000000
2018-02-26 21:59:09,0.00008967,36.00000000
2018-02-26 21:59:15,0.00008956,273.00000000
2018-02-26 21:59:16,0.00008954,104.00000000
2018-02-26 21:59:18,0.00008954,223.00000000
2018-02-26 21:59:18,0.00008970,79.00000000
2018-02-26 21:59:18,0.00008972,732.00000000
2018-02-26 21:59:22,0.00008969,90.00000000
2018-02-26 21:59:23,0.00008955,732.00000000
2018-02-26 21:59:25,0.00008954,289.00000000
2018-02-26 21:59:25,0.00008952,443.00000000
2018-02-26 21:59:36,0.00008952,2973.00000000
2018-02-26 21:59:39,0.00008952,242.00000000
2018-02-26 21:59:39,0.00008967,505.00000000
2018-02-26 21:59:40,0.00008952,505.00000000
2018-02-26 21:59:40,0.00008951,501.00000000
2018-02-26 21:59:40,0.00008951,559.00000000
2018-02-26 21:59:44,0.00008952,164.00000000
2018-02-26 21:59:44,0.00008951,582.00000000
2018-02-26 21:59:44,0.00008950,555.00000000
2018-02-26 21:59:44,0.00008950,408.00000000
2018-02-26 21:59:46,0.00008967,33.00000000
2018-02-26 21:59:46,0.00008964,147.00000000
2018-02-26 21:59:46,0.00008968,707.00000000
2018-02-26 21:59:46,0.00008971,146.00000000
2018-02-26 21:59:48,0.00008952,64.00000000
2018-02-26 21:59:48,0.00008950,49.00000000
2018-02-26 21:59:49,0.00008951,1000.00000000
2018-02-26 21:59:49,0.00008950,2006.00000000
2018-02-26 21:59:51,0.00008950,299.00000000
2018-02-26 21:59:52,0.00008950,65.00000000
2018-02-26 21:59:52,0.00008949,158.00000000
2018-02-26 21:59:52,0.00008949,701.00000000
2018-02-26 21:59:53,0.00008949,2305.00000000
