DATE,PRICE,VOLUME
2018-02-28 15:00:00,0.00008571,48.00000000
2018-02-28 15:00:02,0.00008571,1105.00000000
2018-02-28 15:00:02,0.00008570,538.00000000
2018-02-28 15:00:03,0.00008576,236.00000000
2018-02-28 15:00:06,0.00008571,7.00000000
2018-02-28 15:00:25,0.00008571,1057.00000000
2018-02-28 15:00:28,0.00008576,569.00000000
2018-02-28 15:00:29,0.00008571,1897.00000000
2018-02-28 15:00:29,0.00008576,188.00000000
2018-02-28 15:00:29,0.00008571,520.00000000
2018-02-28 15:00:33,0.00008576,168.00000000
2018-02-28 15:00:36,0.00008571,2184.00000000
2018-02-28 15:00:42,0.00008571,227.00000000
2018-02-28 15:00:44,0.00008571,63.00000000
2018-02-28 15:00:44,0.00008571,367.00000000
2018-02-28 15:00:46,0.00008571,46.00000000
2018-02-28 15:00:49,0.00008571,158.00000000
2018-02-28 15:00:49,0.00008571,525.00000000
2018-02-28 15:00:51,0.00008571,192.00000000
2018-02-28 15:00:59,0.00008571,309.00000000
2018-02-28 15:01:04,0.00008571,13.00000000
2018-02-28 15:01:14,0.00008571,914.00000000
2018-02-28 15:01:17,0.00008571,116.00000000
2018-02-28 15:01:19,0.00008571,100.00000000
2018-02-28 15:01:33,0.00008576,30.00000000
2018-02-28 15:01:41,0.00008573,116.00000000
2018-02-28 15:01:41,0.00008571,75.00000000
2018-02-28 15:01:47,0.00008571,190.00000000
2018-02-28 15:01:52,0.00008572,19.00000000
2018-02-28 15:01:52,0.00008573,97.00000000
2018-02-28 15:01:53,0.00008573,190.00000000
2018-02-28 15:01:59,0.00008571,22.00000000
2018-02-28 15:02:03,0.00008571,133.00000000
2018-02-28 15:02:03,0.00008572,280.00000000
2018-02-28 15:02:05,0.00008572,21.00000000
2018-02-28 15:02:05,0.00008573,25.00000000
2018-02-28 15:02:05,0.00008573,48.00000000
2018-02-28 15:02:05,0.00008573,76.00000000
2018-02-28 15:02:06,0.00008573,48.00000000
2018-02-28 15:02:06,0.00008573,1004.00000000
2018-02-28 15:02:07,0.00008572,23.00000000
2018-02-28 15:02:07,0.00008571,877.00000000
2018-02-28 15:02:07,0.00008572,10.00000000
2018-02-28 15:02:07,0.00008572,15.00000000
2018-02-28 15:02:07,0.00008573,2.00000000
2018-02-28 15:02:07,0.00008571,590.00000000
2018-02-28 15:02:13,0.00008573,121.00000000
2018-02-28 15:02:14,0.00008571,47.00000000
2018-02-28 15:02:14,0.00008571,837.00000000
2018-02-28 15:02:16,0.00008571,301.00000000
2018-02-28 15:02:18,0.00008573,1166.00000000
2018-02-28 15:02:18,0.00008573,887.00000000
2018-02-28 15:02:19,0.00008576,924.00000000
2018-02-28 15:02:19,0.00008576,229.00000000
2018-02-28 15:02:20,0.00008576,98.00000000
2018-02-28 15:02:21,0.00008571,497.00000000
2018-02-28 15:02:29,0.00008576,400.00000000
2018-02-28 15:02:29,0.00008571,90.00000000
2018-02-28 15:02:30,0.00008570,827.00000000
2018-02-28 15:02:31,0.00008571,359.00000000
2018-02-28 15:02:32,0.00008571,186.00000000
2018-02-28 15:02:34,0.00008571,17.00000000
2018-02-28 15:02:35,0.00008571,1.00000000
2018-02-28 15:02:38,0.00008571,118.00000000
2018-02-28 15:02:53,0.00008577,1.00000000
2018-02-28 15:02:53,0.00008571,25.00000000
2018-02-28 15:02:54,0.00008577,113.00000000
2018-02-28 15:02:54,0.00008578,150.00000000
2018-02-28 15:02:54,0.00008580,4068.00000000
2018-02-28 15:02:55,0.00008571,46.00000000
2018-02-28 15:02:57,0.00008571,192.00000000
2018-02-28 15:02:58,0.00008571,118.00000000
2018-02-28 15:02:58,0.00008571,205.00000000
2018-02-28 15:02:58,0.00008571,15.00000000
2018-02-28 15:02:58,0.00008570,116.00000000
2018-02-28 15:03:00,0.00008570,66.00000000
2018-02-28 15:03:00,0.00008571,89.00000000
2018-02-28 15:03:01,0.00008571,114.00000000
2018-02-28 15:03:01,0.00008580,1826.00000000
2018-02-28 15:03:01,0.00008584,995.00000000
2018-02-28 15:03:01,0.00008585,473.00000000
2018-02-28 15:03:02,0.00008571,46.00000000
2018-02-28 15:03:02,0.00008571,25.00000000
2018-02-28 15:03:02,0.00008571,46.00000000
2018-02-28 15:03:03,0.00008585,160.00000000
2018-02-28 15:03:03,0.00008576,20.00000000
2018-02-28 15:03:04,0.00008574,46.00000000
2018-02-28 15:03:06,0.00008579,127.00000000
2018-02-28 15:03:06,0.00008585,73.00000000
2018-02-28 15:03:07,0.00008576,46.00000000
2018-02-28 15:03:07,0.00008574,46.00000000
2018-02-28 15:03:11,0.00008574,46.00000000
2018-02-28 15:03:13,0.00008574,44.00000000
2018-02-28 15:03:14,0.00008573,2.00000000
2018-02-28 15:03:14,0.00008575,14.00000000
2018-02-28 15:03:16,0.00008571,210.00000000
2018-02-28 15:03:16,0.00008571,46.00000000
2018-02-28 15:03:18,0.00008571,46.00000000
2018-02-28 15:03:19,0.00008571,46.00000000
2018-02-28 15:03:20,0.00008573,46.00000000
2018-02-28 15:03:20,0.00008575,32.00000000
2018-02-28 15:03:20,0.00008576,27.00000000
2018-02-28 15:03:21,0.00008576,3.00000000
2018-02-28 15:03:21,0.00008571,46.00000000
2018-02-28 15:03:21,0.00008576,1.00000000
2018-02-28 15:03:23,0.00008574,46.00000000
2018-02-28 15:03:24,0.00008574,55.00000000
2018-02-28 15:03:25,0.00008571,30.00000000
2018-02-28 15:03:25,0.00008571,100.00000000
2018-02-28 15:03:26,0.00008571,536.00000000
2018-02-28 15:03:26,0.00008571,202.00000000
2018-02-28 15:03:28,0.00008573,50.00000000
2018-02-28 15:03:28,0.00008571,258.00000000
2018-02-28 15:03:32,0.00008571,111.00000000
2018-02-28 15:03:32,0.00008571,73.00000000
2018-02-28 15:03:43,0.00008573,22.00000000
2018-02-28 15:03:59,0.00008576,25.00000000
2018-02-28 15:04:03,0.00008574,433.00000000
2018-02-28 15:04:13,0.00008574,2.00000000
2018-02-28 15:04:15,0.00008574,66.00000000
2018-02-28 15:04:19,0.00008576,34.00000000
2018-02-28 15:04:20,0.00008576,45.00000000
2018-02-28 15:04:20,0.00008583,60.00000000
2018-02-28 15:04:30,0.00008576,11.00000000
2018-02-28 15:04:33,0.00008584,116.00000000
2018-02-28 15:04:35,0.00008581,58.00000000
2018-02-28 15:04:49,0.00008576,50.00000000
2018-02-28 15:04:59,0.00008576,100.00000000
2018-02-28 15:05:05,0.00008581,191.00000000
2018-02-28 15:05:22,0.00008576,78.00000000
2018-02-28 15:05:22,0.00008581,412.00000000
2018-02-28 15:05:23,0.00008576,29.00000000
2018-02-28 15:05:24,0.00008576,27.00000000
2018-02-28 15:05:26,0.00008576,113.00000000
2018-02-28 15:05:30,0.00008576,12.00000000
2018-02-28 15:05:31,0.00008576,233.00000000
2018-02-28 15:05:33,0.00008576,47.00000000
2018-02-28 15:05:35,0.00008581,116.00000000
2018-02-28 15:05:37,0.00008576,233.00000000
2018-02-28 15:05:41,0.00008580,100.00000000
2018-02-28 15:05:44,0.00008580,125.00000000
2018-02-28 15:05:50,0.00008576,116.00000000
2018-02-28 15:05:57,0.00008576,41.00000000
2018-02-28 15:05:59,0.00008576,425.00000000
2018-02-28 15:06:01,0.00008576,397.00000000
2018-02-28 15:06:02,0.00008574,233.00000000
2018-02-28 15:06:03,0.00008575,119.00000000
2018-02-28 15:06:03,0.00008576,81.00000000
2018-02-28 15:06:04,0.00008574,33.00000000
2018-02-28 15:06:06,0.00008574,27.00000000
2018-02-28 15:06:07,0.00008576,22.00000000
2018-02-28 15:06:11,0.00008576,516.00000000
2018-02-28 15:06:11,0.00008580,169.00000000
2018-02-28 15:06:16,0.00008580,2.00000000
2018-02-28 15:06:18,0.00008574,89.00000000
2018-02-28 15:06:23,0.00008574,160.00000000
2018-02-28 15:06:25,0.00008580,29.00000000
2018-02-28 15:06:26,0.00008580,747.00000000
2018-02-28 15:06:26,0.00008581,381.00000000
2018-02-28 15:06:26,0.00008584,452.00000000
2018-02-28 15:06:34,0.00008576,196.00000000
2018-02-28 15:06:39,0.00008580,86.00000000
2018-02-28 15:06:44,0.00008580,214.00000000
2018-02-28 15:06:45,0.00008580,36.00000000
2018-02-28 15:07:16,0.00008576,86.00000000
2018-02-28 15:07:18,0.00008580,111.00000000
2018-02-28 15:07:19,0.00008576,1164.00000000
2018-02-28 15:07:25,0.00008576,763.00000000
2018-02-28 15:07:28,0.00008576,213.00000000
2018-02-28 15:07:30,0.00008576,60.00000000
2018-02-28 15:07:32,0.00008576,13.00000000
2018-02-28 15:07:33,0.00008576,27.00000000
2018-02-28 15:07:35,0.00008576,422.00000000
2018-02-28 15:07:36,0.00008580,362.00000000
2018-02-28 15:07:37,0.00008576,545.00000000
2018-02-28 15:07:37,0.00008576,118.00000000
2018-02-28 15:07:50,0.00008576,814.00000000
2018-02-28 15:07:53,0.00008576,18.00000000
2018-02-28 15:07:54,0.00008576,3.00000000
2018-02-28 15:08:00,0.00008576,138.00000000
2018-02-28 15:08:00,0.00008576,297.00000000
2018-02-28 15:08:02,0.00008576,261.00000000
2018-02-28 15:08:10,0.00008576,103.00000000
2018-02-28 15:08:18,0.00008576,908.00000000
2018-02-28 15:08:18,0.00008574,175.00000000
2018-02-28 15:08:21,0.00008578,100.00000000
2018-02-28 15:08:23,0.00008574,1166.00000000
2018-02-28 15:08:23,0.00008574,3226.00000000
2018-02-28 15:08:24,0.00008573,86.00000000
2018-02-28 15:08:24,0.00008573,116.00000000
2018-02-28 15:08:29,0.00008573,115.00000000
2018-02-28 15:08:35,0.00008573,53.00000000
2018-02-28 15:08:36,0.00008576,100.00000000
2018-02-28 15:08:36,0.00008578,16.00000000
2018-02-28 15:08:36,0.00008578,48.00000000
2018-02-28 15:08:37,0.00008571,221.00000000
2018-02-28 15:08:37,0.00008569,12.00000000
2018-02-28 15:08:37,0.00008568,996.00000000
2018-02-28 15:08:37,0.00008566,71.00000000
2018-02-28 15:08:40,0.00008577,996.00000000
2018-02-28 15:08:40,0.00008578,1099.00000000
2018-02-28 15:08:40,0.00008579,225.00000000
2018-02-28 15:08:40,0.00008580,1177.00000000
2018-02-28 15:08:41,0.00008580,116.00000000
2018-02-28 15:08:47,0.00008580,1.00000000
2018-02-28 15:08:54,0.00008578,50.00000000
2018-02-28 15:08:54,0.00008574,130.00000000
2018-02-28 15:08:54,0.00008580,270.00000000
2018-02-28 15:08:58,0.00008580,68.00000000
2018-02-28 15:09:01,0.00008580,109.00000000
2018-02-28 15:09:05,0.00008580,389.00000000
2018-02-28 15:09:06,0.00008580,205.00000000
2018-02-28 15:09:12,0.00008575,42.00000000
2018-02-28 15:09:14,0.00008580,50.00000000
2018-02-28 15:09:17,0.00008575,108.00000000
2018-02-28 15:09:17,0.00008567,4892.00000000
2018-02-28 15:09:26,0.00008579,995.00000000
2018-02-28 15:09:26,0.00008580,5.00000000
2018-02-28 15:09:38,0.00008579,737.00000000
2018-02-28 15:09:38,0.00008580,380.00000000
2018-02-28 15:09:53,0.00008578,232.00000000
2018-02-28 15:09:59,0.00008577,30.00000000
2018-02-28 15:10:02,0.00008577,210.00000000
2018-02-28 15:10:12,0.00008577,150.00000000
2018-02-28 15:10:17,0.00008577,1013.00000000
2018-02-28 15:10:17,0.00008577,363.00000000
2018-02-28 15:10:17,0.00008576,592.00000000
2018-02-28 15:10:18,0.00008576,600.00000000
2018-02-28 15:10:18,0.00008577,150.00000000
2018-02-28 15:10:24,0.00008577,308.00000000
2018-02-28 15:10:31,0.00008577,1542.00000000
2018-02-28 15:10:31,0.00008576,808.00000000
2018-02-28 15:10:49,0.00008576,67.00000000
2018-02-28 15:10:49,0.00008576,150.00000000
2018-02-28 15:10:49,0.00008576,1314.00000000
2018-02-28 15:10:50,0.00008576,694.00000000
2018-02-28 15:10:51,0.00008576,70.00000000
2018-02-28 15:10:52,0.00008576,8.00000000
2018-02-28 15:10:52,0.00008578,1163.00000000
2018-02-28 15:10:52,0.00008580,8.00000000
2018-02-28 15:10:53,0.00008580,190.00000000
2018-02-28 15:10:53,0.00008582,101.00000000
2018-02-28 15:10:54,0.00008582,1314.00000000
2018-02-28 15:10:55,0.00008582,273.00000000
2018-02-28 15:10:56,0.00008582,1314.00000000
2018-02-28 15:10:57,0.00008582,40.00000000
2018-02-28 15:10:59,0.00008581,1163.00000000
2018-02-28 15:10:59,0.00008582,281.00000000
2018-02-28 15:11:00,0.00008575,30.00000000
2018-02-28 15:11:01,0.00008582,1314.00000000
2018-02-28 15:11:02,0.00008582,210.00000000
2018-02-28 15:11:03,0.00008580,130.00000000
2018-02-28 15:11:03,0.00008582,51.00000000
2018-02-28 15:11:03,0.00008579,26.00000000
2018-02-28 15:11:03,0.00008582,304.00000000
2018-02-28 15:11:04,0.00008569,80.00000000
2018-02-28 15:11:04,0.00008569,115.00000000
2018-02-28 15:11:05,0.00008582,271.00000000
2018-02-28 15:11:05,0.00008582,486.00000000
2018-02-28 15:11:07,0.00008581,195.00000000
2018-02-28 15:11:07,0.00008582,432.00000000
2018-02-28 15:11:07,0.00008584,220.00000000
2018-02-28 15:11:08,0.00008582,501.00000000
2018-02-28 15:11:09,0.00008568,30.00000000
2018-02-28 15:11:13,0.00008581,731.00000000
2018-02-28 15:11:24,0.00008580,12.00000000
2018-02-28 15:11:24,0.00008571,107.00000000
2018-02-28 15:11:24,0.00008568,870.00000000
2018-02-28 15:11:24,0.00008567,709.00000000
2018-02-28 15:11:24,0.00008566,1599.00000000
2018-02-28 15:11:24,0.00008565,435.00000000
2018-02-28 15:11:26,0.00008568,73.00000000
2018-02-28 15:11:29,0.00008584,15.00000000
2018-02-28 15:11:29,0.00008585,101.00000000
2018-02-28 15:11:31,0.00008568,49.00000000
2018-02-28 15:11:32,0.00008584,300.00000000
2018-02-28 15:11:36,0.00008580,65.00000000
2018-02-28 15:11:42,0.00008582,36.00000000
2018-02-28 15:11:42,0.00008582,430.00000000
2018-02-28 15:11:42,0.00008573,59.00000000
2018-02-28 15:11:51,0.00008574,29.00000000
2018-02-28 15:12:03,0.00008574,280.00000000
2018-02-28 15:12:05,0.00008580,262.00000000
2018-02-28 15:12:05,0.00008580,248.00000000
2018-02-28 15:12:11,0.00008574,358.00000000
2018-02-28 15:12:13,0.00008580,50.00000000
2018-02-28 15:12:13,0.00008574,12.00000000
2018-02-28 15:12:15,0.00008580,987.00000000
2018-02-28 15:12:16,0.00008580,253.00000000
2018-02-28 15:12:20,0.00008579,25.00000000
2018-02-28 15:12:20,0.00008580,1.00000000
2018-02-28 15:12:24,0.00008580,25.00000000
2018-02-28 15:12:30,0.00008579,122.00000000
2018-02-28 15:12:31,0.00008574,24.00000000
2018-02-28 15:12:32,0.00008580,25.00000000
2018-02-28 15:12:35,0.00008580,116.00000000
2018-02-28 15:12:36,0.00008580,5.00000000
2018-02-28 15:12:45,0.00008574,70.00000000
2018-02-28 15:12:47,0.00008574,28.00000000
2018-02-28 15:12:50,0.00008574,1000.00000000
2018-02-28 15:12:50,0.00008580,3085.00000000
2018-02-28 15:12:57,0.00008579,25.00000000
2018-02-28 15:13:01,0.00008579,210.00000000
2018-02-28 15:13:03,0.00008579,25.00000000
2018-02-28 15:13:05,0.00008579,156.00000000
2018-02-28 15:13:08,0.00008574,45.00000000
2018-02-28 15:13:11,0.00008579,250.00000000
2018-02-28 15:13:13,0.00008579,504.00000000
2018-02-28 15:13:16,0.00008574,1499.00000000
2018-02-28 15:13:24,0.00008574,469.00000000
2018-02-28 15:13:25,0.00008574,65.00000000
2018-02-28 15:13:31,0.00008577,100.00000000
2018-02-28 15:13:31,0.00008579,148.00000000
2018-02-28 15:13:32,0.00008579,100.00000000
2018-02-28 15:13:49,0.00008574,54.00000000
2018-02-28 15:13:51,0.00008579,212.00000000
2018-02-28 15:13:51,0.00008579,20.00000000
2018-02-28 15:13:55,0.00008579,16.00000000
2018-02-28 15:13:57,0.00008579,232.00000000
2018-02-28 15:14:03,0.00008579,210.00000000
2018-02-28 15:14:08,0.00008575,81.00000000
2018-02-28 15:14:08,0.00008574,119.00000000
2018-02-28 15:14:11,0.00008578,800.00000000
2018-02-28 15:14:12,0.00008578,1941.00000000
2018-02-28 15:14:33,0.00008578,224.00000000
2018-02-28 15:14:41,0.00008578,27.00000000
2018-02-28 15:14:42,0.00008578,236.00000000
2018-02-28 15:14:47,0.00008578,95.00000000
2018-02-28 15:14:53,0.00008574,19.00000000
2018-02-28 15:15:00,0.00008574,116.00000000
2018-02-28 15:15:01,0.00008574,216.00000000
2018-02-28 15:15:02,0.00008571,14.00000000
2018-02-28 15:15:02,0.00008570,99.00000000
2018-02-28 15:15:02,0.00008568,163.00000000
2018-02-28 15:15:02,0.00008565,732.00000000
2018-02-28 15:15:02,0.00008574,282.00000000
2018-02-28 15:15:02,0.00008577,3316.00000000
2018-02-28 15:15:02,0.00008578,1515.00000000
2018-02-28 15:15:02,0.00008574,210.00000000
2018-02-28 15:15:03,0.00008574,239.00000000
2018-02-28 15:15:04,0.00008574,738.00000000
2018-02-28 15:15:05,0.00008574,228.00000000
2018-02-28 15:15:05,0.00008574,193.00000000
2018-02-28 15:15:07,0.00008574,25.00000000
2018-02-28 15:15:08,0.00008574,650.00000000
2018-02-28 15:15:11,0.00008565,116.00000000
2018-02-28 15:15:12,0.00008574,25.00000000
2018-02-28 15:15:12,0.00008574,117.00000000
2018-02-28 15:15:12,0.00008575,621.00000000
2018-02-28 15:15:13,0.00008575,50.00000000
2018-02-28 15:15:13,0.00008565,137.00000000
2018-02-28 15:15:14,0.00008565,3383.00000000
2018-02-28 15:15:14,0.00008577,193.00000000
2018-02-28 15:15:17,0.00008565,116.00000000
2018-02-28 15:15:17,0.00008565,54.00000000
2018-02-28 15:15:24,0.00008576,537.00000000
2018-02-28 15:15:28,0.00008576,25.00000000
2018-02-28 15:15:33,0.00008576,25.00000000
2018-02-28 15:15:38,0.00008576,12.00000000
2018-02-28 15:15:45,0.00008576,1480.00000000
2018-02-28 15:15:49,0.00008575,25.00000000
2018-02-28 15:15:55,0.00008576,25.00000000
2018-02-28 15:15:57,0.00008575,2.00000000
2018-02-28 15:15:57,0.00008575,134.00000000
2018-02-28 15:15:58,0.00008575,14.00000000
2018-02-28 15:15:59,0.00008575,39.00000000
2018-02-28 15:15:59,0.00008575,29.00000000
2018-02-28 15:16:00,0.00008575,115.00000000
2018-02-28 15:16:01,0.00008575,25.00000000
2018-02-28 15:16:05,0.00008575,25.00000000
2018-02-28 15:16:11,0.00008575,25.00000000
2018-02-28 15:16:14,0.00008575,102.00000000
2018-02-28 15:16:15,0.00008575,25.00000000
2018-02-28 15:16:16,0.00008575,3667.00000000
2018-02-28 15:16:18,0.00008575,27.00000000
2018-02-28 15:16:20,0.00008575,25.00000000
2018-02-28 15:16:24,0.00008573,81.00000000
2018-02-28 15:16:24,0.00008573,73.00000000
2018-02-28 15:16:25,0.00008573,169.00000000
2018-02-28 15:16:25,0.00008575,24.00000000
2018-02-28 15:16:25,0.00008575,42.00000000
2018-02-28 15:16:25,0.00008576,178.00000000
2018-02-28 15:16:25,0.00008576,25.00000000
2018-02-28 15:16:25,0.00008576,300.00000000
2018-02-28 15:16:30,0.00008576,100.00000000
2018-02-28 15:16:43,0.00008576,1400.00000000
2018-02-28 15:16:45,0.00008573,116.00000000
2018-02-28 15:17:01,0.00008576,25.00000000
2018-02-28 15:17:01,0.00008576,3312.00000000
2018-02-28 15:17:02,0.00008577,210.00000000
2018-02-28 15:17:04,0.00008577,44.00000000
2018-02-28 15:17:06,0.00008575,600.00000000
2018-02-28 15:17:06,0.00008573,399.00000000
2018-02-28 15:17:12,0.00008573,12.00000000
2018-02-28 15:17:16,0.00008573,1508.00000000
2018-02-28 15:17:16,0.00008573,77.00000000
2018-02-28 15:17:17,0.00008573,53.00000000
2018-02-28 15:17:17,0.00008573,58.00000000
2018-02-28 15:17:18,0.00008573,48.00000000
2018-02-28 15:17:18,0.00008573,25.00000000
2018-02-28 15:17:18,0.00008573,44.00000000
2018-02-28 15:17:19,0.00008573,41.00000000
2018-02-28 15:17:20,0.00008573,37.00000000
2018-02-28 15:17:20,0.00008573,450.00000000
2018-02-28 15:17:20,0.00008575,37.00000000
2018-02-28 15:17:20,0.00008577,107.00000000
2018-02-28 15:17:20,0.00008573,548.00000000
2018-02-28 15:17:20,0.00008573,738.00000000
2018-02-28 15:17:21,0.00008568,125.00000000
2018-02-28 15:17:22,0.00008573,25.00000000
2018-02-28 15:17:27,0.00008573,25.00000000
2018-02-28 15:17:27,0.00008573,200.00000000
2018-02-28 15:17:29,0.00008573,738.00000000
2018-02-28 15:17:31,0.00008573,25.00000000
2018-02-28 15:17:31,0.00008573,200.00000000
2018-02-28 15:17:32,0.00008573,5.00000000
2018-02-28 15:17:36,0.00008573,25.00000000
2018-02-28 15:17:36,0.00008573,380.00000000
2018-02-28 15:17:37,0.00008573,140.00000000
2018-02-28 15:17:37,0.00008566,587.00000000
2018-02-28 15:17:37,0.00008565,5491.00000000
2018-02-28 15:17:38,0.00008573,738.00000000
2018-02-28 15:17:41,0.00008573,25.00000000
2018-02-28 15:17:42,0.00008573,75.00000000
2018-02-28 15:17:43,0.00008573,200.00000000
2018-02-28 15:17:44,0.00008573,476.00000000
2018-02-28 15:17:46,0.00008573,28.00000000
2018-02-28 15:17:47,0.00008573,738.00000000
2018-02-28 15:17:53,0.00008573,200.00000000
2018-02-28 15:17:56,0.00008573,515.00000000
2018-02-28 15:17:59,0.00008573,55.00000000
2018-02-28 15:18:01,0.00008573,222.00000000
2018-02-28 15:18:02,0.00008573,263.00000000
2018-02-28 15:18:02,0.00008573,133.00000000
2018-02-28 15:18:02,0.00008573,77.00000000
2018-02-28 15:18:05,0.00008573,83.00000000
2018-02-28 15:18:06,0.00008575,200.00000000
2018-02-28 15:18:07,0.00008575,106.00000000
2018-02-28 15:18:12,0.00008574,20.00000000
2018-02-28 15:18:12,0.00008573,50.00000000
2018-02-28 15:18:13,0.00008569,68.00000000
2018-02-28 15:18:13,0.00008567,70.00000000
2018-02-28 15:18:13,0.00008575,203.00000000
2018-02-28 15:18:14,0.00008567,165.00000000
2018-02-28 15:18:15,0.00008573,200.00000000
2018-02-28 15:18:16,0.00008573,2.00000000
2018-02-28 15:18:18,0.00008575,4838.00000000
2018-02-28 15:18:18,0.00008577,995.00000000
2018-02-28 15:18:18,0.00008578,2167.00000000
2018-02-28 15:18:21,0.00008573,37.00000000
2018-02-28 15:18:26,0.00008573,26.00000000
2018-02-28 15:18:26,0.00008578,174.00000000
2018-02-28 15:18:36,0.00008577,200.00000000
2018-02-28 15:18:43,0.00008577,1167.00000000
2018-02-28 15:18:47,0.00008577,17.00000000
2018-02-28 15:18:48,0.00008570,100.00000000
2018-02-28 15:18:54,0.00008576,14.00000000
2018-02-28 15:18:54,0.00008577,1111.00000000
2018-02-28 15:18:55,0.00008577,5.00000000
2018-02-28 15:18:56,0.00008577,396.00000000
2018-02-28 15:18:56,0.00008577,100.00000000
2018-02-28 15:18:58,0.00008577,1925.00000000
2018-02-28 15:19:02,0.00008577,210.00000000
2018-02-28 15:19:03,0.00008577,28.00000000
2018-02-28 15:19:04,0.00008577,398.00000000
2018-02-28 15:19:09,0.00008577,51.00000000
2018-02-28 15:19:10,0.00008578,51.00000000
2018-02-28 15:19:10,0.00008578,23.00000000
2018-02-28 15:19:17,0.00008578,50.00000000
2018-02-28 15:19:21,0.00008577,68.00000000
2018-02-28 15:19:22,0.00008577,27.00000000
2018-02-28 15:19:22,0.00008578,13.00000000
2018-02-28 15:19:22,0.00008578,933.00000000
2018-02-28 15:19:25,0.00008578,108.00000000
2018-02-28 15:19:26,0.00008578,446.00000000
2018-02-28 15:19:28,0.00008578,116.00000000
2018-02-28 15:19:29,0.00008570,29.00000000
2018-02-28 15:19:29,0.00008569,179.00000000
2018-02-28 15:19:31,0.00008578,511.00000000
2018-02-28 15:19:37,0.00008578,396.00000000
2018-02-28 15:19:38,0.00008578,483.00000000
2018-02-28 15:19:42,0.00008578,15.00000000
2018-02-28 15:19:50,0.00008578,57.00000000
2018-02-28 15:19:50,0.00008578,23.00000000
2018-02-28 15:19:50,0.00008578,56.00000000
2018-02-28 15:19:53,0.00008578,1364.00000000
2018-02-28 15:19:54,0.00008575,25.00000000
2018-02-28 15:19:54,0.00008575,10.00000000
2018-02-28 15:19:58,0.00008575,50.00000000
2018-02-28 15:20:01,0.00008577,210.00000000
2018-02-28 15:20:01,0.00008577,216.00000000
2018-02-28 15:20:02,0.00008577,150.00000000
2018-02-28 15:20:05,0.00008569,251.00000000
2018-02-28 15:20:05,0.00008568,995.00000000
2018-02-28 15:20:05,0.00008567,343.00000000
2018-02-28 15:20:05,0.00008565,1176.00000000
2018-02-28 15:20:05,0.00008562,69.00000000
2018-02-28 15:20:14,0.00008575,2592.00000000
2018-02-28 15:20:14,0.00008576,732.00000000
2018-02-28 15:20:14,0.00008570,22.00000000
2018-02-28 15:20:14,0.00008564,732.00000000
2018-02-28 15:20:14,0.00008563,44.00000000
2018-02-28 15:20:15,0.00008577,12.00000000
2018-02-28 15:20:18,0.00008563,70.00000000
2018-02-28 15:20:21,0.00008576,111.00000000
2018-02-28 15:20:31,0.00008564,111.00000000
2018-02-28 15:20:31,0.00008563,89.00000000
2018-02-28 15:20:38,0.00008575,14.00000000
2018-02-28 15:20:40,0.00008563,11.00000000
2018-02-28 15:20:40,0.00008563,183.00000000
2018-02-28 15:20:42,0.00008575,404.00000000
2018-02-28 15:20:42,0.00008576,995.00000000
2018-02-28 15:20:43,0.00008576,165.00000000
2018-02-28 15:20:45,0.00008577,116.00000000
2018-02-28 15:20:46,0.00008576,71.00000000
2018-02-28 15:20:52,0.00008576,1266.00000000
2018-02-28 15:21:02,0.00008577,210.00000000
2018-02-28 15:21:02,0.00008577,218.00000000
2018-02-28 15:21:02,0.00008576,100.00000000
2018-02-28 15:21:03,0.00008577,3497.00000000
2018-02-28 15:21:14,0.00008577,1166.00000000
2018-02-28 15:21:14,0.00008576,793.00000000
2018-02-28 15:21:16,0.00008577,5250.00000000
2018-02-28 15:21:21,0.00008578,940.00000000
2018-02-28 15:21:24,0.00008577,436.00000000
2018-02-28 15:21:25,0.00008577,29.00000000
2018-02-28 15:21:31,0.00008578,116.00000000
2018-02-28 15:21:32,0.00008577,139.00000000
2018-02-28 15:21:41,0.00008577,215.00000000
2018-02-28 15:21:44,0.00008578,164.00000000
2018-02-28 15:21:45,0.00008578,62.00000000
2018-02-28 15:21:46,0.00008578,14.00000000
2018-02-28 15:21:48,0.00008578,8.00000000
2018-02-28 15:22:02,0.00008578,210.00000000
2018-02-28 15:22:09,0.00008578,23.00000000
2018-02-28 15:22:09,0.00008578,96.00000000
2018-02-28 15:22:09,0.00008578,46.00000000
2018-02-28 15:22:10,0.00008578,175.00000000
2018-02-28 15:22:10,0.00008578,820.00000000
2018-02-28 15:22:10,0.00008578,46.00000000
2018-02-28 15:22:10,0.00008578,530.00000000
2018-02-28 15:22:11,0.00008578,19.00000000
2018-02-28 15:22:12,0.00008578,4309.00000000
2018-02-28 15:22:16,0.00008578,35.00000000
2018-02-28 15:22:16,0.00008578,564.00000000
2018-02-28 15:22:17,0.00008577,392.00000000
2018-02-28 15:22:18,0.00008578,442.00000000
2018-02-28 15:22:22,0.00008578,105.00000000
2018-02-28 15:22:36,0.00008577,302.00000000
2018-02-28 15:22:48,0.00008577,49.00000000
2018-02-28 15:22:51,0.00008578,20.00000000
2018-02-28 15:22:52,0.00008577,53.00000000
2018-02-28 15:22:57,0.00008577,71.00000000
2018-02-28 15:22:57,0.00008576,75.00000000
2018-02-28 15:22:58,0.00008576,2.00000000
2018-02-28 15:23:01,0.00008576,92.00000000
2018-02-28 15:23:01,0.00008578,202.00000000
2018-02-28 15:23:01,0.00008579,392.00000000
2018-02-28 15:23:01,0.00008580,11314.00000000
2018-02-28 15:23:01,0.00008580,210.00000000
2018-02-28 15:23:33,0.00008576,105.00000000
2018-02-28 15:23:33,0.00008576,116.00000000
2018-02-28 15:23:37,0.00008578,50.00000000
2018-02-28 15:23:39,0.00008576,198.00000000
2018-02-28 15:23:51,0.00008576,48.00000000
2018-02-28 15:23:53,0.00008576,95.00000000
2018-02-28 15:24:00,0.00008569,613.00000000
2018-02-28 15:24:00,0.00008568,1387.00000000
2018-02-28 15:24:01,0.00008576,210.00000000
2018-02-28 15:24:08,0.00008576,128.00000000
2018-02-28 15:24:08,0.00008576,79.00000000
2018-02-28 15:24:10,0.00008576,242.00000000
2018-02-28 15:24:20,0.00008578,499.00000000
2018-02-28 15:24:21,0.00008576,110.00000000
2018-02-28 15:24:21,0.00008576,36.00000000
2018-02-28 15:24:23,0.00008576,100.00000000
2018-02-28 15:24:24,0.00008576,116.00000000
2018-02-28 15:24:29,0.00008578,2.00000000
2018-02-28 15:24:32,0.00008578,31.00000000
2018-02-28 15:24:34,0.00008580,116.00000000
2018-02-28 15:24:35,0.00008578,27.00000000
2018-02-28 15:24:35,0.00008576,35.00000000
2018-02-28 15:24:39,0.00008576,116.00000000
2018-02-28 15:24:48,0.00008580,1166.00000000
2018-02-28 15:25:01,0.00008580,210.00000000
2018-02-28 15:25:02,0.00008580,210.00000000
2018-02-28 15:25:09,0.00008580,28.00000000
2018-02-28 15:25:10,0.00008579,20.00000000
2018-02-28 15:25:11,0.00008579,20.00000000
2018-02-28 15:25:11,0.00008580,31.00000000
2018-02-28 15:25:11,0.00008580,234.00000000
2018-02-28 15:25:12,0.00008584,46.00000000
2018-02-28 15:25:24,0.00008584,177.00000000
2018-02-28 15:25:24,0.00008585,4694.00000000
2018-02-28 15:25:24,0.00008586,848.00000000
2018-02-28 15:25:24,0.00008587,215.00000000
2018-02-28 15:25:24,0.00008588,1066.00000000
2018-02-28 15:25:36,0.00008581,116.00000000
2018-02-28 15:25:37,0.00008576,136.00000000
2018-02-28 15:25:37,0.00008570,211.00000000
2018-02-28 15:25:38,0.00008581,19.00000000
2018-02-28 15:25:38,0.00008584,97.00000000
2018-02-28 15:25:41,0.00008571,116.00000000
2018-02-28 15:25:42,0.00008571,25.00000000
2018-02-28 15:25:47,0.00008570,116.00000000
2018-02-28 15:25:50,0.00008571,599.00000000
2018-02-28 15:25:50,0.00008571,36.00000000
2018-02-28 15:25:50,0.00008571,90.00000000
2018-02-28 15:25:50,0.00008571,115.00000000
2018-02-28 15:25:51,0.00008571,46.00000000
2018-02-28 15:25:51,0.00008571,134.00000000
2018-02-28 15:25:51,0.00008584,46.00000000
2018-02-28 15:25:51,0.00008584,14.00000000
2018-02-28 15:25:53,0.00008574,90.00000000
2018-02-28 15:26:02,0.00008584,210.00000000
2018-02-28 15:26:03,0.00008584,302.00000000
2018-02-28 15:26:14,0.00008576,27.00000000
2018-02-28 15:26:14,0.00008574,436.00000000
2018-02-28 15:26:16,0.00008573,116.00000000
2018-02-28 15:26:17,0.00008576,44.00000000
2018-02-28 15:26:26,0.00008583,409.00000000
2018-02-28 15:26:26,0.00008584,147.00000000
2018-02-28 15:26:30,0.00008584,3697.00000000
2018-02-28 15:26:30,0.00008587,304.00000000
2018-02-28 15:26:30,0.00008588,4708.00000000
2018-02-28 15:26:30,0.00008589,525.00000000
2018-02-28 15:26:30,0.00008589,766.00000000
2018-02-28 15:26:31,0.00008589,736.00000000
2018-02-28 15:26:41,0.00008589,245.00000000
2018-02-28 15:26:44,0.00008589,123.00000000
2018-02-28 15:26:45,0.00008576,320.00000000
2018-02-28 15:26:49,0.00008576,116.00000000
2018-02-28 15:27:11,0.00008589,19.00000000
2018-02-28 15:27:11,0.00008589,24.00000000
2018-02-28 15:27:12,0.00008577,995.00000000
2018-02-28 15:27:12,0.00008576,5.00000000
2018-02-28 15:27:15,0.00008576,840.00000000
2018-02-28 15:27:21,0.00008576,741.00000000
2018-02-28 15:27:23,0.00008576,92.00000000
2018-02-28 15:27:32,0.00008576,242.00000000
2018-02-28 15:27:39,0.00008576,415.00000000
2018-02-28 15:27:49,0.00008588,88.00000000
2018-02-28 15:27:50,0.00008576,109.00000000
2018-02-28 15:28:01,0.00008588,80.00000000
2018-02-28 15:28:01,0.00008573,116.00000000
2018-02-28 15:28:05,0.00008588,189.00000000
2018-02-28 15:28:16,0.00008576,4.00000000
2018-02-28 15:28:33,0.00008576,36.00000000
2018-02-28 15:28:33,0.00008586,80.00000000
2018-02-28 15:28:33,0.00008586,116.00000000
2018-02-28 15:28:39,0.00008586,478.00000000
2018-02-28 15:28:39,0.00008586,1230.00000000
2018-02-28 15:28:40,0.00008573,156.00000000
2018-02-28 15:28:40,0.00008571,40.00000000
2018-02-28 15:28:40,0.00008570,293.00000000
2018-02-28 15:28:40,0.00008569,94.00000000
2018-02-28 15:28:40,0.00008569,56.00000000
2018-02-28 15:28:40,0.00008568,142.00000000
2018-02-28 15:28:40,0.00008566,135.00000000
2018-02-28 15:28:40,0.00008563,860.00000000
2018-02-28 15:28:51,0.00008568,633.00000000
2018-02-28 15:28:53,0.00008570,116.00000000
2018-02-28 15:29:07,0.00008575,38.00000000
2018-02-28 15:29:35,0.00008570,46.00000000
2018-02-28 15:29:39,0.00008570,1119.00000000
2018-02-28 15:29:40,0.00008570,182.00000000
2018-02-28 15:29:44,0.00008575,1165.00000000
2018-02-28 15:29:45,0.00008570,61.00000000
2018-02-28 15:29:49,0.00008570,82.00000000
2018-02-28 15:29:50,0.00008575,82.00000000
2018-02-28 15:29:55,0.00008575,19.00000000
2018-02-28 15:29:55,0.00008575,87.00000000
2018-02-28 15:30:01,0.00008575,200.00000000
2018-02-28 15:30:01,0.00008575,20.00000000
2018-02-28 15:30:03,0.00008575,180.00000000
2018-02-28 15:30:03,0.00008575,437.00000000
2018-02-28 15:30:19,0.00008575,274.00000000
2018-02-28 15:30:29,0.00008575,38.00000000
2018-02-28 15:30:30,0.00008575,139.00000000
2018-02-28 15:30:35,0.00008575,203.00000000
2018-02-28 15:30:37,0.00008575,237.00000000
2018-02-28 15:30:41,0.00008575,879.00000000
2018-02-28 15:30:41,0.00008584,355.00000000
2018-02-28 15:30:41,0.00008585,700.00000000
2018-02-28 15:30:41,0.00008586,178.00000000
2018-02-28 15:30:41,0.00008588,579.00000000
2018-02-28 15:30:49,0.00008588,53.00000000
2018-02-28 15:30:49,0.00008576,50.00000000
2018-02-28 15:30:51,0.00008576,103.00000000
2018-02-28 15:30:52,0.00008576,103.00000000
2018-02-28 15:30:53,0.00008575,105.00000000
2018-02-28 15:30:54,0.00008575,105.00000000
2018-02-28 15:30:56,0.00008576,74.00000000
2018-02-28 15:30:56,0.00008575,31.00000000
2018-02-28 15:30:57,0.00008575,103.00000000
2018-02-28 15:30:59,0.00008575,106.00000000
2018-02-28 15:30:59,0.00008575,2500.00000000
2018-02-28 15:31:00,0.00008575,105.00000000
2018-02-28 15:31:01,0.00008575,106.00000000
2018-02-28 15:31:02,0.00008576,106.00000000
2018-02-28 15:31:04,0.00008576,106.00000000
2018-02-28 15:31:07,0.00008576,100.00000000
2018-02-28 15:31:08,0.00008576,107.00000000
2018-02-28 15:31:18,0.00008577,116.00000000
2018-02-28 15:31:22,0.00008577,20.00000000
2018-02-28 15:31:23,0.00008577,100.00000000
2018-02-28 15:31:24,0.00008577,116.00000000
2018-02-28 15:31:29,0.00008587,103.00000000
2018-02-28 15:31:29,0.00008588,13.00000000
2018-02-28 15:31:31,0.00008577,305.00000000
2018-02-28 15:31:39,0.00008577,8.00000000
2018-02-28 15:31:39,0.00008576,68.00000000
2018-02-28 15:31:39,0.00008576,26.00000000
2018-02-28 15:32:07,0.00008577,116.00000000
2018-02-28 15:32:09,0.00008586,64.00000000
2018-02-28 15:32:09,0.00008587,109.00000000
2018-02-28 15:32:10,0.00008588,292.00000000
2018-02-28 15:32:10,0.00008577,89.00000000
2018-02-28 15:32:11,0.00008577,461.00000000
2018-02-28 15:32:12,0.00008577,649.00000000
2018-02-28 15:32:12,0.00008576,158.00000000
2018-02-28 15:32:13,0.00008576,104.00000000
2018-02-28 15:32:13,0.00008577,116.00000000
2018-02-28 15:32:19,0.00008577,116.00000000
2018-02-28 15:32:22,0.00008578,105.00000000
2018-02-28 15:32:25,0.00008589,7.00000000
2018-02-28 15:32:25,0.00008590,527.00000000
2018-02-28 15:32:25,0.00008578,323.00000000
2018-02-28 15:32:29,0.00008591,171.00000000
2018-02-28 15:32:29,0.00008591,11.00000000
2018-02-28 15:32:37,0.00008587,79.00000000
2018-02-28 15:32:37,0.00008588,271.00000000
2018-02-28 15:32:38,0.00008588,90.00000000
2018-02-28 15:32:39,0.00008589,116.00000000
2018-02-28 15:32:40,0.00008588,725.00000000
2018-02-28 15:32:44,0.00008586,252.00000000
2018-02-28 15:32:55,0.00008586,91.00000000
2018-02-28 15:33:06,0.00008592,246.00000000
2018-02-28 15:33:10,0.00008586,271.00000000
2018-02-28 15:33:12,0.00008593,40.00000000
2018-02-28 15:33:13,0.00008586,720.00000000
2018-02-28 15:33:20,0.00008586,116.00000000
2018-02-28 15:33:31,0.00008586,75.00000000
2018-02-28 15:33:35,0.00008586,95.00000000
2018-02-28 15:33:40,0.00008586,125.00000000
2018-02-28 15:33:46,0.00008592,25.00000000
2018-02-28 15:33:46,0.00008593,144.00000000
2018-02-28 15:33:58,0.00008592,16.00000000
2018-02-28 15:34:01,0.00008590,40.00000000
2018-02-28 15:34:01,0.00008587,230.00000000
2018-02-28 15:34:11,0.00008577,1837.00000000
2018-02-28 15:34:14,0.00008585,19.00000000
2018-02-28 15:34:15,0.00008585,25.00000000
2018-02-28 15:34:19,0.00008585,25.00000000
2018-02-28 15:34:24,0.00008585,23.00000000
2018-02-28 15:34:25,0.00008585,74.00000000
2018-02-28 15:34:30,0.00008585,743.00000000
2018-02-28 15:34:31,0.00008585,12.00000000
2018-02-28 15:34:37,0.00008585,116.00000000
2018-02-28 15:34:42,0.00008585,323.00000000
2018-02-28 15:34:43,0.00008585,116.00000000
2018-02-28 15:35:04,0.00008584,924.00000000
2018-02-28 15:35:06,0.00008580,27.00000000
2018-02-28 15:35:06,0.00008576,79.00000000
2018-02-28 15:35:07,0.00008576,106.00000000
2018-02-28 15:35:08,0.00008576,107.00000000
2018-02-28 15:35:10,0.00008584,414.00000000
2018-02-28 15:35:12,0.00008584,113.00000000
2018-02-28 15:35:12,0.00008576,101.00000000
2018-02-28 15:35:32,0.00008584,116.00000000
2018-02-28 15:35:36,0.00008577,26.00000000
2018-02-28 15:35:50,0.00008577,41.00000000
2018-02-28 15:35:54,0.00008577,47.00000000
2018-02-28 15:35:54,0.00008576,983.00000000
2018-02-28 15:35:58,0.00008580,18400.00000000
2018-02-28 15:35:58,0.00008576,664.00000000
2018-02-28 15:35:58,0.00008576,51.00000000
2018-02-28 15:36:02,0.00008575,116.00000000
2018-02-28 15:36:03,0.00008576,138.00000000
2018-02-28 15:36:12,0.00008576,248.00000000
2018-02-28 15:36:15,0.00008576,98.00000000
2018-02-28 15:36:16,0.00008576,53.00000000
2018-02-28 15:36:16,0.00008575,105.00000000
2018-02-28 15:36:17,0.00008575,113.00000000
2018-02-28 15:36:19,0.00008575,113.00000000
2018-02-28 15:36:20,0.00008575,116.00000000
2018-02-28 15:36:28,0.00008576,260.00000000
2018-02-28 15:36:30,0.00008576,117.00000000
2018-02-28 15:36:32,0.00008576,50.00000000
2018-02-28 15:36:32,0.00008576,10.00000000
2018-02-28 15:36:37,0.00008575,1049.00000000
2018-02-28 15:36:37,0.00008563,673.00000000
2018-02-28 15:36:37,0.00008562,316.00000000
2018-02-28 15:36:37,0.00008561,207.00000000
2018-02-28 15:36:37,0.00008559,796.00000000
2018-02-28 15:36:39,0.00008562,35.00000000
2018-02-28 15:36:40,0.00008575,31.00000000
2018-02-28 15:36:40,0.00008576,117.00000000
2018-02-28 15:36:49,0.00008565,277.00000000
2018-02-28 15:36:50,0.00008575,13.00000000
2018-02-28 15:36:51,0.00008575,692.00000000
2018-02-28 15:36:51,0.00008575,152.00000000
2018-02-28 15:36:52,0.00008575,116.00000000
2018-02-28 15:36:57,0.00008576,960.00000000
2018-02-28 15:37:05,0.00008576,960.00000000
2018-02-28 15:37:09,0.00008576,419.00000000
2018-02-28 15:37:12,0.00008575,106.00000000
2018-02-28 15:37:13,0.00008575,302.00000000
2018-02-28 15:37:13,0.00008563,116.00000000
2018-02-28 15:37:13,0.00008575,351.00000000
2018-02-28 15:37:23,0.00008576,566.00000000
2018-02-28 15:37:25,0.00008576,227.00000000
2018-02-28 15:37:25,0.00008576,140.00000000
2018-02-28 15:37:34,0.00008575,500.00000000
2018-02-28 15:37:40,0.00008575,207.00000000
2018-02-28 15:37:40,0.00008575,153.00000000
2018-02-28 15:37:47,0.00008576,583.00000000
2018-02-28 15:37:50,0.00008575,100.00000000
2018-02-28 15:37:53,0.00008576,34.00000000
2018-02-28 15:38:04,0.00008576,583.00000000
2018-02-28 15:38:04,0.00008576,76.00000000
2018-02-28 15:38:06,0.00008576,17.00000000
2018-02-28 15:38:06,0.00008576,583.00000000
2018-02-28 15:38:08,0.00008576,583.00000000
2018-02-28 15:38:09,0.00008576,761.00000000
2018-02-28 15:38:12,0.00008576,583.00000000
2018-02-28 15:38:14,0.00008576,583.00000000
2018-02-28 15:38:16,0.00008576,583.00000000
2018-02-28 15:38:17,0.00008576,50.00000000
2018-02-28 15:38:18,0.00008576,583.00000000
2018-02-28 15:38:20,0.00008576,583.00000000
2018-02-28 15:38:30,0.00008576,1113.00000000
2018-02-28 15:38:33,0.00008564,1261.00000000
2018-02-28 15:38:33,0.00008563,59.00000000
2018-02-28 15:38:35,0.00008576,116.00000000
2018-02-28 15:38:36,0.00008576,784.00000000
2018-02-28 15:38:42,0.00008576,1380.00000000
2018-02-28 15:38:48,0.00008576,3205.00000000
2018-02-28 15:38:56,0.00008565,436.00000000
2018-02-28 15:38:56,0.00008563,384.00000000
2018-02-28 15:39:01,0.00008576,52.00000000
2018-02-28 15:39:03,0.00008576,583.00000000
2018-02-28 15:39:05,0.00008576,583.00000000
2018-02-28 15:39:07,0.00008576,583.00000000
2018-02-28 15:39:08,0.00008576,67.00000000
2018-02-28 15:39:08,0.00008577,50.00000000
2018-02-28 15:39:08,0.00008582,114.00000000
2018-02-28 15:39:08,0.00008582,181.00000000
2018-02-28 15:39:09,0.00008566,527.00000000
2018-02-28 15:39:11,0.00008577,50.00000000
2018-02-28 15:39:12,0.00008581,116.00000000
2018-02-28 15:39:14,0.00008581,14.00000000
2018-02-28 15:39:30,0.00008582,205.00000000
2018-02-28 15:39:30,0.00008583,786.00000000
2018-02-28 15:39:34,0.00008583,116.00000000
2018-02-28 15:39:35,0.00008583,286.00000000
2018-02-28 15:39:37,0.00008581,153.00000000
2018-02-28 15:39:39,0.00008583,9.00000000
2018-02-28 15:39:39,0.00008584,4505.00000000
2018-02-28 15:39:47,0.00008584,144.00000000
2018-02-28 15:39:48,0.00008593,1.00000000
2018-02-28 15:40:16,0.00008584,219.00000000
2018-02-28 15:40:33,0.00008585,14.00000000
2018-02-28 15:40:33,0.00008584,91.00000000
2018-02-28 15:40:35,0.00008584,970.00000000
2018-02-28 15:40:35,0.00008584,150.00000000
2018-02-28 15:40:37,0.00008590,150.00000000
2018-02-28 15:40:38,0.00008584,23.00000000
2018-02-28 15:40:42,0.00008581,288.00000000
2018-02-28 15:40:47,0.00008590,225.00000000
2018-02-28 15:40:55,0.00008590,4.00000000
2018-02-28 15:40:55,0.00008593,23.00000000
2018-02-28 15:40:56,0.00008593,100.00000000
2018-02-28 15:40:56,0.00008593,1253.00000000
2018-02-28 15:40:57,0.00008594,100.00000000
2018-02-28 15:40:59,0.00008582,46.00000000
2018-02-28 15:41:03,0.00008586,47.00000000
2018-02-28 15:41:05,0.00008586,46.00000000
2018-02-28 15:41:07,0.00008586,112.00000000
2018-02-28 15:41:07,0.00008597,180.00000000
2018-02-28 15:41:10,0.00008597,414.00000000
2018-02-28 15:41:20,0.00008587,180.00000000
2018-02-28 15:41:22,0.00008587,50.00000000
2018-02-28 15:41:24,0.00008587,20.00000000
2018-02-28 15:41:24,0.00008586,26.00000000
2018-02-28 15:41:25,0.00008597,895.00000000
2018-02-28 15:41:26,0.00008597,481.00000000
2018-02-28 15:41:26,0.00008598,82.00000000
2018-02-28 15:41:26,0.00008599,377.00000000
2018-02-28 15:41:26,0.00008600,1373.00000000
2018-02-28 15:41:27,0.00008586,59.00000000
2018-02-28 15:41:30,0.00008597,23.00000000
2018-02-28 15:41:34,0.00008597,54.00000000
2018-02-28 15:41:34,0.00008600,8.00000000
2018-02-28 15:41:47,0.00008600,1579.00000000
2018-02-28 15:41:48,0.00008590,50.00000000
2018-02-28 15:41:48,0.00008587,50.00000000
2018-02-28 15:41:48,0.00008586,96.00000000
2018-02-28 15:41:58,0.00008600,1001.00000000
2018-02-28 15:42:06,0.00008586,46.00000000
2018-02-28 15:42:08,0.00008587,30.00000000
2018-02-28 15:42:08,0.00008586,310.00000000
2018-02-28 15:42:11,0.00008586,117.00000000
2018-02-28 15:42:13,0.00008586,46.00000000
2018-02-28 15:42:15,0.00008584,15.00000000
2018-02-28 15:42:16,0.00008583,31.00000000
2018-02-28 15:42:16,0.00008599,31.00000000
2018-02-28 15:42:18,0.00008581,42.00000000
2018-02-28 15:42:18,0.00008580,19.00000000
2018-02-28 15:42:18,0.00008580,154.00000000
2018-02-28 15:42:20,0.00008581,60.00000000
2018-02-28 15:42:20,0.00008581,46.00000000
2018-02-28 15:42:22,0.00008581,60.00000000
2018-02-28 15:42:29,0.00008598,900.00000000
2018-02-28 15:42:29,0.00008599,9470.00000000
2018-02-28 15:42:29,0.00008600,2882.00000000
2018-02-28 15:42:32,0.00008599,234.00000000
2018-02-28 15:42:32,0.00008600,501.00000000
2018-02-28 15:42:32,0.00008600,2176.00000000
2018-02-28 15:42:32,0.00008600,209.00000000
2018-02-28 15:42:32,0.00008600,233.00000000
2018-02-28 15:42:34,0.00008600,6168.00000000
2018-02-28 15:42:36,0.00008598,1452.00000000
2018-02-28 15:42:38,0.00008598,748.00000000
2018-02-28 15:42:38,0.00008600,274.00000000
2018-02-28 15:42:40,0.00008600,115.00000000
2018-02-28 15:42:42,0.00008600,284.00000000
2018-02-28 15:42:44,0.00008600,209.00000000
2018-02-28 15:43:02,0.00008600,375.00000000
2018-02-28 15:43:02,0.00008600,232.00000000
2018-02-28 15:43:02,0.00008600,337.00000000
2018-02-28 15:43:04,0.00008600,127.00000000
2018-02-28 15:43:08,0.00008596,46.00000000
2018-02-28 15:43:08,0.00008600,7830.00000000
2018-02-28 15:43:08,0.00008602,1022.00000000
2018-02-28 15:43:08,0.00008603,30.00000000
2018-02-28 15:43:08,0.00008607,318.00000000
2018-02-28 15:43:09,0.00008607,17.00000000
2018-02-28 15:43:10,0.00008596,46.00000000
2018-02-28 15:43:14,0.00008596,232.00000000
2018-02-28 15:43:14,0.00008600,31.00000000
2018-02-28 15:43:15,0.00008596,112.00000000
2018-02-28 15:43:21,0.00008600,181.00000000
2018-02-28 15:43:36,0.00008600,1130.00000000
2018-02-28 15:43:36,0.00008607,487.00000000
2018-02-28 15:43:36,0.00008610,182.00000000
2018-02-28 15:43:43,0.00008610,1617.00000000
2018-02-28 15:43:57,0.00008600,54.00000000
2018-02-28 15:43:57,0.00008609,417.00000000
2018-02-28 15:43:57,0.00008610,984.00000000
2018-02-28 15:44:00,0.00008598,76.00000000
2018-02-28 15:44:04,0.00008610,1310.00000000
2018-02-28 15:44:08,0.00008599,232.00000000
2018-02-28 15:44:14,0.00008609,15.00000000
2018-02-28 15:44:14,0.00008610,1078.00000000
2018-02-28 15:44:14,0.00008612,86.00000000
2018-02-28 15:44:15,0.00008610,41.00000000
2018-02-28 15:44:15,0.00008610,75.00000000
2018-02-28 15:44:20,0.00008600,66.00000000
2018-02-28 15:44:20,0.00008599,395.00000000
2018-02-28 15:44:20,0.00008598,1022.00000000
2018-02-28 15:44:20,0.00008596,779.00000000
2018-02-28 15:44:25,0.00008610,1000.00000000
2018-02-28 15:44:25,0.00008612,61.00000000
2018-02-28 15:44:30,0.00008612,540.00000000
2018-02-28 15:44:31,0.00008599,10.00000000
2018-02-28 15:44:32,0.00008600,20.00000000
2018-02-28 15:44:32,0.00008611,96.00000000
2018-02-28 15:44:34,0.00008599,232.00000000
2018-02-28 15:44:35,0.00008611,881.00000000
2018-02-28 15:44:46,0.00008600,516.00000000
2018-02-28 15:44:46,0.00008612,373.00000000
2018-02-28 15:45:03,0.00008610,184.00000000
2018-02-28 15:45:04,0.00008610,465.00000000
2018-02-28 15:45:27,0.00008600,100.00000000
2018-02-28 15:45:28,0.00008610,74.00000000
2018-02-28 15:45:29,0.00008610,79.00000000
2018-02-28 15:45:34,0.00008610,53.00000000
2018-02-28 15:45:36,0.00008610,2442.00000000
2018-02-28 15:45:45,0.00008610,116.00000000
2018-02-28 15:45:47,0.00008609,30.00000000
2018-02-28 15:45:47,0.00008609,51.00000000
2018-02-28 15:45:48,0.00008600,12.00000000
2018-02-28 15:45:48,0.00008599,130.00000000
2018-02-28 15:45:48,0.00008598,91.00000000
2018-02-28 15:45:48,0.00008596,471.00000000
2018-02-28 15:45:48,0.00008595,301.00000000
2018-02-28 15:45:48,0.00008590,995.00000000
2018-02-28 15:45:48,0.00008589,221.00000000
2018-02-28 15:45:48,0.00008588,3312.00000000
2018-02-28 15:45:48,0.00008583,900.00000000
2018-02-28 15:45:48,0.00008581,27.00000000
2018-02-28 15:45:48,0.00008580,36.00000000
2018-02-28 15:45:48,0.00008579,582.00000000
2018-02-28 15:45:48,0.00008577,150.00000000
2018-02-28 15:45:48,0.00008576,175.00000000
2018-02-28 15:45:48,0.00008573,260.00000000
2018-02-28 15:45:48,0.00008572,332.00000000
2018-02-28 15:45:48,0.00008571,1166.00000000
2018-02-28 15:45:48,0.00008570,1015.00000000
2018-02-28 15:45:48,0.00008567,588.00000000
2018-02-28 15:45:48,0.00008566,58.00000000
2018-02-28 15:45:48,0.00008565,130.00000000
2018-02-28 15:45:48,0.00008563,2934.00000000
2018-02-28 15:45:48,0.00008560,30.00000000
2018-02-28 15:45:48,0.00008558,341.00000000
2018-02-28 15:45:48,0.00008557,4679.00000000
2018-02-28 15:45:48,0.00008556,6000.00000000
2018-02-28 15:45:48,0.00008555,7064.00000000
2018-02-28 15:45:50,0.00008595,582.00000000
2018-02-28 15:45:52,0.00008596,168.00000000
2018-02-28 15:45:53,0.00008596,78.00000000
2018-02-28 15:45:53,0.00008598,139.00000000
2018-02-28 15:45:53,0.00008598,582.00000000
2018-02-28 15:45:54,0.00008598,445.00000000
2018-02-28 15:45:55,0.00008601,581.00000000
2018-02-28 15:45:58,0.00008606,251.00000000
2018-02-28 15:46:00,0.00008606,233.00000000
2018-02-28 15:46:04,0.00008608,66.00000000
2018-02-28 15:46:05,0.00008599,291.00000000
2018-02-28 15:46:08,0.00008599,173.00000000
2018-02-28 15:46:08,0.00008607,161.00000000
2018-02-28 15:46:11,0.00008585,36.00000000
2018-02-28 15:46:12,0.00008605,58.00000000
2018-02-28 15:46:12,0.00008606,206.00000000
2018-02-28 15:46:17,0.00008606,63.00000000
2018-02-28 15:46:18,0.00008606,858.00000000
2018-02-28 15:46:19,0.00008598,45.00000000
2018-02-28 15:46:19,0.00008588,556.00000000
2018-02-28 15:46:22,0.00008584,579.00000000
2018-02-28 15:46:22,0.00008583,49.00000000
2018-02-28 15:46:25,0.00008602,581.00000000
2018-02-28 15:46:26,0.00008601,47.00000000
2018-02-28 15:46:26,0.00008601,160.00000000
2018-02-28 15:46:26,0.00008601,346.00000000
2018-02-28 15:46:26,0.00008603,235.00000000
2018-02-28 15:46:28,0.00008603,581.00000000
2018-02-28 15:46:30,0.00008603,392.00000000
2018-02-28 15:46:32,0.00008602,581.00000000
2018-02-28 15:46:34,0.00008602,392.00000000
2018-02-28 15:46:34,0.00008603,189.00000000
2018-02-28 15:46:38,0.00008603,581.00000000
2018-02-28 15:46:39,0.00008603,35.00000000
2018-02-28 15:46:41,0.00008603,250.00000000
2018-02-28 15:46:42,0.00008600,232.00000000
2018-02-28 15:46:52,0.00008600,50.00000000
2018-02-28 15:46:56,0.00008600,268.00000000
2018-02-28 15:46:59,0.00008603,436.00000000
2018-02-28 15:46:59,0.00008604,145.00000000
2018-02-28 15:47:01,0.00008604,581.00000000
2018-02-28 15:47:05,0.00008604,132.00000000
2018-02-28 15:47:08,0.00008603,302.00000000
2018-02-28 15:47:11,0.00008587,476.00000000
2018-02-28 15:47:12,0.00008602,476.00000000
2018-02-28 15:47:12,0.00008603,3694.00000000
2018-02-28 15:47:12,0.00008604,141.00000000
2018-02-28 15:47:12,0.00008605,221.00000000
2018-02-28 15:47:12,0.00008606,2013.00000000
2018-02-28 15:47:13,0.00008606,581.00000000
2018-02-28 15:47:23,0.00008603,73.00000000
2018-02-28 15:47:23,0.00008605,225.00000000
2018-02-28 15:47:23,0.00008606,283.00000000
2018-02-28 15:47:29,0.00008606,116.00000000
2018-02-28 15:47:31,0.00008606,581.00000000
2018-02-28 15:47:33,0.00008606,581.00000000
2018-02-28 15:47:35,0.00008606,581.00000000
2018-02-28 15:47:39,0.00008605,581.00000000
2018-02-28 15:47:41,0.00008605,22.00000000
2018-02-28 15:47:44,0.00008605,391.00000000
2018-02-28 15:47:44,0.00008606,190.00000000
2018-02-28 15:47:48,0.00008606,581.00000000
2018-02-28 15:47:50,0.00008606,900.00000000
2018-02-28 15:47:50,0.00008606,100.00000000
2018-02-28 15:47:50,0.00008608,350.00000000
2018-02-28 15:47:51,0.00008608,360.00000000
2018-02-28 15:47:51,0.00008608,3526.00000000
2018-02-28 15:47:51,0.00008608,106.00000000
2018-02-28 15:47:51,0.00008608,1000.00000000
2018-02-28 15:47:51,0.00008608,899.00000000
2018-02-28 15:47:51,0.00008609,519.00000000
2018-02-28 15:47:51,0.00008610,457.00000000
2018-02-28 15:47:51,0.00008615,5428.00000000
2018-02-28 15:47:52,0.00008616,300.00000000
2018-02-28 15:47:52,0.00008615,137.00000000
2018-02-28 15:47:52,0.00008616,1028.00000000
2018-02-28 15:47:53,0.00008615,100.00000000
2018-02-28 15:47:57,0.00008615,23.00000000
2018-02-28 15:47:57,0.00008615,4500.00000000
2018-02-28 15:47:57,0.00008607,66.00000000
2018-02-28 15:48:01,0.00008607,14.00000000
2018-02-28 15:48:01,0.00008615,2360.00000000
2018-02-28 15:48:03,0.00008615,700.00000000
2018-02-28 15:48:09,0.00008615,160.00000000
2018-02-28 15:48:12,0.00008615,228.00000000
2018-02-28 15:48:13,0.00008614,419.00000000
2018-02-28 15:48:13,0.00008615,5918.00000000
2018-02-28 15:48:13,0.00008616,1584.00000000
2018-02-28 15:48:17,0.00008609,395.00000000
2018-02-28 15:48:17,0.00008607,5.00000000
2018-02-28 15:48:18,0.00008615,130.00000000
2018-02-28 15:48:18,0.00008616,397.00000000
2018-02-28 15:48:18,0.00008619,53.00000000
2018-02-28 15:48:22,0.00008619,47.00000000
2018-02-28 15:48:22,0.00008620,533.00000000
2018-02-28 15:48:24,0.00008620,580.00000000
2018-02-28 15:48:26,0.00008620,33.00000000
2018-02-28 15:48:26,0.00008621,547.00000000
2018-02-28 15:48:28,0.00008621,580.00000000
2018-02-28 15:48:30,0.00008621,580.00000000
2018-02-28 15:48:33,0.00008621,161.00000000
2018-02-28 15:48:34,0.00008621,107.00000000
2018-02-28 15:48:34,0.00008622,473.00000000
2018-02-28 15:48:37,0.00008608,75.00000000
2018-02-28 15:48:37,0.00008607,125.00000000
2018-02-28 15:48:40,0.00008622,580.00000000
2018-02-28 15:48:41,0.00008622,2338.00000000
2018-02-28 15:48:43,0.00008622,341.00000000
2018-02-28 15:48:43,0.00008625,31.00000000
2018-02-28 15:48:43,0.00008626,208.00000000
2018-02-28 15:48:56,0.00008625,20.00000000
2018-02-28 15:48:56,0.00008626,143.00000000
2018-02-28 15:49:15,0.00008626,366.00000000
2018-02-28 15:49:22,0.00008613,30.00000000
2018-02-28 15:49:27,0.00008613,110.00000000
2018-02-28 15:49:29,0.00008613,30.00000000
2018-02-28 15:49:31,0.00008626,170.00000000
2018-02-28 15:49:37,0.00008626,3.00000000
2018-02-28 15:49:44,0.00008620,1.00000000
2018-02-28 15:49:45,0.00008620,32.00000000
2018-02-28 15:49:47,0.00008620,57.00000000
2018-02-28 15:49:47,0.00008614,100.00000000
2018-02-28 15:49:47,0.00008613,43.00000000
2018-02-28 15:49:47,0.00008626,91.00000000
2018-02-28 15:49:47,0.00008613,164.00000000
2018-02-28 15:50:06,0.00008625,12.00000000
2018-02-28 15:50:07,0.00008613,11.00000000
2018-02-28 15:50:10,0.00008614,75.00000000
2018-02-28 15:50:10,0.00008613,131.00000000
2018-02-28 15:50:12,0.00008610,30.00000000
2018-02-28 15:50:13,0.00008613,15.00000000
2018-02-28 15:50:14,0.00008613,9.00000000
2018-02-28 15:50:19,0.00008613,15.00000000
2018-02-28 15:50:20,0.00008613,80.00000000
2018-02-28 15:50:20,0.00008613,5.00000000
2018-02-28 15:50:26,0.00008613,500.00000000
2018-02-28 15:50:28,0.00008625,462.00000000
2018-02-28 15:50:29,0.00008613,50.00000000
2018-02-28 15:50:35,0.00008613,90.00000000
2018-02-28 15:50:38,0.00008613,25.00000000
2018-02-28 15:50:39,0.00008613,16.00000000
2018-02-28 15:50:39,0.00008611,30.00000000
2018-02-28 15:50:40,0.00008613,70.00000000
2018-02-28 15:50:40,0.00008613,1.00000000
2018-02-28 15:50:41,0.00008613,200.00000000
2018-02-28 15:50:43,0.00008613,34.00000000
2018-02-28 15:50:45,0.00008625,116.00000000
2018-02-28 15:50:56,0.00008613,200.00000000
2018-02-28 15:50:56,0.00008624,455.00000000
2018-02-28 15:50:56,0.00008625,105.00000000
2018-02-28 15:51:08,0.00008614,825.00000000
2018-02-28 15:51:08,0.00008613,1237.00000000
2018-02-28 15:51:08,0.00008611,941.00000000
2018-02-28 15:51:08,0.00008609,299.00000000
2018-02-28 15:51:10,0.00008609,65.00000000
2018-02-28 15:51:12,0.00008619,75.00000000
2018-02-28 15:51:12,0.00008620,75.00000000
2018-02-28 15:51:32,0.00008619,51.00000000
2018-02-28 15:51:32,0.00008619,488.00000000
2018-02-28 15:51:32,0.00008620,10766.00000000
2018-02-28 15:51:32,0.00008625,2416.00000000
2018-02-28 15:51:32,0.00008626,7944.00000000
2018-02-28 15:51:35,0.00008625,18.00000000
2018-02-28 15:51:36,0.00008626,373.00000000
2018-02-28 15:51:37,0.00008610,75.00000000
2018-02-28 15:51:37,0.00008609,115.00000000
2018-02-28 15:51:46,0.00008626,127.00000000
2018-02-28 15:51:46,0.00008628,900.00000000
2018-02-28 15:51:46,0.00008629,3974.00000000
2018-02-28 15:51:46,0.00008630,225.00000000
2018-02-28 15:51:47,0.00008611,579.00000000
2018-02-28 15:51:47,0.00008610,75.00000000
2018-02-28 15:51:47,0.00008609,757.00000000
2018-02-28 15:51:51,0.00008629,580.00000000
2018-02-28 15:51:51,0.00008630,293.00000000
2018-02-28 15:51:51,0.00008632,60.00000000
2018-02-28 15:51:51,0.00008634,22.00000000
2018-02-28 15:51:51,0.00008635,817.00000000
2018-02-28 15:51:51,0.00008636,98.00000000
2018-02-28 15:51:52,0.00008626,105.00000000
2018-02-28 15:51:52,0.00008630,160.00000000
2018-02-28 15:51:52,0.00008630,32.00000000
2018-02-28 15:51:52,0.00008626,22.00000000
2018-02-28 15:51:52,0.00008620,101.00000000
2018-02-28 15:51:56,0.00008625,23.00000000
2018-02-28 15:51:56,0.00008625,877.00000000
2018-02-28 15:51:56,0.00008624,3802.00000000
2018-02-28 15:51:56,0.00008620,479.00000000
2018-02-28 15:51:56,0.00008610,107.00000000
2018-02-28 15:51:56,0.00008607,150.00000000
2018-02-28 15:51:56,0.00008606,33.00000000
2018-02-28 15:51:56,0.00008602,228.00000000
2018-02-28 15:51:56,0.00008601,121.00000000
2018-02-28 15:51:56,0.00008625,873.00000000
2018-02-28 15:51:58,0.00008635,400.00000000
2018-02-28 15:51:58,0.00008636,580.00000000
2018-02-28 15:51:58,0.00008637,33.00000000
2018-02-28 15:52:02,0.00008635,336.00000000
2018-02-28 15:52:05,0.00008615,580.00000000
2018-02-28 15:52:05,0.00008614,4206.00000000
2018-02-28 15:52:05,0.00008613,1019.00000000
2018-02-28 15:52:07,0.00008611,267.00000000
2018-02-28 15:52:11,0.00008611,24.00000000
2018-02-28 15:52:11,0.00008625,348.00000000
2018-02-28 15:52:13,0.00008623,452.00000000
2018-02-28 15:52:13,0.00008624,75.00000000
2018-02-28 15:52:13,0.00008625,553.00000000
2018-02-28 15:52:13,0.00008626,580.00000000
2018-02-28 15:52:13,0.00008627,560.00000000
2018-02-28 15:52:13,0.00008628,1050.00000000
2018-02-28 15:52:13,0.00008635,863.00000000
2018-02-28 15:52:14,0.00008625,100.00000000
2018-02-28 15:52:15,0.00008634,392.00000000
2018-02-28 15:52:17,0.00008635,365.00000000
2018-02-28 15:52:17,0.00008636,975.00000000
2018-02-28 15:52:17,0.00008637,900.00000000
2018-02-28 15:52:19,0.00008616,116.00000000
2018-02-28 15:52:20,0.00008637,26.00000000
2018-02-28 15:52:20,0.00008637,26.00000000
2018-02-28 15:52:24,0.00008630,15.00000000
2018-02-28 15:52:24,0.00008630,20.00000000
2018-02-28 15:52:24,0.00008630,25.00000000
2018-02-28 15:52:24,0.00008633,336.00000000
2018-02-28 15:52:31,0.00008630,115.00000000
2018-02-28 15:52:33,0.00008633,23.00000000
2018-02-28 15:52:33,0.00008625,277.00000000
2018-02-28 15:52:34,0.00008630,23.00000000
2018-02-28 15:52:34,0.00008632,52.00000000
2018-02-28 15:52:34,0.00008633,450.00000000
2018-02-28 15:52:34,0.00008625,120.00000000
2018-02-28 15:52:35,0.00008633,26.00000000
2018-02-28 15:52:35,0.00008625,283.00000000
2018-02-28 15:52:35,0.00008633,26.00000000
2018-02-28 15:52:37,0.00008625,115.00000000
2018-02-28 15:52:37,0.00008632,26.00000000
2018-02-28 15:52:38,0.00008632,26.00000000
2018-02-28 15:52:38,0.00008633,79.00000000
2018-02-28 15:52:38,0.00008637,579.00000000
2018-02-28 15:52:38,0.00008638,43.00000000
2018-02-28 15:52:38,0.00008640,454.00000000
2018-02-28 15:52:39,0.00008630,112.00000000
2018-02-28 15:52:41,0.00008640,391.00000000
2018-02-28 15:52:43,0.00008630,4.00000000
2018-02-28 15:52:43,0.00008626,111.00000000
2018-02-28 15:52:45,0.00008627,873.00000000
2018-02-28 15:52:49,0.00008626,130.00000000
2018-02-28 15:52:49,0.00008626,10.00000000
2018-02-28 15:52:55,0.00008622,115.00000000
2018-02-28 15:52:58,0.00008622,135.00000000
2018-02-28 15:52:58,0.00008622,112.00000000
2018-02-28 15:53:01,0.00008622,2088.00000000
2018-02-28 15:53:01,0.00008622,232.00000000
2018-02-28 15:53:03,0.00008629,14.00000000
2018-02-28 15:53:07,0.00008629,32.00000000
2018-02-28 15:53:07,0.00008640,648.00000000
2018-02-28 15:53:08,0.00008622,310.00000000
2018-02-28 15:53:08,0.00008615,84.00000000
2018-02-28 15:53:08,0.00008638,400.00000000
2018-02-28 15:53:08,0.00008639,12.00000000
2018-02-28 15:53:10,0.00008638,225.00000000
2018-02-28 15:53:17,0.00008638,194.00000000
2018-02-28 15:53:17,0.00008638,111.00000000
2018-02-28 15:53:17,0.00008622,296.00000000
2018-02-28 15:53:19,0.00008629,38.00000000
2018-02-28 15:53:23,0.00008629,12.00000000
2018-02-28 15:53:23,0.00008639,350.00000000
2018-02-28 15:53:23,0.00008640,3063.00000000
2018-02-28 15:53:23,0.00008641,1798.00000000
2018-02-28 15:53:23,0.00008642,107.00000000
2018-02-28 15:53:23,0.00008643,228.00000000
2018-02-28 15:53:23,0.00008644,63.00000000
2018-02-28 15:53:23,0.00008645,110.00000000
2018-02-28 15:53:23,0.00008647,644.00000000
2018-02-28 15:53:23,0.00008648,209.00000000
2018-02-28 15:53:23,0.00008650,5100.00000000
2018-02-28 15:53:23,0.00008652,998.00000000
2018-02-28 15:53:23,0.00008654,240.00000000
2018-02-28 15:53:23,0.00008655,402.00000000
2018-02-28 15:53:23,0.00008656,229.00000000
2018-02-28 15:53:23,0.00008657,436.00000000
2018-02-28 15:53:23,0.00008658,79.00000000
2018-02-28 15:53:27,0.00008626,1004.00000000
2018-02-28 15:53:27,0.00008625,155.00000000
2018-02-28 15:53:28,0.00008627,162.00000000
2018-02-28 15:53:33,0.00008628,115.00000000
2018-02-28 15:53:34,0.00008639,31.00000000
2018-02-28 15:53:35,0.00008639,224.00000000
2018-02-28 15:53:36,0.00008639,807.00000000
2018-02-28 15:53:39,0.00008626,463.00000000
2018-02-28 15:53:40,0.00008637,188.00000000
2018-02-28 15:53:40,0.00008638,193.00000000
2018-02-28 15:53:40,0.00008645,70.00000000
2018-02-28 15:53:40,0.00008645,240.00000000
2018-02-28 15:53:40,0.00008627,178.00000000
2018-02-28 15:53:40,0.00008626,622.00000000
2018-02-28 15:53:41,0.00008639,326.00000000
2018-02-28 15:53:42,0.00008639,614.00000000
2018-02-28 15:53:42,0.00008627,298.00000000
2018-02-28 15:53:42,0.00008627,255.00000000
2018-02-28 15:53:42,0.00008626,400.00000000
2018-02-28 15:53:42,0.00008626,16.00000000
2018-02-28 15:53:43,0.00008639,39.00000000
2018-02-28 15:53:43,0.00008644,338.00000000
2018-02-28 15:53:45,0.00008639,346.00000000
2018-02-28 15:53:45,0.00008639,10.00000000
2018-02-28 15:53:45,0.00008633,221.00000000
2018-02-28 15:53:47,0.00008639,23.00000000
2018-02-28 15:53:47,0.00008644,384.00000000
2018-02-28 15:53:48,0.00008644,9.00000000
2018-02-28 15:53:48,0.00008645,104.00000000
2018-02-28 15:53:49,0.00008645,1051.00000000
2018-02-28 15:53:49,0.00008649,900.00000000
2018-02-28 15:53:49,0.00008650,50.00000000
2018-02-28 15:53:49,0.00008653,2999.00000000
2018-02-28 15:53:51,0.00008634,694.00000000
2018-02-28 15:53:51,0.00008634,206.00000000
2018-02-28 15:53:51,0.00008633,330.00000000
2018-02-28 15:53:51,0.00008634,35.00000000
2018-02-28 15:53:56,0.00008645,82.00000000
2018-02-28 15:53:57,0.00008637,3309.00000000
2018-02-28 15:53:57,0.00008635,25.00000000
2018-02-28 15:53:59,0.00008635,560.00000000
2018-02-28 15:54:00,0.00008635,315.00000000
2018-02-28 15:54:00,0.00008634,1867.00000000
2018-02-28 15:54:00,0.00008635,201.00000000
2018-02-28 15:54:01,0.00008644,300.00000000
2018-02-28 15:54:01,0.00008645,73.00000000
2018-02-28 15:54:01,0.00008655,1202.00000000
2018-02-28 15:54:01,0.00008656,900.00000000
2018-02-28 15:54:01,0.00008658,178.00000000
2018-02-28 15:54:02,0.00008637,353.00000000
2018-02-28 15:54:02,0.00008657,876.00000000
2018-02-28 15:54:03,0.00008638,578.00000000
2018-02-28 15:54:04,0.00008639,200.00000000
2018-02-28 15:54:04,0.00008637,169.00000000
2018-02-28 15:54:04,0.00008637,219.00000000
2018-02-28 15:54:04,0.00008637,512.00000000
2018-02-28 15:54:04,0.00008634,99.00000000
2018-02-28 15:54:05,0.00008635,576.00000000
2018-02-28 15:54:06,0.00008636,46.00000000
2018-02-28 15:54:06,0.00008638,43.00000000
2018-02-28 15:54:06,0.00008637,510.00000000
2018-02-28 15:54:06,0.00008637,24.00000000
2018-02-28 15:54:07,0.00008637,2775.00000000
2018-02-28 15:54:07,0.00008635,77.00000000
2018-02-28 15:54:07,0.00008635,15.00000000
2018-02-28 15:54:07,0.00008634,152.00000000
2018-02-28 15:54:09,0.00008635,100.00000000
2018-02-28 15:54:09,0.00008634,15.00000000
2018-02-28 15:54:09,0.00008634,64.00000000
2018-02-28 15:54:10,0.00008634,46.00000000
2018-02-28 15:54:10,0.00008636,25.00000000
2018-02-28 15:54:11,0.00008636,43.00000000
2018-02-28 15:54:12,0.00008638,46.00000000
2018-02-28 15:54:13,0.00008646,109.00000000
2018-02-28 15:54:14,0.00008634,95.00000000
2018-02-28 15:54:14,0.00008634,13.00000000
2018-02-28 15:54:15,0.00008634,231.00000000
2018-02-28 15:54:17,0.00008634,46.00000000
2018-02-28 15:54:19,0.00008634,401.00000000
2018-02-28 15:54:21,0.00008635,4.00000000
2018-02-28 15:54:21,0.00008635,579.00000000
2018-02-28 15:54:21,0.00008634,14740.00000000
2018-02-28 15:54:23,0.00008633,2344.00000000
2018-02-28 15:54:24,0.00008626,335.00000000
2018-02-28 15:54:25,0.00008626,35.00000000
2018-02-28 15:54:25,0.00008626,190.00000000
2018-02-28 15:54:25,0.00008625,468.00000000
2018-02-28 15:54:28,0.00008625,25.00000000
2018-02-28 15:54:28,0.00008635,49.00000000
2018-02-28 15:54:29,0.00008635,204.00000000
2018-02-28 15:54:38,0.00008633,37.00000000
2018-02-28 15:54:39,0.00008629,29.00000000
2018-02-28 15:54:39,0.00008625,86.00000000
2018-02-28 15:54:39,0.00008625,277.00000000
2018-02-28 15:54:43,0.00008634,1137.00000000
2018-02-28 15:54:43,0.00008635,262.00000000
2018-02-28 15:54:43,0.00008636,98.00000000
2018-02-28 15:54:43,0.00008645,4028.00000000
2018-02-28 15:54:43,0.00008646,928.00000000
2018-02-28 15:54:51,0.00008630,115.00000000
2018-02-28 15:54:57,0.00008630,1158.00000000
2018-02-28 15:54:58,0.00008640,25.00000000
2018-02-28 15:55:02,0.00008640,111.00000000
2018-02-28 15:55:02,0.00008630,5821.00000000
2018-02-28 15:55:09,0.00008630,170.00000000
2018-02-28 15:55:10,0.00008630,100.00000000
2018-02-28 15:55:10,0.00008630,752.00000000
2018-02-28 15:55:10,0.00008636,567.00000000
2018-02-28 15:55:13,0.00008636,366.00000000
2018-02-28 15:55:13,0.00008641,59.00000000
2018-02-28 15:55:14,0.00008631,1158.00000000
2018-02-28 15:55:16,0.00008645,13.00000000
2018-02-28 15:55:16,0.00008646,48.00000000
2018-02-28 15:55:16,0.00008648,80.00000000
2018-02-28 15:55:20,0.00008631,1181.00000000
2018-02-28 15:55:20,0.00008630,1020.00000000
2018-02-28 15:55:23,0.00008630,15.00000000
2018-02-28 15:55:24,0.00008632,260.00000000
2018-02-28 15:55:26,0.00008631,231.00000000
2018-02-28 15:55:26,0.00008630,1439.00000000
2018-02-28 15:55:31,0.00008632,429.00000000
2018-02-28 15:55:33,0.00008631,20.00000000
2018-02-28 15:55:33,0.00008630,95.00000000
2018-02-28 15:55:34,0.00008630,260.00000000
2018-02-28 15:55:37,0.00008632,115.00000000
2018-02-28 15:55:39,0.00008630,115.00000000
2018-02-28 15:55:39,0.00008632,1594.00000000
2018-02-28 15:55:42,0.00008632,17.00000000
2018-02-28 15:55:45,0.00008630,689.00000000
2018-02-28 15:55:46,0.00008632,1167.00000000
2018-02-28 15:55:48,0.00008630,1950.00000000
2018-02-28 15:55:49,0.00008632,583.00000000
2018-02-28 15:55:49,0.00008639,28.00000000
2018-02-28 15:55:49,0.00008639,178.00000000
2018-02-28 15:55:49,0.00008639,90.00000000
2018-02-28 15:55:50,0.00008639,579.00000000
2018-02-28 15:55:51,0.00008639,115.00000000
2018-02-28 15:55:51,0.00008645,837.00000000
2018-02-28 15:55:51,0.00008645,12.00000000
2018-02-28 15:55:52,0.00008639,23.00000000
2018-02-28 15:55:57,0.00008630,2317.00000000
2018-02-28 15:56:00,0.00008630,2269.00000000
2018-02-28 15:56:03,0.00008630,579.00000000
2018-02-28 15:56:03,0.00008630,695.00000000
2018-02-28 15:56:04,0.00008630,579.00000000
2018-02-28 15:56:05,0.00008637,300.00000000
2018-02-28 15:56:05,0.00008638,75.00000000
2018-02-28 15:56:06,0.00008638,997.00000000
2018-02-28 15:56:06,0.00008638,998.00000000
2018-02-28 15:56:06,0.00008630,579.00000000
2018-02-28 15:56:08,0.00008630,580.00000000
2018-02-28 15:56:11,0.00008630,100.00000000
2018-02-28 15:56:12,0.00008630,5000.00000000
2018-02-28 15:56:15,0.00008630,115.00000000
2018-02-28 15:56:15,0.00008630,5000.00000000
2018-02-28 15:56:15,0.00008630,38.00000000
2018-02-28 15:56:16,0.00008630,1195.00000000
2018-02-28 15:56:17,0.00008630,1.00000000
2018-02-28 15:56:19,0.00008630,168.00000000
2018-02-28 15:56:19,0.00008630,1661.00000000
2018-02-28 15:56:22,0.00008630,535.00000000
2018-02-28 15:56:22,0.00008630,42.00000000
2018-02-28 15:56:22,0.00008638,75.00000000
2018-02-28 15:56:22,0.00008639,156.00000000
2018-02-28 15:56:27,0.00008634,165.00000000
2018-02-28 15:56:32,0.00008625,481.00000000
2018-02-28 15:56:45,0.00008622,48.00000000
2018-02-28 15:56:48,0.00008619,272.00000000
2018-02-28 15:56:48,0.00008613,107.00000000
2018-02-28 15:56:48,0.00008610,200.00000000
2018-02-28 15:56:48,0.00008609,460.00000000
2018-02-28 15:56:48,0.00008604,224.00000000
2018-02-28 15:56:48,0.00008602,229.00000000
2018-02-28 15:56:48,0.00008601,446.00000000
2018-02-28 15:56:49,0.00008619,66.00000000
2018-02-28 15:56:49,0.00008619,61.00000000
2018-02-28 15:56:49,0.00008618,42.00000000
2018-02-28 15:56:49,0.00008601,232.00000000
2018-02-28 15:57:08,0.00008615,83.00000000
2018-02-28 15:57:22,0.00008615,232.00000000
2018-02-28 15:57:24,0.00008610,18.00000000
2018-02-28 15:57:24,0.00008604,5.00000000
2018-02-28 15:57:24,0.00008604,42.00000000
2018-02-28 15:57:30,0.00008604,110.00000000
2018-02-28 15:57:32,0.00008615,116.00000000
2018-02-28 15:57:38,0.00008615,38.00000000
2018-02-28 15:57:42,0.00008604,85.00000000
2018-02-28 15:57:42,0.00008601,24.00000000
2018-02-28 15:57:44,0.00008601,107.00000000
2018-02-28 15:57:49,0.00008604,101.00000000
2018-02-28 15:57:49,0.00008601,399.00000000
2018-02-28 15:57:55,0.00008615,1245.00000000
2018-02-28 15:58:01,0.00008602,75.00000000
2018-02-28 15:58:01,0.00008601,4972.00000000
2018-02-28 15:58:01,0.00008600,4081.00000000
2018-02-28 15:58:11,0.00008615,129.00000000
2018-02-28 15:58:14,0.00008601,167.00000000
2018-02-28 15:58:14,0.00008601,5.00000000
2018-02-28 15:58:23,0.00008601,75.00000000
2018-02-28 15:58:23,0.00008600,500.00000000
2018-02-28 15:58:24,0.00008601,435.00000000
2018-02-28 15:58:33,0.00008613,116.00000000
2018-02-28 15:58:37,0.00008601,106.00000000
2018-02-28 15:58:47,0.00008612,200.00000000
2018-02-28 15:58:52,0.00008601,462.00000000
2018-02-28 15:59:10,0.00008602,38.00000000
2018-02-28 15:59:10,0.00008602,400.00000000
2018-02-28 15:59:15,0.00008604,487.00000000
2018-02-28 15:59:15,0.00008604,23.00000000
2018-02-28 15:59:17,0.00008602,106.00000000
2018-02-28 15:59:17,0.00008601,149.00000000
2018-02-28 15:59:23,0.00008602,27.00000000
2018-02-28 15:59:23,0.00008604,228.00000000
2018-02-28 15:59:23,0.00008611,187.00000000
2018-02-28 15:59:44,0.00008602,187.00000000
2018-02-28 15:59:44,0.00008601,2126.00000000
2018-02-28 15:59:50,0.00008601,93.00000000
2018-02-28 15:59:52,0.00008609,23.00000000
2018-02-28 15:59:52,0.00008609,277.00000000
2018-02-28 15:59:53,0.00008610,52.00000000
2018-02-28 15:59:56,0.00008610,17.00000000
