DATE,PRICE,VOLUME
2018-02-27 21:00:01,0.00008799,100.00000000
2018-02-27 21:00:02,0.00008808,208.00000000
2018-02-27 21:00:05,0.00008808,69.00000000
2018-02-27 21:00:09,0.00008808,109.00000000
2018-02-27 21:00:26,0.00008801,1500.00000000
2018-02-27 21:00:26,0.00008800,2104.00000000
2018-02-27 21:00:37,0.00008800,14.00000000
2018-02-27 21:00:38,0.00008807,234.00000000
2018-02-27 21:00:38,0.00008808,1231.00000000
2018-02-27 21:00:41,0.00008808,282.00000000
2018-02-27 21:00:45,0.00008800,1136.00000000
2018-02-27 21:00:45,0.00008808,69.00000000
2018-02-27 21:00:57,0.00008807,496.00000000
2018-02-27 21:00:57,0.00008808,562.00000000
2018-02-27 21:01:00,0.00008808,50.00000000
2018-02-27 21:01:00,0.00008800,487.00000000
2018-02-27 21:01:02,0.00008808,113.00000000
2018-02-27 21:01:08,0.00008808,63.00000000
2018-02-27 21:01:12,0.00008800,3552.00000000
2018-02-27 21:01:16,0.00008808,47.00000000
2018-02-27 21:01:17,0.00008808,1136.00000000
2018-02-27 21:01:17,0.00008808,1690.00000000
2018-02-27 21:01:18,0.00008808,16.00000000
2018-02-27 21:01:18,0.00008800,53.00000000
2018-02-27 21:01:24,0.00008808,12.00000000
2018-02-27 21:01:25,0.00008808,182.00000000
2018-02-27 21:01:25,0.00008800,577.00000000
2018-02-27 21:01:27,0.00008814,4.00000000
2018-02-27 21:01:32,0.00008808,1049.00000000
2018-02-27 21:01:48,0.00008813,14.00000000
2018-02-27 21:01:48,0.00008814,46.00000000
2018-02-27 21:01:48,0.00008810,89.00000000
2018-02-27 21:01:48,0.00008810,11.00000000
2018-02-27 21:01:48,0.00008808,32.00000000
2018-02-27 21:01:49,0.00008808,1591.00000000
2018-02-27 21:01:51,0.00008808,500.00000000
2018-02-27 21:01:53,0.00008808,223.00000000
2018-02-27 21:01:53,0.00008808,1244.00000000
2018-02-27 21:01:57,0.00008808,20.00000000
2018-02-27 21:01:58,0.00008808,274.00000000
2018-02-27 21:02:15,0.00008808,204.00000000
2018-02-27 21:02:18,0.00008808,271.00000000
2018-02-27 21:02:26,0.00008808,30.00000000
2018-02-27 21:02:30,0.00008808,56.00000000
2018-02-27 21:02:47,0.00008808,5000.00000000
2018-02-27 21:02:49,0.00008808,200.00000000
2018-02-27 21:02:49,0.00008805,14.00000000
2018-02-27 21:02:49,0.00008800,5661.00000000
2018-02-27 21:02:57,0.00008801,211.00000000
2018-02-27 21:02:57,0.00008799,939.00000000
2018-02-27 21:02:57,0.00008797,40.00000000
2018-02-27 21:02:57,0.00008796,176.00000000
2018-02-27 21:02:57,0.00008795,709.00000000
2018-02-27 21:03:13,0.00008801,19.00000000
2018-02-27 21:03:14,0.00008801,140.00000000
2018-02-27 21:03:14,0.00008795,389.00000000
2018-02-27 21:03:14,0.00008793,127.00000000
2018-02-27 21:03:14,0.00008791,262.00000000
2018-02-27 21:03:14,0.00008790,638.00000000
2018-02-27 21:03:19,0.00008800,50.00000000
2018-02-27 21:03:22,0.00008800,640.00000000
2018-02-27 21:03:22,0.00008791,90.00000000
2018-02-27 21:03:22,0.00008791,90.00000000
2018-02-27 21:03:23,0.00008791,100.00000000
2018-02-27 21:03:23,0.00008791,247.00000000
2018-02-27 21:03:23,0.00008807,158.00000000
2018-02-27 21:03:23,0.00008807,568.00000000
2018-02-27 21:03:24,0.00008807,15.00000000
2018-02-27 21:03:28,0.00008800,57.00000000
2018-02-27 21:03:29,0.00008807,57.00000000
2018-02-27 21:03:31,0.00008807,27.00000000
2018-02-27 21:03:31,0.00008807,27.00000000
2018-02-27 21:03:31,0.00008807,27.00000000
2018-02-27 21:03:31,0.00008807,241.00000000
2018-02-27 21:03:31,0.00008807,380.00000000
2018-02-27 21:03:31,0.00008808,1601.00000000
2018-02-27 21:03:31,0.00008807,621.00000000
2018-02-27 21:03:31,0.00008807,113.00000000
2018-02-27 21:03:43,0.00008808,3.00000000
2018-02-27 21:03:45,0.00008808,512.00000000
2018-02-27 21:03:45,0.00008808,13.00000000
2018-02-27 21:03:45,0.00008808,16.00000000
2018-02-27 21:03:45,0.00008808,13.00000000
2018-02-27 21:03:45,0.00008808,39.00000000
2018-02-27 21:03:46,0.00008812,45.00000000
2018-02-27 21:03:46,0.00008814,374.00000000
2018-02-27 21:03:46,0.00008808,310.00000000
2018-02-27 21:03:46,0.00008807,100.00000000
2018-02-27 21:03:46,0.00008807,113.00000000
2018-02-27 21:03:46,0.00008807,119.00000000
2018-02-27 21:03:46,0.00008808,95.00000000
2018-02-27 21:03:46,0.00008807,49.00000000
2018-02-27 21:03:46,0.00008815,100.00000000
2018-02-27 21:03:47,0.00008815,141.00000000
2018-02-27 21:03:47,0.00008815,363.00000000
2018-02-27 21:03:47,0.00008815,11.00000000
2018-02-27 21:03:48,0.00008815,125.00000000
2018-02-27 21:03:48,0.00008814,46.00000000
2018-02-27 21:03:48,0.00008814,105.00000000
2018-02-27 21:03:48,0.00008814,105.00000000
2018-02-27 21:03:49,0.00008814,180.00000000
2018-02-27 21:03:49,0.00008814,464.00000000
2018-02-27 21:03:49,0.00008814,900.00000000
2018-02-27 21:03:49,0.00008815,400.00000000
2018-02-27 21:03:49,0.00008815,900.00000000
2018-02-27 21:03:49,0.00008815,247.00000000
2018-02-27 21:03:49,0.00008815,90.00000000
2018-02-27 21:03:49,0.00008815,90.00000000
2018-02-27 21:03:51,0.00008815,24.00000000
2018-02-27 21:03:52,0.00008815,25.00000000
2018-02-27 21:03:52,0.00008815,533.00000000
2018-02-27 21:03:52,0.00008815,11.00000000
2018-02-27 21:03:52,0.00008808,23.00000000
2018-02-27 21:03:52,0.00008807,82.00000000
2018-02-27 21:03:56,0.00008814,729.00000000
2018-02-27 21:03:56,0.00008816,100.00000000
2018-02-27 21:03:56,0.00008817,293.00000000
2018-02-27 21:03:56,0.00008817,2007.00000000
2018-02-27 21:03:56,0.00008817,83.00000000
2018-02-27 21:03:56,0.00008820,892.00000000
2018-02-27 21:03:58,0.00008817,411.00000000
2018-02-27 21:04:00,0.00008817,168.00000000
2018-02-27 21:04:00,0.00008817,25.00000000
2018-02-27 21:04:00,0.00008820,869.00000000
2018-02-27 21:04:01,0.00008817,15.00000000
2018-02-27 21:04:01,0.00008820,1733.00000000
2018-02-27 21:04:01,0.00008819,105.00000000
2018-02-27 21:04:02,0.00008817,16.00000000
2018-02-27 21:04:02,0.00008817,32.00000000
2018-02-27 21:04:03,0.00008819,119.00000000
2018-02-27 21:04:03,0.00008817,112.00000000
2018-02-27 21:04:03,0.00008817,13.00000000
2018-02-27 21:04:03,0.00008816,282.00000000
2018-02-27 21:04:04,0.00008816,25.00000000
2018-02-27 21:04:04,0.00008819,18.00000000
2018-02-27 21:04:05,0.00008819,17.00000000
2018-02-27 21:04:06,0.00008819,18.00000000
2018-02-27 21:04:06,0.00008819,94.00000000
2018-02-27 21:04:06,0.00008819,93.00000000
2018-02-27 21:04:06,0.00008819,93.00000000
2018-02-27 21:04:07,0.00008817,48.00000000
2018-02-27 21:04:07,0.00008816,87.00000000
2018-02-27 21:04:07,0.00008814,349.00000000
2018-02-27 21:04:07,0.00008814,656.00000000
2018-02-27 21:04:07,0.00008819,18.00000000
2018-02-27 21:04:08,0.00008819,63.00000000
2018-02-27 21:04:08,0.00008819,39.00000000
2018-02-27 21:04:09,0.00008819,18.00000000
2018-02-27 21:04:10,0.00008819,161.00000000
2018-02-27 21:04:10,0.00008819,265.00000000
2018-02-27 21:04:11,0.00008820,145.00000000
2018-02-27 21:04:11,0.00008820,150.00000000
2018-02-27 21:04:12,0.00008820,228.00000000
2018-02-27 21:04:12,0.00008820,373.00000000
2018-02-27 21:04:13,0.00008818,14.00000000
2018-02-27 21:04:14,0.00008820,1000.00000000
2018-02-27 21:04:21,0.00008807,101.00000000
2018-02-27 21:04:21,0.00008801,531.00000000
2018-02-27 21:04:21,0.00008800,681.00000000
2018-02-27 21:04:21,0.00008800,63.00000000
2018-02-27 21:04:21,0.00008800,1168.00000000
2018-02-27 21:04:21,0.00008800,920.00000000
2018-02-27 21:04:21,0.00008800,40.00000000
2018-02-27 21:04:22,0.00008800,138.00000000
2018-02-27 21:04:22,0.00008799,19.00000000
2018-02-27 21:04:28,0.00008799,216.00000000
2018-02-27 21:04:28,0.00008799,1393.00000000
2018-02-27 21:04:28,0.00008799,1614.00000000
2018-02-27 21:04:29,0.00008813,284.00000000
2018-02-27 21:04:29,0.00008813,145.00000000
2018-02-27 21:04:48,0.00008811,15.00000000
2018-02-27 21:04:55,0.00008811,201.00000000
2018-02-27 21:04:56,0.00008797,68.00000000
2018-02-27 21:05:01,0.00008810,5.00000000
2018-02-27 21:05:04,0.00008810,9.00000000
2018-02-27 21:05:06,0.00008810,12.00000000
2018-02-27 21:05:07,0.00008809,19.00000000
2018-02-27 21:05:15,0.00008797,46.00000000
2018-02-27 21:05:19,0.00008807,143.00000000
2018-02-27 21:05:24,0.00008805,100.00000000
2018-02-27 21:05:30,0.00008808,5.00000000
2018-02-27 21:05:32,0.00008808,113.00000000
2018-02-27 21:05:36,0.00008798,248.00000000
2018-02-27 21:05:37,0.00008807,10.00000000
2018-02-27 21:05:42,0.00008804,202.00000000
2018-02-27 21:05:42,0.00008805,444.00000000
2018-02-27 21:05:45,0.00008798,84.00000000
2018-02-27 21:05:53,0.00008798,1399.00000000
2018-02-27 21:05:58,0.00008798,1229.00000000
2018-02-27 21:06:01,0.00008799,100.00000000
2018-02-27 21:06:03,0.00008799,263.00000000
2018-02-27 21:06:03,0.00008798,497.00000000
2018-02-27 21:06:04,0.00008798,500.00000000
2018-02-27 21:06:07,0.00008806,200.00000000
2018-02-27 21:06:07,0.00008806,878.00000000
2018-02-27 21:06:08,0.00008806,67.00000000
2018-02-27 21:06:12,0.00008798,4.00000000
2018-02-27 21:06:14,0.00008798,465.00000000
2018-02-27 21:06:30,0.00008798,53.00000000
2018-02-27 21:06:45,0.00008799,14.00000000
2018-02-27 21:06:48,0.00008798,99.00000000
2018-02-27 21:06:50,0.00008799,45.00000000
2018-02-27 21:06:57,0.00008800,30.00000000
2018-02-27 21:06:58,0.00008800,51.00000000
2018-02-27 21:07:01,0.00008807,200.00000000
2018-02-27 21:07:09,0.00008808,154.00000000
2018-02-27 21:07:15,0.00008807,723.00000000
2018-02-27 21:07:17,0.00008807,63.00000000
2018-02-27 21:07:22,0.00008800,168.00000000
2018-02-27 21:07:27,0.00008807,113.00000000
2018-02-27 21:07:29,0.00008801,269.00000000
2018-02-27 21:07:29,0.00008800,249.00000000
2018-02-27 21:07:33,0.00008804,15.00000000
2018-02-27 21:07:36,0.00008800,200.00000000
2018-02-27 21:07:45,0.00008800,93.00000000
2018-02-27 21:07:46,0.00008800,399.00000000
2018-02-27 21:07:48,0.00008800,16.00000000
2018-02-27 21:07:52,0.00008803,50.00000000
2018-02-27 21:07:53,0.00008800,162.00000000
2018-02-27 21:08:02,0.00008799,5.00000000
2018-02-27 21:08:05,0.00008800,252.00000000
2018-02-27 21:08:14,0.00008800,160.00000000
2018-02-27 21:08:20,0.00008800,161.00000000
2018-02-27 21:08:23,0.00008799,19.00000000
2018-02-27 21:08:23,0.00008798,283.00000000
2018-02-27 21:08:23,0.00008800,268.00000000
2018-02-27 21:08:25,0.00008800,50.00000000
2018-02-27 21:08:31,0.00008804,113.00000000
2018-02-27 21:08:35,0.00008800,114.00000000
2018-02-27 21:08:41,0.00008800,204.00000000
2018-02-27 21:08:43,0.00008800,370.00000000
2018-02-27 21:08:55,0.00008800,14.00000000
2018-02-27 21:08:56,0.00008800,16.00000000
2018-02-27 21:08:58,0.00008799,1845.00000000
2018-02-27 21:08:58,0.00008798,649.00000000
2018-02-27 21:08:58,0.00008795,943.00000000
2018-02-27 21:08:58,0.00008790,469.00000000
2018-02-27 21:09:08,0.00008799,141.00000000
2018-02-27 21:09:15,0.00008790,722.00000000
2018-02-27 21:09:16,0.00008796,90.00000000
2018-02-27 21:09:16,0.00008790,498.00000000
2018-02-27 21:09:18,0.00008790,24.00000000
2018-02-27 21:09:27,0.00008799,113.00000000
2018-02-27 21:09:28,0.00008791,1.00000000
2018-02-27 21:09:33,0.00008791,79.00000000
2018-02-27 21:09:36,0.00008791,415.00000000
2018-02-27 21:09:43,0.00008791,24.00000000
2018-02-27 21:09:43,0.00008798,172.00000000
2018-02-27 21:09:50,0.00008797,42.00000000
2018-02-27 21:09:55,0.00008797,30.00000000
2018-02-27 21:09:57,0.00008791,49.00000000
2018-02-27 21:09:57,0.00008796,30.00000000
2018-02-27 21:09:58,0.00008796,188.00000000
2018-02-27 21:10:01,0.00008791,477.00000000
2018-02-27 21:10:01,0.00008790,1179.00000000
2018-02-27 21:10:01,0.00008789,907.00000000
2018-02-27 21:10:07,0.00008796,419.00000000
2018-02-27 21:10:14,0.00008789,367.00000000
2018-02-27 21:10:14,0.00008789,2.00000000
2018-02-27 21:10:16,0.00008797,20.00000000
2018-02-27 21:10:17,0.00008797,188.00000000
2018-02-27 21:10:17,0.00008789,100.00000000
2018-02-27 21:10:21,0.00008789,4296.00000000
2018-02-27 21:10:23,0.00008789,890.00000000
2018-02-27 21:10:26,0.00008789,110.00000000
2018-02-27 21:10:28,0.00008789,56.00000000
2018-02-27 21:10:30,0.00008789,396.00000000
2018-02-27 21:10:30,0.00008789,470.00000000
2018-02-27 21:10:31,0.00008789,90.00000000
2018-02-27 21:10:31,0.00008789,1.00000000
2018-02-27 21:10:31,0.00008789,188.00000000
2018-02-27 21:10:32,0.00008789,701.00000000
2018-02-27 21:10:32,0.00008796,50.00000000
2018-02-27 21:10:32,0.00008797,811.00000000
2018-02-27 21:10:33,0.00008788,887.00000000
2018-02-27 21:10:34,0.00008788,33.00000000
2018-02-27 21:10:35,0.00008788,5091.00000000
2018-02-27 21:10:35,0.00008797,1140.00000000
2018-02-27 21:10:35,0.00008798,288.00000000
2018-02-27 21:10:35,0.00008799,5.00000000
2018-02-27 21:10:35,0.00008800,976.00000000
2018-02-27 21:10:37,0.00008786,833.00000000
2018-02-27 21:10:44,0.00008788,20.00000000
2018-02-27 21:10:53,0.00008790,200.00000000
2018-02-27 21:10:53,0.00008799,567.00000000
2018-02-27 21:11:00,0.00008799,88.00000000
2018-02-27 21:11:01,0.00008799,189.00000000
2018-02-27 21:11:01,0.00008799,23.00000000
2018-02-27 21:11:02,0.00008799,94.00000000
2018-02-27 21:11:02,0.00008799,27.00000000
2018-02-27 21:11:05,0.00008795,182.00000000
2018-02-27 21:11:05,0.00008795,188.00000000
2018-02-27 21:11:17,0.00008795,38.00000000
2018-02-27 21:11:26,0.00008795,13.00000000
2018-02-27 21:11:30,0.00008790,48.00000000
2018-02-27 21:11:44,0.00008790,233.00000000
2018-02-27 21:11:44,0.00008789,66.00000000
2018-02-27 21:11:44,0.00008788,181.00000000
2018-02-27 21:11:44,0.00008785,63.00000000
2018-02-27 21:11:49,0.00008795,85.00000000
2018-02-27 21:11:51,0.00008785,50.00000000
2018-02-27 21:11:59,0.00008785,303.00000000
2018-02-27 21:12:11,0.00008785,230.00000000
2018-02-27 21:12:34,0.00008795,113.00000000
2018-02-27 21:12:40,0.00008785,150.00000000
2018-02-27 21:12:54,0.00008785,946.00000000
2018-02-27 21:12:59,0.00008785,909.00000000
2018-02-27 21:13:03,0.00008795,9.00000000
2018-02-27 21:13:19,0.00008795,16.00000000
2018-02-27 21:13:30,0.00008785,455.00000000
2018-02-27 21:13:41,0.00008785,50.00000000
2018-02-27 21:13:42,0.00008785,1115.00000000
2018-02-27 21:13:44,0.00008784,88.00000000
2018-02-27 21:13:44,0.00008784,245.00000000
2018-02-27 21:13:46,0.00008783,109.00000000
2018-02-27 21:13:59,0.00008783,107.00000000
2018-02-27 21:14:02,0.00008783,129.00000000
2018-02-27 21:14:02,0.00008785,2774.00000000
2018-02-27 21:14:15,0.00008785,689.00000000
2018-02-27 21:14:17,0.00008783,262.00000000
2018-02-27 21:14:29,0.00008785,211.00000000
2018-02-27 21:14:34,0.00008795,22.00000000
2018-02-27 21:14:34,0.00008785,629.00000000
2018-02-27 21:14:36,0.00008785,364.00000000
2018-02-27 21:14:36,0.00008783,401.00000000
2018-02-27 21:14:53,0.00008795,11.00000000
2018-02-27 21:14:53,0.00008785,47.00000000
2018-02-27 21:14:53,0.00008785,6.00000000
2018-02-27 21:14:53,0.00008783,428.00000000
2018-02-27 21:14:55,0.00008783,581.00000000
2018-02-27 21:14:55,0.00008785,337.00000000
2018-02-27 21:15:16,0.00008795,104.00000000
2018-02-27 21:15:19,0.00008785,1168.00000000
2018-02-27 21:15:20,0.00008785,270.00000000
2018-02-27 21:15:21,0.00008785,188.00000000
2018-02-27 21:15:21,0.00008783,12.00000000
2018-02-27 21:15:21,0.00008785,500.00000000
2018-02-27 21:15:22,0.00008785,64.00000000
2018-02-27 21:15:22,0.00008785,118.00000000
2018-02-27 21:15:30,0.00008785,91.00000000
2018-02-27 21:15:42,0.00008785,113.00000000
2018-02-27 21:15:47,0.00008785,17.00000000
2018-02-27 21:15:53,0.00008785,61.00000000
2018-02-27 21:15:55,0.00008785,418.00000000
2018-02-27 21:15:58,0.00008785,525.00000000
2018-02-27 21:16:00,0.00008785,11.00000000
2018-02-27 21:16:12,0.00008785,438.00000000
2018-02-27 21:16:19,0.00008785,112.00000000
2018-02-27 21:16:24,0.00008785,2070.00000000
2018-02-27 21:16:24,0.00008785,356.00000000
2018-02-27 21:16:24,0.00008785,1436.00000000
2018-02-27 21:16:30,0.00008784,76.00000000
2018-02-27 21:16:32,0.00008784,5.00000000
2018-02-27 21:16:41,0.00008784,15.00000000
2018-02-27 21:16:41,0.00008785,98.00000000
2018-02-27 21:16:44,0.00008783,750.00000000
2018-02-27 21:16:49,0.00008785,138.00000000
2018-02-27 21:16:53,0.00008784,200.00000000
2018-02-27 21:16:53,0.00008785,954.00000000
2018-02-27 21:16:53,0.00008785,143.00000000
2018-02-27 21:16:55,0.00008785,57.00000000
2018-02-27 21:16:56,0.00008795,3259.00000000
2018-02-27 21:16:56,0.00008795,57.00000000
2018-02-27 21:16:58,0.00008791,121.00000000
2018-02-27 21:16:58,0.00008796,14.00000000
2018-02-27 21:16:58,0.00008800,417.00000000
2018-02-27 21:17:01,0.00008800,6109.00000000
2018-02-27 21:17:01,0.00008801,549.00000000
2018-02-27 21:17:01,0.00008803,600.00000000
2018-02-27 21:17:08,0.00008804,1137.00000000
2018-02-27 21:17:08,0.00008805,308.00000000
2018-02-27 21:17:08,0.00008805,100.00000000
2018-02-27 21:17:10,0.00008805,100.00000000
2018-02-27 21:17:13,0.00008805,937.00000000
2018-02-27 21:17:18,0.00008795,44.00000000
2018-02-27 21:17:20,0.00008795,285.00000000
2018-02-27 21:17:20,0.00008795,156.00000000
2018-02-27 21:17:20,0.00008788,100.00000000
2018-02-27 21:17:20,0.00008787,140.00000000
2018-02-27 21:17:24,0.00008787,1.00000000
2018-02-27 21:17:27,0.00008788,1000.00000000
2018-02-27 21:17:27,0.00008787,125.00000000
2018-02-27 21:17:27,0.00008805,140.00000000
2018-02-27 21:17:28,0.00008804,2.00000000
2018-02-27 21:17:33,0.00008804,76.00000000
2018-02-27 21:17:34,0.00008787,57.00000000
2018-02-27 21:17:34,0.00008788,900.00000000
2018-02-27 21:17:34,0.00008787,225.00000000
2018-02-27 21:17:39,0.00008804,352.00000000
2018-02-27 21:17:45,0.00008804,25.00000000
2018-02-27 21:18:06,0.00008803,24.00000000
2018-02-27 21:18:10,0.00008803,5.00000000
2018-02-27 21:18:10,0.00008804,237.00000000
2018-02-27 21:18:16,0.00008788,24.00000000
2018-02-27 21:18:17,0.00008788,90.00000000
2018-02-27 21:18:21,0.00008788,1306.00000000
2018-02-27 21:18:31,0.00008789,900.00000000
2018-02-27 21:18:31,0.00008788,1100.00000000
2018-02-27 21:18:31,0.00008803,434.00000000
2018-02-27 21:18:36,0.00008802,102.00000000
2018-02-27 21:18:36,0.00008788,20.00000000
2018-02-27 21:18:48,0.00008788,50.00000000
2018-02-27 21:18:49,0.00008788,500.00000000
2018-02-27 21:18:59,0.00008788,22.00000000
2018-02-27 21:19:01,0.00008788,55.00000000
2018-02-27 21:19:06,0.00008788,70.00000000
2018-02-27 21:19:11,0.00008802,30.00000000
2018-02-27 21:19:28,0.00008788,381.00000000
2018-02-27 21:19:29,0.00008802,63.00000000
2018-02-27 21:19:35,0.00008788,1200.00000000
2018-02-27 21:19:35,0.00008788,56.00000000
2018-02-27 21:19:43,0.00008788,13.00000000
2018-02-27 21:20:01,0.00008790,463.00000000
2018-02-27 21:20:12,0.00008800,127.00000000
2018-02-27 21:20:12,0.00008802,219.00000000
2018-02-27 21:20:12,0.00008790,188.00000000
2018-02-27 21:20:12,0.00008788,1795.00000000
2018-02-27 21:20:27,0.00008788,244.00000000
2018-02-27 21:20:30,0.00008788,582.00000000
2018-02-27 21:20:30,0.00008787,43.00000000
2018-02-27 21:20:30,0.00008786,385.00000000
2018-02-27 21:20:36,0.00008788,854.00000000
2018-02-27 21:20:38,0.00008788,1049.00000000
2018-02-27 21:20:39,0.00008788,755.00000000
2018-02-27 21:20:40,0.00008788,1134.00000000
2018-02-27 21:20:40,0.00008788,374.00000000
2018-02-27 21:20:53,0.00008787,61.00000000
2018-02-27 21:20:58,0.00008787,2.00000000
2018-02-27 21:21:06,0.00008786,47.00000000
2018-02-27 21:21:06,0.00008785,105.00000000
2018-02-27 21:21:18,0.00008787,18.00000000
2018-02-27 21:21:27,0.00008786,74.00000000
2018-02-27 21:21:39,0.00008787,20.00000000
2018-02-27 21:21:41,0.00008787,263.00000000
2018-02-27 21:21:42,0.00008787,88.00000000
2018-02-27 21:21:47,0.00008787,29.00000000
2018-02-27 21:21:51,0.00008787,184.00000000
2018-02-27 21:21:53,0.00008787,116.00000000
2018-02-27 21:21:53,0.00008785,37.00000000
2018-02-27 21:21:56,0.00008788,288.00000000
2018-02-27 21:21:57,0.00008788,811.00000000
2018-02-27 21:22:02,0.00008788,20.00000000
2018-02-27 21:22:17,0.00008788,1000.00000000
2018-02-27 21:22:31,0.00008792,113.00000000
2018-02-27 21:22:36,0.00008792,286.00000000
2018-02-27 21:22:36,0.00008795,114.00000000
2018-02-27 21:22:36,0.00008802,1120.00000000
2018-02-27 21:22:38,0.00008792,130.00000000
2018-02-27 21:22:40,0.00008792,25.00000000
2018-02-27 21:22:43,0.00008792,25.00000000
2018-02-27 21:22:47,0.00008792,25.00000000
2018-02-27 21:22:51,0.00008792,13.00000000
2018-02-27 21:22:52,0.00008800,130.00000000
2018-02-27 21:22:52,0.00008792,2886.00000000
2018-02-27 21:22:53,0.00008791,263.00000000
2018-02-27 21:22:54,0.00008791,124.00000000
2018-02-27 21:22:56,0.00008791,18.00000000
2018-02-27 21:22:56,0.00008791,1116.00000000
2018-02-27 21:22:57,0.00008791,582.00000000
2018-02-27 21:22:57,0.00008791,382.00000000
2018-02-27 21:23:01,0.00008788,21.00000000
2018-02-27 21:23:01,0.00008785,707.00000000
2018-02-27 21:23:10,0.00008791,81.00000000
2018-02-27 21:23:19,0.00008798,577.00000000
2018-02-27 21:23:19,0.00008799,266.00000000
2018-02-27 21:23:30,0.00008787,62.00000000
2018-02-27 21:23:37,0.00008798,19.00000000
2018-02-27 21:23:42,0.00008797,12.00000000
2018-02-27 21:23:46,0.00008798,18.00000000
2018-02-27 21:23:51,0.00008798,1100.00000000
2018-02-27 21:23:51,0.00008800,200.00000000
2018-02-27 21:23:51,0.00008801,39.00000000
2018-02-27 21:23:51,0.00008802,64.00000000
2018-02-27 21:23:51,0.00008803,385.00000000
2018-02-27 21:23:51,0.00008804,670.00000000
2018-02-27 21:23:51,0.00008805,47.00000000
2018-02-27 21:23:51,0.00008806,930.00000000
2018-02-27 21:23:51,0.00008809,14.00000000
2018-02-27 21:23:51,0.00008810,418.00000000
2018-02-27 21:23:51,0.00008812,150.00000000
2018-02-27 21:23:51,0.00008813,115.00000000
2018-02-27 21:23:51,0.00008816,179.00000000
2018-02-27 21:23:51,0.00008818,325.00000000
2018-02-27 21:24:05,0.00008798,15.00000000
2018-02-27 21:24:05,0.00008798,287.00000000
2018-02-27 21:24:06,0.00008815,100.00000000
2018-02-27 21:24:07,0.00008816,101.00000000
2018-02-27 21:24:07,0.00008817,574.00000000
2018-02-27 21:24:08,0.00008814,1.00000000
2018-02-27 21:24:08,0.00008815,13.00000000
2018-02-27 21:24:10,0.00008798,90.00000000
2018-02-27 21:24:16,0.00008798,410.00000000
2018-02-27 21:24:30,0.00008814,11.00000000
2018-02-27 21:24:31,0.00008813,113.00000000
2018-02-27 21:24:40,0.00008812,51.00000000
2018-02-27 21:24:40,0.00008813,249.00000000
2018-02-27 21:24:44,0.00008813,11.00000000
2018-02-27 21:25:06,0.00008812,79.00000000
2018-02-27 21:25:06,0.00008813,121.00000000
2018-02-27 21:25:15,0.00008813,1090.00000000
2018-02-27 21:25:15,0.00008813,191.00000000
2018-02-27 21:25:15,0.00008813,56.00000000
2018-02-27 21:25:15,0.00008813,443.00000000
2018-02-27 21:25:16,0.00008811,80.00000000
2018-02-27 21:25:18,0.00008800,121.00000000
2018-02-27 21:25:20,0.00008811,222.00000000
2018-02-27 21:25:21,0.00008811,27.00000000
2018-02-27 21:25:21,0.00008811,23.00000000
2018-02-27 21:25:21,0.00008811,21.00000000
2018-02-27 21:25:21,0.00008811,168.00000000
2018-02-27 21:25:21,0.00008811,49.00000000
2018-02-27 21:25:21,0.00008800,288.00000000
2018-02-27 21:25:21,0.00008801,15.00000000
2018-02-27 21:25:22,0.00008801,116.00000000
2018-02-27 21:25:28,0.00008799,78.00000000
2018-02-27 21:25:28,0.00008799,32.00000000
2018-02-27 21:25:33,0.00008799,200.00000000
2018-02-27 21:25:40,0.00008801,30.00000000
2018-02-27 21:25:44,0.00008801,1.00000000
2018-02-27 21:25:50,0.00008801,44.00000000
2018-02-27 21:25:50,0.00008811,207.00000000
2018-02-27 21:25:50,0.00008800,135.00000000
2018-02-27 21:25:51,0.00008800,21.00000000
2018-02-27 21:25:51,0.00008799,279.00000000
2018-02-27 21:25:52,0.00008799,32.00000000
2018-02-27 21:25:57,0.00008799,1692.00000000
2018-02-27 21:26:02,0.00008799,166.00000000
2018-02-27 21:26:07,0.00008799,138.00000000
2018-02-27 21:26:11,0.00008799,30.00000000
2018-02-27 21:26:11,0.00008799,15.00000000
2018-02-27 21:26:16,0.00008799,212.00000000
2018-02-27 21:26:17,0.00008800,30.00000000
2018-02-27 21:26:17,0.00008800,217.00000000
2018-02-27 21:26:22,0.00008800,76.00000000
2018-02-27 21:26:23,0.00008800,180.00000000
2018-02-27 21:26:29,0.00008801,80.00000000
2018-02-27 21:26:32,0.00008801,18.00000000
2018-02-27 21:26:35,0.00008801,174.00000000
2018-02-27 21:26:35,0.00008801,20.00000000
2018-02-27 21:26:35,0.00008800,5.00000000
2018-02-27 21:26:36,0.00008800,360.00000000
2018-02-27 21:26:36,0.00008800,562.00000000
2018-02-27 21:26:36,0.00008800,15.00000000
2018-02-27 21:26:37,0.00008800,135.00000000
2018-02-27 21:26:37,0.00008800,18.00000000
2018-02-27 21:26:38,0.00008800,1136.00000000
2018-02-27 21:26:38,0.00008800,1909.00000000
2018-02-27 21:26:38,0.00008800,13.00000000
2018-02-27 21:26:39,0.00008800,73.00000000
2018-02-27 21:26:39,0.00008800,14.00000000
2018-02-27 21:26:40,0.00008801,48.00000000
2018-02-27 21:26:41,0.00008801,272.00000000
2018-02-27 21:26:42,0.00008801,115.00000000
2018-02-27 21:26:42,0.00008800,16.00000000
2018-02-27 21:26:42,0.00008800,775.00000000
2018-02-27 21:26:43,0.00008800,141.00000000
2018-02-27 21:26:43,0.00008800,185.00000000
2018-02-27 21:26:43,0.00008799,3595.00000000
2018-02-27 21:26:43,0.00008798,325.00000000
2018-02-27 21:26:43,0.00008798,91.00000000
2018-02-27 21:26:43,0.00008801,90.00000000
2018-02-27 21:26:43,0.00008801,10.00000000
2018-02-27 21:26:45,0.00008800,31.00000000
2018-02-27 21:26:48,0.00008800,47.00000000
2018-02-27 21:26:51,0.00008800,135.00000000
2018-02-27 21:26:51,0.00008800,458.00000000
2018-02-27 21:26:57,0.00008800,19.00000000
2018-02-27 21:26:59,0.00008800,103.00000000
2018-02-27 21:27:03,0.00008800,332.00000000
2018-02-27 21:27:07,0.00008807,1110.00000000
2018-02-27 21:27:19,0.00008807,72.00000000
2018-02-27 21:27:19,0.00008808,1679.00000000
2018-02-27 21:27:19,0.00008810,250.00000000
2018-02-27 21:27:21,0.00008807,48.00000000
2018-02-27 21:27:22,0.00008807,63.00000000
2018-02-27 21:27:22,0.00008807,63.00000000
2018-02-27 21:27:22,0.00008810,411.00000000
2018-02-27 21:27:26,0.00008800,621.00000000
2018-02-27 21:27:28,0.00008800,215.00000000
2018-02-27 21:27:28,0.00008800,1001.00000000
2018-02-27 21:27:29,0.00008800,853.00000000
2018-02-27 21:27:29,0.00008800,130.00000000
2018-02-27 21:27:31,0.00008807,52.00000000
2018-02-27 21:27:31,0.00008810,152.00000000
2018-02-27 21:27:43,0.00008810,53.00000000
2018-02-27 21:27:52,0.00008800,792.00000000
2018-02-27 21:27:52,0.00008798,265.00000000
2018-02-27 21:27:52,0.00008797,682.00000000
2018-02-27 21:27:52,0.00008791,12.00000000
2018-02-27 21:27:52,0.00008788,190.00000000
2018-02-27 21:27:53,0.00008810,40.00000000
2018-02-27 21:28:04,0.00008789,139.00000000
2018-02-27 21:28:06,0.00008806,65.00000000
2018-02-27 21:28:22,0.00008806,14.00000000
2018-02-27 21:28:35,0.00008806,113.00000000
2018-02-27 21:28:42,0.00008788,100.00000000
2018-02-27 21:28:42,0.00008788,41.00000000
2018-02-27 21:28:57,0.00008788,150.00000000
2018-02-27 21:28:58,0.00008788,150.00000000
2018-02-27 21:29:01,0.00008804,43.00000000
2018-02-27 21:29:04,0.00008798,98.00000000
2018-02-27 21:29:04,0.00008799,299.00000000
2018-02-27 21:29:06,0.00008800,23.00000000
2018-02-27 21:29:14,0.00008788,315.00000000
2018-02-27 21:29:23,0.00008788,500.00000000
2018-02-27 21:29:30,0.00008799,124.00000000
2018-02-27 21:29:31,0.00008799,16.00000000
2018-02-27 21:29:35,0.00008789,93.00000000
2018-02-27 21:29:41,0.00008798,71.00000000
2018-02-27 21:29:50,0.00008789,1196.00000000
2018-02-27 21:29:52,0.00008788,1.00000000
2018-02-27 21:30:04,0.00008788,2034.00000000
2018-02-27 21:30:08,0.00008788,368.00000000
2018-02-27 21:30:11,0.00008797,56.00000000
2018-02-27 21:30:14,0.00008788,23.00000000
2018-02-27 21:30:14,0.00008788,550.00000000
2018-02-27 21:30:17,0.00008788,1961.00000000
2018-02-27 21:30:20,0.00008788,1137.00000000
2018-02-27 21:30:23,0.00008788,200.00000000
2018-02-27 21:30:29,0.00008788,487.00000000
2018-02-27 21:30:32,0.00008788,52.00000000
2018-02-27 21:30:44,0.00008785,474.00000000
2018-02-27 21:30:46,0.00008785,5.00000000
2018-02-27 21:30:56,0.00008785,1.00000000
2018-02-27 21:31:02,0.00008787,62.00000000
2018-02-27 21:31:02,0.00008788,51.00000000
2018-02-27 21:31:04,0.00008788,250.00000000
2018-02-27 21:31:08,0.00008788,3.00000000
2018-02-27 21:31:09,0.00008785,3000.00000000
2018-02-27 21:31:10,0.00008785,21.00000000
2018-02-27 21:31:13,0.00008788,304.00000000
2018-02-27 21:31:15,0.00008785,19.00000000
2018-02-27 21:31:15,0.00008785,237.00000000
2018-02-27 21:31:16,0.00008787,147.00000000
2018-02-27 21:31:16,0.00008788,24.00000000
2018-02-27 21:31:28,0.00008787,38.00000000
2018-02-27 21:31:28,0.00008788,545.00000000
2018-02-27 21:31:31,0.00008785,38.00000000
2018-02-27 21:31:37,0.00008785,860.00000000
2018-02-27 21:31:46,0.00008785,239.00000000
2018-02-27 21:31:47,0.00008785,150.00000000
2018-02-27 21:31:47,0.00008785,29.00000000
2018-02-27 21:31:47,0.00008785,1099.00000000
2018-02-27 21:31:48,0.00008785,94.00000000
2018-02-27 21:31:48,0.00008788,27.00000000
2018-02-27 21:31:52,0.00008785,463.00000000
2018-02-27 21:31:54,0.00008788,37.00000000
2018-02-27 21:32:06,0.00008785,77.00000000
2018-02-27 21:32:07,0.00008788,58.00000000
2018-02-27 21:32:07,0.00008788,17.00000000
2018-02-27 21:32:13,0.00008785,13.00000000
2018-02-27 21:32:22,0.00008785,322.00000000
2018-02-27 21:32:24,0.00008787,25.00000000
2018-02-27 21:32:25,0.00008785,598.00000000
2018-02-27 21:32:29,0.00008785,476.00000000
2018-02-27 21:32:32,0.00008787,113.00000000
2018-02-27 21:32:37,0.00008785,100.00000000
2018-02-27 21:32:39,0.00008787,170.00000000
2018-02-27 21:32:45,0.00008787,230.00000000
2018-02-27 21:32:50,0.00008786,341.00000000
2018-02-27 21:32:59,0.00008785,356.00000000
2018-02-27 21:33:12,0.00008786,68.00000000
2018-02-27 21:33:13,0.00008786,175.00000000
2018-02-27 21:33:13,0.00008786,301.00000000
2018-02-27 21:33:27,0.00008785,1157.00000000
2018-02-27 21:33:27,0.00008784,415.00000000
2018-02-27 21:33:27,0.00008783,706.00000000
2018-02-27 21:33:27,0.00008782,150.00000000
2018-02-27 21:33:27,0.00008781,53.00000000
2018-02-27 21:33:27,0.00008787,261.00000000
2018-02-27 21:33:28,0.00008786,100.00000000
2018-02-27 21:33:34,0.00008786,60.00000000
2018-02-27 21:33:34,0.00008782,1137.00000000
2018-02-27 21:33:34,0.00008781,879.00000000
2018-02-27 21:33:34,0.00008780,3613.00000000
2018-02-27 21:33:46,0.00008780,117.00000000
2018-02-27 21:34:00,0.00008785,25.00000000
2018-02-27 21:34:01,0.00008785,33.00000000
2018-02-27 21:34:01,0.00008785,219.00000000
2018-02-27 21:34:01,0.00008786,700.00000000
2018-02-27 21:34:02,0.00008786,2.00000000
2018-02-27 21:34:04,0.00008787,40.00000000
2018-02-27 21:34:04,0.00008788,6.00000000
2018-02-27 21:34:09,0.00008786,79.00000000
2018-02-27 21:34:10,0.00008785,45.00000000
2018-02-27 21:34:10,0.00008785,5.00000000
2018-02-27 21:34:12,0.00008788,542.00000000
2018-02-27 21:34:12,0.00008788,2.00000000
2018-02-27 21:34:16,0.00008786,84.00000000
2018-02-27 21:34:16,0.00008780,916.00000000
2018-02-27 21:34:24,0.00008785,976.00000000
2018-02-27 21:34:26,0.00008785,25.00000000
2018-02-27 21:34:29,0.00008785,25.00000000
2018-02-27 21:34:33,0.00008785,25.00000000
2018-02-27 21:34:35,0.00008785,113.00000000
2018-02-27 21:34:35,0.00008785,228.00000000
2018-02-27 21:34:35,0.00008788,78.00000000
2018-02-27 21:34:37,0.00008788,104.00000000
2018-02-27 21:34:38,0.00008781,50.00000000
2018-02-27 21:34:58,0.00008788,61.00000000
2018-02-27 21:34:59,0.00008788,1830.00000000
2018-02-27 21:35:01,0.00008782,5.00000000
2018-02-27 21:35:10,0.00008783,7.00000000
2018-02-27 21:35:16,0.00008783,494.00000000
2018-02-27 21:35:27,0.00008783,446.00000000
2018-02-27 21:35:27,0.00008783,149.00000000
2018-02-27 21:35:30,0.00008783,17.00000000
2018-02-27 21:35:35,0.00008787,46.00000000
2018-02-27 21:35:35,0.00008788,30.00000000
2018-02-27 21:35:35,0.00008788,76.00000000
2018-02-27 21:35:35,0.00008788,113.00000000
2018-02-27 21:35:36,0.00008788,113.00000000
2018-02-27 21:35:48,0.00008788,100.00000000
2018-02-27 21:35:50,0.00008784,141.00000000
2018-02-27 21:35:50,0.00008782,10.00000000
2018-02-27 21:35:58,0.00008783,42.00000000
2018-02-27 21:36:01,0.00008788,149.00000000
2018-02-27 21:36:07,0.00008788,100.00000000
2018-02-27 21:36:07,0.00008785,422.00000000
2018-02-27 21:36:07,0.00008782,924.00000000
2018-02-27 21:36:08,0.00008788,18.00000000
2018-02-27 21:36:09,0.00008788,69.00000000
2018-02-27 21:36:12,0.00008782,57.00000000
2018-02-27 21:36:16,0.00008798,22.00000000
2018-02-27 21:36:17,0.00008798,13.00000000
2018-02-27 21:36:19,0.00008798,43.00000000
2018-02-27 21:36:19,0.00008788,22.00000000
2018-02-27 21:36:19,0.00008800,139.00000000
2018-02-27 21:36:19,0.00008801,47.00000000
2018-02-27 21:36:24,0.00008783,531.00000000
2018-02-27 21:36:34,0.00008782,279.00000000
2018-02-27 21:36:36,0.00008783,69.00000000
2018-02-27 21:36:58,0.00008783,279.00000000
2018-02-27 21:36:59,0.00008783,43.00000000
2018-02-27 21:36:59,0.00008782,131.00000000
2018-02-27 21:36:59,0.00008783,94.00000000
2018-02-27 21:37:00,0.00008782,531.00000000
2018-02-27 21:37:01,0.00008783,11.00000000
2018-02-27 21:37:03,0.00008801,13.00000000
2018-02-27 21:37:10,0.00008801,68.00000000
2018-02-27 21:37:12,0.00008801,16.00000000
2018-02-27 21:37:13,0.00008801,6.00000000
2018-02-27 21:37:20,0.00008794,45.00000000
2018-02-27 21:37:20,0.00008794,85.00000000
2018-02-27 21:37:26,0.00008794,61.00000000
2018-02-27 21:37:28,0.00008794,14.00000000
2018-02-27 21:37:30,0.00008794,24.00000000
2018-02-27 21:37:32,0.00008793,82.00000000
2018-02-27 21:37:36,0.00008783,22.00000000
2018-02-27 21:37:44,0.00008793,60.00000000
2018-02-27 21:37:47,0.00008793,17.00000000
2018-02-27 21:37:48,0.00008793,119.00000000
2018-02-27 21:37:50,0.00008793,61.00000000
2018-02-27 21:37:58,0.00008793,746.00000000
2018-02-27 21:38:01,0.00008801,52.00000000
2018-02-27 21:38:10,0.00008796,5.00000000
2018-02-27 21:38:11,0.00008796,851.00000000
2018-02-27 21:38:11,0.00008785,700.00000000
2018-02-27 21:38:12,0.00008801,2.00000000
2018-02-27 21:38:14,0.00008801,133.00000000
2018-02-27 21:38:23,0.00008800,267.00000000
2018-02-27 21:38:36,0.00008800,10.00000000
2018-02-27 21:38:37,0.00008800,3.00000000
2018-02-27 21:38:40,0.00008800,266.00000000
2018-02-27 21:38:40,0.00008793,50.00000000
2018-02-27 21:38:40,0.00008790,20.00000000
2018-02-27 21:38:40,0.00008787,66.00000000
2018-02-27 21:38:44,0.00008800,17.00000000
2018-02-27 21:38:49,0.00008800,28.00000000
2018-02-27 21:38:52,0.00008786,7.00000000
2018-02-27 21:38:57,0.00008800,3.00000000
2018-02-27 21:38:58,0.00008800,702.00000000
2018-02-27 21:38:59,0.00008800,1.00000000
2018-02-27 21:39:13,0.00008800,171.00000000
2018-02-27 21:39:23,0.00008800,20.00000000
2018-02-27 21:39:25,0.00008800,34.00000000
2018-02-27 21:39:26,0.00008800,11.00000000
2018-02-27 21:39:32,0.00008800,552.00000000
2018-02-27 21:39:32,0.00008800,23.00000000
2018-02-27 21:39:35,0.00008800,46.00000000
2018-02-27 21:39:35,0.00008800,591.00000000
2018-02-27 21:39:41,0.00008799,40.00000000
2018-02-27 21:39:41,0.00008800,401.00000000
2018-02-27 21:39:43,0.00008790,2.00000000
2018-02-27 21:39:59,0.00008792,48.00000000
2018-02-27 21:39:59,0.00008791,20.00000000
2018-02-27 21:39:59,0.00008790,7.00000000
2018-02-27 21:40:13,0.00008797,14.00000000
2018-02-27 21:40:14,0.00008790,1360.00000000
2018-02-27 21:40:15,0.00008797,6.00000000
2018-02-27 21:40:15,0.00008799,28.00000000
2018-02-27 21:40:16,0.00008799,13.00000000
2018-02-27 21:40:20,0.00008799,27.00000000
2018-02-27 21:40:22,0.00008799,9.00000000
2018-02-27 21:40:25,0.00008799,177.00000000
2018-02-27 21:40:37,0.00008799,29.00000000
2018-02-27 21:40:37,0.00008800,104.00000000
2018-02-27 21:40:41,0.00008800,113.00000000
2018-02-27 21:40:41,0.00008800,184.00000000
2018-02-27 21:40:41,0.00008800,935.00000000
2018-02-27 21:40:41,0.00008800,112.00000000
2018-02-27 21:40:41,0.00008800,933.00000000
2018-02-27 21:40:53,0.00008800,55.00000000
2018-02-27 21:40:54,0.00008791,112.00000000
2018-02-27 21:40:54,0.00008790,437.00000000
2018-02-27 21:41:00,0.00008799,14.00000000
2018-02-27 21:41:02,0.00008790,1989.00000000
2018-02-27 21:41:02,0.00008799,5.00000000
2018-02-27 21:41:05,0.00008799,10.00000000
2018-02-27 21:41:05,0.00008790,50.00000000
2018-02-27 21:41:17,0.00008795,4710.00000000
2018-02-27 21:41:18,0.00008795,614.00000000
2018-02-27 21:41:18,0.00008795,34.00000000
2018-02-27 21:41:18,0.00008795,22.00000000
2018-02-27 21:41:18,0.00008791,6155.00000000
2018-02-27 21:41:18,0.00008790,22.00000000
2018-02-27 21:41:19,0.00008795,84.00000000
2018-02-27 21:41:19,0.00008790,2557.00000000
2018-02-27 21:41:20,0.00008792,35.00000000
2018-02-27 21:41:20,0.00008792,782.00000000
2018-02-27 21:41:22,0.00008792,23.00000000
2018-02-27 21:41:23,0.00008792,1137.00000000
2018-02-27 21:41:23,0.00008792,2165.00000000
2018-02-27 21:41:23,0.00008790,426.00000000
2018-02-27 21:41:23,0.00008790,759.00000000
2018-02-27 21:41:25,0.00008792,59.00000000
2018-02-27 21:41:25,0.00008792,707.00000000
2018-02-27 21:41:26,0.00008792,115.00000000
2018-02-27 21:41:28,0.00008795,2.00000000
2018-02-27 21:41:29,0.00008790,759.00000000
2018-02-27 21:41:33,0.00008790,57.00000000
2018-02-27 21:41:33,0.00008790,2051.00000000
2018-02-27 21:41:34,0.00008790,759.00000000
2018-02-27 21:41:35,0.00008792,123.00000000
2018-02-27 21:41:36,0.00008790,90.00000000
2018-02-27 21:41:37,0.00008792,1137.00000000
2018-02-27 21:41:37,0.00008792,12.00000000
2018-02-27 21:41:39,0.00008790,759.00000000
2018-02-27 21:41:41,0.00008790,5000.00000000
2018-02-27 21:41:44,0.00008790,2385.00000000
2018-02-27 21:41:46,0.00008784,65.00000000
2018-02-27 21:41:46,0.00008782,1845.00000000
2018-02-27 21:41:46,0.00008785,25.00000000
2018-02-27 21:41:48,0.00008785,108.00000000
2018-02-27 21:41:48,0.00008784,21.00000000
2018-02-27 21:41:50,0.00008785,25.00000000
2018-02-27 21:41:52,0.00008784,80.00000000
2018-02-27 21:41:52,0.00008782,662.00000000
2018-02-27 21:41:53,0.00008781,100.00000000
2018-02-27 21:41:54,0.00008782,1148.00000000
2018-02-27 21:41:55,0.00008782,90.00000000
2018-02-27 21:41:56,0.00008782,166.00000000
2018-02-27 21:41:56,0.00008782,25.00000000
2018-02-27 21:41:58,0.00008782,24.00000000
2018-02-27 21:42:00,0.00008781,20.00000000
2018-02-27 21:42:00,0.00008782,12.00000000
2018-02-27 21:42:03,0.00008782,11.00000000
2018-02-27 21:42:10,0.00008782,26.00000000
2018-02-27 21:42:15,0.00008781,435.00000000
2018-02-27 21:42:18,0.00008781,830.00000000
2018-02-27 21:42:19,0.00008781,187.00000000
2018-02-27 21:42:26,0.00008781,229.00000000
2018-02-27 21:42:26,0.00008780,815.00000000
2018-02-27 21:42:33,0.00008780,9.00000000
2018-02-27 21:42:43,0.00008781,635.00000000
2018-02-27 21:42:49,0.00008780,262.00000000
2018-02-27 21:43:01,0.00008780,937.00000000
2018-02-27 21:43:01,0.00008781,35.00000000
2018-02-27 21:43:02,0.00008781,120.00000000
2018-02-27 21:43:08,0.00008780,800.00000000
2018-02-27 21:43:17,0.00008781,224.00000000
2018-02-27 21:43:23,0.00008781,216.00000000
2018-02-27 21:43:29,0.00008781,208.00000000
2018-02-27 21:43:41,0.00008780,702.00000000
2018-02-27 21:43:43,0.00008780,150.00000000
2018-02-27 21:43:45,0.00008780,54.00000000
2018-02-27 21:43:48,0.00008781,86.00000000
2018-02-27 21:43:51,0.00008781,1138.00000000
2018-02-27 21:43:53,0.00008780,300.00000000
2018-02-27 21:43:59,0.00008781,3.00000000
2018-02-27 21:44:03,0.00008780,817.00000000
2018-02-27 21:44:04,0.00008780,18.00000000
2018-02-27 21:44:05,0.00008780,18.00000000
2018-02-27 21:44:06,0.00008780,1138.00000000
2018-02-27 21:44:06,0.00008780,712.00000000
2018-02-27 21:44:09,0.00008781,150.00000000
2018-02-27 21:44:09,0.00008780,19.00000000
2018-02-27 21:44:11,0.00008780,44.00000000
2018-02-27 21:44:12,0.00008780,18.00000000
2018-02-27 21:44:18,0.00008780,230.00000000
2018-02-27 21:44:30,0.00008780,651.00000000
2018-02-27 21:44:39,0.00008781,5.00000000
2018-02-27 21:44:53,0.00008781,45.00000000
2018-02-27 21:45:02,0.00008780,123.00000000
2018-02-27 21:45:06,0.00008780,5.00000000
2018-02-27 21:45:07,0.00008780,95.00000000
2018-02-27 21:45:08,0.00008781,92.00000000
2018-02-27 21:45:10,0.00008780,569.00000000
2018-02-27 21:45:11,0.00008780,330.00000000
2018-02-27 21:45:17,0.00008781,112.00000000
2018-02-27 21:45:23,0.00008780,1137.00000000
2018-02-27 21:45:26,0.00008780,620.00000000
2018-02-27 21:45:29,0.00008781,5.00000000
2018-02-27 21:45:55,0.00008780,196.00000000
2018-02-27 21:46:11,0.00008780,1000.00000000
2018-02-27 21:46:12,0.00008780,19.00000000
2018-02-27 21:46:15,0.00008780,30.00000000
2018-02-27 21:46:19,0.00008780,444.00000000
2018-02-27 21:46:19,0.00008780,100.00000000
2018-02-27 21:46:19,0.00008781,76.00000000
2018-02-27 21:46:23,0.00008780,6149.00000000
2018-02-27 21:46:24,0.00008780,90.00000000
2018-02-27 21:46:30,0.00008780,107.00000000
2018-02-27 21:46:41,0.00008780,562.00000000
2018-02-27 21:46:49,0.00008780,863.00000000
2018-02-27 21:46:56,0.00008780,133.00000000
2018-02-27 21:47:04,0.00008780,63.00000000
2018-02-27 21:47:09,0.00008780,802.00000000
2018-02-27 21:47:10,0.00008781,46.00000000
2018-02-27 21:47:11,0.00008780,189.00000000
2018-02-27 21:47:22,0.00008781,51.00000000
2018-02-27 21:47:26,0.00008781,160.00000000
2018-02-27 21:47:29,0.00008780,62.00000000
2018-02-27 21:47:29,0.00008780,267.00000000
2018-02-27 21:47:30,0.00008780,150.00000000
2018-02-27 21:47:31,0.00008781,150.00000000
2018-02-27 21:47:33,0.00008781,220.00000000
2018-02-27 21:47:34,0.00008781,255.00000000
2018-02-27 21:47:43,0.00008780,4078.00000000
2018-02-27 21:47:54,0.00008781,16.00000000
2018-02-27 21:47:54,0.00008780,80.00000000
2018-02-27 21:48:00,0.00008780,2013.00000000
2018-02-27 21:48:01,0.00008779,90.00000000
2018-02-27 21:48:08,0.00008779,26.00000000
2018-02-27 21:48:08,0.00008780,200.00000000
2018-02-27 21:48:14,0.00008780,118.00000000
2018-02-27 21:48:14,0.00008780,857.00000000
2018-02-27 21:48:20,0.00008779,521.00000000
2018-02-27 21:48:22,0.00008780,506.00000000
2018-02-27 21:48:29,0.00008780,75.00000000
2018-02-27 21:48:44,0.00008780,249.00000000
2018-02-27 21:48:45,0.00008780,219.00000000
2018-02-27 21:48:50,0.00008780,207.00000000
2018-02-27 21:48:58,0.00008779,150.00000000
2018-02-27 21:49:08,0.00008779,1646.00000000
2018-02-27 21:49:09,0.00008779,20.00000000
2018-02-27 21:49:14,0.00008779,1048.00000000
2018-02-27 21:49:22,0.00008779,54.00000000
2018-02-27 21:49:25,0.00008778,122.00000000
2018-02-27 21:49:25,0.00008777,50.00000000
2018-02-27 21:49:25,0.00008774,116.00000000
2018-02-27 21:49:27,0.00008774,91.00000000
2018-02-27 21:49:28,0.00008774,56.00000000
2018-02-27 21:49:31,0.00008774,175.00000000
2018-02-27 21:49:39,0.00008774,44.00000000
2018-02-27 21:49:40,0.00008774,76.00000000
2018-02-27 21:49:48,0.00008774,1.00000000
2018-02-27 21:49:59,0.00008774,57.00000000
2018-02-27 21:50:02,0.00008774,14.00000000
2018-02-27 21:50:02,0.00008774,14.00000000
2018-02-27 21:50:13,0.00008774,1253.00000000
2018-02-27 21:50:14,0.00008773,64.00000000
2018-02-27 21:50:14,0.00008773,25.00000000
2018-02-27 21:50:14,0.00008773,17.00000000
2018-02-27 21:50:16,0.00008773,50.00000000
2018-02-27 21:50:17,0.00008773,425.00000000
2018-02-27 21:50:17,0.00008773,1.00000000
2018-02-27 21:50:24,0.00008773,22.00000000
2018-02-27 21:50:27,0.00008772,75.00000000
2018-02-27 21:50:30,0.00008772,21.00000000
2018-02-27 21:50:32,0.00008771,6.00000000
2018-02-27 21:50:32,0.00008771,356.00000000
2018-02-27 21:50:35,0.00008772,33.00000000
2018-02-27 21:50:43,0.00008772,217.00000000
2018-02-27 21:50:48,0.00008772,17.00000000
2018-02-27 21:50:50,0.00008772,226.00000000
2018-02-27 21:50:50,0.00008771,67.00000000
2018-02-27 21:50:50,0.00008773,38.00000000
2018-02-27 21:50:59,0.00008771,1140.00000000
2018-02-27 21:50:59,0.00008771,144.00000000
2018-02-27 21:51:02,0.00008771,14.00000000
2018-02-27 21:51:05,0.00008773,50.00000000
2018-02-27 21:51:05,0.00008771,36.00000000
2018-02-27 21:51:08,0.00008773,10.00000000
2018-02-27 21:51:10,0.00008771,230.00000000
2018-02-27 21:51:24,0.00008771,1192.00000000
2018-02-27 21:51:27,0.00008773,50.00000000
2018-02-27 21:51:28,0.00008771,1000.00000000
2018-02-27 21:51:29,0.00008770,122.00000000
2018-02-27 21:51:32,0.00008771,100.00000000
2018-02-27 21:51:32,0.00008771,224.00000000
2018-02-27 21:51:32,0.00008771,2458.00000000
2018-02-27 21:51:34,0.00008773,120.00000000
2018-02-27 21:51:38,0.00008773,700.00000000
2018-02-27 21:51:42,0.00008773,267.00000000
2018-02-27 21:51:51,0.00008773,170.00000000
2018-02-27 21:51:51,0.00008774,35.00000000
2018-02-27 21:51:57,0.00008772,1.00000000
2018-02-27 21:51:58,0.00008770,500.00000000
2018-02-27 21:52:02,0.00008772,27.00000000
2018-02-27 21:52:02,0.00008774,49.00000000
2018-02-27 21:52:10,0.00008770,95.00000000
2018-02-27 21:52:12,0.00008770,2847.00000000
2018-02-27 21:52:12,0.00008766,59.00000000
2018-02-27 21:52:12,0.00008765,632.00000000
2018-02-27 21:52:12,0.00008764,1137.00000000
2018-02-27 21:52:12,0.00008763,1627.00000000
2018-02-27 21:52:13,0.00008774,50.00000000
2018-02-27 21:52:24,0.00008763,30.00000000
2018-02-27 21:52:28,0.00008774,480.00000000
2018-02-27 21:52:30,0.00008763,250.00000000
2018-02-27 21:52:31,0.00008773,125.00000000
2018-02-27 21:52:31,0.00008773,75.00000000
2018-02-27 21:52:32,0.00008764,63.00000000
2018-02-27 21:52:32,0.00008764,129.00000000
2018-02-27 21:52:32,0.00008764,31.00000000
2018-02-27 21:52:33,0.00008764,16.00000000
2018-02-27 21:52:34,0.00008764,15.00000000
2018-02-27 21:52:41,0.00008773,56.00000000
2018-02-27 21:52:41,0.00008773,1.00000000
2018-02-27 21:52:45,0.00008764,81.00000000
2018-02-27 21:52:46,0.00008764,85.00000000
2018-02-27 21:53:02,0.00008773,1430.00000000
2018-02-27 21:53:02,0.00008774,695.00000000
2018-02-27 21:53:12,0.00008774,47.00000000
2018-02-27 21:53:17,0.00008774,19.00000000
2018-02-27 21:53:22,0.00008774,128.00000000
2018-02-27 21:53:29,0.00008774,333.00000000
2018-02-27 21:53:35,0.00008774,38.00000000
2018-02-27 21:53:37,0.00008766,22.00000000
2018-02-27 21:53:37,0.00008765,69.00000000
2018-02-27 21:53:39,0.00008770,50.00000000
2018-02-27 21:53:39,0.00008765,31.00000000
2018-02-27 21:53:39,0.00008765,31.00000000
2018-02-27 21:53:46,0.00008774,870.00000000
2018-02-27 21:53:54,0.00008773,15.00000000
2018-02-27 21:54:00,0.00008773,22.00000000
2018-02-27 21:54:03,0.00008773,88.00000000
2018-02-27 21:54:03,0.00008773,813.00000000
2018-02-27 21:54:06,0.00008773,96.00000000
2018-02-27 21:54:10,0.00008773,1137.00000000
2018-02-27 21:54:14,0.00008773,85.00000000
2018-02-27 21:54:14,0.00008773,18.00000000
2018-02-27 21:54:15,0.00008773,267.00000000
2018-02-27 21:54:20,0.00008773,384.00000000
2018-02-27 21:54:31,0.00008765,18.00000000
2018-02-27 21:54:33,0.00008765,21.00000000
2018-02-27 21:54:35,0.00008765,294.00000000
2018-02-27 21:54:37,0.00008773,188.00000000
2018-02-27 21:54:44,0.00008765,686.00000000
2018-02-27 21:54:44,0.00008765,25.00000000
2018-02-27 21:54:46,0.00008773,25.00000000
2018-02-27 21:54:55,0.00008773,40.00000000
2018-02-27 21:55:04,0.00008773,90.00000000
2018-02-27 21:55:04,0.00008773,80.00000000
2018-02-27 21:55:04,0.00008773,149.00000000
2018-02-27 21:55:16,0.00008771,1324.00000000
2018-02-27 21:55:16,0.00008770,214.00000000
2018-02-27 21:55:21,0.00008770,63.00000000
2018-02-27 21:55:27,0.00008770,145.00000000
2018-02-27 21:55:27,0.00008773,145.00000000
2018-02-27 21:55:38,0.00008773,101.00000000
2018-02-27 21:55:50,0.00008773,33.00000000
2018-02-27 21:56:00,0.00008773,842.00000000
2018-02-27 21:56:04,0.00008770,108.00000000
2018-02-27 21:56:05,0.00008773,245.00000000
2018-02-27 21:56:07,0.00008770,30.00000000
2018-02-27 21:56:07,0.00008773,1061.00000000
2018-02-27 21:56:08,0.00008773,14.00000000
2018-02-27 21:56:08,0.00008770,1471.00000000
2018-02-27 21:56:10,0.00008770,27.00000000
2018-02-27 21:56:12,0.00008770,1614.00000000
2018-02-27 21:56:13,0.00008770,375.00000000
2018-02-27 21:56:14,0.00008770,280.00000000
2018-02-27 21:56:24,0.00008770,331.00000000
2018-02-27 21:56:28,0.00008770,265.00000000
2018-02-27 21:56:28,0.00008773,221.00000000
2018-02-27 21:56:29,0.00008765,96.00000000
2018-02-27 21:56:29,0.00008764,54.00000000
2018-02-27 21:56:31,0.00008773,95.00000000
2018-02-27 21:56:33,0.00008773,113.00000000
2018-02-27 21:56:35,0.00008764,420.00000000
2018-02-27 21:56:45,0.00008773,188.00000000
2018-02-27 21:56:46,0.00008767,500.00000000
2018-02-27 21:56:47,0.00008773,50.00000000
2018-02-27 21:56:53,0.00008773,25.00000000
2018-02-27 21:57:02,0.00008772,155.00000000
2018-02-27 21:57:02,0.00008772,14.00000000
2018-02-27 21:57:03,0.00008773,152.00000000
2018-02-27 21:57:03,0.00008772,28.00000000
2018-02-27 21:57:05,0.00008771,152.00000000
2018-02-27 21:57:06,0.00008771,215.00000000
2018-02-27 21:57:06,0.00008771,5122.00000000
2018-02-27 21:57:06,0.00008772,283.00000000
2018-02-27 21:57:07,0.00008772,50.00000000
2018-02-27 21:57:07,0.00008772,508.00000000
2018-02-27 21:57:09,0.00008773,1352.00000000
2018-02-27 21:57:11,0.00008773,338.00000000
2018-02-27 21:57:15,0.00008772,1665.00000000
2018-02-27 21:57:15,0.00008770,100.00000000
2018-02-27 21:57:15,0.00008765,336.00000000
2018-02-27 21:57:16,0.00008768,84.00000000
2018-02-27 21:57:16,0.00008765,1149.00000000
2018-02-27 21:57:17,0.00008773,50.00000000
2018-02-27 21:57:18,0.00008773,77.00000000
2018-02-27 21:57:27,0.00008773,19.00000000
2018-02-27 21:57:39,0.00008770,20.00000000
2018-02-27 21:57:39,0.00008770,50.00000000
2018-02-27 21:57:44,0.00008765,20.00000000
2018-02-27 21:57:46,0.00008770,50.00000000
2018-02-27 21:57:47,0.00008770,1455.00000000
2018-02-27 21:57:50,0.00008770,367.00000000
2018-02-27 21:57:51,0.00008770,3056.00000000
2018-02-27 21:57:52,0.00008770,4020.00000000
2018-02-27 21:57:54,0.00008770,2.00000000
2018-02-27 21:57:54,0.00008772,284.00000000
2018-02-27 21:57:58,0.00008772,704.00000000
2018-02-27 21:58:02,0.00008770,51.00000000
2018-02-27 21:58:03,0.00008772,50.00000000
2018-02-27 21:58:10,0.00008770,1529.00000000
2018-02-27 21:58:14,0.00008772,383.00000000
2018-02-27 21:58:26,0.00008772,37.00000000
2018-02-27 21:58:29,0.00008770,269.00000000
2018-02-27 21:58:32,0.00008772,113.00000000
2018-02-27 21:58:34,0.00008772,19.00000000
2018-02-27 21:58:39,0.00008772,22.00000000
2018-02-27 21:58:42,0.00008772,14.00000000
2018-02-27 21:58:45,0.00008772,33.00000000
2018-02-27 21:58:47,0.00008772,15.00000000
2018-02-27 21:58:52,0.00008770,431.00000000
2018-02-27 21:58:55,0.00008770,41.00000000
2018-02-27 21:59:03,0.00008770,100.00000000
2018-02-27 21:59:10,0.00008772,50.00000000
2018-02-27 21:59:11,0.00008772,10.00000000
2018-02-27 21:59:12,0.00008772,1258.00000000
2018-02-27 21:59:12,0.00008773,7577.00000000
2018-02-27 21:59:14,0.00008773,29.00000000
2018-02-27 21:59:14,0.00008774,8843.00000000
2018-02-27 21:59:26,0.00008773,202.00000000
2018-02-27 21:59:26,0.00008770,8.00000000
2018-02-27 21:59:27,0.00008765,2981.00000000
2018-02-27 21:59:27,0.00008770,257.00000000
2018-02-27 21:59:28,0.00008770,25.00000000
2018-02-27 21:59:30,0.00008770,4000.00000000
2018-02-27 21:59:37,0.00008770,16.00000000
2018-02-27 21:59:47,0.00008770,967.00000000
2018-02-27 21:59:47,0.00008770,384.00000000
