DATE,PRICE,VOLUME
2018-02-26 12:00:03,0.00009315,479.00000000
2018-02-26 12:00:06,0.00009315,479.00000000
2018-02-26 12:00:07,0.00009315,107.00000000
2018-02-26 12:00:07,0.00009306,541.00000000
2018-02-26 12:00:07,0.00009306,180.00000000
2018-02-26 12:00:11,0.00009315,107.00000000
2018-02-26 12:00:11,0.00009306,402.00000000
2018-02-26 12:00:17,0.00009314,107.00000000
2018-02-26 12:00:26,0.00009313,260.00000000
2018-02-26 12:00:27,0.00009306,969.00000000
2018-02-26 12:00:38,0.00009306,142.00000000
2018-02-26 12:00:45,0.00009306,12.00000000
2018-02-26 12:00:46,0.00009306,210.00000000
2018-02-26 12:00:46,0.00009306,1183.00000000
2018-02-26 12:00:46,0.00009306,1080.00000000
2018-02-26 12:00:47,0.00009306,910.00000000
2018-02-26 12:00:47,0.00009313,270.00000000
2018-02-26 12:00:54,0.00009306,42.00000000
2018-02-26 12:01:03,0.00009306,109.00000000
2018-02-26 12:01:05,0.00009306,199.00000000
2018-02-26 12:01:10,0.00009311,37.00000000
2018-02-26 12:01:10,0.00009307,233.00000000
2018-02-26 12:01:10,0.00009306,308.00000000
2018-02-26 12:01:11,0.00009311,107.00000000
2018-02-26 12:01:12,0.00009306,150.00000000
2018-02-26 12:01:14,0.00009311,107.00000000
2018-02-26 12:01:19,0.00009311,62.00000000
2018-02-26 12:01:21,0.00009312,107.00000000
2018-02-26 12:01:24,0.00009311,27.00000000
2018-02-26 12:01:24,0.00009311,107.00000000
2018-02-26 12:01:31,0.00009306,331.00000000
2018-02-26 12:01:35,0.00009311,73.00000000
2018-02-26 12:01:35,0.00009312,34.00000000
2018-02-26 12:01:36,0.00009306,215.00000000
2018-02-26 12:01:40,0.00009312,107.00000000
2018-02-26 12:01:40,0.00009312,62.00000000
2018-02-26 12:01:49,0.00009306,140.00000000
2018-02-26 12:01:49,0.00009306,4.00000000
2018-02-26 12:01:55,0.00009312,107.00000000
2018-02-26 12:01:55,0.00009312,83.00000000
2018-02-26 12:01:55,0.00009313,2.00000000
2018-02-26 12:02:02,0.00009313,80.00000000
2018-02-26 12:02:07,0.00009307,138.00000000
2018-02-26 12:02:14,0.00009306,541.00000000
2018-02-26 12:02:15,0.00009306,33.00000000
2018-02-26 12:02:19,0.00009313,300.00000000
2018-02-26 12:02:20,0.00009308,268.00000000
2018-02-26 12:02:21,0.00009313,107.00000000
2018-02-26 12:02:30,0.00009308,929.00000000
2018-02-26 12:02:31,0.00009313,107.00000000
2018-02-26 12:02:31,0.00009313,107.00000000
2018-02-26 12:02:34,0.00009308,539.00000000
2018-02-26 12:02:44,0.00009313,910.00000000
2018-02-26 12:02:45,0.00009308,1081.00000000
2018-02-26 12:02:46,0.00009308,23.00000000
2018-02-26 12:02:55,0.00009308,81.00000000
2018-02-26 12:02:58,0.00009308,325.00000000
2018-02-26 12:03:02,0.00009313,107.00000000
2018-02-26 12:03:06,0.00009308,134.00000000
2018-02-26 12:03:11,0.00009308,42.00000000
2018-02-26 12:03:12,0.00009308,643.00000000
2018-02-26 12:03:12,0.00009308,18.00000000
2018-02-26 12:03:13,0.00009308,42.00000000
2018-02-26 12:03:16,0.00009308,78.00000000
2018-02-26 12:03:18,0.00009308,541.00000000
2018-02-26 12:03:20,0.00009313,107.00000000
2018-02-26 12:03:21,0.00009313,577.00000000
2018-02-26 12:03:21,0.00009314,270.00000000
2018-02-26 12:03:31,0.00009311,18.00000000
2018-02-26 12:03:35,0.00009313,203.00000000
2018-02-26 12:03:35,0.00009313,107.00000000
2018-02-26 12:03:37,0.00009313,765.00000000
2018-02-26 12:03:37,0.00009314,2311.00000000
2018-02-26 12:03:43,0.00009312,1.00000000
2018-02-26 12:03:48,0.00009312,444.00000000
2018-02-26 12:03:48,0.00009311,86.00000000
2018-02-26 12:03:48,0.00009312,55.00000000
2018-02-26 12:03:48,0.00009314,52.00000000
2018-02-26 12:03:50,0.00009314,539.00000000
2018-02-26 12:03:57,0.00009314,672.00000000
2018-02-26 12:03:59,0.00009314,690.00000000
2018-02-26 12:04:02,0.00009314,430.00000000
2018-02-26 12:04:03,0.00009312,40.00000000
2018-02-26 12:04:03,0.00009316,49.00000000
2018-02-26 12:04:03,0.00009308,324.00000000
2018-02-26 12:04:04,0.00009308,503.00000000
2018-02-26 12:04:04,0.00009308,108.00000000
2018-02-26 12:04:04,0.00009308,90.00000000
2018-02-26 12:04:04,0.00009308,366.00000000
2018-02-26 12:04:05,0.00009320,107.00000000
2018-02-26 12:04:10,0.00009320,1.00000000
2018-02-26 12:04:14,0.00009320,107.00000000
2018-02-26 12:04:15,0.00009320,107.00000000
2018-02-26 12:04:18,0.00009308,42.00000000
2018-02-26 12:04:22,0.00009320,47.00000000
2018-02-26 12:04:23,0.00009309,1112.00000000
2018-02-26 12:04:23,0.00009308,1596.00000000
2018-02-26 12:04:30,0.00009313,50.00000000
2018-02-26 12:04:30,0.00009308,38.00000000
2018-02-26 12:04:31,0.00009320,475.00000000
2018-02-26 12:04:31,0.00009321,133.00000000
2018-02-26 12:04:35,0.00009322,433.00000000
2018-02-26 12:04:35,0.00009323,26.00000000
2018-02-26 12:04:35,0.00009325,337.00000000
2018-02-26 12:04:37,0.00009309,900.00000000
2018-02-26 12:04:37,0.00009308,2824.00000000
2018-02-26 12:04:41,0.00009320,46.00000000
2018-02-26 12:04:44,0.00009320,2329.00000000
2018-02-26 12:04:44,0.00009310,132.00000000
2018-02-26 12:04:44,0.00009309,900.00000000
2018-02-26 12:04:44,0.00009308,14254.00000000
2018-02-26 12:04:45,0.00009325,517.00000000
2018-02-26 12:04:45,0.00009326,125.00000000
2018-02-26 12:04:45,0.00009327,190.00000000
2018-02-26 12:04:46,0.00009327,107.00000000
2018-02-26 12:04:47,0.00009327,1121.00000000
2018-02-26 12:04:47,0.00009328,130.00000000
2018-02-26 12:04:47,0.00009329,659.00000000
2018-02-26 12:04:47,0.00009330,1506.00000000
2018-02-26 12:04:47,0.00009330,3455.00000000
2018-02-26 12:04:52,0.00009330,2041.00000000
2018-02-26 12:04:52,0.00009330,3756.00000000
2018-02-26 12:04:55,0.00009332,247.00000000
2018-02-26 12:04:55,0.00009332,720.00000000
2018-02-26 12:05:06,0.00009332,107.00000000
2018-02-26 12:05:23,0.00009315,58.00000000
2018-02-26 12:05:24,0.00009315,42.00000000
2018-02-26 12:05:24,0.00009320,112.00000000
2018-02-26 12:05:24,0.00009330,23.00000000
2018-02-26 12:05:28,0.00009330,5.00000000
2018-02-26 12:05:28,0.00009332,6150.00000000
2018-02-26 12:05:28,0.00009333,28.00000000
2018-02-26 12:05:28,0.00009335,4562.00000000
2018-02-26 12:05:29,0.00009332,89.00000000
2018-02-26 12:05:30,0.00009332,397.00000000
2018-02-26 12:05:30,0.00009331,107.00000000
2018-02-26 12:05:37,0.00009320,801.00000000
2018-02-26 12:05:50,0.00009330,4.00000000
2018-02-26 12:05:54,0.00009320,2479.00000000
2018-02-26 12:05:58,0.00009330,15.00000000
2018-02-26 12:06:06,0.00009320,1979.00000000
2018-02-26 12:06:13,0.00009320,107.00000000
2018-02-26 12:06:14,0.00009315,59.00000000
2018-02-26 12:06:16,0.00009315,71.00000000
2018-02-26 12:06:16,0.00009315,593.00000000
2018-02-26 12:06:16,0.00009320,71.00000000
2018-02-26 12:06:17,0.00009308,22.00000000
2018-02-26 12:06:21,0.00009320,107.00000000
2018-02-26 12:06:28,0.00009320,244.00000000
2018-02-26 12:06:34,0.00009320,177.00000000
2018-02-26 12:06:38,0.00009320,863.00000000
2018-02-26 12:06:39,0.00009320,751.00000000
2018-02-26 12:06:39,0.00009320,2176.00000000
2018-02-26 12:06:39,0.00009320,413.00000000
2018-02-26 12:06:47,0.00009320,40.00000000
2018-02-26 12:06:51,0.00009320,41.00000000
2018-02-26 12:06:52,0.00009320,100.00000000
2018-02-26 12:06:53,0.00009316,930.00000000
2018-02-26 12:07:13,0.00009316,131.00000000
2018-02-26 12:07:21,0.00009318,76.00000000
2018-02-26 12:07:22,0.00009318,131.00000000
2018-02-26 12:07:23,0.00009318,235.00000000
2018-02-26 12:07:31,0.00009316,228.00000000
2018-02-26 12:07:32,0.00009317,13.00000000
2018-02-26 12:07:32,0.00009317,264.00000000
2018-02-26 12:07:32,0.00009316,993.00000000
2018-02-26 12:07:33,0.00009316,131.00000000
2018-02-26 12:07:33,0.00009316,342.00000000
2018-02-26 12:07:36,0.00009316,69.00000000
2018-02-26 12:07:36,0.00009316,107.00000000
2018-02-26 12:07:42,0.00009315,79.00000000
2018-02-26 12:07:43,0.00009316,150.00000000
2018-02-26 12:07:43,0.00009316,1075.00000000
2018-02-26 12:07:49,0.00009316,1075.00000000
2018-02-26 12:07:49,0.00009316,36.00000000
2018-02-26 12:07:49,0.00009318,107.00000000
2018-02-26 12:07:49,0.00009318,451.00000000
2018-02-26 12:07:52,0.00009318,106.00000000
2018-02-26 12:07:52,0.00009318,22.00000000
2018-02-26 12:07:55,0.00009318,10.00000000
2018-02-26 12:07:56,0.00009320,107.00000000
2018-02-26 12:07:58,0.00009320,107.00000000
2018-02-26 12:07:58,0.00009320,106.00000000
2018-02-26 12:08:00,0.00009320,107.00000000
2018-02-26 12:08:03,0.00009320,107.00000000
2018-02-26 12:08:03,0.00009320,107.00000000
2018-02-26 12:08:05,0.00009318,2691.00000000
2018-02-26 12:08:05,0.00009316,550.00000000
2018-02-26 12:08:05,0.00009315,771.00000000
2018-02-26 12:08:05,0.00009311,2062.00000000
2018-02-26 12:08:05,0.00009310,132.00000000
2018-02-26 12:08:05,0.00009309,54.00000000
2018-02-26 12:08:05,0.00009308,733.00000000
2018-02-26 12:08:06,0.00009320,107.00000000
2018-02-26 12:08:16,0.00009309,17.00000000
2018-02-26 12:08:16,0.00009308,28.00000000
2018-02-26 12:08:24,0.00009320,107.00000000
2018-02-26 12:08:26,0.00009309,24.00000000
2018-02-26 12:08:28,0.00009309,560.00000000
2018-02-26 12:08:28,0.00009309,260.00000000
2018-02-26 12:08:29,0.00009308,50.00000000
2018-02-26 12:08:32,0.00009309,107.00000000
2018-02-26 12:08:33,0.00009308,53.00000000
2018-02-26 12:08:36,0.00009308,229.00000000
2018-02-26 12:08:36,0.00009308,780.00000000
2018-02-26 12:08:38,0.00009309,48.00000000
2018-02-26 12:08:38,0.00009318,59.00000000
2018-02-26 12:08:38,0.00009308,42.00000000
2018-02-26 12:08:41,0.00009308,42.00000000
2018-02-26 12:08:42,0.00009310,3000.00000000
2018-02-26 12:08:42,0.00009308,582.00000000
2018-02-26 12:08:46,0.00009318,63.00000000
2018-02-26 12:08:46,0.00009319,44.00000000
2018-02-26 12:08:59,0.00009308,138.00000000
2018-02-26 12:08:59,0.00009319,107.00000000
2018-02-26 12:09:01,0.00009308,3038.00000000
2018-02-26 12:09:07,0.00009319,107.00000000
2018-02-26 12:09:08,0.00009309,141.00000000
2018-02-26 12:09:11,0.00009318,107.00000000
2018-02-26 12:09:12,0.00009309,50.00000000
2018-02-26 12:09:12,0.00009319,107.00000000
2018-02-26 12:09:13,0.00009309,24.00000000
2018-02-26 12:09:20,0.00009318,86.00000000
2018-02-26 12:09:20,0.00009319,21.00000000
2018-02-26 12:09:22,0.00009319,107.00000000
2018-02-26 12:09:28,0.00009319,107.00000000
2018-02-26 12:09:29,0.00009309,630.00000000
2018-02-26 12:09:31,0.00009319,107.00000000
2018-02-26 12:09:33,0.00009319,107.00000000
2018-02-26 12:09:37,0.00009319,733.00000000
2018-02-26 12:09:37,0.00009320,3910.00000000
2018-02-26 12:09:46,0.00009311,109.00000000
2018-02-26 12:09:49,0.00009319,107.00000000
2018-02-26 12:09:49,0.00009312,42.00000000
2018-02-26 12:09:51,0.00009312,42.00000000
2018-02-26 12:09:54,0.00009312,42.00000000
2018-02-26 12:09:54,0.00009319,107.00000000
2018-02-26 12:10:01,0.00009319,130.00000000
2018-02-26 12:10:04,0.00009319,107.00000000
2018-02-26 12:10:07,0.00009319,268.00000000
2018-02-26 12:10:11,0.00009319,107.00000000
2018-02-26 12:10:12,0.00009311,116.00000000
2018-02-26 12:10:17,0.00009311,429.00000000
2018-02-26 12:10:21,0.00009319,107.00000000
2018-02-26 12:10:23,0.00009311,1115.00000000
2018-02-26 12:10:23,0.00009311,90.00000000
2018-02-26 12:10:23,0.00009311,288.00000000
2018-02-26 12:10:25,0.00009311,107.00000000
2018-02-26 12:10:26,0.00009311,107.00000000
2018-02-26 12:10:27,0.00009311,13.00000000
2018-02-26 12:10:37,0.00009311,107.00000000
2018-02-26 12:10:38,0.00009310,1359.00000000
2018-02-26 12:10:38,0.00009309,797.00000000
2018-02-26 12:10:38,0.00009308,2627.00000000
2018-02-26 12:10:38,0.00009307,5184.00000000
2018-02-26 12:10:38,0.00009306,33.00000000
2018-02-26 12:10:38,0.00009311,189.00000000
2018-02-26 12:10:49,0.00009306,185.00000000
2018-02-26 12:10:50,0.00009311,107.00000000
2018-02-26 12:11:14,0.00009311,326.00000000
2018-02-26 12:11:17,0.00009306,500.00000000
2018-02-26 12:11:19,0.00009307,53.00000000
2018-02-26 12:11:19,0.00009307,755.00000000
2018-02-26 12:11:21,0.00009307,67.00000000
2018-02-26 12:11:23,0.00009307,42.00000000
2018-02-26 12:11:25,0.00009311,1074.00000000
2018-02-26 12:11:25,0.00009311,1007.00000000
2018-02-26 12:11:26,0.00009318,107.00000000
2018-02-26 12:11:28,0.00009308,3.00000000
2018-02-26 12:11:30,0.00009309,279.00000000
2018-02-26 12:11:40,0.00009319,594.00000000
2018-02-26 12:11:40,0.00009320,17.00000000
2018-02-26 12:11:40,0.00009321,314.00000000
2018-02-26 12:11:40,0.00009330,662.00000000
2018-02-26 12:11:40,0.00009333,537.00000000
2018-02-26 12:11:40,0.00009334,147.00000000
2018-02-26 12:11:40,0.00009335,2532.00000000
2018-02-26 12:11:40,0.00009336,26.00000000
2018-02-26 12:11:42,0.00009313,51.00000000
2018-02-26 12:11:48,0.00009332,951.00000000
2018-02-26 12:11:48,0.00009333,247.00000000
2018-02-26 12:11:48,0.00009313,250.00000000
2018-02-26 12:11:51,0.00009331,298.00000000
2018-02-26 12:11:56,0.00009315,159.00000000
2018-02-26 12:11:56,0.00009326,98.00000000
2018-02-26 12:12:00,0.00009326,1.00000000
2018-02-26 12:12:01,0.00009326,33.00000000
2018-02-26 12:12:01,0.00009330,513.00000000
2018-02-26 12:12:09,0.00009328,107.00000000
2018-02-26 12:12:20,0.00009316,298.00000000
2018-02-26 12:12:31,0.00009328,52.00000000
2018-02-26 12:12:31,0.00009329,388.00000000
2018-02-26 12:12:33,0.00009316,43.00000000
2018-02-26 12:12:40,0.00009316,857.00000000
2018-02-26 12:12:40,0.00009315,998.00000000
2018-02-26 12:12:40,0.00009314,813.00000000
2018-02-26 12:12:40,0.00009313,2492.00000000
2018-02-26 12:12:43,0.00009316,77.00000000
2018-02-26 12:12:52,0.00009316,115.00000000
2018-02-26 12:12:53,0.00009314,53.00000000
2018-02-26 12:12:53,0.00009313,413.00000000
2018-02-26 12:12:54,0.00009316,141.00000000
2018-02-26 12:12:54,0.00009313,670.00000000
2018-02-26 12:12:57,0.00009316,200.00000000
2018-02-26 12:13:00,0.00009316,1427.00000000
2018-02-26 12:13:02,0.00009313,7485.00000000
2018-02-26 12:13:03,0.00009316,558.00000000
2018-02-26 12:13:03,0.00009316,574.00000000
2018-02-26 12:13:03,0.00009313,40.00000000
2018-02-26 12:13:04,0.00009313,115.00000000
2018-02-26 12:13:06,0.00009315,810.00000000
2018-02-26 12:13:08,0.00009315,72.00000000
2018-02-26 12:13:08,0.00009315,72.00000000
2018-02-26 12:13:08,0.00009315,72.00000000
2018-02-26 12:13:08,0.00009315,49.00000000
2018-02-26 12:13:10,0.00009316,146.00000000
2018-02-26 12:13:16,0.00009316,95.00000000
2018-02-26 12:13:20,0.00009316,26.00000000
2018-02-26 12:13:21,0.00009315,23.00000000
2018-02-26 12:13:21,0.00009313,6224.00000000
2018-02-26 12:13:21,0.00009311,187.00000000
2018-02-26 12:13:30,0.00009316,1504.00000000
2018-02-26 12:13:30,0.00009316,1504.00000000
2018-02-26 12:13:30,0.00009316,106.00000000
2018-02-26 12:13:30,0.00009316,69.00000000
2018-02-26 12:13:30,0.00009316,989.00000000
2018-02-26 12:13:30,0.00009316,106.00000000
2018-02-26 12:13:35,0.00009320,52.00000000
2018-02-26 12:13:35,0.00009332,55.00000000
2018-02-26 12:13:36,0.00009316,413.00000000
2018-02-26 12:13:38,0.00009316,107.00000000
2018-02-26 12:13:39,0.00009315,120.00000000
2018-02-26 12:13:39,0.00009311,221.00000000
2018-02-26 12:13:39,0.00009310,151.00000000
2018-02-26 12:13:40,0.00009307,510.00000000
2018-02-26 12:13:40,0.00009306,563.00000000
2018-02-26 12:13:41,0.00009306,1889.00000000
2018-02-26 12:13:43,0.00009306,57.00000000
2018-02-26 12:13:45,0.00009312,60.00000000
2018-02-26 12:13:46,0.00009312,42.00000000
2018-02-26 12:13:46,0.00009316,498.00000000
2018-02-26 12:13:55,0.00009316,1728.00000000
2018-02-26 12:13:55,0.00009330,215.00000000
2018-02-26 12:13:55,0.00009332,638.00000000
2018-02-26 12:13:56,0.00009334,107.00000000
2018-02-26 12:14:06,0.00009317,11.00000000
2018-02-26 12:14:06,0.00009316,21.00000000
2018-02-26 12:14:06,0.00009332,3.00000000
2018-02-26 12:14:10,0.00009316,179.00000000
2018-02-26 12:14:11,0.00009332,2.00000000
2018-02-26 12:14:12,0.00009332,107.00000000
2018-02-26 12:14:12,0.00009316,66.00000000
2018-02-26 12:14:12,0.00009316,100.00000000
2018-02-26 12:14:12,0.00009310,322.00000000
2018-02-26 12:14:12,0.00009316,90.00000000
2018-02-26 12:14:15,0.00009316,5.00000000
2018-02-26 12:14:16,0.00009316,107.00000000
2018-02-26 12:14:16,0.00009316,22.00000000
2018-02-26 12:14:20,0.00009316,107.00000000
2018-02-26 12:14:21,0.00009311,32.00000000
2018-02-26 12:14:21,0.00009311,868.00000000
2018-02-26 12:14:21,0.00009311,33.00000000
2018-02-26 12:14:21,0.00009316,74.00000000
2018-02-26 12:14:23,0.00009310,351.00000000
2018-02-26 12:14:23,0.00009309,900.00000000
2018-02-26 12:14:23,0.00009308,1100.00000000
2018-02-26 12:14:28,0.00009307,86.00000000
2018-02-26 12:14:35,0.00009319,107.00000000
2018-02-26 12:14:36,0.00009306,420.00000000
2018-02-26 12:14:37,0.00009307,677.00000000
2018-02-26 12:14:37,0.00009306,38.00000000
2018-02-26 12:14:37,0.00009319,28.00000000
2018-02-26 12:14:38,0.00009306,4190.00000000
2018-02-26 12:14:38,0.00009319,107.00000000
2018-02-26 12:14:44,0.00009306,3618.00000000
2018-02-26 12:14:46,0.00009319,107.00000000
2018-02-26 12:14:46,0.00009306,1953.00000000
2018-02-26 12:14:47,0.00009306,2053.00000000
2018-02-26 12:14:59,0.00009319,107.00000000
2018-02-26 12:15:05,0.00009319,107.00000000
2018-02-26 12:15:13,0.00009318,51.00000000
2018-02-26 12:15:19,0.00009318,107.00000000
2018-02-26 12:15:24,0.00009307,200.00000000
2018-02-26 12:15:25,0.00009307,64.00000000
2018-02-26 12:15:25,0.00009306,936.00000000
2018-02-26 12:15:27,0.00009306,912.00000000
2018-02-26 12:15:28,0.00009317,26.00000000
2018-02-26 12:15:28,0.00009319,81.00000000
2018-02-26 12:15:31,0.00009308,158.00000000
2018-02-26 12:15:31,0.00009306,161.00000000
2018-02-26 12:15:32,0.00009306,1607.00000000
2018-02-26 12:15:34,0.00009319,107.00000000
2018-02-26 12:15:36,0.00009306,59.00000000
2018-02-26 12:15:36,0.00009306,200.00000000
2018-02-26 12:15:37,0.00009318,107.00000000
2018-02-26 12:15:38,0.00009306,1721.00000000
2018-02-26 12:15:41,0.00009306,20.00000000
2018-02-26 12:15:42,0.00009318,1.00000000
2018-02-26 12:15:42,0.00009319,106.00000000
2018-02-26 12:15:49,0.00009318,20.00000000
2018-02-26 12:15:49,0.00009319,87.00000000
2018-02-26 12:15:58,0.00009307,198.00000000
2018-02-26 12:15:58,0.00009306,152.00000000
2018-02-26 12:15:58,0.00009306,1875.00000000
2018-02-26 12:16:05,0.00009306,163.00000000
2018-02-26 12:16:18,0.00009306,99.00000000
2018-02-26 12:16:19,0.00009306,322.00000000
2018-02-26 12:16:23,0.00009306,120.00000000
2018-02-26 12:16:32,0.00009306,1138.00000000
2018-02-26 12:16:33,0.00009306,3428.00000000
2018-02-26 12:16:34,0.00009306,4152.00000000
2018-02-26 12:16:35,0.00009306,200.00000000
2018-02-26 12:16:42,0.00009307,180.00000000
2018-02-26 12:16:42,0.00009307,40.00000000
2018-02-26 12:16:42,0.00009306,160.00000000
2018-02-26 12:16:45,0.00009306,19.00000000
2018-02-26 12:16:49,0.00009307,11.00000000
2018-02-26 12:16:49,0.00009306,1990.00000000
2018-02-26 12:16:51,0.00009306,200.00000000
2018-02-26 12:16:52,0.00009307,20.00000000
2018-02-26 12:16:52,0.00009306,69.00000000
2018-02-26 12:16:53,0.00009316,330.00000000
2018-02-26 12:16:55,0.00009306,30.00000000
2018-02-26 12:16:57,0.00009316,107.00000000
2018-02-26 12:16:58,0.00009306,3389.00000000
2018-02-26 12:17:04,0.00009306,1500.00000000
2018-02-26 12:17:06,0.00009306,104.00000000
2018-02-26 12:17:07,0.00009316,88.00000000
2018-02-26 12:17:07,0.00009318,19.00000000
2018-02-26 12:17:09,0.00009306,3.00000000
2018-02-26 12:17:13,0.00009306,799.00000000
2018-02-26 12:17:16,0.00009314,70.00000000
2018-02-26 12:17:23,0.00009306,27.00000000
2018-02-26 12:17:25,0.00009314,62.00000000
2018-02-26 12:17:25,0.00009314,90.00000000
2018-02-26 12:17:26,0.00009314,107.00000000
2018-02-26 12:17:26,0.00009314,25.00000000
2018-02-26 12:17:26,0.00009314,19.00000000
2018-02-26 12:17:39,0.00009307,37.00000000
2018-02-26 12:17:39,0.00009306,735.00000000
2018-02-26 12:17:39,0.00009306,454.00000000
2018-02-26 12:17:44,0.00009306,1182.00000000
2018-02-26 12:17:49,0.00009306,108.00000000
2018-02-26 12:17:51,0.00009306,644.00000000
2018-02-26 12:17:51,0.00009306,538.00000000
2018-02-26 12:17:54,0.00009313,29.00000000
2018-02-26 12:17:56,0.00009306,32.00000000
2018-02-26 12:17:57,0.00009306,19.00000000
2018-02-26 12:17:59,0.00009306,60.00000000
2018-02-26 12:18:04,0.00009304,149.00000000
2018-02-26 12:18:06,0.00009304,41.00000000
2018-02-26 12:18:08,0.00009304,17.00000000
2018-02-26 12:18:10,0.00009303,8.00000000
2018-02-26 12:18:10,0.00009306,12.00000000
2018-02-26 12:18:11,0.00009301,528.00000000
2018-02-26 12:18:20,0.00009304,27.00000000
2018-02-26 12:18:22,0.00009304,79.00000000
2018-02-26 12:18:33,0.00009305,107.00000000
2018-02-26 12:18:34,0.00009304,15.00000000
2018-02-26 12:18:34,0.00009305,21.00000000
2018-02-26 12:18:37,0.00009305,101.00000000
2018-02-26 12:18:40,0.00009305,107.00000000
2018-02-26 12:18:52,0.00009304,22.00000000
2018-02-26 12:18:55,0.00009301,329.00000000
2018-02-26 12:18:55,0.00009303,3.00000000
2018-02-26 12:18:55,0.00009305,104.00000000
2018-02-26 12:18:55,0.00009301,749.00000000
2018-02-26 12:18:58,0.00009301,491.00000000
2018-02-26 12:19:00,0.00009301,138.00000000
2018-02-26 12:19:02,0.00009301,225.00000000
2018-02-26 12:19:03,0.00009300,38.00000000
2018-02-26 12:19:03,0.00009301,24.00000000
2018-02-26 12:19:03,0.00009301,36.00000000
2018-02-26 12:19:04,0.00009301,287.00000000
2018-02-26 12:19:05,0.00009300,399.00000000
2018-02-26 12:19:05,0.00009301,107.00000000
2018-02-26 12:19:06,0.00009301,33.00000000
2018-02-26 12:19:07,0.00009301,211.00000000
2018-02-26 12:19:08,0.00009301,34.00000000
2018-02-26 12:19:08,0.00009304,107.00000000
2018-02-26 12:19:08,0.00009300,111.00000000
2018-02-26 12:19:10,0.00009301,31.00000000
2018-02-26 12:19:12,0.00009304,11.00000000
2018-02-26 12:19:12,0.00009301,23.00000000
2018-02-26 12:19:12,0.00009300,177.00000000
2018-02-26 12:19:13,0.00009300,25.00000000
2018-02-26 12:19:17,0.00009304,75.00000000
2018-02-26 12:19:25,0.00009304,10.00000000
2018-02-26 12:19:26,0.00009304,1192.00000000
2018-02-26 12:19:30,0.00009301,107.00000000
2018-02-26 12:19:31,0.00009300,163.00000000
2018-02-26 12:19:31,0.00009300,649.00000000
2018-02-26 12:19:35,0.00009301,107.00000000
2018-02-26 12:19:40,0.00009300,106.00000000
2018-02-26 12:19:41,0.00009301,25.00000000
2018-02-26 12:19:41,0.00009301,961.00000000
2018-02-26 12:19:41,0.00009300,106.00000000
2018-02-26 12:19:43,0.00009301,1075.00000000
2018-02-26 12:19:43,0.00009301,309.00000000
2018-02-26 12:19:46,0.00009301,107.00000000
2018-02-26 12:19:46,0.00009300,263.00000000
2018-02-26 12:19:47,0.00009301,483.00000000
2018-02-26 12:19:48,0.00009301,202.00000000
2018-02-26 12:19:48,0.00009300,19.00000000
2018-02-26 12:19:52,0.00009301,107.00000000
2018-02-26 12:19:52,0.00009301,107.00000000
2018-02-26 12:19:54,0.00009301,107.00000000
2018-02-26 12:19:57,0.00009300,1073.00000000
2018-02-26 12:19:58,0.00009301,709.00000000
2018-02-26 12:19:58,0.00009300,136.00000000
2018-02-26 12:20:00,0.00009300,715.00000000
2018-02-26 12:20:00,0.00009300,175.00000000
2018-02-26 12:20:00,0.00009300,1609.00000000
2018-02-26 12:20:00,0.00009300,85.00000000
2018-02-26 12:20:02,0.00009300,302.00000000
2018-02-26 12:20:05,0.00009301,1713.00000000
2018-02-26 12:20:05,0.00009301,2563.00000000
2018-02-26 12:20:05,0.00009301,855.00000000
2018-02-26 12:20:07,0.00009300,107.00000000
2018-02-26 12:20:07,0.00009301,107.00000000
2018-02-26 12:20:08,0.00009300,213.00000000
2018-02-26 12:20:13,0.00009299,107.00000000
2018-02-26 12:20:15,0.00009299,90.00000000
2018-02-26 12:20:15,0.00009299,35.00000000
2018-02-26 12:20:15,0.00009298,165.00000000
2018-02-26 12:20:17,0.00009298,71.00000000
2018-02-26 12:20:17,0.00009298,1.00000000
2018-02-26 12:20:21,0.00009298,5549.00000000
2018-02-26 12:20:24,0.00009298,25.00000000
2018-02-26 12:20:25,0.00009298,81.00000000
2018-02-26 12:20:36,0.00009299,73.00000000
2018-02-26 12:20:39,0.00009299,45.00000000
2018-02-26 12:20:40,0.00009299,686.00000000
2018-02-26 12:20:44,0.00009300,1684.00000000
2018-02-26 12:20:44,0.00009301,30.00000000
2018-02-26 12:20:44,0.00009301,51.00000000
2018-02-26 12:20:45,0.00009301,108.00000000
2018-02-26 12:20:45,0.00009301,127.00000000
2018-02-26 12:20:45,0.00009299,73.00000000
2018-02-26 12:20:53,0.00009299,437.00000000
2018-02-26 12:20:58,0.00009303,100.00000000
2018-02-26 12:20:58,0.00009304,99.00000000
2018-02-26 12:20:58,0.00009305,90.00000000
2018-02-26 12:20:58,0.00009300,106.00000000
2018-02-26 12:21:07,0.00009300,1.00000000
2018-02-26 12:21:07,0.00009299,199.00000000
2018-02-26 12:21:10,0.00009299,107.00000000
2018-02-26 12:21:10,0.00009300,107.00000000
2018-02-26 12:21:14,0.00009300,143.00000000
2018-02-26 12:21:16,0.00009299,200.00000000
2018-02-26 12:21:16,0.00009299,1752.00000000
2018-02-26 12:21:17,0.00009299,502.00000000
2018-02-26 12:21:19,0.00009299,194.00000000
2018-02-26 12:21:22,0.00009300,40.00000000
2018-02-26 12:21:23,0.00009299,22.00000000
2018-02-26 12:21:23,0.00009299,844.00000000
2018-02-26 12:21:23,0.00009300,7320.00000000
2018-02-26 12:21:23,0.00009304,445.00000000
2018-02-26 12:21:26,0.00009300,1152.00000000
2018-02-26 12:21:26,0.00009299,1413.00000000
2018-02-26 12:21:29,0.00009300,70.00000000
2018-02-26 12:21:29,0.00009304,37.00000000
2018-02-26 12:21:31,0.00009299,200.00000000
2018-02-26 12:21:35,0.00009299,106.00000000
2018-02-26 12:21:38,0.00009299,70.00000000
2018-02-26 12:21:42,0.00009299,299.00000000
2018-02-26 12:21:42,0.00009299,503.00000000
2018-02-26 12:21:46,0.00009299,70.00000000
2018-02-26 12:21:47,0.00009300,348.00000000
2018-02-26 12:21:47,0.00009299,72.00000000
2018-02-26 12:21:48,0.00009299,560.00000000
2018-02-26 12:21:52,0.00009299,89.00000000
2018-02-26 12:21:52,0.00009299,1448.00000000
2018-02-26 12:21:52,0.00009298,93.00000000
2018-02-26 12:21:54,0.00009298,25.00000000
2018-02-26 12:21:55,0.00009299,1073.00000000
2018-02-26 12:21:56,0.00009303,65.00000000
2018-02-26 12:21:56,0.00009298,70.00000000
2018-02-26 12:21:56,0.00009298,25.00000000
2018-02-26 12:21:57,0.00009298,106.00000000
2018-02-26 12:22:01,0.00009303,107.00000000
2018-02-26 12:22:03,0.00009303,1075.00000000
2018-02-26 12:22:03,0.00009303,1673.00000000
2018-02-26 12:22:06,0.00009298,70.00000000
2018-02-26 12:22:07,0.00009304,16.00000000
2018-02-26 12:22:07,0.00009298,40.00000000
2018-02-26 12:22:09,0.00009298,168.00000000
2018-02-26 12:22:16,0.00009299,70.00000000
2018-02-26 12:22:17,0.00009299,64.00000000
2018-02-26 12:22:21,0.00009299,152.00000000
2018-02-26 12:22:24,0.00009299,430.00000000
2018-02-26 12:22:24,0.00009298,3027.00000000
2018-02-26 12:22:26,0.00009298,70.00000000
2018-02-26 12:22:31,0.00009304,107.00000000
2018-02-26 12:22:32,0.00009304,107.00000000
2018-02-26 12:22:35,0.00009301,107.00000000
2018-02-26 12:22:36,0.00009301,506.00000000
2018-02-26 12:22:36,0.00009300,70.00000000
2018-02-26 12:22:39,0.00009300,45.00000000
2018-02-26 12:22:40,0.00009300,74.00000000
2018-02-26 12:22:42,0.00009300,1201.00000000
2018-02-26 12:22:45,0.00009300,86.00000000
2018-02-26 12:22:46,0.00009300,70.00000000
2018-02-26 12:22:48,0.00009300,74.00000000
2018-02-26 12:22:48,0.00009302,89.00000000
2018-02-26 12:22:49,0.00009301,89.00000000
2018-02-26 12:22:50,0.00009300,160.00000000
2018-02-26 12:22:54,0.00009300,220.00000000
2018-02-26 12:22:56,0.00009298,71.00000000
2018-02-26 12:23:02,0.00009300,289.00000000
2018-02-26 12:23:06,0.00009299,19.00000000
2018-02-26 12:23:08,0.00009298,383.00000000
2018-02-26 12:23:08,0.00009298,95.00000000
2018-02-26 12:23:09,0.00009298,95.00000000
2018-02-26 12:23:09,0.00009298,23.00000000
2018-02-26 12:23:09,0.00009298,23.00000000
2018-02-26 12:23:09,0.00009299,52.00000000
2018-02-26 12:23:09,0.00009300,55.00000000
2018-02-26 12:23:14,0.00009300,107.00000000
2018-02-26 12:23:15,0.00009300,289.00000000
2018-02-26 12:23:16,0.00009299,15.00000000
2018-02-26 12:23:19,0.00009299,56.00000000
2018-02-26 12:23:28,0.00009299,71.00000000
2018-02-26 12:23:29,0.00009300,290.00000000
2018-02-26 12:23:29,0.00009300,107.00000000
2018-02-26 12:23:29,0.00009299,1769.00000000
2018-02-26 12:23:30,0.00009298,50.00000000
2018-02-26 12:23:37,0.00009298,71.00000000
2018-02-26 12:23:38,0.00009298,50.00000000
2018-02-26 12:23:40,0.00009298,340.00000000
2018-02-26 12:23:41,0.00009298,1075.00000000
2018-02-26 12:23:41,0.00009298,674.00000000
2018-02-26 12:23:42,0.00009298,1190.00000000
2018-02-26 12:23:42,0.00009299,290.00000000
2018-02-26 12:23:46,0.00009298,71.00000000
2018-02-26 12:23:47,0.00009298,289.00000000
2018-02-26 12:23:48,0.00009298,1498.00000000
2018-02-26 12:23:49,0.00009298,89.00000000
2018-02-26 12:23:51,0.00009298,25.00000000
2018-02-26 12:23:55,0.00009299,290.00000000
2018-02-26 12:23:56,0.00009298,71.00000000
2018-02-26 12:23:59,0.00009298,50.00000000
2018-02-26 12:23:59,0.00009298,50.00000000
2018-02-26 12:24:01,0.00009298,19.00000000
2018-02-26 12:24:01,0.00009298,31.00000000
2018-02-26 12:24:02,0.00009298,249.00000000
2018-02-26 12:24:04,0.00009298,25.00000000
2018-02-26 12:24:04,0.00009298,68.00000000
2018-02-26 12:24:05,0.00009298,1000.00000000
2018-02-26 12:24:05,0.00009298,26.00000000
2018-02-26 12:24:07,0.00009298,71.00000000
2018-02-26 12:24:08,0.00009299,290.00000000
2018-02-26 12:24:14,0.00009298,1823.00000000
2018-02-26 12:24:15,0.00009298,90.00000000
2018-02-26 12:24:15,0.00009298,90.00000000
2018-02-26 12:24:16,0.00009299,451.00000000
2018-02-26 12:24:16,0.00009298,71.00000000
2018-02-26 12:24:18,0.00009298,70.00000000
2018-02-26 12:24:20,0.00009298,310.00000000
2018-02-26 12:24:24,0.00009298,56.00000000
2018-02-26 12:24:28,0.00009298,48.00000000
2018-02-26 12:24:28,0.00009298,71.00000000
2018-02-26 12:24:30,0.00009298,35.00000000
2018-02-26 12:24:31,0.00009299,1337.00000000
2018-02-26 12:24:32,0.00009299,68.00000000
2018-02-26 12:24:33,0.00009299,510.00000000
2018-02-26 12:24:33,0.00009300,193.00000000
2018-02-26 12:24:36,0.00009299,62.00000000
2018-02-26 12:24:36,0.00009299,71.00000000
2018-02-26 12:24:40,0.00009299,139.00000000
2018-02-26 12:24:40,0.00009298,491.00000000
2018-02-26 12:24:43,0.00009300,200.00000000
2018-02-26 12:24:43,0.00009299,136.00000000
2018-02-26 12:24:50,0.00009300,1075.00000000
2018-02-26 12:24:50,0.00009300,409.00000000
2018-02-26 12:24:50,0.00009298,130.00000000
2018-02-26 12:24:50,0.00009298,4415.00000000
2018-02-26 12:24:51,0.00009298,42.00000000
2018-02-26 12:24:52,0.00009298,25.00000000
2018-02-26 12:24:56,0.00009298,25.00000000
2018-02-26 12:25:01,0.00009298,25.00000000
2018-02-26 12:25:05,0.00009298,25.00000000
2018-02-26 12:25:06,0.00009298,103.00000000
2018-02-26 12:25:06,0.00009298,674.00000000
2018-02-26 12:25:07,0.00009298,200.00000000
2018-02-26 12:25:07,0.00009298,3614.00000000
2018-02-26 12:25:11,0.00009298,25.00000000
2018-02-26 12:25:16,0.00009299,25.00000000
2018-02-26 12:25:21,0.00009299,25.00000000
2018-02-26 12:25:24,0.00009299,1499.00000000
2018-02-26 12:25:26,0.00009300,330.00000000
2018-02-26 12:25:28,0.00009299,155.00000000
2018-02-26 12:25:29,0.00009299,222.00000000
2018-02-26 12:25:33,0.00009300,280.00000000
2018-02-26 12:25:35,0.00009300,107.00000000
2018-02-26 12:25:39,0.00009299,500.00000000
2018-02-26 12:25:43,0.00009299,1000.00000000
2018-02-26 12:25:44,0.00009299,1026.00000000
2018-02-26 12:25:47,0.00009298,7884.00000000
2018-02-26 12:25:47,0.00009300,107.00000000
2018-02-26 12:25:57,0.00009299,69.00000000
2018-02-26 12:26:02,0.00009299,320.00000000
2018-02-26 12:26:05,0.00009299,107.00000000
2018-02-26 12:26:15,0.00009299,2400.00000000
2018-02-26 12:26:26,0.00009298,1751.00000000
2018-02-26 12:26:27,0.00009298,582.00000000
2018-02-26 12:26:28,0.00009298,3000.00000000
2018-02-26 12:26:35,0.00009298,55.00000000
2018-02-26 12:26:38,0.00009298,238.00000000
2018-02-26 12:26:41,0.00009298,43.00000000
2018-02-26 12:26:47,0.00009298,112.00000000
2018-02-26 12:26:52,0.00009298,4743.00000000
2018-02-26 12:26:53,0.00009298,43.00000000
2018-02-26 12:26:55,0.00009299,107.00000000
2018-02-26 12:26:58,0.00009299,11.00000000
2018-02-26 12:26:59,0.00009298,43.00000000
2018-02-26 12:26:59,0.00009298,2000.00000000
2018-02-26 12:27:00,0.00009299,16.00000000
2018-02-26 12:27:00,0.00009298,68.00000000
2018-02-26 12:27:02,0.00009299,107.00000000
2018-02-26 12:27:03,0.00009298,9398.00000000
2018-02-26 12:27:07,0.00009299,107.00000000
2018-02-26 12:27:09,0.00009298,2777.00000000
2018-02-26 12:27:15,0.00009298,351.00000000
2018-02-26 12:27:16,0.00009298,337.00000000
2018-02-26 12:27:21,0.00009298,50.00000000
2018-02-26 12:27:21,0.00009298,943.00000000
2018-02-26 12:27:23,0.00009298,2498.00000000
2018-02-26 12:27:27,0.00009298,444.00000000
2018-02-26 12:27:27,0.00009297,136.00000000
2018-02-26 12:27:27,0.00009296,1422.00000000
2018-02-26 12:27:27,0.00009295,40.00000000
2018-02-26 12:27:27,0.00009294,16.00000000
2018-02-26 12:27:27,0.00009292,7942.00000000
2018-02-26 12:27:31,0.00009298,29.00000000
2018-02-26 12:27:31,0.00009299,78.00000000
2018-02-26 12:27:44,0.00009298,60.00000000
2018-02-26 12:27:48,0.00009298,18.00000000
2018-02-26 12:27:48,0.00009299,590.00000000
2018-02-26 12:27:50,0.00009299,107.00000000
2018-02-26 12:27:50,0.00009292,43.00000000
2018-02-26 12:27:52,0.00009299,150.00000000
2018-02-26 12:27:52,0.00009292,24.00000000
2018-02-26 12:27:52,0.00009292,71.00000000
2018-02-26 12:27:55,0.00009292,43.00000000
2018-02-26 12:27:55,0.00009292,49.00000000
2018-02-26 12:27:57,0.00009297,12.00000000
2018-02-26 12:27:58,0.00009296,31.00000000
2018-02-26 12:28:01,0.00009298,19.00000000
2018-02-26 12:28:01,0.00009297,24.00000000
2018-02-26 12:28:01,0.00009299,83.00000000
2018-02-26 12:28:02,0.00009299,1398.00000000
2018-02-26 12:28:02,0.00009300,7714.00000000
2018-02-26 12:28:04,0.00009292,3000.00000000
2018-02-26 12:28:06,0.00009300,1315.00000000
2018-02-26 12:28:07,0.00009292,43.00000000
2018-02-26 12:28:09,0.00009300,174.00000000
2018-02-26 12:28:10,0.00009300,107.00000000
2018-02-26 12:28:12,0.00009292,569.00000000
2018-02-26 12:28:12,0.00009292,43.00000000
2018-02-26 12:28:16,0.00009299,24.00000000
2018-02-26 12:28:18,0.00009292,43.00000000
2018-02-26 12:28:19,0.00009299,457.00000000
2018-02-26 12:28:23,0.00009299,451.00000000
2018-02-26 12:28:29,0.00009295,1034.00000000
2018-02-26 12:28:37,0.00009299,50.00000000
2018-02-26 12:28:49,0.00009298,1075.00000000
2018-02-26 12:28:49,0.00009298,822.00000000
2018-02-26 12:29:03,0.00009298,320.00000000
2018-02-26 12:29:07,0.00009300,1075.00000000
2018-02-26 12:29:07,0.00009300,317.00000000
2018-02-26 12:29:08,0.00009300,15.00000000
2018-02-26 12:29:15,0.00009295,2978.00000000
2018-02-26 12:29:16,0.00009300,4171.00000000
2018-02-26 12:29:22,0.00009295,81.00000000
2018-02-26 12:29:25,0.00009300,107.00000000
2018-02-26 12:29:26,0.00009300,107.00000000
2018-02-26 12:29:28,0.00009300,101.00000000
2018-02-26 12:29:38,0.00009300,107.00000000
2018-02-26 12:29:47,0.00009297,21.00000000
2018-02-26 12:29:52,0.00009295,200.00000000
2018-02-26 12:29:54,0.00009295,1530.00000000
2018-02-26 12:29:56,0.00009295,400.00000000
2018-02-26 12:29:58,0.00009295,538.00000000
2018-02-26 12:29:59,0.00009297,107.00000000
2018-02-26 12:29:59,0.00009295,538.00000000
2018-02-26 12:30:03,0.00009295,538.00000000
2018-02-26 12:30:04,0.00009297,107.00000000
2018-02-26 12:30:05,0.00009295,43.00000000
2018-02-26 12:30:06,0.00009297,107.00000000
2018-02-26 12:30:07,0.00009297,107.00000000
2018-02-26 12:30:07,0.00009295,43.00000000
2018-02-26 12:30:10,0.00009295,108.00000000
2018-02-26 12:30:12,0.00009295,108.00000000
2018-02-26 12:30:14,0.00009295,108.00000000
2018-02-26 12:30:22,0.00009297,286.00000000
2018-02-26 12:30:26,0.00009297,40.00000000
2018-02-26 12:30:31,0.00009295,100.00000000
2018-02-26 12:30:32,0.00009295,486.00000000
2018-02-26 12:30:32,0.00009295,362.00000000
2018-02-26 12:30:35,0.00009295,2148.00000000
2018-02-26 12:30:35,0.00009293,13.00000000
2018-02-26 12:30:35,0.00009292,7839.00000000
2018-02-26 12:30:39,0.00009297,36.00000000
2018-02-26 12:30:40,0.00009297,107.00000000
2018-02-26 12:30:44,0.00009297,100.00000000
2018-02-26 12:31:04,0.00009297,107.00000000
2018-02-26 12:31:04,0.00009297,107.00000000
2018-02-26 12:31:05,0.00009295,366.00000000
2018-02-26 12:31:05,0.00009292,339.00000000
2018-02-26 12:31:05,0.00009291,269.00000000
2018-02-26 12:31:05,0.00009290,5182.00000000
2018-02-26 12:31:05,0.00009290,844.00000000
2018-02-26 12:31:08,0.00009297,716.00000000
2018-02-26 12:31:09,0.00009298,11.00000000
2018-02-26 12:31:09,0.00009299,96.00000000
2018-02-26 12:31:09,0.00009297,368.00000000
2018-02-26 12:31:09,0.00009288,32.00000000
2018-02-26 12:31:11,0.00009288,67.00000000
2018-02-26 12:31:13,0.00009288,200.00000000
2018-02-26 12:31:13,0.00009288,68.00000000
2018-02-26 12:31:14,0.00009290,130.00000000
2018-02-26 12:31:14,0.00009288,408.00000000
2018-02-26 12:31:16,0.00009288,538.00000000
2018-02-26 12:31:18,0.00009288,538.00000000
2018-02-26 12:31:18,0.00009288,537.00000000
2018-02-26 12:31:24,0.00009288,10000.00000000
2018-02-26 12:31:25,0.00009288,1081.00000000
2018-02-26 12:31:29,0.00009288,538.00000000
2018-02-26 12:31:35,0.00009295,107.00000000
2018-02-26 12:31:39,0.00009288,538.00000000
2018-02-26 12:31:39,0.00009288,60.00000000
2018-02-26 12:31:41,0.00009288,538.00000000
2018-02-26 12:31:43,0.00009288,538.00000000
2018-02-26 12:31:45,0.00009288,538.00000000
2018-02-26 12:31:57,0.00009289,14.00000000
2018-02-26 12:31:57,0.00009288,955.00000000
2018-02-26 12:31:59,0.00009288,538.00000000
2018-02-26 12:32:00,0.00009288,162.00000000
2018-02-26 12:32:01,0.00009288,2007.00000000
2018-02-26 12:32:04,0.00009288,34.00000000
2018-02-26 12:32:12,0.00009290,21.00000000
2018-02-26 12:32:12,0.00009288,102.00000000
2018-02-26 12:32:24,0.00009290,2452.00000000
2018-02-26 12:32:24,0.00009288,1503.00000000
2018-02-26 12:32:25,0.00009287,161.00000000
2018-02-26 12:32:25,0.00009288,339.00000000
2018-02-26 12:32:26,0.00009286,49.00000000
2018-02-26 12:32:27,0.00009288,163.00000000
2018-02-26 12:32:28,0.00009286,140.00000000
2018-02-26 12:32:30,0.00009286,23.00000000
2018-02-26 12:32:33,0.00009286,38.00000000
2018-02-26 12:32:34,0.00009285,200.00000000
2018-02-26 12:32:34,0.00009282,1023.00000000
2018-02-26 12:32:34,0.00009281,107.00000000
2018-02-26 12:32:34,0.00009280,4206.00000000
2018-02-26 12:32:35,0.00009288,107.00000000
2018-02-26 12:32:43,0.00009288,107.00000000
2018-02-26 12:32:44,0.00009288,379.00000000
2018-02-26 12:32:45,0.00009281,125.00000000
2018-02-26 12:32:53,0.00009288,107.00000000
2018-02-26 12:32:56,0.00009280,2409.00000000
2018-02-26 12:33:04,0.00009288,107.00000000
2018-02-26 12:33:05,0.00009281,73.00000000
2018-02-26 12:33:06,0.00009288,194.00000000
2018-02-26 12:33:06,0.00009288,107.00000000
2018-02-26 12:33:11,0.00009281,55.00000000
2018-02-26 12:33:13,0.00009281,43.00000000
2018-02-26 12:33:15,0.00009288,124.00000000
2018-02-26 12:33:15,0.00009281,43.00000000
2018-02-26 12:33:15,0.00009281,14.00000000
2018-02-26 12:33:17,0.00009281,100.00000000
2018-02-26 12:33:18,0.00009288,107.00000000
2018-02-26 12:33:19,0.00009281,43.00000000
2018-02-26 12:33:21,0.00009281,2580.00000000
2018-02-26 12:33:21,0.00009280,1885.00000000
2018-02-26 12:33:21,0.00009280,1000.00000000
2018-02-26 12:33:25,0.00009277,43.00000000
2018-02-26 12:33:25,0.00009287,107.00000000
2018-02-26 12:33:27,0.00009287,107.00000000
2018-02-26 12:33:36,0.00009279,294.00000000
2018-02-26 12:33:38,0.00009279,60.00000000
2018-02-26 12:33:40,0.00009279,964.00000000
2018-02-26 12:33:43,0.00009288,7.00000000
2018-02-26 12:33:44,0.00009279,109.00000000
2018-02-26 12:33:45,0.00009278,214.00000000
2018-02-26 12:33:45,0.00009278,2401.00000000
2018-02-26 12:33:54,0.00009288,107.00000000
2018-02-26 12:33:59,0.00009288,107.00000000
2018-02-26 12:34:01,0.00009279,410.00000000
2018-02-26 12:34:02,0.00009279,79.00000000
2018-02-26 12:34:11,0.00009279,43.00000000
2018-02-26 12:34:13,0.00009279,50.00000000
2018-02-26 12:34:15,0.00009279,107.00000000
2018-02-26 12:34:17,0.00009288,107.00000000
2018-02-26 12:34:20,0.00009288,107.00000000
2018-02-26 12:34:22,0.00009288,11.00000000
2018-02-26 12:34:23,0.00009288,500.00000000
2018-02-26 12:34:27,0.00009279,425.00000000
2018-02-26 12:34:40,0.00009279,25.00000000
2018-02-26 12:34:42,0.00009279,886.00000000
2018-02-26 12:34:44,0.00009279,1535.00000000
2018-02-26 12:34:44,0.00009277,1165.00000000
2018-02-26 12:34:44,0.00009276,1215.00000000
2018-02-26 12:34:44,0.00009275,474.00000000
2018-02-26 12:34:44,0.00009288,107.00000000
2018-02-26 12:34:48,0.00009279,30.00000000
2018-02-26 12:34:48,0.00009287,82.00000000
2018-02-26 12:34:53,0.00009278,14.00000000
2018-02-26 12:34:53,0.00009276,82.00000000
2018-02-26 12:35:01,0.00009275,100.00000000
2018-02-26 12:35:11,0.00009286,14.00000000
2018-02-26 12:35:16,0.00009286,107.00000000
2018-02-26 12:35:18,0.00009286,51.00000000
2018-02-26 12:35:20,0.00009287,938.00000000
2018-02-26 12:35:33,0.00009278,25.00000000
2018-02-26 12:35:35,0.00009288,107.00000000
2018-02-26 12:35:37,0.00009278,25.00000000
2018-02-26 12:35:42,0.00009280,25.00000000
2018-02-26 12:35:42,0.00009280,363.00000000
2018-02-26 12:35:42,0.00009279,455.00000000
2018-02-26 12:35:43,0.00009279,463.00000000
2018-02-26 12:35:44,0.00009279,15.00000000
2018-02-26 12:35:44,0.00009279,140.00000000
2018-02-26 12:35:45,0.00009278,15.00000000
2018-02-26 12:35:46,0.00009279,341.00000000
2018-02-26 12:35:46,0.00009279,114.00000000
2018-02-26 12:35:46,0.00009279,116.00000000
2018-02-26 12:35:49,0.00009279,25.00000000
2018-02-26 12:35:53,0.00009287,14.00000000
2018-02-26 12:35:53,0.00009288,1059.00000000
2018-02-26 12:35:55,0.00009279,191.00000000
2018-02-26 12:35:55,0.00009278,28.00000000
2018-02-26 12:35:55,0.00009276,599.00000000
2018-02-26 12:35:55,0.00009276,80.00000000
2018-02-26 12:36:01,0.00009279,32.00000000
2018-02-26 12:36:02,0.00009279,22.00000000
2018-02-26 12:36:09,0.00009287,150.00000000
2018-02-26 12:36:11,0.00009279,34.00000000
2018-02-26 12:36:12,0.00009277,112.00000000
2018-02-26 12:36:17,0.00009278,37.00000000
2018-02-26 12:36:18,0.00009286,373.00000000
2018-02-26 12:36:18,0.00009287,700.00000000
2018-02-26 12:36:21,0.00009288,304.00000000
2018-02-26 12:36:21,0.00009288,1719.00000000
2018-02-26 12:36:21,0.00009288,622.00000000
2018-02-26 12:36:22,0.00009288,1120.00000000
2018-02-26 12:36:22,0.00009288,569.00000000
2018-02-26 12:36:22,0.00009288,9.00000000
2018-02-26 12:36:24,0.00009289,650.00000000
2018-02-26 12:36:25,0.00009289,11.00000000
2018-02-26 12:36:26,0.00009289,503.00000000
2018-02-26 12:36:26,0.00009288,2680.00000000
2018-02-26 12:36:30,0.00009288,818.00000000
2018-02-26 12:36:31,0.00009288,245.00000000
2018-02-26 12:36:32,0.00009288,37.00000000
2018-02-26 12:36:33,0.00009288,248.00000000
2018-02-26 12:36:33,0.00009290,86.00000000
2018-02-26 12:36:33,0.00009291,108.00000000
2018-02-26 12:36:35,0.00009292,101.00000000
2018-02-26 12:36:36,0.00009277,18.00000000
2018-02-26 12:36:38,0.00009277,762.00000000
2018-02-26 12:36:39,0.00009292,350.00000000
2018-02-26 12:36:40,0.00009277,345.00000000
2018-02-26 12:36:43,0.00009277,818.00000000
2018-02-26 12:36:44,0.00009291,99.00000000
2018-02-26 12:36:49,0.00009288,63.00000000
2018-02-26 12:36:50,0.00009288,55.00000000
2018-02-26 12:36:50,0.00009291,104.00000000
2018-02-26 12:37:06,0.00009291,918.00000000
2018-02-26 12:37:06,0.00009291,199.00000000
2018-02-26 12:37:07,0.00009291,14.00000000
2018-02-26 12:37:07,0.00009292,15.00000000
2018-02-26 12:37:08,0.00009292,107.00000000
2018-02-26 12:37:09,0.00009292,27.00000000
2018-02-26 12:37:09,0.00009294,80.00000000
2018-02-26 12:37:13,0.00009294,107.00000000
2018-02-26 12:37:14,0.00009294,54.00000000
2018-02-26 12:37:14,0.00009291,68.00000000
2018-02-26 12:37:16,0.00009294,107.00000000
2018-02-26 12:37:19,0.00009294,107.00000000
2018-02-26 12:37:22,0.00009294,540.00000000
2018-02-26 12:37:22,0.00009291,534.00000000
2018-02-26 12:37:23,0.00009294,107.00000000
2018-02-26 12:37:27,0.00009293,107.00000000
2018-02-26 12:37:28,0.00009293,107.00000000
2018-02-26 12:37:28,0.00009293,785.00000000
2018-02-26 12:37:28,0.00009294,615.00000000
2018-02-26 12:37:31,0.00009281,67.00000000
2018-02-26 12:37:37,0.00009292,73.00000000
2018-02-26 12:37:37,0.00009294,34.00000000
2018-02-26 12:37:40,0.00009294,294.00000000
2018-02-26 12:37:44,0.00009294,155.00000000
2018-02-26 12:37:47,0.00009294,79.00000000
2018-02-26 12:37:47,0.00009295,107.00000000
2018-02-26 12:37:48,0.00009295,107.00000000
2018-02-26 12:37:50,0.00009294,1.00000000
2018-02-26 12:37:50,0.00009283,18.00000000
2018-02-26 12:37:51,0.00009295,1154.00000000
2018-02-26 12:37:55,0.00009295,1085.00000000
2018-02-26 12:37:58,0.00009295,107.00000000
2018-02-26 12:38:01,0.00009295,65.00000000
2018-02-26 12:38:07,0.00009294,200.00000000
2018-02-26 12:38:14,0.00009295,343.00000000
2018-02-26 12:38:15,0.00009294,60.00000000
2018-02-26 12:38:16,0.00009295,201.00000000
2018-02-26 12:38:28,0.00009287,200.00000000
2018-02-26 12:38:30,0.00009284,415.00000000
2018-02-26 12:38:34,0.00009286,200.00000000
2018-02-26 12:38:34,0.00009294,107.00000000
2018-02-26 12:38:43,0.00009286,200.00000000
2018-02-26 12:38:49,0.00009286,581.00000000
2018-02-26 12:38:49,0.00009284,585.00000000
2018-02-26 12:38:49,0.00009281,148.00000000
2018-02-26 12:38:49,0.00009279,2125.00000000
2018-02-26 12:38:49,0.00009278,4430.00000000
2018-02-26 12:38:49,0.00009278,180.00000000
2018-02-26 12:38:49,0.00009278,180.00000000
2018-02-26 12:38:51,0.00009278,182.00000000
2018-02-26 12:38:51,0.00009278,500.00000000
2018-02-26 12:38:52,0.00009278,1077.00000000
2018-02-26 12:38:52,0.00009278,12.00000000
2018-02-26 12:38:55,0.00009278,200.00000000
2018-02-26 12:38:56,0.00009293,43.00000000
2018-02-26 12:39:04,0.00009278,110.00000000
2018-02-26 12:39:07,0.00009292,111.00000000
2018-02-26 12:39:07,0.00009293,1056.00000000
2018-02-26 12:39:07,0.00009294,759.00000000
2018-02-26 12:39:07,0.00009295,2242.00000000
2018-02-26 12:39:12,0.00009295,9.00000000
2018-02-26 12:39:13,0.00009295,290.00000000
2018-02-26 12:39:13,0.00009279,200.00000000
2018-02-26 12:39:14,0.00009279,799.00000000
2018-02-26 12:39:14,0.00009278,1025.00000000
2018-02-26 12:39:14,0.00009277,1657.00000000
2018-02-26 12:39:14,0.00009276,775.00000000
2018-02-26 12:39:14,0.00009275,4924.00000000
2018-02-26 12:39:14,0.00009274,820.00000000
2018-02-26 12:39:14,0.00009295,127.00000000
2018-02-26 12:39:18,0.00009293,57.00000000
2018-02-26 12:39:22,0.00009279,110.00000000
2018-02-26 12:39:22,0.00009274,90.00000000
2018-02-26 12:39:31,0.00009292,66.00000000
2018-02-26 12:39:32,0.00009293,107.00000000
2018-02-26 12:39:34,0.00009293,107.00000000
2018-02-26 12:39:35,0.00009275,5.00000000
2018-02-26 12:39:37,0.00009275,20.00000000
2018-02-26 12:39:47,0.00009288,250.00000000
2018-02-26 12:39:47,0.00009276,912.00000000
2018-02-26 12:39:51,0.00009276,161.00000000
2018-02-26 12:39:51,0.00009275,102.00000000
2018-02-26 12:39:53,0.00009278,111.00000000
2018-02-26 12:39:57,0.00009293,107.00000000
2018-02-26 12:39:57,0.00009293,20.00000000
2018-02-26 12:39:58,0.00009292,57.00000000
2018-02-26 12:39:58,0.00009293,55.00000000
2018-02-26 12:39:58,0.00009293,107.00000000
2018-02-26 12:40:00,0.00009280,52.00000000
2018-02-26 12:40:00,0.00009278,12.00000000
2018-02-26 12:40:00,0.00009278,40.00000000
2018-02-26 12:40:09,0.00009278,103.00000000
2018-02-26 12:40:11,0.00009292,61.00000000
2018-02-26 12:40:11,0.00009293,46.00000000
2018-02-26 12:40:14,0.00009279,15.00000000
2018-02-26 12:40:16,0.00009292,107.00000000
2018-02-26 12:40:17,0.00009279,19.00000000
2018-02-26 12:40:18,0.00009291,107.00000000
2018-02-26 12:40:23,0.00009291,64.00000000
2018-02-26 12:40:27,0.00009291,18.00000000
2018-02-26 12:40:28,0.00009291,1004.00000000
2018-02-26 12:40:28,0.00009292,454.00000000
2018-02-26 12:40:29,0.00009281,142.00000000
2018-02-26 12:40:32,0.00009292,107.00000000
2018-02-26 12:40:40,0.00009283,30.00000000
2018-02-26 12:40:44,0.00009292,311.00000000
2018-02-26 12:40:49,0.00009286,167.00000000
2018-02-26 12:40:49,0.00009283,33.00000000
2018-02-26 12:40:50,0.00009292,300.00000000
2018-02-26 12:40:53,0.00009287,105.00000000
2018-02-26 12:40:57,0.00009292,107.00000000
2018-02-26 12:41:03,0.00009287,61.00000000
2018-02-26 12:41:06,0.00009287,111.00000000
2018-02-26 12:41:07,0.00009292,38.00000000
2018-02-26 12:41:07,0.00009292,107.00000000
2018-02-26 12:41:11,0.00009292,190.00000000
2018-02-26 12:41:13,0.00009291,366.00000000
2018-02-26 12:41:13,0.00009292,107.00000000
2018-02-26 12:41:14,0.00009291,434.00000000
2018-02-26 12:41:19,0.00009291,308.00000000
2018-02-26 12:41:19,0.00009287,492.00000000
2018-02-26 12:41:21,0.00009287,210.00000000
2018-02-26 12:41:27,0.00009292,107.00000000
2018-02-26 12:41:32,0.00009287,21.00000000
2018-02-26 12:41:33,0.00009292,107.00000000
2018-02-26 12:41:34,0.00009287,170.00000000
2018-02-26 12:41:36,0.00009292,461.00000000
2018-02-26 12:41:37,0.00009287,200.00000000
2018-02-26 12:41:38,0.00009287,3.00000000
2018-02-26 12:41:40,0.00009287,110.00000000
2018-02-26 12:41:44,0.00009288,161.00000000
2018-02-26 12:41:44,0.00009287,96.00000000
2018-02-26 12:41:46,0.00009291,58.00000000
2018-02-26 12:41:46,0.00009292,49.00000000
2018-02-26 12:41:50,0.00009287,27.00000000
2018-02-26 12:41:51,0.00009287,20.00000000
2018-02-26 12:41:58,0.00009292,77.00000000
2018-02-26 12:41:59,0.00009287,1076.00000000
2018-02-26 12:41:59,0.00009287,1737.00000000
2018-02-26 12:42:05,0.00009287,12.00000000
2018-02-26 12:42:08,0.00009283,200.00000000
2018-02-26 12:42:14,0.00009283,1.00000000
2018-02-26 12:42:15,0.00009287,147.00000000
2018-02-26 12:42:15,0.00009283,1114.00000000
2018-02-26 12:42:21,0.00009281,29.00000000
2018-02-26 12:42:28,0.00009281,621.00000000
2018-02-26 12:42:35,0.00009283,107.00000000
2018-02-26 12:42:38,0.00009281,27.00000000
2018-02-26 12:42:49,0.00009281,602.00000000
2018-02-26 12:42:54,0.00009282,107.00000000
2018-02-26 12:42:55,0.00009281,13.00000000
2018-02-26 12:42:58,0.00009282,19.00000000
2018-02-26 12:42:59,0.00009282,2349.00000000
2018-02-26 12:43:05,0.00009282,109.00000000
2018-02-26 12:43:06,0.00009282,5864.00000000
2018-02-26 12:43:11,0.00009281,10.00000000
2018-02-26 12:43:12,0.00009281,23.00000000
2018-02-26 12:43:12,0.00009280,107.00000000
2018-02-26 12:43:18,0.00009278,465.00000000
2018-02-26 12:43:18,0.00009276,209.00000000
2018-02-26 12:43:18,0.00009275,2563.00000000
2018-02-26 12:43:18,0.00009274,913.00000000
2018-02-26 12:43:22,0.00009280,50.00000000
2018-02-26 12:43:25,0.00009275,1073.00000000
2018-02-26 12:43:25,0.00009274,39571.00000000
2018-02-26 12:43:26,0.00009274,350.00000000
2018-02-26 12:43:29,0.00009280,107.00000000
2018-02-26 12:43:37,0.00009274,81.00000000
2018-02-26 12:43:42,0.00009275,272.00000000
2018-02-26 12:43:42,0.00009274,3015.00000000
2018-02-26 12:43:42,0.00009274,1277.00000000
2018-02-26 12:43:44,0.00009274,927.00000000
2018-02-26 12:43:46,0.00009281,15.00000000
2018-02-26 12:43:46,0.00009282,149.00000000
2018-02-26 12:43:46,0.00009274,12.00000000
2018-02-26 12:43:54,0.00009282,15.00000000
2018-02-26 12:43:57,0.00009274,837.00000000
2018-02-26 12:44:00,0.00009282,335.00000000
2018-02-26 12:44:01,0.00009274,39.00000000
2018-02-26 12:44:07,0.00009274,274.00000000
2018-02-26 12:44:18,0.00009274,658.00000000
2018-02-26 12:44:22,0.00009274,87.00000000
2018-02-26 12:44:23,0.00009274,87.00000000
2018-02-26 12:44:29,0.00009274,49.00000000
2018-02-26 12:44:29,0.00009282,107.00000000
2018-02-26 12:44:29,0.00009282,638.00000000
2018-02-26 12:44:30,0.00009282,240.00000000
2018-02-26 12:44:30,0.00009281,88.00000000
2018-02-26 12:44:31,0.00009278,30.00000000
2018-02-26 12:44:31,0.00009278,60.00000000
2018-02-26 12:44:41,0.00009282,107.00000000
2018-02-26 12:44:41,0.00009278,187.00000000
2018-02-26 12:44:42,0.00009278,813.00000000
2018-02-26 12:44:42,0.00009282,1050.00000000
2018-02-26 12:44:43,0.00009274,35.00000000
2018-02-26 12:44:48,0.00009278,172.00000000
2018-02-26 12:44:48,0.00009278,341.00000000
2018-02-26 12:44:49,0.00009278,22.00000000
2018-02-26 12:44:49,0.00009281,107.00000000
2018-02-26 12:44:50,0.00009280,802.00000000
2018-02-26 12:44:51,0.00009281,107.00000000
2018-02-26 12:44:52,0.00009280,256.00000000
2018-02-26 12:44:52,0.00009280,142.00000000
2018-02-26 12:44:54,0.00009280,107.00000000
2018-02-26 12:44:56,0.00009275,200.00000000
2018-02-26 12:45:01,0.00009278,107.00000000
2018-02-26 12:45:07,0.00009278,107.00000000
2018-02-26 12:45:10,0.00009276,42.00000000
2018-02-26 12:45:10,0.00009274,158.00000000
2018-02-26 12:45:12,0.00009278,107.00000000
2018-02-26 12:45:12,0.00009278,107.00000000
2018-02-26 12:45:13,0.00009274,1781.00000000
2018-02-26 12:45:14,0.00009278,3750.00000000
2018-02-26 12:45:16,0.00009274,87.00000000
2018-02-26 12:45:16,0.00009274,937.00000000
2018-02-26 12:45:16,0.00009270,576.00000000
2018-02-26 12:45:17,0.00009270,1078.00000000
2018-02-26 12:45:17,0.00009270,532.00000000
2018-02-26 12:45:18,0.00009278,54.00000000
2018-02-26 12:45:20,0.00009270,320.00000000
2018-02-26 12:45:21,0.00009271,22.00000000
2018-02-26 12:45:21,0.00009278,58.00000000
2018-02-26 12:45:22,0.00009278,3881.00000000
2018-02-26 12:45:25,0.00009278,354.00000000
2018-02-26 12:45:29,0.00009270,40.00000000
2018-02-26 12:45:35,0.00009270,88.00000000
2018-02-26 12:45:40,0.00009270,411.00000000
2018-02-26 12:45:40,0.00009270,9280.00000000
2018-02-26 12:45:47,0.00009275,107.00000000
2018-02-26 12:45:49,0.00009270,494.00000000
2018-02-26 12:45:53,0.00009274,107.00000000
2018-02-26 12:45:55,0.00009270,611.00000000
2018-02-26 12:45:56,0.00009274,290.00000000
2018-02-26 12:46:00,0.00009270,277.00000000
2018-02-26 12:46:02,0.00009274,1967.00000000
2018-02-26 12:46:02,0.00009275,2189.00000000
2018-02-26 12:46:02,0.00009278,4681.00000000
2018-02-26 12:46:03,0.00009278,9488.00000000
2018-02-26 12:46:07,0.00009278,64.00000000
2018-02-26 12:46:10,0.00009278,457.00000000
2018-02-26 12:46:11,0.00009278,1011.00000000
2018-02-26 12:46:16,0.00009278,199.00000000
2018-02-26 12:46:18,0.00009278,536.00000000
2018-02-26 12:46:22,0.00009274,197.00000000
2018-02-26 12:46:23,0.00009274,232.00000000
2018-02-26 12:46:26,0.00009271,12.00000000
2018-02-26 12:46:30,0.00009274,1807.00000000
2018-02-26 12:46:31,0.00009274,1690.00000000
2018-02-26 12:46:33,0.00009271,20.00000000
2018-02-26 12:46:38,0.00009274,65.00000000
2018-02-26 12:46:38,0.00009274,627.00000000
2018-02-26 12:46:38,0.00009274,627.00000000
2018-02-26 12:46:38,0.00009274,40.00000000
2018-02-26 12:46:40,0.00009278,107.00000000
2018-02-26 12:46:43,0.00009278,107.00000000
2018-02-26 12:46:43,0.00009278,329.00000000
2018-02-26 12:46:45,0.00009272,617.00000000
2018-02-26 12:46:45,0.00009278,151.00000000
2018-02-26 12:46:47,0.00009280,6516.00000000
2018-02-26 12:46:51,0.00009278,121.00000000
2018-02-26 12:46:52,0.00009272,200.00000000
2018-02-26 12:46:59,0.00009272,56.00000000
2018-02-26 12:47:04,0.00009275,39.00000000
2018-02-26 12:47:11,0.00009275,30.00000000
2018-02-26 12:47:12,0.00009275,184.00000000
2018-02-26 12:47:17,0.00009275,384.00000000
2018-02-26 12:47:20,0.00009275,530.00000000
2018-02-26 12:47:21,0.00009280,70.00000000
2018-02-26 12:47:21,0.00009280,62.00000000
2018-02-26 12:47:22,0.00009275,15.00000000
2018-02-26 12:47:26,0.00009280,107.00000000
2018-02-26 12:47:27,0.00009278,30.00000000
2018-02-26 12:47:27,0.00009273,246.00000000
2018-02-26 12:47:28,0.00009273,525.00000000
2018-02-26 12:47:28,0.00009272,91.00000000
2018-02-26 12:47:38,0.00009272,789.00000000
2018-02-26 12:47:43,0.00009272,151.00000000
2018-02-26 12:47:45,0.00009272,677.00000000
2018-02-26 12:47:51,0.00009275,80.00000000
2018-02-26 12:47:58,0.00009275,98.00000000
2018-02-26 12:48:11,0.00009275,96.00000000
2018-02-26 12:48:15,0.00009275,101.00000000
2018-02-26 12:48:20,0.00009275,223.00000000
2018-02-26 12:48:20,0.00009272,25.00000000
2018-02-26 12:48:31,0.00009275,107.00000000
2018-02-26 12:48:31,0.00009272,129.00000000
2018-02-26 12:48:31,0.00009272,505.00000000
2018-02-26 12:48:33,0.00009275,107.00000000
2018-02-26 12:48:38,0.00009272,188.00000000
2018-02-26 12:48:38,0.00009275,107.00000000
2018-02-26 12:48:43,0.00009275,50.00000000
2018-02-26 12:48:52,0.00009274,1238.00000000
2018-02-26 12:48:54,0.00009274,67.00000000
2018-02-26 12:48:56,0.00009274,215.00000000
2018-02-26 12:48:56,0.00009274,188.00000000
2018-02-26 12:49:04,0.00009274,51.00000000
2018-02-26 12:49:05,0.00009275,10.00000000
2018-02-26 12:49:06,0.00009274,16.00000000
2018-02-26 12:49:06,0.00009272,1265.00000000
2018-02-26 12:49:10,0.00009275,188.00000000
2018-02-26 12:49:14,0.00009274,1.00000000
2018-02-26 12:49:17,0.00009274,67.00000000
2018-02-26 12:49:20,0.00009272,256.00000000
2018-02-26 12:49:24,0.00009274,67.00000000
2018-02-26 12:49:24,0.00009272,11.00000000
2018-02-26 12:49:25,0.00009274,12.00000000
2018-02-26 12:49:30,0.00009272,36.00000000
2018-02-26 12:49:33,0.00009272,4784.00000000
2018-02-26 12:49:34,0.00009274,67.00000000
2018-02-26 12:49:34,0.00009274,67.00000000
2018-02-26 12:49:40,0.00009273,107.00000000
2018-02-26 12:49:40,0.00009273,193.00000000
2018-02-26 12:49:40,0.00009272,124.00000000
2018-02-26 12:49:44,0.00009272,371.00000000
2018-02-26 12:49:44,0.00009274,16.00000000
2018-02-26 12:49:45,0.00009272,38.00000000
2018-02-26 12:49:47,0.00009274,67.00000000
2018-02-26 12:49:48,0.00009272,10822.00000000
2018-02-26 12:49:48,0.00009272,5171.00000000
2018-02-26 12:49:49,0.00009272,1292.00000000
2018-02-26 12:49:49,0.00009272,3413.00000000
2018-02-26 12:49:51,0.00009272,80.00000000
2018-02-26 12:49:52,0.00009272,246.00000000
2018-02-26 12:49:54,0.00009274,67.00000000
2018-02-26 12:50:03,0.00009272,312.00000000
2018-02-26 12:50:04,0.00009272,147.00000000
2018-02-26 12:50:06,0.00009274,33.00000000
2018-02-26 12:50:13,0.00009272,100.00000000
2018-02-26 12:50:14,0.00009274,67.00000000
2018-02-26 12:50:16,0.00009272,3999.00000000
2018-02-26 12:50:20,0.00009272,112.00000000
2018-02-26 12:50:24,0.00009274,67.00000000
2018-02-26 12:50:26,0.00009274,47.00000000
2018-02-26 12:50:28,0.00009274,5087.00000000
2018-02-26 12:50:34,0.00009274,67.00000000
2018-02-26 12:50:34,0.00009274,49.00000000
2018-02-26 12:50:35,0.00009274,2302.00000000
2018-02-26 12:50:35,0.00009275,2135.00000000
2018-02-26 12:50:38,0.00009275,4499.00000000
2018-02-26 12:50:44,0.00009274,67.00000000
2018-02-26 12:50:45,0.00009273,121.00000000
2018-02-26 12:50:49,0.00009274,148.00000000
2018-02-26 12:50:50,0.00009274,785.00000000
2018-02-26 12:50:50,0.00009275,38.00000000
2018-02-26 12:50:51,0.00009275,12.00000000
2018-02-26 12:50:56,0.00009275,50.00000000
2018-02-26 12:51:04,0.00009275,419.00000000
2018-02-26 12:51:06,0.00009274,54.00000000
2018-02-26 12:51:06,0.00009273,46.00000000
2018-02-26 12:51:07,0.00009275,465.00000000
2018-02-26 12:51:13,0.00009275,188.00000000
2018-02-26 12:51:15,0.00009273,903.00000000
2018-02-26 12:51:15,0.00009272,4571.00000000
2018-02-26 12:51:15,0.00009275,5000.00000000
2018-02-26 12:51:16,0.00009275,252.00000000
2018-02-26 12:51:20,0.00009272,15.00000000
2018-02-26 12:51:23,0.00009275,358.00000000
2018-02-26 12:51:23,0.00009275,1514.00000000
2018-02-26 12:51:25,0.00009275,250.00000000
2018-02-26 12:51:26,0.00009275,89.00000000
2018-02-26 12:51:26,0.00009282,89.00000000
2018-02-26 12:51:29,0.00009283,162.00000000
2018-02-26 12:51:33,0.00009278,131.00000000
2018-02-26 12:51:36,0.00009278,49.00000000
2018-02-26 12:51:40,0.00009283,3.00000000
2018-02-26 12:51:41,0.00009282,27.00000000
2018-02-26 12:51:41,0.00009278,119.00000000
2018-02-26 12:51:45,0.00009283,154.00000000
2018-02-26 12:51:46,0.00009283,28.00000000
2018-02-26 12:51:48,0.00009283,10.00000000
2018-02-26 12:51:48,0.00009278,323.00000000
2018-02-26 12:51:48,0.00009275,131.00000000
2018-02-26 12:51:57,0.00009278,33.00000000
2018-02-26 12:51:58,0.00009278,866.00000000
2018-02-26 12:51:59,0.00009275,13.00000000
2018-02-26 12:52:00,0.00009278,20.00000000
2018-02-26 12:52:00,0.00009275,8.00000000
2018-02-26 12:52:04,0.00009275,100.00000000
2018-02-26 12:52:05,0.00009283,22.00000000
2018-02-26 12:52:10,0.00009283,428.00000000
2018-02-26 12:52:19,0.00009278,166.00000000
2018-02-26 12:52:22,0.00009278,113.00000000
2018-02-26 12:52:22,0.00009283,350.00000000
2018-02-26 12:52:24,0.00009283,8.00000000
2018-02-26 12:52:34,0.00009283,107.00000000
2018-02-26 12:52:41,0.00009276,133.00000000
2018-02-26 12:52:41,0.00009275,1461.00000000
2018-02-26 12:52:41,0.00009283,104.00000000
2018-02-26 12:52:42,0.00009283,257.00000000
2018-02-26 12:52:44,0.00009284,843.00000000
2018-02-26 12:52:45,0.00009284,49.00000000
2018-02-26 12:52:49,0.00009284,20.00000000
2018-02-26 12:52:50,0.00009284,274.00000000
2018-02-26 12:52:55,0.00009284,119.00000000
2018-02-26 12:52:55,0.00009276,760.00000000
2018-02-26 12:52:55,0.00009275,258.00000000
2018-02-26 12:52:55,0.00009272,5565.00000000
2018-02-26 12:52:55,0.00009291,14.00000000
2018-02-26 12:52:55,0.00009292,143.00000000
2018-02-26 12:52:59,0.00009292,1026.00000000
2018-02-26 12:53:00,0.00009292,90.00000000
2018-02-26 12:53:00,0.00009292,90.00000000
2018-02-26 12:53:01,0.00009293,43.00000000
2018-02-26 12:53:01,0.00009292,264.00000000
2018-02-26 12:53:03,0.00009294,17.00000000
2018-02-26 12:53:04,0.00009292,106.00000000
2018-02-26 12:53:05,0.00009292,42.00000000
2018-02-26 12:53:06,0.00009275,74.00000000
2018-02-26 12:53:08,0.00009275,33.00000000
2018-02-26 12:53:09,0.00009274,113.00000000
2018-02-26 12:53:10,0.00009274,43.00000000
2018-02-26 12:53:13,0.00009284,34.00000000
2018-02-26 12:53:13,0.00009273,111.00000000
2018-02-26 12:53:15,0.00009273,390.00000000
2018-02-26 12:53:15,0.00009273,109.00000000
2018-02-26 12:53:22,0.00009273,926.00000000
2018-02-26 12:53:24,0.00009273,70.00000000
2018-02-26 12:53:27,0.00009273,107.00000000
2018-02-26 12:53:28,0.00009272,32.00000000
2018-02-26 12:53:29,0.00009272,300.00000000
2018-02-26 12:53:31,0.00009272,38.00000000
2018-02-26 12:53:32,0.00009273,107.00000000
2018-02-26 12:53:32,0.00009273,107.00000000
2018-02-26 12:53:34,0.00009273,107.00000000
2018-02-26 12:53:37,0.00009273,107.00000000
2018-02-26 12:53:38,0.00009273,107.00000000
2018-02-26 12:53:46,0.00009273,30.00000000
2018-02-26 12:53:46,0.00009272,1044.00000000
2018-02-26 12:53:48,0.00009273,107.00000000
2018-02-26 12:53:53,0.00009272,1450.00000000
2018-02-26 12:53:53,0.00009272,110.00000000
2018-02-26 12:53:54,0.00009272,36.00000000
2018-02-26 12:53:58,0.00009273,11.00000000
2018-02-26 12:54:00,0.00009273,508.00000000
2018-02-26 12:54:01,0.00009273,508.00000000
2018-02-26 12:54:01,0.00009273,318.00000000
2018-02-26 12:54:02,0.00009272,13.00000000
2018-02-26 12:54:03,0.00009273,19.00000000
2018-02-26 12:54:03,0.00009273,1626.00000000
2018-02-26 12:54:03,0.00009273,1078.00000000
2018-02-26 12:54:03,0.00009273,2188.00000000
2018-02-26 12:54:04,0.00009273,179.00000000
2018-02-26 12:54:04,0.00009273,928.00000000
2018-02-26 12:54:05,0.00009273,1078.00000000
2018-02-26 12:54:05,0.00009273,2520.00000000
2018-02-26 12:54:08,0.00009273,1078.00000000
2018-02-26 12:54:10,0.00009273,79.00000000
2018-02-26 12:54:11,0.00009273,500.00000000
2018-02-26 12:54:11,0.00009273,1370.00000000
2018-02-26 12:54:20,0.00009272,184.00000000
2018-02-26 12:54:31,0.00009272,250.00000000
2018-02-26 12:54:38,0.00009273,107.00000000
2018-02-26 12:54:39,0.00009273,107.00000000
2018-02-26 12:54:41,0.00009272,56.00000000
2018-02-26 12:54:42,0.00009272,492.00000000
2018-02-26 12:54:43,0.00009272,1544.00000000
2018-02-26 12:54:45,0.00009271,33.00000000
2018-02-26 12:54:45,0.00009270,1467.00000000
2018-02-26 12:54:46,0.00009270,110.00000000
2018-02-26 12:54:47,0.00009270,280.00000000
2018-02-26 12:54:52,0.00009272,481.00000000
2018-02-26 12:54:53,0.00009272,95.00000000
2018-02-26 12:54:57,0.00009270,133.00000000
2018-02-26 12:54:58,0.00009270,100.00000000
2018-02-26 12:55:00,0.00009272,107.00000000
2018-02-26 12:55:01,0.00009270,3.00000000
2018-02-26 12:55:01,0.00009270,1016.00000000
2018-02-26 12:55:08,0.00009270,163.00000000
2018-02-26 12:55:09,0.00009272,214.00000000
2018-02-26 12:55:10,0.00009270,889.00000000
2018-02-26 12:55:15,0.00009269,95.00000000
2018-02-26 12:55:18,0.00009269,10.00000000
2018-02-26 12:55:19,0.00009272,215.00000000
2018-02-26 12:55:27,0.00009272,140.00000000
2018-02-26 12:55:34,0.00009271,96.00000000
2018-02-26 12:55:37,0.00009271,45.00000000
2018-02-26 12:55:38,0.00009272,107.00000000
2018-02-26 12:55:38,0.00009271,107.00000000
2018-02-26 12:55:39,0.00009271,19.00000000
2018-02-26 12:55:39,0.00009271,107.00000000
2018-02-26 12:55:39,0.00009272,61.00000000
2018-02-26 12:55:40,0.00009271,48.00000000
2018-02-26 12:55:40,0.00009271,17.00000000
2018-02-26 12:55:40,0.00009271,50.00000000
2018-02-26 12:55:43,0.00009271,100.00000000
2018-02-26 12:55:47,0.00009271,96.00000000
2018-02-26 12:55:48,0.00009272,1511.00000000
2018-02-26 12:55:49,0.00009272,95.00000000
2018-02-26 12:55:54,0.00009272,647.00000000
2018-02-26 12:55:57,0.00009272,383.00000000
2018-02-26 12:55:58,0.00009273,23.00000000
2018-02-26 12:55:58,0.00009273,157.00000000
2018-02-26 12:56:01,0.00009272,179.00000000
2018-02-26 12:56:03,0.00009272,107.00000000
2018-02-26 12:56:05,0.00009272,140.00000000
2018-02-26 12:56:05,0.00009271,1308.00000000
2018-02-26 12:56:05,0.00009269,395.00000000
2018-02-26 12:56:17,0.00009269,167.00000000
2018-02-26 12:56:17,0.00009272,64.00000000
2018-02-26 12:56:17,0.00009273,240.00000000
2018-02-26 12:56:19,0.00009269,620.00000000
2018-02-26 12:56:22,0.00009269,51.00000000
2018-02-26 12:56:25,0.00009271,230.00000000
2018-02-26 12:56:25,0.00009269,1037.00000000
2018-02-26 12:56:26,0.00009269,15.00000000
2018-02-26 12:56:27,0.00009269,80.00000000
2018-02-26 12:56:34,0.00009269,49.00000000
2018-02-26 12:56:40,0.00009271,107.00000000
2018-02-26 12:56:51,0.00009271,107.00000000
2018-02-26 12:57:00,0.00009269,74.00000000
2018-02-26 12:57:01,0.00009269,1196.00000000
2018-02-26 12:57:01,0.00009267,109.00000000
2018-02-26 12:57:01,0.00009266,560.00000000
2018-02-26 12:57:01,0.00009265,3135.00000000
2018-02-26 12:57:01,0.00009271,107.00000000
2018-02-26 12:57:05,0.00009270,200.00000000
2018-02-26 12:57:09,0.00009265,431.00000000
2018-02-26 12:57:11,0.00009269,56.00000000
2018-02-26 12:57:11,0.00009271,444.00000000
2018-02-26 12:57:12,0.00009265,340.00000000
2018-02-26 12:57:14,0.00009271,107.00000000
2018-02-26 12:57:16,0.00009269,18.00000000
2018-02-26 12:57:19,0.00009269,284.00000000
2018-02-26 12:57:22,0.00009267,162.00000000
2018-02-26 12:57:22,0.00009268,463.00000000
2018-02-26 12:57:23,0.00009268,107.00000000
2018-02-26 12:57:24,0.00009268,107.00000000
2018-02-26 12:57:32,0.00009268,1260.00000000
2018-02-26 12:57:35,0.00009266,79.00000000
2018-02-26 12:57:35,0.00009268,90.00000000
2018-02-26 12:57:35,0.00009268,107.00000000
2018-02-26 12:57:36,0.00009268,71.00000000
2018-02-26 12:57:36,0.00009269,36.00000000
2018-02-26 12:57:37,0.00009269,107.00000000
2018-02-26 12:57:37,0.00009269,1286.00000000
2018-02-26 12:57:38,0.00009269,104.00000000
2018-02-26 12:57:41,0.00009267,54.00000000
2018-02-26 12:57:41,0.00009268,32.00000000
2018-02-26 12:57:41,0.00009271,159.00000000
2018-02-26 12:57:41,0.00009272,311.00000000
2018-02-26 12:57:42,0.00009265,26.00000000
2018-02-26 12:57:44,0.00009265,365.00000000
2018-02-26 12:57:46,0.00009265,39.00000000
2018-02-26 12:57:46,0.00009264,84.00000000
2018-02-26 12:57:52,0.00009265,168.00000000
2018-02-26 12:57:52,0.00009264,217.00000000
2018-02-26 12:57:53,0.00009264,41.00000000
2018-02-26 12:57:53,0.00009268,84.00000000
2018-02-26 12:57:53,0.00009271,184.00000000
2018-02-26 12:57:53,0.00009272,356.00000000
2018-02-26 12:58:07,0.00009265,50.00000000
2018-02-26 12:58:07,0.00009269,48.00000000
2018-02-26 12:58:09,0.00009269,1.00000000
2018-02-26 12:58:09,0.00009270,40.00000000
2018-02-26 12:58:09,0.00009272,66.00000000
2018-02-26 12:58:09,0.00009272,1045.00000000
2018-02-26 12:58:11,0.00009269,498.00000000
2018-02-26 12:58:14,0.00009272,9.00000000
2018-02-26 12:58:16,0.00009269,79.00000000
2018-02-26 12:58:17,0.00009269,2404.00000000
2018-02-26 12:58:17,0.00009266,673.00000000
2018-02-26 12:58:18,0.00009272,34.00000000
2018-02-26 12:58:19,0.00009272,107.00000000
2018-02-26 12:58:20,0.00009271,1073.00000000
2018-02-26 12:58:20,0.00009272,1634.00000000
2018-02-26 12:58:23,0.00009266,381.00000000
2018-02-26 12:58:27,0.00009266,107.00000000
2018-02-26 12:58:30,0.00009266,43.00000000
2018-02-26 12:58:32,0.00009272,28.00000000
2018-02-26 12:58:34,0.00009272,107.00000000
2018-02-26 12:58:38,0.00009266,99.00000000
2018-02-26 12:58:39,0.00009266,560.00000000
2018-02-26 12:58:39,0.00009272,2251.00000000
2018-02-26 12:58:41,0.00009272,107.00000000
2018-02-26 12:58:42,0.00009270,1905.00000000
2018-02-26 12:58:42,0.00009272,346.00000000
2018-02-26 12:58:44,0.00009272,2251.00000000
2018-02-26 12:58:46,0.00009272,2251.00000000
2018-02-26 12:58:46,0.00009266,483.00000000
2018-02-26 12:58:46,0.00009265,95.00000000
2018-02-26 12:58:46,0.00009263,1610.00000000
2018-02-26 12:58:46,0.00009262,42812.00000000
2018-02-26 12:58:48,0.00009272,426.00000000
2018-02-26 12:58:49,0.00009272,902.00000000
2018-02-26 12:58:52,0.00009272,90.00000000
2018-02-26 12:58:53,0.00009272,107.00000000
2018-02-26 12:58:55,0.00009265,341.00000000
2018-02-26 12:58:55,0.00009262,382.00000000
2018-02-26 12:58:55,0.00009262,4146.00000000
2018-02-26 12:58:56,0.00009262,1079.00000000
2018-02-26 12:58:56,0.00009262,524.00000000
2018-02-26 12:58:58,0.00009262,2057.00000000
2018-02-26 12:58:58,0.00009272,1010.00000000
2018-02-26 12:59:06,0.00009263,423.00000000
2018-02-26 12:59:06,0.00009266,288.00000000
2018-02-26 12:59:06,0.00009266,32.00000000
2018-02-26 12:59:06,0.00009272,457.00000000
2018-02-26 12:59:07,0.00009272,48.00000000
2018-02-26 12:59:09,0.00009272,1188.00000000
2018-02-26 12:59:11,0.00009263,39.00000000
2018-02-26 12:59:15,0.00009263,182.00000000
2018-02-26 12:59:16,0.00009263,324.00000000
2018-02-26 12:59:17,0.00009263,540.00000000
2018-02-26 12:59:17,0.00009263,134.00000000
2018-02-26 12:59:17,0.00009263,214.00000000
2018-02-26 12:59:17,0.00009263,207.00000000
2018-02-26 12:59:17,0.00009262,107.00000000
2018-02-26 12:59:18,0.00009262,143.00000000
2018-02-26 12:59:18,0.00009262,70.00000000
2018-02-26 12:59:18,0.00009262,1187.00000000
2018-02-26 12:59:18,0.00009262,540.00000000
2018-02-26 12:59:19,0.00009262,19.00000000
2018-02-26 12:59:20,0.00009262,19.00000000
2018-02-26 12:59:20,0.00009262,1564.00000000
2018-02-26 12:59:21,0.00009262,1074.00000000
2018-02-26 12:59:21,0.00009262,222.00000000
2018-02-26 12:59:22,0.00009262,214.00000000
2018-02-26 12:59:23,0.00009262,540.00000000
2018-02-26 12:59:26,0.00009262,1000.00000000
2018-02-26 12:59:26,0.00009263,307.00000000
2018-02-26 12:59:26,0.00009266,28.00000000
2018-02-26 12:59:27,0.00009262,766.00000000
2018-02-26 12:59:28,0.00009266,482.00000000
2018-02-26 12:59:30,0.00009263,26.00000000
2018-02-26 12:59:30,0.00009266,262.00000000
2018-02-26 12:59:31,0.00009266,546.00000000
2018-02-26 12:59:31,0.00009273,206.00000000
2018-02-26 12:59:32,0.00009273,107.00000000
2018-02-26 12:59:32,0.00009262,3910.00000000
2018-02-26 12:59:32,0.00009273,107.00000000
2018-02-26 12:59:33,0.00009273,1502.00000000
2018-02-26 12:59:33,0.00009278,19.00000000
2018-02-26 12:59:33,0.00009278,27.00000000
2018-02-26 12:59:34,0.00009262,3493.00000000
2018-02-26 12:59:34,0.00009262,15.00000000
2018-02-26 12:59:35,0.00009262,20.00000000
2018-02-26 12:59:35,0.00009262,26.00000000
2018-02-26 12:59:35,0.00009273,1073.00000000
2018-02-26 12:59:35,0.00009277,997.00000000
2018-02-26 12:59:35,0.00009278,58.00000000
2018-02-26 12:59:35,0.00009262,33728.00000000
2018-02-26 12:59:36,0.00009262,70.00000000
2018-02-26 12:59:36,0.00009262,194.00000000
2018-02-26 12:59:36,0.00009262,28.00000000
2018-02-26 12:59:36,0.00009262,346.00000000
2018-02-26 12:59:36,0.00009262,296.00000000
2018-02-26 12:59:36,0.00009262,107.00000000
2018-02-26 12:59:37,0.00009262,105.00000000
2018-02-26 12:59:37,0.00009263,1066.00000000
2018-02-26 12:59:37,0.00009263,300.00000000
2018-02-26 12:59:40,0.00009263,107.00000000
2018-02-26 12:59:42,0.00009263,1404.00000000
2018-02-26 12:59:43,0.00009263,107.00000000
2018-02-26 12:59:43,0.00009263,44.00000000
2018-02-26 12:59:43,0.00009279,9.00000000
2018-02-26 12:59:45,0.00009276,115.00000000
2018-02-26 12:59:45,0.00009279,403.00000000
2018-02-26 12:59:45,0.00009262,575.00000000
2018-02-26 12:59:47,0.00009263,97.00000000
2018-02-26 12:59:47,0.00009263,54.00000000
2018-02-26 12:59:47,0.00009263,288.00000000
2018-02-26 12:59:47,0.00009262,785.00000000
2018-02-26 12:59:50,0.00009261,20.00000000
2018-02-26 12:59:50,0.00009261,326.00000000
2018-02-26 12:59:50,0.00009261,324.00000000
2018-02-26 12:59:50,0.00009262,107.00000000
2018-02-26 12:59:53,0.00009272,287.00000000
2018-02-26 12:59:55,0.00009262,502.00000000
2018-02-26 12:59:55,0.00009262,25.00000000
2018-02-26 12:59:56,0.00009262,25.00000000
2018-02-26 12:59:56,0.00009262,320.00000000
2018-02-26 12:59:56,0.00009261,680.00000000
2018-02-26 12:59:59,0.00009270,66.00000000
2018-02-26 12:59:59,0.00009271,1073.00000000
2018-02-26 12:59:59,0.00009275,1953.00000000
2018-02-26 12:59:59,0.00009278,600.00000000
2018-02-26 12:59:59,0.00009279,188.00000000
2018-02-26 12:59:59,0.00009280,539.00000000
2018-02-26 12:59:59,0.00009283,108.00000000
2018-02-26 12:59:59,0.00009288,17.00000000
2018-02-26 12:59:59,0.00009289,129.00000000
2018-02-26 12:59:59,0.00009290,70.00000000
2018-02-26 12:59:59,0.00009291,612.00000000
2018-02-26 12:59:59,0.00009292,39.00000000
2018-02-26 12:59:59,0.00009293,3702.00000000
2018-02-26 12:59:59,0.00009295,412.00000000
2018-02-26 12:59:59,0.00009296,4135.00000000
2018-02-26 12:59:59,0.00009297,12.00000000
2018-02-26 12:59:59,0.00009298,598.00000000
2018-02-26 12:59:59,0.00009299,39.00000000
2018-02-26 12:59:59,0.00009300,2408.00000000
2018-02-26 12:59:59,0.00009261,104.00000000
