DATE,PRICE,VOLUME
2018-02-24 11:00:01,0.00009186,74.00000000
2018-02-24 11:00:02,0.00009190,59.00000000
2018-02-24 11:00:06,0.00009190,137.00000000
2018-02-24 11:00:09,0.00009190,74.00000000
2018-02-24 11:00:09,0.00009190,74.00000000
2018-02-24 11:00:10,0.00009190,217.00000000
2018-02-24 11:00:13,0.00009190,80.00000000
2018-02-24 11:00:13,0.00009190,125.00000000
2018-02-24 11:00:19,0.00009190,1.00000000
2018-02-24 11:00:19,0.00009186,73.00000000
2018-02-24 11:00:20,0.00009186,74.00000000
2018-02-24 11:00:20,0.00009186,74.00000000
2018-02-24 11:00:21,0.00009186,74.00000000
2018-02-24 11:00:22,0.00009186,274.00000000
2018-02-24 11:00:22,0.00009186,326.00000000
2018-02-24 11:00:22,0.00009186,326.00000000
2018-02-24 11:00:22,0.00009186,326.00000000
2018-02-24 11:00:22,0.00009186,271.00000000
2018-02-24 11:00:22,0.00009185,74.00000000
2018-02-24 11:00:22,0.00009185,326.00000000
2018-02-24 11:00:22,0.00009185,60.00000000
2018-02-24 11:00:23,0.00009185,20.00000000
2018-02-24 11:00:23,0.00009185,60.00000000
2018-02-24 11:00:23,0.00009185,74.00000000
2018-02-24 11:00:23,0.00009185,74.00000000
2018-02-24 11:00:24,0.00009185,74.00000000
2018-02-24 11:00:25,0.00009185,74.00000000
2018-02-24 11:00:25,0.00009185,74.00000000
2018-02-24 11:00:26,0.00009185,74.00000000
2018-02-24 11:00:27,0.00009185,74.00000000
2018-02-24 11:00:27,0.00009185,74.00000000
2018-02-24 11:00:28,0.00009185,74.00000000
2018-02-24 11:00:28,0.00009185,74.00000000
2018-02-24 11:00:29,0.00009185,74.00000000
2018-02-24 11:00:29,0.00009190,30.00000000
2018-02-24 11:00:30,0.00009185,74.00000000
2018-02-24 11:00:30,0.00009185,74.00000000
2018-02-24 11:00:33,0.00009185,18.00000000
2018-02-24 11:00:36,0.00009190,43.00000000
2018-02-24 11:00:48,0.00009190,88.00000000
2018-02-24 11:00:52,0.00009186,82.00000000
2018-02-24 11:00:54,0.00009190,86.00000000
2018-02-24 11:00:54,0.00009191,2.00000000
2018-02-24 11:00:54,0.00009198,10.00000000
2018-02-24 11:00:54,0.00009186,35.00000000
2018-02-24 11:01:01,0.00009190,82.00000000
2018-02-24 11:01:03,0.00009190,125.00000000
2018-02-24 11:01:03,0.00009187,163.00000000
2018-02-24 11:01:03,0.00009186,224.00000000
2018-02-24 11:01:06,0.00009198,98.00000000
2018-02-24 11:01:21,0.00009197,87.00000000
2018-02-24 11:01:25,0.00009186,98.00000000
2018-02-24 11:01:27,0.00009197,21.00000000
2018-02-24 11:01:27,0.00009198,77.00000000
2018-02-24 11:01:39,0.00009197,98.00000000
2018-02-24 11:01:39,0.00009197,276.00000000
2018-02-24 11:01:45,0.00009197,87.00000000
2018-02-24 11:01:50,0.00009186,22.00000000
2018-02-24 11:01:53,0.00009197,1201.00000000
2018-02-24 11:01:53,0.00009198,2830.00000000
2018-02-24 11:01:53,0.00009199,4744.00000000
2018-02-24 11:01:53,0.00009200,17225.00000000
2018-02-24 11:01:54,0.00009186,500.00000000
2018-02-24 11:01:56,0.00009186,4712.00000000
2018-02-24 11:02:00,0.00009197,98.00000000
2018-02-24 11:02:02,0.00009197,207.00000000
2018-02-24 11:02:05,0.00009186,102.00000000
2018-02-24 11:02:06,0.00009197,98.00000000
2018-02-24 11:02:18,0.00009197,98.00000000
2018-02-24 11:02:18,0.00009197,1282.00000000
2018-02-24 11:02:18,0.00009200,941.00000000
2018-02-24 11:02:20,0.00009200,3179.00000000
2018-02-24 11:02:24,0.00009200,2.00000000
2018-02-24 11:02:24,0.00009205,96.00000000
2018-02-24 11:02:29,0.00009191,28.00000000
2018-02-24 11:02:29,0.00009190,326.00000000
2018-02-24 11:02:29,0.00009190,55.00000000
2018-02-24 11:02:29,0.00009190,67.00000000
2018-02-24 11:02:31,0.00009191,210.00000000
2018-02-24 11:02:32,0.00009190,106.00000000
2018-02-24 11:02:32,0.00009189,168.00000000
2018-02-24 11:02:35,0.00009200,189.00000000
2018-02-24 11:02:36,0.00009199,98.00000000
2018-02-24 11:02:38,0.00009199,430.00000000
2018-02-24 11:02:42,0.00009197,26.00000000
2018-02-24 11:02:42,0.00009198,72.00000000
2018-02-24 11:02:46,0.00009198,448.00000000
2018-02-24 11:02:49,0.00009198,501.00000000
2018-02-24 11:02:50,0.00009189,5.00000000
2018-02-24 11:02:51,0.00009189,79.00000000
2018-02-24 11:02:52,0.00009189,37.00000000
2018-02-24 11:02:53,0.00009198,210.00000000
2018-02-24 11:02:54,0.00009198,163.00000000
2018-02-24 11:02:54,0.00009198,95.00000000
2018-02-24 11:02:54,0.00009200,21.00000000
2018-02-24 11:02:54,0.00009205,73.00000000
2018-02-24 11:02:54,0.00009207,4.00000000
2018-02-24 11:02:54,0.00009198,232.00000000
2018-02-24 11:02:54,0.00009198,83.00000000
2018-02-24 11:02:54,0.00009198,112.00000000
2018-02-24 11:02:54,0.00009198,319.00000000
2018-02-24 11:02:54,0.00009198,402.00000000
2018-02-24 11:02:54,0.00009198,252.00000000
2018-02-24 11:02:55,0.00009198,242.00000000
2018-02-24 11:02:55,0.00009198,45.00000000
2018-02-24 11:02:55,0.00009198,60.00000000
2018-02-24 11:02:56,0.00009198,1.00000000
2018-02-24 11:02:57,0.00009198,55.00000000
2018-02-24 11:02:57,0.00009207,66.00000000
2018-02-24 11:02:57,0.00009198,132.00000000
2018-02-24 11:03:00,0.00009207,23.00000000
2018-02-24 11:03:00,0.00009208,75.00000000
2018-02-24 11:03:03,0.00009198,544.00000000
2018-02-24 11:03:03,0.00009198,39.00000000
2018-02-24 11:03:05,0.00009198,544.00000000
2018-02-24 11:03:05,0.00009198,1170.00000000
2018-02-24 11:03:05,0.00009190,709.00000000
2018-02-24 11:03:11,0.00009191,45.00000000
2018-02-24 11:03:14,0.00009191,89.00000000
2018-02-24 11:03:14,0.00009189,8.00000000
2018-02-24 11:03:21,0.00009202,98.00000000
2018-02-24 11:03:22,0.00009190,100.00000000
2018-02-24 11:03:22,0.00009189,22.00000000
2018-02-24 11:03:24,0.00009189,108.00000000
2018-02-24 11:03:27,0.00009190,1.00000000
2018-02-24 11:03:27,0.00009199,31.00000000
2018-02-24 11:03:29,0.00009189,100.00000000
2018-02-24 11:03:38,0.00009189,1537.00000000
2018-02-24 11:03:39,0.00009189,108.00000000
2018-02-24 11:03:42,0.00009198,45.00000000
2018-02-24 11:03:42,0.00009199,15.00000000
2018-02-24 11:03:42,0.00009200,136.00000000
2018-02-24 11:03:45,0.00009189,108.00000000
2018-02-24 11:03:48,0.00009200,98.00000000
2018-02-24 11:03:52,0.00009200,21.00000000
2018-02-24 11:03:52,0.00009200,179.00000000
2018-02-24 11:03:52,0.00009200,108.00000000
2018-02-24 11:03:52,0.00009200,460.00000000
2018-02-24 11:03:54,0.00009200,25.00000000
2018-02-24 11:03:54,0.00009200,75.00000000
2018-02-24 11:03:56,0.00009200,68.00000000
2018-02-24 11:03:56,0.00009200,64.00000000
2018-02-24 11:03:57,0.00009200,64.00000000
2018-02-24 11:03:57,0.00009200,25.00000000
2018-02-24 11:03:57,0.00009200,64.00000000
2018-02-24 11:03:59,0.00009200,544.00000000
2018-02-24 11:03:59,0.00009200,805.00000000
2018-02-24 11:04:00,0.00009200,25.00000000
2018-02-24 11:04:01,0.00009200,544.00000000
2018-02-24 11:04:04,0.00009200,25.00000000
2018-02-24 11:04:05,0.00009200,543.00000000
2018-02-24 11:04:07,0.00009200,543.00000000
2018-02-24 11:04:07,0.00009200,25.00000000
2018-02-24 11:04:08,0.00009200,20.00000000
2018-02-24 11:04:08,0.00009200,543.00000000
2018-02-24 11:04:11,0.00009200,25.00000000
2018-02-24 11:04:12,0.00009200,543.00000000
2018-02-24 11:04:13,0.00009200,55.00000000
2018-02-24 11:04:14,0.00009200,543.00000000
2018-02-24 11:04:14,0.00009200,25.00000000
2018-02-24 11:04:17,0.00009200,543.00000000
2018-02-24 11:04:17,0.00009200,474.00000000
2018-02-24 11:04:18,0.00009200,45.00000000
2018-02-24 11:04:22,0.00009200,714.00000000
2018-02-24 11:04:22,0.00009189,108.00000000
2018-02-24 11:04:23,0.00009200,167.00000000
2018-02-24 11:04:24,0.00009189,16.00000000
2018-02-24 11:04:27,0.00009200,100.00000000
2018-02-24 11:04:30,0.00009200,98.00000000
2018-02-24 11:04:36,0.00009200,87.00000000
2018-02-24 11:04:41,0.00009200,12.00000000
2018-02-24 11:04:48,0.00009200,40.00000000
2018-02-24 11:04:48,0.00009201,58.00000000
2018-02-24 11:04:54,0.00009201,98.00000000
2018-02-24 11:05:02,0.00009200,48.00000000
2018-02-24 11:05:02,0.00009200,131.00000000
2018-02-24 11:05:06,0.00009200,28.00000000
2018-02-24 11:05:08,0.00009201,3178.00000000
2018-02-24 11:05:09,0.00009205,163.00000000
2018-02-24 11:05:09,0.00009206,33.00000000
2018-02-24 11:05:12,0.00009206,19.00000000
2018-02-24 11:05:13,0.00009201,30.00000000
2018-02-24 11:05:13,0.00009202,184.00000000
2018-02-24 11:05:14,0.00009200,111.00000000
2018-02-24 11:05:14,0.00009200,11.00000000
2018-02-24 11:05:14,0.00009197,184.00000000
2018-02-24 11:05:27,0.00009205,98.00000000
2018-02-24 11:05:31,0.00009205,625.00000000
2018-02-24 11:05:32,0.00009205,108.00000000
2018-02-24 11:05:33,0.00009205,98.00000000
2018-02-24 11:05:36,0.00009197,33.00000000
2018-02-24 11:05:36,0.00009198,1.00000000
2018-02-24 11:05:37,0.00009198,48.00000000
2018-02-24 11:05:37,0.00009200,41.00000000
2018-02-24 11:05:39,0.00009192,544.00000000
2018-02-24 11:05:41,0.00009193,120.00000000
2018-02-24 11:05:41,0.00009192,424.00000000
2018-02-24 11:05:43,0.00009192,544.00000000
2018-02-24 11:05:45,0.00009204,68.00000000
2018-02-24 11:05:48,0.00009204,52.00000000
2018-02-24 11:05:48,0.00009205,312.00000000
2018-02-24 11:05:51,0.00009204,98.00000000
2018-02-24 11:05:55,0.00009204,22.00000000
2018-02-24 11:05:55,0.00009205,108.00000000
2018-02-24 11:05:58,0.00009193,68.00000000
2018-02-24 11:05:58,0.00009193,52.00000000
2018-02-24 11:05:58,0.00009192,63.00000000
2018-02-24 11:05:59,0.00009192,285.00000000
2018-02-24 11:06:02,0.00009200,110.00000000
2018-02-24 11:06:03,0.00009200,97.00000000
2018-02-24 11:06:03,0.00009192,140.00000000
2018-02-24 11:06:03,0.00009191,144.00000000
2018-02-24 11:06:04,0.00009191,87.00000000
2018-02-24 11:06:06,0.00009200,122.00000000
2018-02-24 11:06:06,0.00009204,74.00000000
2018-02-24 11:06:12,0.00009203,98.00000000
2018-02-24 11:06:20,0.00009201,672.00000000
2018-02-24 11:06:21,0.00009201,224.00000000
2018-02-24 11:06:21,0.00009193,176.00000000
2018-02-24 11:06:21,0.00009192,120.00000000
2018-02-24 11:06:21,0.00009191,286.00000000
2018-02-24 11:06:21,0.00009191,201.00000000
2018-02-24 11:06:22,0.00009191,285.00000000
2018-02-24 11:06:24,0.00009198,47.00000000
2018-02-24 11:06:26,0.00009198,5.00000000
2018-02-24 11:06:28,0.00009191,122.00000000
2018-02-24 11:06:30,0.00009198,72.00000000
2018-02-24 11:06:40,0.00009191,25.00000000
2018-02-24 11:06:42,0.00009198,25.00000000
2018-02-24 11:06:43,0.00009191,25.00000000
2018-02-24 11:06:45,0.00009191,193.00000000
2018-02-24 11:06:51,0.00009191,49.00000000
2018-02-24 11:06:54,0.00009191,32.00000000
2018-02-24 11:06:57,0.00009197,98.00000000
2018-02-24 11:06:58,0.00009191,1031.00000000
2018-02-24 11:07:00,0.00009197,501.00000000
2018-02-24 11:07:03,0.00009197,98.00000000
2018-02-24 11:07:03,0.00009197,207.00000000
2018-02-24 11:07:07,0.00009197,100.00000000
2018-02-24 11:07:08,0.00009191,1883.00000000
2018-02-24 11:07:12,0.00009191,482.00000000
2018-02-24 11:07:14,0.00009191,1300.00000000
2018-02-24 11:07:16,0.00009197,63.00000000
2018-02-24 11:07:16,0.00009191,862.00000000
2018-02-24 11:07:16,0.00009190,407.00000000
2018-02-24 11:07:18,0.00009191,108.00000000
2018-02-24 11:07:19,0.00009191,145.00000000
2018-02-24 11:07:19,0.00009190,668.00000000
2018-02-24 11:07:22,0.00009195,98.00000000
2018-02-24 11:07:23,0.00009190,1925.00000000
2018-02-24 11:07:23,0.00009190,107.00000000
2018-02-24 11:07:23,0.00009190,71.00000000
2018-02-24 11:07:24,0.00009190,326.00000000
2018-02-24 11:07:24,0.00009190,439.00000000
2018-02-24 11:07:24,0.00009190,201.00000000
2018-02-24 11:07:24,0.00009190,12.00000000
2018-02-24 11:07:24,0.00009190,180.00000000
2018-02-24 11:07:24,0.00009189,201.00000000
2018-02-24 11:07:24,0.00009190,37.00000000
2018-02-24 11:07:26,0.00009190,32.00000000
2018-02-24 11:07:26,0.00009190,108.00000000
2018-02-24 11:07:27,0.00009190,438.00000000
2018-02-24 11:07:27,0.00009190,514.00000000
2018-02-24 11:07:28,0.00009189,200.00000000
2018-02-24 11:07:29,0.00009190,1088.00000000
2018-02-24 11:07:30,0.00009190,3650.00000000
2018-02-24 11:07:30,0.00009190,98.00000000
2018-02-24 11:07:31,0.00009190,500.00000000
2018-02-24 11:07:32,0.00009189,1127.00000000
2018-02-24 11:07:32,0.00009190,125.00000000
2018-02-24 11:07:34,0.00009189,42.00000000
2018-02-24 11:07:36,0.00009189,104.00000000
2018-02-24 11:07:38,0.00009190,3400.00000000
2018-02-24 11:07:39,0.00009190,326.00000000
2018-02-24 11:07:39,0.00009190,333.00000000
2018-02-24 11:07:41,0.00009190,326.00000000
2018-02-24 11:07:41,0.00009190,316.00000000
2018-02-24 11:07:42,0.00009190,326.00000000
2018-02-24 11:07:42,0.00009190,326.00000000
2018-02-24 11:07:42,0.00009190,967.00000000
2018-02-24 11:07:42,0.00009190,326.00000000
2018-02-24 11:07:42,0.00009190,98.00000000
2018-02-24 11:07:42,0.00009189,150.00000000
2018-02-24 11:07:42,0.00009190,326.00000000
2018-02-24 11:07:42,0.00009189,326.00000000
2018-02-24 11:07:43,0.00009190,36.00000000
2018-02-24 11:07:47,0.00009190,79.00000000
2018-02-24 11:07:48,0.00009190,98.00000000
2018-02-24 11:07:49,0.00009190,500.00000000
2018-02-24 11:07:49,0.00009190,12.00000000
2018-02-24 11:07:52,0.00009190,566.00000000
2018-02-24 11:07:53,0.00009190,39.00000000
2018-02-24 11:07:53,0.00009190,500.00000000
2018-02-24 11:07:54,0.00009189,108.00000000
2018-02-24 11:07:54,0.00009189,59.00000000
2018-02-24 11:08:01,0.00009189,187.00000000
2018-02-24 11:08:02,0.00009195,421.00000000
2018-02-24 11:08:02,0.00009195,16.00000000
2018-02-24 11:08:02,0.00009195,207.00000000
2018-02-24 11:08:03,0.00009195,31.00000000
2018-02-24 11:08:03,0.00009197,159.00000000
2018-02-24 11:08:03,0.00009198,6.00000000
2018-02-24 11:08:05,0.00009189,3357.00000000
2018-02-24 11:08:05,0.00009195,232.00000000
2018-02-24 11:08:09,0.00009195,98.00000000
2018-02-24 11:08:10,0.00009195,113.00000000
2018-02-24 11:08:10,0.00009195,398.00000000
2018-02-24 11:08:17,0.00009189,1181.00000000
2018-02-24 11:08:21,0.00009193,98.00000000
2018-02-24 11:08:21,0.00009193,271.00000000
2018-02-24 11:08:23,0.00009193,17.00000000
2018-02-24 11:08:24,0.00009189,7.00000000
2018-02-24 11:08:25,0.00009193,102.00000000
2018-02-24 11:08:25,0.00009193,100.00000000
2018-02-24 11:08:25,0.00009193,396.00000000
2018-02-24 11:08:25,0.00009193,396.00000000
2018-02-24 11:08:25,0.00009193,243.00000000
2018-02-24 11:08:26,0.00009193,17.00000000
2018-02-24 11:08:26,0.00009199,10.00000000
2018-02-24 11:08:27,0.00009199,98.00000000
2018-02-24 11:08:28,0.00009200,81.00000000
2018-02-24 11:08:32,0.00009203,184.00000000
2018-02-24 11:08:32,0.00009204,316.00000000
2018-02-24 11:08:36,0.00009201,10.00000000
2018-02-24 11:08:36,0.00009190,275.00000000
2018-02-24 11:08:36,0.00009204,388.00000000
2018-02-24 11:08:37,0.00009191,76.00000000
2018-02-24 11:08:39,0.00009201,98.00000000
2018-02-24 11:08:40,0.00009201,112.00000000
2018-02-24 11:08:40,0.00009202,241.00000000
2018-02-24 11:08:40,0.00009204,147.00000000
2018-02-24 11:08:41,0.00009191,134.00000000
2018-02-24 11:08:41,0.00009190,1843.00000000
2018-02-24 11:08:44,0.00009203,210.00000000
2018-02-24 11:08:44,0.00009204,291.00000000
2018-02-24 11:08:45,0.00009204,98.00000000
2018-02-24 11:08:48,0.00009204,133.00000000
2018-02-24 11:08:49,0.00009204,41.00000000
2018-02-24 11:08:50,0.00009204,33.00000000
2018-02-24 11:08:50,0.00009204,500.00000000
2018-02-24 11:08:53,0.00009204,500.00000000
2018-02-24 11:08:54,0.00009191,210.00000000
2018-02-24 11:08:54,0.00009190,625.00000000
2018-02-24 11:08:54,0.00009189,227.00000000
2018-02-24 11:08:57,0.00009202,86.00000000
2018-02-24 11:09:04,0.00009200,124.00000000
2018-02-24 11:09:05,0.00009201,76.00000000
2018-02-24 11:09:05,0.00009201,20.00000000
2018-02-24 11:09:09,0.00009203,97.00000000
2018-02-24 11:09:15,0.00009204,97.00000000
2018-02-24 11:09:15,0.00009202,422.00000000
2018-02-24 11:09:16,0.00009192,110.00000000
2018-02-24 11:09:19,0.00009203,501.00000000
2018-02-24 11:09:21,0.00009203,273.00000000
2018-02-24 11:09:22,0.00009203,16.00000000
2018-02-24 11:09:27,0.00009203,22.00000000
2018-02-24 11:09:27,0.00009204,75.00000000
2018-02-24 11:09:30,0.00009204,159.00000000
2018-02-24 11:09:30,0.00009205,84.00000000
2018-02-24 11:09:30,0.00009206,7.00000000
2018-02-24 11:09:33,0.00009206,97.00000000
2018-02-24 11:09:40,0.00009204,90.00000000
2018-02-24 11:09:40,0.00009204,171.00000000
2018-02-24 11:09:40,0.00009204,39.00000000
2018-02-24 11:09:40,0.00009192,70.00000000
2018-02-24 11:09:40,0.00009192,30.00000000
2018-02-24 11:09:40,0.00009191,159.00000000
2018-02-24 11:09:41,0.00009205,1094.00000000
2018-02-24 11:09:41,0.00009206,2555.00000000
2018-02-24 11:09:41,0.00009207,149.00000000
2018-02-24 11:09:41,0.00009208,613.00000000
2018-02-24 11:09:41,0.00009208,74.00000000
2018-02-24 11:09:41,0.00009208,246.00000000
2018-02-24 11:09:41,0.00009208,90.00000000
2018-02-24 11:09:41,0.00009208,56.00000000
2018-02-24 11:09:41,0.00009208,1328.00000000
2018-02-24 11:09:41,0.00009208,224.00000000
2018-02-24 11:09:41,0.00009208,76.00000000
2018-02-24 11:09:41,0.00009208,191.00000000
2018-02-24 11:09:42,0.00009208,326.00000000
2018-02-24 11:09:42,0.00009208,53.00000000
2018-02-24 11:09:42,0.00009208,1846.00000000
2018-02-24 11:09:42,0.00009208,544.00000000
2018-02-24 11:09:42,0.00009208,535.00000000
2018-02-24 11:09:42,0.00009191,3.00000000
2018-02-24 11:09:42,0.00009190,532.00000000
2018-02-24 11:09:42,0.00009190,16.00000000
2018-02-24 11:09:42,0.00009190,142.00000000
2018-02-24 11:09:45,0.00009199,90.00000000
2018-02-24 11:09:45,0.00009210,11.00000000
2018-02-24 11:09:45,0.00009212,75.00000000
2018-02-24 11:09:45,0.00009209,20.00000000
2018-02-24 11:09:45,0.00009209,540.00000000
2018-02-24 11:09:45,0.00009209,74.00000000
2018-02-24 11:09:45,0.00009209,90.00000000
2018-02-24 11:09:46,0.00009209,127.00000000
2018-02-24 11:09:46,0.00009209,20.00000000
2018-02-24 11:09:46,0.00009209,90.00000000
2018-02-24 11:09:46,0.00009209,121.00000000
2018-02-24 11:09:46,0.00009206,15.00000000
2018-02-24 11:09:46,0.00009191,23.00000000
2018-02-24 11:09:47,0.00009192,109.00000000
2018-02-24 11:09:51,0.00009200,90.00000000
2018-02-24 11:09:51,0.00009208,7.00000000
2018-02-24 11:09:56,0.00009193,100.00000000
2018-02-24 11:10:00,0.00009192,108.00000000
2018-02-24 11:10:03,0.00009197,207.00000000
2018-02-24 11:10:07,0.00009197,29.00000000
2018-02-24 11:10:09,0.00009197,194.00000000
2018-02-24 11:10:13,0.00009192,179.00000000
2018-02-24 11:10:13,0.00009191,2407.00000000
2018-02-24 11:10:13,0.00009190,1170.00000000
2018-02-24 11:10:18,0.00009197,128.00000000
2018-02-24 11:10:19,0.00009197,18.00000000
2018-02-24 11:10:20,0.00009197,76.00000000
2018-02-24 11:10:20,0.00009197,408.00000000
2018-02-24 11:10:22,0.00009197,29.00000000
2018-02-24 11:10:22,0.00009190,45.00000000
2018-02-24 11:10:22,0.00009190,90.00000000
2018-02-24 11:10:22,0.00009191,90.00000000
2018-02-24 11:10:22,0.00009191,108.00000000
2018-02-24 11:10:23,0.00009197,1088.00000000
2018-02-24 11:10:23,0.00009206,548.00000000
2018-02-24 11:10:23,0.00009207,199.00000000
2018-02-24 11:10:23,0.00009208,20.00000000
2018-02-24 11:10:23,0.00009209,158.00000000
2018-02-24 11:10:23,0.00009212,497.00000000
2018-02-24 11:10:23,0.00009213,218.00000000
2018-02-24 11:10:23,0.00009214,3364.00000000
2018-02-24 11:10:23,0.00009214,1344.00000000
2018-02-24 11:10:23,0.00009214,90.00000000
2018-02-24 11:10:23,0.00009214,1913.00000000
2018-02-24 11:10:24,0.00009214,561.00000000
2018-02-24 11:10:24,0.00009191,74.00000000
2018-02-24 11:10:26,0.00009192,90.00000000
2018-02-24 11:10:27,0.00009192,85.00000000
2018-02-24 11:10:27,0.00009191,5.00000000
2018-02-24 11:10:27,0.00009204,97.00000000
2018-02-24 11:10:28,0.00009191,90.00000000
2018-02-24 11:10:29,0.00009191,90.00000000
2018-02-24 11:10:29,0.00009191,90.00000000
2018-02-24 11:10:29,0.00009204,32.00000000
2018-02-24 11:10:30,0.00009192,90.00000000
2018-02-24 11:10:31,0.00009192,90.00000000
2018-02-24 11:10:31,0.00009193,90.00000000
2018-02-24 11:10:32,0.00009193,90.00000000
2018-02-24 11:10:32,0.00009193,90.00000000
2018-02-24 11:10:33,0.00009204,46.00000000
2018-02-24 11:10:33,0.00009205,51.00000000
2018-02-24 11:10:33,0.00009193,90.00000000
2018-02-24 11:10:33,0.00009193,74.00000000
2018-02-24 11:10:33,0.00009193,90.00000000
2018-02-24 11:10:34,0.00009193,90.00000000
2018-02-24 11:10:34,0.00009193,217.00000000
2018-02-24 11:10:35,0.00009193,69.00000000
2018-02-24 11:10:35,0.00009192,21.00000000
2018-02-24 11:10:35,0.00009194,90.00000000
2018-02-24 11:10:36,0.00009194,74.00000000
2018-02-24 11:10:36,0.00009194,11.00000000
2018-02-24 11:10:36,0.00009193,79.00000000
2018-02-24 11:10:36,0.00009192,90.00000000
2018-02-24 11:10:37,0.00009192,90.00000000
2018-02-24 11:10:37,0.00009192,90.00000000
2018-02-24 11:10:38,0.00009192,90.00000000
2018-02-24 11:10:38,0.00009192,74.00000000
2018-02-24 11:10:38,0.00009192,90.00000000
2018-02-24 11:10:39,0.00009192,90.00000000
2018-02-24 11:10:39,0.00009192,90.00000000
2018-02-24 11:10:40,0.00009192,108.00000000
2018-02-24 11:10:40,0.00009192,90.00000000
2018-02-24 11:10:40,0.00009192,90.00000000
2018-02-24 11:10:41,0.00009192,74.00000000
2018-02-24 11:10:41,0.00009192,90.00000000
2018-02-24 11:10:42,0.00009204,175.00000000
2018-02-24 11:10:42,0.00009205,39.00000000
2018-02-24 11:10:42,0.00009214,887.00000000
2018-02-24 11:10:42,0.00009214,90.00000000
2018-02-24 11:10:43,0.00009214,90.00000000
2018-02-24 11:10:43,0.00009214,74.00000000
2018-02-24 11:10:43,0.00009214,90.00000000
2018-02-24 11:10:44,0.00009214,90.00000000
2018-02-24 11:10:44,0.00009214,1094.00000000
2018-02-24 11:10:44,0.00009214,90.00000000
2018-02-24 11:10:45,0.00009214,90.00000000
2018-02-24 11:10:45,0.00009214,74.00000000
2018-02-24 11:10:46,0.00009214,90.00000000
2018-02-24 11:10:46,0.00009214,257.00000000
2018-02-24 11:10:46,0.00009214,83.00000000
2018-02-24 11:10:46,0.00009214,690.00000000
2018-02-24 11:10:46,0.00009214,108.00000000
2018-02-24 11:10:46,0.00009214,17.00000000
2018-02-24 11:10:46,0.00009214,2268.00000000
2018-02-24 11:10:46,0.00009214,18.00000000
2018-02-24 11:10:46,0.00009214,27.00000000
2018-02-24 11:10:46,0.00009214,90.00000000
2018-02-24 11:10:46,0.00009214,17.00000000
2018-02-24 11:10:46,0.00009214,138.00000000
2018-02-24 11:10:47,0.00009214,543.00000000
2018-02-24 11:10:47,0.00009214,1085.00000000
2018-02-24 11:10:47,0.00009214,1686.00000000
2018-02-24 11:10:47,0.00009215,17.00000000
2018-02-24 11:10:47,0.00009205,32.00000000
2018-02-24 11:10:47,0.00009197,74.00000000
2018-02-24 11:10:49,0.00009205,58.00000000
2018-02-24 11:10:49,0.00009215,79.00000000
2018-02-24 11:10:49,0.00009199,90.00000000
2018-02-24 11:10:50,0.00009199,85.00000000
2018-02-24 11:10:50,0.00009197,5.00000000
2018-02-24 11:10:50,0.00009197,74.00000000
2018-02-24 11:10:51,0.00009197,90.00000000
2018-02-24 11:10:52,0.00009197,108.00000000
2018-02-24 11:10:52,0.00009197,74.00000000
2018-02-24 11:10:52,0.00009197,90.00000000
2018-02-24 11:10:54,0.00009197,90.00000000
2018-02-24 11:10:54,0.00009197,90.00000000
2018-02-24 11:10:55,0.00009197,74.00000000
2018-02-24 11:10:55,0.00009197,90.00000000
2018-02-24 11:10:55,0.00009197,90.00000000
2018-02-24 11:10:56,0.00009197,90.00000000
2018-02-24 11:10:57,0.00009197,90.00000000
2018-02-24 11:10:57,0.00009198,74.00000000
2018-02-24 11:10:57,0.00009197,90.00000000
2018-02-24 11:10:58,0.00009197,100.00000000
2018-02-24 11:10:58,0.00009198,90.00000000
2018-02-24 11:10:59,0.00009197,90.00000000
2018-02-24 11:10:59,0.00009197,74.00000000
2018-02-24 11:10:59,0.00009197,90.00000000
2018-02-24 11:10:59,0.00009197,74.00000000
2018-02-24 11:11:00,0.00009197,90.00000000
2018-02-24 11:11:00,0.00009197,74.00000000
2018-02-24 11:11:00,0.00009197,90.00000000
2018-02-24 11:11:00,0.00009197,74.00000000
2018-02-24 11:11:01,0.00009197,74.00000000
2018-02-24 11:11:01,0.00009197,90.00000000
2018-02-24 11:11:01,0.00009197,74.00000000
2018-02-24 11:11:02,0.00009197,74.00000000
2018-02-24 11:11:03,0.00009197,74.00000000
2018-02-24 11:11:03,0.00009197,74.00000000
2018-02-24 11:11:04,0.00009197,74.00000000
2018-02-24 11:11:05,0.00009197,74.00000000
2018-02-24 11:11:06,0.00009197,74.00000000
2018-02-24 11:11:06,0.00009197,74.00000000
2018-02-24 11:11:07,0.00009197,74.00000000
2018-02-24 11:11:08,0.00009197,74.00000000
2018-02-24 11:11:08,0.00009197,74.00000000
2018-02-24 11:11:09,0.00009197,74.00000000
2018-02-24 11:11:09,0.00009197,285.00000000
2018-02-24 11:11:10,0.00009197,74.00000000
2018-02-24 11:11:10,0.00009197,74.00000000
2018-02-24 11:11:13,0.00009197,74.00000000
2018-02-24 11:11:14,0.00009197,74.00000000
2018-02-24 11:11:14,0.00009197,74.00000000
2018-02-24 11:11:18,0.00009197,691.00000000
2018-02-24 11:11:20,0.00009197,74.00000000
2018-02-24 11:11:20,0.00009197,74.00000000
2018-02-24 11:11:21,0.00009197,74.00000000
2018-02-24 11:11:21,0.00009198,60.00000000
2018-02-24 11:11:21,0.00009197,64.00000000
2018-02-24 11:11:21,0.00009197,74.00000000
2018-02-24 11:11:22,0.00009197,244.00000000
2018-02-24 11:11:22,0.00009197,286.00000000
2018-02-24 11:11:22,0.00009197,74.00000000
2018-02-24 11:11:23,0.00009197,74.00000000
2018-02-24 11:11:27,0.00009197,43.00000000
2018-02-24 11:11:27,0.00009199,32.00000000
2018-02-24 11:11:27,0.00009209,76.00000000
2018-02-24 11:11:28,0.00009197,43.00000000
2018-02-24 11:11:28,0.00009197,87.00000000
2018-02-24 11:11:28,0.00009193,42.00000000
2018-02-24 11:11:29,0.00009205,198.00000000
2018-02-24 11:11:31,0.00009209,108.00000000
2018-02-24 11:11:31,0.00009207,108.00000000
2018-02-24 11:11:32,0.00009207,108.00000000
2018-02-24 11:11:34,0.00009205,1.00000000
2018-02-24 11:11:34,0.00009193,120.00000000
2018-02-24 11:11:34,0.00009192,279.00000000
2018-02-24 11:11:34,0.00009192,286.00000000
2018-02-24 11:11:43,0.00009206,200.00000000
2018-02-24 11:11:43,0.00009207,986.00000000
2018-02-24 11:11:43,0.00009210,262.00000000
2018-02-24 11:11:43,0.00009214,32.00000000
2018-02-24 11:11:43,0.00009215,415.00000000
2018-02-24 11:11:43,0.00009220,255.00000000
2018-02-24 11:11:56,0.00009195,74.00000000
2018-02-24 11:11:57,0.00009195,26.00000000
2018-02-24 11:11:57,0.00009193,48.00000000
2018-02-24 11:11:57,0.00009193,74.00000000
2018-02-24 11:11:58,0.00009193,74.00000000
2018-02-24 11:11:59,0.00009193,74.00000000
2018-02-24 11:11:59,0.00009193,56.00000000
2018-02-24 11:11:59,0.00009192,18.00000000
2018-02-24 11:12:00,0.00009192,74.00000000
2018-02-24 11:12:00,0.00009192,74.00000000
2018-02-24 11:12:01,0.00009192,74.00000000
2018-02-24 11:12:01,0.00009192,74.00000000
2018-02-24 11:12:02,0.00009192,74.00000000
2018-02-24 11:12:03,0.00009192,74.00000000
2018-02-24 11:12:03,0.00009192,74.00000000
2018-02-24 11:12:04,0.00009192,74.00000000
2018-02-24 11:12:04,0.00009192,74.00000000
2018-02-24 11:12:05,0.00009192,74.00000000
2018-02-24 11:12:05,0.00009192,280.00000000
2018-02-24 11:12:05,0.00009192,74.00000000
2018-02-24 11:12:06,0.00009192,74.00000000
2018-02-24 11:12:07,0.00009192,74.00000000
2018-02-24 11:12:07,0.00009192,74.00000000
2018-02-24 11:12:08,0.00009192,74.00000000
2018-02-24 11:12:08,0.00009193,68.00000000
2018-02-24 11:12:08,0.00009192,6.00000000
2018-02-24 11:12:09,0.00009192,74.00000000
2018-02-24 11:12:09,0.00009192,719.00000000
2018-02-24 11:12:09,0.00009206,22.00000000
2018-02-24 11:12:12,0.00009192,434.00000000
2018-02-24 11:12:12,0.00009191,566.00000000
2018-02-24 11:12:14,0.00009206,78.00000000
2018-02-24 11:12:14,0.00009207,650.00000000
2018-02-24 11:12:17,0.00009192,3.00000000
2018-02-24 11:12:17,0.00009207,137.00000000
2018-02-24 11:12:22,0.00009206,42.00000000
2018-02-24 11:12:39,0.00009196,279.00000000
2018-02-24 11:12:39,0.00009195,54.00000000
2018-02-24 11:12:39,0.00009193,216.00000000
2018-02-24 11:12:43,0.00009193,120.00000000
2018-02-24 11:12:48,0.00009195,54.00000000
2018-02-24 11:12:48,0.00009194,26.00000000
2018-02-24 11:12:54,0.00009206,32.00000000
2018-02-24 11:12:54,0.00009206,15.00000000
2018-02-24 11:13:06,0.00009205,1087.00000000
2018-02-24 11:13:06,0.00009206,821.00000000
2018-02-24 11:13:06,0.00009207,415.00000000
2018-02-24 11:13:06,0.00009210,272.00000000
2018-02-24 11:13:06,0.00009211,122.00000000
2018-02-24 11:13:06,0.00009212,536.00000000
2018-02-24 11:13:09,0.00009195,197.00000000
2018-02-24 11:13:12,0.00009195,8.00000000
2018-02-24 11:13:13,0.00009210,208.00000000
2018-02-24 11:13:13,0.00009211,86.00000000
2018-02-24 11:13:13,0.00009212,1155.00000000
2018-02-24 11:13:13,0.00009219,92.00000000
2018-02-24 11:13:13,0.00009220,4180.00000000
2018-02-24 11:13:14,0.00009220,276.00000000
2018-02-24 11:13:14,0.00009220,324.00000000
2018-02-24 11:13:14,0.00009220,54.00000000
2018-02-24 11:13:14,0.00009220,188.00000000
2018-02-24 11:13:14,0.00009220,90.00000000
2018-02-24 11:13:14,0.00009220,50.00000000
2018-02-24 11:13:15,0.00009220,116.00000000
2018-02-24 11:13:15,0.00009220,113.00000000
2018-02-24 11:13:15,0.00009220,80.00000000
2018-02-24 11:13:15,0.00009220,1185.00000000
2018-02-24 11:13:15,0.00009220,33.00000000
2018-02-24 11:13:15,0.00009220,66.00000000
2018-02-24 11:13:16,0.00009220,54.00000000
2018-02-24 11:13:17,0.00009220,5.00000000
2018-02-24 11:13:17,0.00009220,616.00000000
2018-02-24 11:13:18,0.00009220,1029.00000000
2018-02-24 11:13:19,0.00009211,181.00000000
2018-02-24 11:13:23,0.00009211,6.00000000
2018-02-24 11:13:35,0.00009211,23.00000000
2018-02-24 11:13:37,0.00009211,164.00000000
2018-02-24 11:13:49,0.00009210,653.00000000
2018-02-24 11:13:51,0.00009210,100.00000000
2018-02-24 11:13:52,0.00009202,73.00000000
2018-02-24 11:13:55,0.00009202,74.00000000
2018-02-24 11:13:57,0.00009209,89.00000000
2018-02-24 11:14:00,0.00009202,2981.00000000
2018-02-24 11:14:00,0.00009198,1947.00000000
2018-02-24 11:14:00,0.00009197,1946.00000000
2018-02-24 11:14:00,0.00009196,1706.00000000
2018-02-24 11:14:01,0.00009195,15.00000000
2018-02-24 11:14:01,0.00009194,225.00000000
2018-02-24 11:14:01,0.00009193,487.00000000
2018-02-24 11:14:01,0.00009192,84.00000000
2018-02-24 11:14:01,0.00009196,90.00000000
2018-02-24 11:14:01,0.00009196,207.00000000
2018-02-24 11:14:06,0.00009196,119.00000000
2018-02-24 11:14:06,0.00009196,96.00000000
2018-02-24 11:14:07,0.00009196,90.00000000
2018-02-24 11:14:21,0.00009195,140.00000000
2018-02-24 11:14:28,0.00009196,346.00000000
2018-02-24 11:14:28,0.00009197,42.00000000
2018-02-24 11:14:28,0.00009200,3899.00000000
2018-02-24 11:14:33,0.00009200,103.00000000
2018-02-24 11:14:34,0.00009200,250.00000000
2018-02-24 11:14:41,0.00009200,5360.00000000
2018-02-24 11:14:42,0.00009200,1106.00000000
2018-02-24 11:14:46,0.00009193,87.00000000
2018-02-24 11:14:51,0.00009200,543.00000000
2018-02-24 11:14:52,0.00009200,1270.00000000
2018-02-24 11:14:52,0.00009193,66.00000000
2018-02-24 11:15:03,0.00009196,67.00000000
2018-02-24 11:15:03,0.00009195,108.00000000
2018-02-24 11:15:11,0.00009199,93.00000000
2018-02-24 11:15:11,0.00009200,450.00000000
2018-02-24 11:15:15,0.00009200,55.00000000
2018-02-24 11:15:19,0.00009200,543.00000000
2018-02-24 11:15:21,0.00009200,543.00000000
2018-02-24 11:15:22,0.00009200,357.00000000
2018-02-24 11:15:24,0.00009195,595.00000000
2018-02-24 11:15:24,0.00009194,794.00000000
2018-02-24 11:15:24,0.00009193,211.00000000
2018-02-24 11:15:27,0.00009209,27.00000000
2018-02-24 11:15:31,0.00009196,80.00000000
2018-02-24 11:15:31,0.00009196,145.00000000
2018-02-24 11:15:31,0.00009195,276.00000000
2018-02-24 11:15:31,0.00009196,192.00000000
2018-02-24 11:15:32,0.00009195,89.00000000
2018-02-24 11:15:32,0.00009195,526.00000000
2018-02-24 11:15:33,0.00009195,43.00000000
2018-02-24 11:15:35,0.00009195,89.00000000
2018-02-24 11:15:37,0.00009195,89.00000000
2018-02-24 11:15:38,0.00009195,89.00000000
2018-02-24 11:15:47,0.00009200,325.00000000
2018-02-24 11:15:47,0.00009200,324.00000000
2018-02-24 11:15:47,0.00009200,325.00000000
2018-02-24 11:15:47,0.00009200,324.00000000
2018-02-24 11:15:47,0.00009200,202.00000000
2018-02-24 11:15:49,0.00009209,106.00000000
2018-02-24 11:15:49,0.00009210,2.00000000
2018-02-24 11:15:58,0.00009210,142.00000000
2018-02-24 11:16:05,0.00009200,70.00000000
2018-02-24 11:16:35,0.00009200,131.00000000
2018-02-24 11:16:37,0.00009200,24.00000000
2018-02-24 11:16:37,0.00009200,56.00000000
2018-02-24 11:16:37,0.00009201,184.00000000
2018-02-24 11:16:38,0.00009200,1117.00000000
2018-02-24 11:16:43,0.00009208,85.00000000
2018-02-24 11:16:50,0.00009208,137.00000000
2018-02-24 11:17:03,0.00009200,127.00000000
2018-02-24 11:17:04,0.00009200,1781.00000000
2018-02-24 11:17:05,0.00009200,325.00000000
2018-02-24 11:17:17,0.00009200,325.00000000
2018-02-24 11:17:17,0.00009200,137.00000000
2018-02-24 11:17:18,0.00009200,326.00000000
2018-02-24 11:17:18,0.00009200,326.00000000
2018-02-24 11:17:18,0.00009200,325.00000000
2018-02-24 11:17:19,0.00009200,326.00000000
2018-02-24 11:17:19,0.00009200,326.00000000
2018-02-24 11:17:19,0.00009200,326.00000000
2018-02-24 11:17:19,0.00009200,326.00000000
2018-02-24 11:17:19,0.00009200,188.00000000
2018-02-24 11:17:19,0.00009200,326.00000000
2018-02-24 11:17:20,0.00009200,326.00000000
2018-02-24 11:17:20,0.00009200,326.00000000
2018-02-24 11:17:20,0.00009200,960.00000000
2018-02-24 11:17:20,0.00009197,96.00000000
2018-02-24 11:17:20,0.00009196,30.00000000
2018-02-24 11:17:20,0.00009196,326.00000000
2018-02-24 11:17:23,0.00009197,325.00000000
2018-02-24 11:17:24,0.00009197,325.00000000
2018-02-24 11:17:30,0.00009200,167.00000000
2018-02-24 11:17:30,0.00009200,32.00000000
2018-02-24 11:17:30,0.00009202,146.00000000
2018-02-24 11:17:38,0.00009202,1.00000000
2018-02-24 11:17:42,0.00009197,326.00000000
2018-02-24 11:17:43,0.00009197,325.00000000
2018-02-24 11:17:45,0.00009197,326.00000000
2018-02-24 11:17:47,0.00009197,325.00000000
2018-02-24 11:17:48,0.00009202,2.00000000
2018-02-24 11:17:54,0.00009197,326.00000000
2018-02-24 11:17:54,0.00009197,326.00000000
2018-02-24 11:17:54,0.00009197,325.00000000
2018-02-24 11:17:54,0.00009197,60.00000000
2018-02-24 11:17:54,0.00009197,148.00000000
2018-02-24 11:17:54,0.00009196,420.00000000
2018-02-24 11:17:56,0.00009197,109.00000000
2018-02-24 11:18:01,0.00009198,110.00000000
2018-02-24 11:18:01,0.00009198,326.00000000
2018-02-24 11:18:01,0.00009198,1465.00000000
2018-02-24 11:18:03,0.00009197,348.00000000
2018-02-24 11:18:03,0.00009197,326.00000000
2018-02-24 11:18:05,0.00009200,595.00000000
2018-02-24 11:18:05,0.00009202,50.00000000
2018-02-24 11:18:15,0.00009198,134.00000000
2018-02-24 11:18:15,0.00009198,134.00000000
2018-02-24 11:18:15,0.00009198,100.00000000
2018-02-24 11:18:18,0.00009202,180.00000000
2018-02-24 11:18:22,0.00009202,3.00000000
2018-02-24 11:18:28,0.00009198,544.00000000
2018-02-24 11:18:28,0.00009202,188.00000000
2018-02-24 11:18:28,0.00009205,662.00000000
2018-02-24 11:18:28,0.00009207,162.00000000
2018-02-24 11:18:28,0.00009208,788.00000000
2018-02-24 11:18:32,0.00009198,42.00000000
2018-02-24 11:18:33,0.00009208,600.00000000
2018-02-24 11:18:46,0.00009198,250.00000000
2018-02-24 11:19:07,0.00009205,23.00000000
2018-02-24 11:19:16,0.00009198,500.00000000
2018-02-24 11:19:17,0.00009205,644.00000000
2018-02-24 11:19:20,0.00009198,99.00000000
2018-02-24 11:19:22,0.00009205,1.00000000
2018-02-24 11:19:23,0.00009198,169.00000000
2018-02-24 11:19:27,0.00009205,108.00000000
2018-02-24 11:19:37,0.00009205,120.00000000
2018-02-24 11:19:55,0.00009204,46.00000000
2018-02-24 11:19:59,0.00009205,254.00000000
2018-02-24 11:20:04,0.00009204,587.00000000
2018-02-24 11:20:08,0.00009204,6.00000000
2018-02-24 11:20:13,0.00009205,452.00000000
2018-02-24 11:20:23,0.00009208,957.00000000
2018-02-24 11:20:24,0.00009205,2524.00000000
2018-02-24 11:20:25,0.00009205,1606.00000000
2018-02-24 11:20:26,0.00009205,499.00000000
2018-02-24 11:20:29,0.00009208,2917.00000000
2018-02-24 11:20:33,0.00009208,707.00000000
2018-02-24 11:20:33,0.00009209,200.00000000
2018-02-24 11:20:33,0.00009210,64.00000000
2018-02-24 11:20:38,0.00009210,162.00000000
2018-02-24 11:20:38,0.00009205,412.00000000
2018-02-24 11:20:43,0.00009206,1363.00000000
2018-02-24 11:20:43,0.00009205,570.00000000
2018-02-24 11:20:45,0.00009210,5.00000000
2018-02-24 11:21:02,0.00009205,1123.00000000
2018-02-24 11:21:03,0.00009205,64.00000000
2018-02-24 11:21:05,0.00009205,259.00000000
2018-02-24 11:21:05,0.00009205,121.00000000
2018-02-24 11:21:06,0.00009205,24.00000000
2018-02-24 11:21:14,0.00009206,760.00000000
2018-02-24 11:21:14,0.00009205,2288.00000000
2018-02-24 11:21:17,0.00009205,21.00000000
2018-02-24 11:21:18,0.00009205,144.00000000
2018-02-24 11:21:29,0.00009205,34.00000000
2018-02-24 11:21:30,0.00009205,108.00000000
2018-02-24 11:21:30,0.00009205,325.00000000
2018-02-24 11:21:30,0.00009205,324.00000000
2018-02-24 11:21:30,0.00009205,325.00000000
2018-02-24 11:21:30,0.00009205,324.00000000
2018-02-24 11:21:30,0.00009205,325.00000000
2018-02-24 11:21:31,0.00009205,325.00000000
2018-02-24 11:21:31,0.00009205,325.00000000
2018-02-24 11:21:31,0.00009205,324.00000000
2018-02-24 11:21:31,0.00009205,325.00000000
2018-02-24 11:21:31,0.00009205,325.00000000
2018-02-24 11:21:31,0.00009205,325.00000000
2018-02-24 11:21:31,0.00009205,325.00000000
2018-02-24 11:21:31,0.00009205,325.00000000
2018-02-24 11:21:31,0.00009205,860.00000000
2018-02-24 11:21:31,0.00009205,325.00000000
2018-02-24 11:21:31,0.00009205,172.00000000
2018-02-24 11:21:31,0.00009204,151.00000000
2018-02-24 11:21:32,0.00009205,108.00000000
2018-02-24 11:21:33,0.00009205,242.00000000
2018-02-24 11:21:34,0.00009205,1579.00000000
2018-02-24 11:21:39,0.00009205,236.00000000
2018-02-24 11:21:39,0.00009210,108.00000000
2018-02-24 11:21:41,0.00009205,119.00000000
2018-02-24 11:21:57,0.00009209,207.00000000
2018-02-24 11:22:01,0.00009208,182.00000000
2018-02-24 11:22:02,0.00009205,2560.00000000
2018-02-24 11:22:13,0.00009204,1.00000000
2018-02-24 11:22:21,0.00009205,299.00000000
2018-02-24 11:22:21,0.00009204,300.00000000
2018-02-24 11:22:24,0.00009204,282.00000000
2018-02-24 11:22:25,0.00009204,52.00000000
2018-02-24 11:22:29,0.00009204,286.00000000
2018-02-24 11:22:29,0.00009204,283.00000000
2018-02-24 11:22:33,0.00009204,128.00000000
2018-02-24 11:22:33,0.00009200,3177.00000000
2018-02-24 11:22:34,0.00009198,115.00000000
2018-02-24 11:22:34,0.00009197,133.00000000
2018-02-24 11:22:36,0.00009200,291.00000000
2018-02-24 11:22:37,0.00009200,893.00000000
2018-02-24 11:22:57,0.00009200,255.00000000
2018-02-24 11:23:02,0.00009204,513.00000000
2018-02-24 11:23:03,0.00009200,560.00000000
2018-02-24 11:23:08,0.00009200,20.00000000
2018-02-24 11:23:08,0.00009200,3399.00000000
2018-02-24 11:23:13,0.00009197,200.00000000
2018-02-24 11:23:18,0.00009200,1.00000000
2018-02-24 11:23:18,0.00009204,1083.00000000
2018-02-24 11:23:22,0.00009204,1759.00000000
2018-02-24 11:23:24,0.00009197,122.00000000
2018-02-24 11:23:24,0.00009197,174.00000000
2018-02-24 11:23:29,0.00009204,989.00000000
2018-02-24 11:23:34,0.00009204,427.00000000
2018-02-24 11:23:38,0.00009205,3346.00000000
2018-02-24 11:23:45,0.00009204,784.00000000
2018-02-24 11:23:45,0.00009197,1176.00000000
2018-02-24 11:23:52,0.00009197,279.00000000
2018-02-24 11:23:52,0.00009197,97.00000000
2018-02-24 11:24:08,0.00009200,110.00000000
2018-02-24 11:24:08,0.00009204,1673.00000000
2018-02-24 11:24:08,0.00009205,7350.00000000
2018-02-24 11:24:09,0.00009205,3233.00000000
2018-02-24 11:24:09,0.00009205,325.00000000
2018-02-24 11:24:18,0.00009197,206.00000000
2018-02-24 11:24:22,0.00009197,96.00000000
2018-02-24 11:24:24,0.00009197,97.00000000
2018-02-24 11:24:26,0.00009205,55.00000000
2018-02-24 11:24:37,0.00009205,2889.00000000
2018-02-24 11:24:45,0.00009205,652.00000000
2018-02-24 11:24:48,0.00009197,25.00000000
2018-02-24 11:25:00,0.00009197,97.00000000
2018-02-24 11:25:01,0.00009197,97.00000000
2018-02-24 11:25:02,0.00009197,45.00000000
2018-02-24 11:25:03,0.00009197,97.00000000
2018-02-24 11:25:14,0.00009197,20.00000000
2018-02-24 11:25:21,0.00009197,43.00000000
2018-02-24 11:25:26,0.00009202,190.00000000
2018-02-24 11:25:27,0.00009202,231.00000000
2018-02-24 11:25:30,0.00009202,1427.00000000
2018-02-24 11:25:30,0.00009205,2587.00000000
2018-02-24 11:25:30,0.00009209,145.00000000
2018-02-24 11:25:30,0.00009210,856.00000000
2018-02-24 11:25:30,0.00009220,4431.00000000
2018-02-24 11:25:37,0.00009201,34.00000000
2018-02-24 11:25:37,0.00009205,29.00000000
2018-02-24 11:25:37,0.00009220,33.00000000
2018-02-24 11:25:42,0.00009216,70.00000000
2018-02-24 11:25:44,0.00009199,645.00000000
2018-02-24 11:25:44,0.00009198,105.00000000
2018-02-24 11:25:54,0.00009206,325.00000000
2018-02-24 11:25:55,0.00009199,91.00000000
2018-02-24 11:26:01,0.00009198,217.00000000
2018-02-24 11:26:01,0.00009198,325.00000000
2018-02-24 11:26:01,0.00009198,220.00000000
2018-02-24 11:26:01,0.00009198,326.00000000
2018-02-24 11:26:01,0.00009198,161.00000000
2018-02-24 11:26:01,0.00009197,326.00000000
2018-02-24 11:26:01,0.00009197,326.00000000
2018-02-24 11:26:01,0.00009197,326.00000000
2018-02-24 11:26:02,0.00009197,224.00000000
2018-02-24 11:26:02,0.00009197,326.00000000
2018-02-24 11:26:02,0.00009197,51.00000000
2018-02-24 11:26:02,0.00009197,116.00000000
2018-02-24 11:26:10,0.00009206,100.00000000
2018-02-24 11:26:17,0.00009200,100.00000000
2018-02-24 11:26:17,0.00009198,2087.00000000
2018-02-24 11:26:17,0.00009197,2376.00000000
2018-02-24 11:26:18,0.00009200,105.00000000
2018-02-24 11:26:18,0.00009197,300.00000000
2018-02-24 11:26:24,0.00009206,24.00000000
2018-02-24 11:26:28,0.00009197,400.00000000
2018-02-24 11:26:37,0.00009206,100.00000000
2018-02-24 11:26:39,0.00009197,574.00000000
2018-02-24 11:26:49,0.00009206,56.00000000
2018-02-24 11:26:59,0.00009199,500.00000000
2018-02-24 11:27:05,0.00009199,47.00000000
2018-02-24 11:27:12,0.00009206,1.00000000
2018-02-24 11:27:15,0.00009206,35.00000000
2018-02-24 11:27:18,0.00009206,32.00000000
2018-02-24 11:27:18,0.00009207,20.00000000
2018-02-24 11:27:18,0.00009214,71.00000000
2018-02-24 11:27:24,0.00009214,80.00000000
2018-02-24 11:27:24,0.00009215,115.00000000
2018-02-24 11:27:28,0.00009206,110.00000000
2018-02-24 11:27:28,0.00009206,1421.00000000
2018-02-24 11:27:28,0.00009206,71.00000000
2018-02-24 11:27:29,0.00009215,58.00000000
2018-02-24 11:27:29,0.00009217,33.00000000
2018-02-24 11:27:33,0.00009207,300.00000000
2018-02-24 11:27:35,0.00009217,24.00000000
2018-02-24 11:27:47,0.00009217,32.00000000
2018-02-24 11:27:54,0.00009217,72.00000000
2018-02-24 11:28:00,0.00009209,287.00000000
2018-02-24 11:28:14,0.00009217,20.00000000
2018-02-24 11:28:15,0.00009208,361.00000000
2018-02-24 11:28:26,0.00009208,12.00000000
2018-02-24 11:28:28,0.00009208,207.00000000
2018-02-24 11:28:29,0.00009208,251.00000000
2018-02-24 11:28:34,0.00009209,132.00000000
2018-02-24 11:28:34,0.00009209,21.00000000
2018-02-24 11:28:34,0.00009209,171.00000000
2018-02-24 11:28:34,0.00009208,828.00000000
2018-02-24 11:28:39,0.00009208,49.00000000
2018-02-24 11:28:41,0.00009209,20.00000000
2018-02-24 11:28:52,0.00009209,118.00000000
2018-02-24 11:28:57,0.00009209,21.00000000
2018-02-24 11:28:59,0.00009209,559.00000000
2018-02-24 11:29:06,0.00009209,60.00000000
2018-02-24 11:29:15,0.00009209,381.00000000
2018-02-24 11:29:18,0.00009209,21.00000000
2018-02-24 11:29:18,0.00009209,495.00000000
2018-02-24 11:29:18,0.00009208,414.00000000
2018-02-24 11:29:33,0.00009209,47.00000000
2018-02-24 11:29:35,0.00009208,91.00000000
2018-02-24 11:29:43,0.00009209,36.00000000
2018-02-24 11:29:47,0.00009209,190.00000000
2018-02-24 11:29:52,0.00009208,400.00000000
2018-02-24 11:30:00,0.00009208,65.00000000
2018-02-24 11:30:01,0.00009209,21.00000000
2018-02-24 11:30:01,0.00009214,85.00000000
2018-02-24 11:30:14,0.00009213,58.00000000
2018-02-24 11:30:14,0.00009208,234.00000000
2018-02-24 11:30:14,0.00009214,107.00000000
2018-02-24 11:30:14,0.00009215,50.00000000
2018-02-24 11:30:24,0.00009215,93.00000000
2018-02-24 11:30:24,0.00009217,265.00000000
2018-02-24 11:30:24,0.00009219,156.00000000
2018-02-24 11:30:24,0.00009220,598.00000000
2018-02-24 11:30:37,0.00009213,195.00000000
2018-02-24 11:30:37,0.00009213,22.00000000
2018-02-24 11:30:41,0.00009208,286.00000000
2018-02-24 11:30:41,0.00009208,611.00000000
2018-02-24 11:30:54,0.00009207,17.00000000
2018-02-24 11:31:06,0.00009207,286.00000000
2018-02-24 11:31:16,0.00009207,800.00000000
2018-02-24 11:31:18,0.00009207,272.00000000
2018-02-24 11:31:20,0.00009207,800.00000000
2018-02-24 11:31:21,0.00009207,1173.00000000
2018-02-24 11:31:23,0.00009207,195.00000000
2018-02-24 11:31:25,0.00009208,43.00000000
2018-02-24 11:31:30,0.00009208,108.00000000
2018-02-24 11:31:31,0.00009207,3884.00000000
2018-02-24 11:31:33,0.00009207,11.00000000
2018-02-24 11:31:48,0.00009207,334.00000000
2018-02-24 11:31:48,0.00009204,80.00000000
2018-02-24 11:31:53,0.00009204,13.00000000
2018-02-24 11:31:53,0.00009204,77.00000000
2018-02-24 11:31:53,0.00009204,64.00000000
2018-02-24 11:31:53,0.00009204,77.00000000
2018-02-24 11:31:53,0.00009204,60.00000000
2018-02-24 11:31:53,0.00009204,13.00000000
2018-02-24 11:31:55,0.00009207,72.00000000
2018-02-24 11:32:00,0.00009208,157.00000000
2018-02-24 11:32:00,0.00009208,91.00000000
2018-02-24 11:32:03,0.00009207,64.00000000
2018-02-24 11:32:03,0.00009208,86.00000000
2018-02-24 11:32:10,0.00009208,518.00000000
2018-02-24 11:32:10,0.00009208,148.00000000
2018-02-24 11:32:12,0.00009208,236.00000000
2018-02-24 11:32:22,0.00009208,794.00000000
2018-02-24 11:32:22,0.00009214,21.00000000
2018-02-24 11:32:22,0.00009215,104.00000000
2018-02-24 11:32:32,0.00009208,31.00000000
2018-02-24 11:32:32,0.00009215,77.00000000
2018-02-24 11:32:39,0.00009215,74.00000000
2018-02-24 11:32:39,0.00009215,74.00000000
2018-02-24 11:32:53,0.00009215,128.00000000
2018-02-24 11:32:53,0.00009219,7307.00000000
2018-02-24 11:32:53,0.00009220,715.00000000
2018-02-24 11:33:33,0.00009215,29.00000000
2018-02-24 11:33:36,0.00009217,325.00000000
2018-02-24 11:33:36,0.00009217,235.00000000
2018-02-24 11:33:36,0.00009217,254.00000000
2018-02-24 11:33:38,0.00009219,69.00000000
2018-02-24 11:33:42,0.00009219,27.00000000
2018-02-24 11:33:45,0.00009217,26.00000000
2018-02-24 11:33:49,0.00009218,37.00000000
2018-02-24 11:33:54,0.00009218,53.00000000
2018-02-24 11:33:58,0.00009218,800.00000000
2018-02-24 11:34:18,0.00009218,122.00000000
2018-02-24 11:34:25,0.00009218,122.00000000
2018-02-24 11:34:26,0.00009218,183.00000000
2018-02-24 11:34:27,0.00009217,183.00000000
2018-02-24 11:34:27,0.00009219,30.00000000
2018-02-24 11:34:29,0.00009218,145.00000000
2018-02-24 11:34:31,0.00009218,234.00000000
2018-02-24 11:34:31,0.00009217,673.00000000
2018-02-24 11:34:36,0.00009219,108.00000000
2018-02-24 11:34:44,0.00009219,194.00000000
2018-02-24 11:34:57,0.00009218,705.00000000
2018-02-24 11:35:02,0.00009219,143.00000000
2018-02-24 11:35:03,0.00009219,63.00000000
2018-02-24 11:35:07,0.00009219,17.00000000
2018-02-24 11:35:12,0.00009218,449.00000000
2018-02-24 11:35:24,0.00009218,13.00000000
2018-02-24 11:35:30,0.00009219,20.00000000
2018-02-24 11:35:30,0.00009220,29.00000000
2018-02-24 11:35:30,0.00009218,119.00000000
2018-02-24 11:35:41,0.00009220,64.00000000
2018-02-24 11:36:00,0.00009218,10.00000000
2018-02-24 11:36:01,0.00009219,95.00000000
2018-02-24 11:36:02,0.00009219,206.00000000
2018-02-24 11:36:05,0.00009219,6.00000000
2018-02-24 11:36:05,0.00009220,283.00000000
2018-02-24 11:36:09,0.00009220,5.00000000
2018-02-24 11:36:11,0.00009220,38.00000000
2018-02-24 11:36:12,0.00009220,1543.00000000
2018-02-24 11:36:12,0.00009221,413.00000000
2018-02-24 11:36:21,0.00009219,856.00000000
2018-02-24 11:36:30,0.00009219,430.00000000
2018-02-24 11:36:30,0.00009219,129.00000000
2018-02-24 11:36:33,0.00009219,165.00000000
2018-02-24 11:36:49,0.00009217,6.00000000
2018-02-24 11:36:55,0.00009217,105.00000000
2018-02-24 11:36:55,0.00009209,80.00000000
2018-02-24 11:36:55,0.00009208,61.00000000
2018-02-24 11:36:59,0.00009219,936.00000000
2018-02-24 11:37:00,0.00009219,1224.00000000
2018-02-24 11:37:02,0.00009220,206.00000000
2018-02-24 11:37:02,0.00009219,1368.00000000
2018-02-24 11:37:03,0.00009210,650.00000000
2018-02-24 11:37:05,0.00009210,63.00000000
2018-02-24 11:37:05,0.00009208,296.00000000
2018-02-24 11:37:09,0.00009208,176.00000000
2018-02-24 11:37:14,0.00009218,26.00000000
2018-02-24 11:37:14,0.00009218,25.00000000
2018-02-24 11:37:25,0.00009218,108.00000000
2018-02-24 11:37:28,0.00009218,759.00000000
2018-02-24 11:37:28,0.00009220,292.00000000
2018-02-24 11:37:42,0.00009217,11.00000000
2018-02-24 11:37:52,0.00009217,4.00000000
2018-02-24 11:37:59,0.00009217,65.00000000
2018-02-24 11:38:02,0.00009218,49.00000000
2018-02-24 11:38:02,0.00009218,157.00000000
2018-02-24 11:38:02,0.00009217,153.00000000
2018-02-24 11:38:08,0.00009217,239.00000000
2018-02-24 11:38:14,0.00009209,11.00000000
2018-02-24 11:38:14,0.00009217,181.00000000
2018-02-24 11:38:24,0.00009217,12.00000000
2018-02-24 11:39:01,0.00009217,175.00000000
2018-02-24 11:39:01,0.00009217,33.00000000
2018-02-24 11:39:02,0.00009217,221.00000000
2018-02-24 11:39:02,0.00009217,206.00000000
2018-02-24 11:39:07,0.00009217,57.00000000
2018-02-24 11:39:25,0.00009217,98.00000000
2018-02-24 11:39:27,0.00009217,98.00000000
2018-02-24 11:39:28,0.00009217,80.00000000
2018-02-24 11:40:02,0.00009217,206.00000000
2018-02-24 11:40:02,0.00009217,119.00000000
2018-02-24 11:40:13,0.00009213,610.00000000
2018-02-24 11:40:14,0.00009217,1411.00000000
2018-02-24 11:40:18,0.00009220,1.00000000
2018-02-24 11:40:19,0.00009217,26.00000000
2018-02-24 11:40:22,0.00009217,43.00000000
2018-02-24 11:40:31,0.00009219,5.00000000
2018-02-24 11:40:31,0.00009217,614.00000000
2018-02-24 11:40:36,0.00009217,45.00000000
2018-02-24 11:40:44,0.00009216,251.00000000
2018-02-24 11:40:44,0.00009217,191.00000000
2018-02-24 11:40:46,0.00009217,246.00000000
2018-02-24 11:40:48,0.00009220,172.00000000
2018-02-24 11:40:52,0.00009217,366.00000000
2018-02-24 11:41:02,0.00009219,206.00000000
2018-02-24 11:41:16,0.00009218,33.00000000
2018-02-24 11:41:18,0.00009219,40.00000000
2018-02-24 11:41:19,0.00009219,115.00000000
2018-02-24 11:41:25,0.00009220,63.00000000
2018-02-24 11:41:29,0.00009219,100.00000000
2018-02-24 11:41:31,0.00009219,999.00000000
2018-02-24 11:41:32,0.00009220,108.00000000
2018-02-24 11:41:35,0.00009220,224.00000000
2018-02-24 11:41:35,0.00009220,225.00000000
2018-02-24 11:41:35,0.00009219,225.00000000
2018-02-24 11:41:36,0.00009220,388.00000000
2018-02-24 11:41:38,0.00009219,604.00000000
2018-02-24 11:41:38,0.00009219,111.00000000
2018-02-24 11:41:40,0.00009217,2000.00000000
2018-02-24 11:41:44,0.00009219,417.00000000
2018-02-24 11:41:48,0.00009219,22.00000000
2018-02-24 11:42:02,0.00009219,206.00000000
2018-02-24 11:42:17,0.00009219,493.00000000
2018-02-24 11:42:18,0.00009219,28.00000000
2018-02-24 11:42:22,0.00009219,257.00000000
2018-02-24 11:42:23,0.00009219,443.00000000
2018-02-24 11:42:24,0.00009219,1084.00000000
2018-02-24 11:42:24,0.00009219,369.00000000
2018-02-24 11:42:25,0.00009219,43.00000000
2018-02-24 11:42:25,0.00009219,368.00000000
2018-02-24 11:42:27,0.00009219,43.00000000
2018-02-24 11:42:30,0.00009219,43.00000000
2018-02-24 11:42:32,0.00009219,82.00000000
2018-02-24 11:42:33,0.00009219,76.00000000
2018-02-24 11:42:40,0.00009217,149.00000000
2018-02-24 11:42:43,0.00009219,91.00000000
2018-02-24 11:42:45,0.00009219,207.00000000
2018-02-24 11:42:45,0.00009219,207.00000000
2018-02-24 11:42:45,0.00009217,98.00000000
2018-02-24 11:42:46,0.00009217,207.00000000
2018-02-24 11:42:46,0.00009219,91.00000000
2018-02-24 11:42:48,0.00009217,26.00000000
2018-02-24 11:42:49,0.00009219,149.00000000
2018-02-24 11:42:49,0.00009219,11.00000000
2018-02-24 11:42:51,0.00009219,51.00000000
2018-02-24 11:42:53,0.00009219,43.00000000
2018-02-24 11:42:55,0.00009219,43.00000000
2018-02-24 11:43:02,0.00009219,206.00000000
2018-02-24 11:43:09,0.00009219,56.00000000
2018-02-24 11:43:14,0.00009217,1968.00000000
2018-02-24 11:43:27,0.00009219,108.00000000
2018-02-24 11:43:36,0.00009217,22.00000000
2018-02-24 11:43:46,0.00009219,221.00000000
2018-02-24 11:43:46,0.00009217,156.00000000
2018-02-24 11:43:53,0.00009219,16.00000000
2018-02-24 11:43:53,0.00009219,464.00000000
2018-02-24 11:43:56,0.00009217,347.00000000
2018-02-24 11:43:57,0.00009219,796.00000000
2018-02-24 11:43:57,0.00009221,146.00000000
2018-02-24 11:43:57,0.00009222,100.00000000
2018-02-24 11:43:57,0.00009224,63.00000000
2018-02-24 11:43:57,0.00009217,36.00000000
2018-02-24 11:44:01,0.00009217,2661.00000000
2018-02-24 11:44:02,0.00009217,413.00000000
2018-02-24 11:44:02,0.00009217,206.00000000
2018-02-24 11:44:05,0.00009217,716.00000000
2018-02-24 11:44:05,0.00009217,2632.00000000
2018-02-24 11:44:09,0.00009217,2.00000000
2018-02-24 11:44:11,0.00009218,46.00000000
2018-02-24 11:44:11,0.00009217,136.00000000
2018-02-24 11:44:16,0.00009217,116.00000000
2018-02-24 11:44:18,0.00009217,46.00000000
2018-02-24 11:44:19,0.00009217,85.00000000
2018-02-24 11:44:23,0.00009216,33.00000000
2018-02-24 11:44:23,0.00009217,3101.00000000
2018-02-24 11:44:23,0.00009219,231.00000000
2018-02-24 11:44:37,0.00009217,460.00000000
2018-02-24 11:44:39,0.00009217,460.00000000
2018-02-24 11:44:41,0.00009219,64.00000000
2018-02-24 11:44:47,0.00009217,227.00000000
2018-02-24 11:44:48,0.00009217,23.00000000
2018-02-24 11:44:54,0.00009217,450.00000000
2018-02-24 11:44:58,0.00009213,193.00000000
2018-02-24 11:44:58,0.00009210,66.00000000
2018-02-24 11:44:58,0.00009209,1239.00000000
2018-02-24 11:44:58,0.00009217,220.00000000
2018-02-24 11:45:04,0.00009217,206.00000000
2018-02-24 11:45:07,0.00009217,1104.00000000
2018-02-24 11:45:17,0.00009217,192.00000000
2018-02-24 11:45:25,0.00009210,71.00000000
2018-02-24 11:45:25,0.00009209,1349.00000000
2018-02-24 11:45:26,0.00009209,272.00000000
2018-02-24 11:45:26,0.00009209,122.00000000
2018-02-24 11:45:27,0.00009209,14.00000000
2018-02-24 11:45:27,0.00009217,12.00000000
2018-02-24 11:45:27,0.00009217,12.00000000
2018-02-24 11:45:28,0.00009217,17.00000000
2018-02-24 11:45:30,0.00009217,17.00000000
2018-02-24 11:45:30,0.00009217,170.00000000
2018-02-24 11:45:31,0.00009217,17.00000000
2018-02-24 11:45:32,0.00009217,17.00000000
2018-02-24 11:45:32,0.00009209,3.00000000
2018-02-24 11:45:32,0.00009208,77.00000000
2018-02-24 11:45:33,0.00009217,17.00000000
2018-02-24 11:45:34,0.00009217,17.00000000
2018-02-24 11:45:36,0.00009217,17.00000000
2018-02-24 11:45:37,0.00009217,17.00000000
2018-02-24 11:45:49,0.00009217,986.00000000
2018-02-24 11:45:51,0.00009217,41.00000000
2018-02-24 11:45:57,0.00009211,495.00000000
2018-02-24 11:45:57,0.00009210,505.00000000
2018-02-24 11:46:02,0.00009217,206.00000000
2018-02-24 11:46:04,0.00009217,193.00000000
2018-02-24 11:46:06,0.00009212,12.00000000
2018-02-24 11:46:07,0.00009217,36.00000000
2018-02-24 11:46:08,0.00009217,1579.00000000
2018-02-24 11:46:08,0.00009217,521.00000000
2018-02-24 11:46:08,0.00009219,546.00000000
2018-02-24 11:46:10,0.00009219,309.00000000
2018-02-24 11:46:10,0.00009224,91.00000000
2018-02-24 11:46:19,0.00009223,53.00000000
2018-02-24 11:46:19,0.00009223,54.00000000
2018-02-24 11:46:28,0.00009223,481.00000000
2018-02-24 11:46:31,0.00009218,12.00000000
2018-02-24 11:46:35,0.00009218,117.00000000
2018-02-24 11:46:36,0.00009218,446.00000000
2018-02-24 11:46:36,0.00009215,53.00000000
2018-02-24 11:46:36,0.00009212,657.00000000
2018-02-24 11:46:38,0.00009222,162.00000000
2018-02-24 11:46:38,0.00009223,545.00000000
2018-02-24 11:46:39,0.00009223,78.00000000
2018-02-24 11:46:48,0.00009217,27.00000000
2018-02-24 11:46:52,0.00009217,473.00000000
2018-02-24 11:46:58,0.00009217,78.00000000
2018-02-24 11:47:02,0.00009217,206.00000000
2018-02-24 11:47:04,0.00009217,559.00000000
2018-02-24 11:47:04,0.00009219,129.00000000
2018-02-24 11:47:04,0.00009221,312.00000000
2018-02-24 11:47:06,0.00009212,648.00000000
2018-02-24 11:47:10,0.00009212,455.00000000
2018-02-24 11:47:10,0.00009221,3599.00000000
2018-02-24 11:47:10,0.00009222,289.00000000
2018-02-24 11:47:13,0.00009220,55.00000000
2018-02-24 11:47:16,0.00009219,110.00000000
2018-02-24 11:47:16,0.00009219,91.00000000
2018-02-24 11:47:16,0.00009219,53.00000000
2018-02-24 11:47:18,0.00009219,230.00000000
2018-02-24 11:47:23,0.00009220,187.00000000
2018-02-24 11:47:35,0.00009219,30.00000000
2018-02-24 11:47:38,0.00009219,26.00000000
2018-02-24 11:47:40,0.00009219,26.00000000
2018-02-24 11:47:42,0.00009219,68.00000000
2018-02-24 11:47:42,0.00009219,325.00000000
2018-02-24 11:47:43,0.00009219,63.00000000
2018-02-24 11:47:45,0.00009219,26.00000000
2018-02-24 11:47:48,0.00009219,507.00000000
2018-02-24 11:47:54,0.00009219,880.00000000
2018-02-24 11:47:56,0.00009220,173.00000000
2018-02-24 11:47:58,0.00009220,48.00000000
2018-02-24 11:48:00,0.00009219,77.00000000
2018-02-24 11:48:00,0.00009220,48.00000000
2018-02-24 11:48:02,0.00009220,206.00000000
2018-02-24 11:48:04,0.00009220,43.00000000
2018-02-24 11:48:04,0.00009220,252.00000000
2018-02-24 11:48:04,0.00009222,1629.00000000
2018-02-24 11:48:04,0.00009223,110.00000000
2018-02-24 11:48:04,0.00009224,1012.00000000
2018-02-24 11:48:04,0.00009225,418.00000000
2018-02-24 11:48:16,0.00009225,35.00000000
2018-02-24 11:48:18,0.00009225,140.00000000
2018-02-24 11:48:21,0.00009219,16.00000000
2018-02-24 11:48:26,0.00009220,22.00000000
2018-02-24 11:48:26,0.00009225,54.00000000
2018-02-24 11:48:27,0.00009225,50.00000000
2018-02-24 11:48:28,0.00009219,515.00000000
2018-02-24 11:48:29,0.00009225,44.00000000
2018-02-24 11:48:29,0.00009230,73.00000000
2018-02-24 11:48:30,0.00009219,30.00000000
2018-02-24 11:48:32,0.00009219,536.00000000
2018-02-24 11:48:38,0.00009220,1000.00000000
2018-02-24 11:48:38,0.00009219,533.00000000
2018-02-24 11:48:44,0.00009229,26.00000000
2018-02-24 11:48:48,0.00009230,958.00000000
2018-02-24 11:48:48,0.00009231,532.00000000
2018-02-24 11:48:48,0.00009233,57.00000000
2018-02-24 11:48:48,0.00009235,41.00000000
2018-02-24 11:48:48,0.00009236,50.00000000
2018-02-24 11:48:48,0.00009237,168.00000000
2018-02-24 11:48:48,0.00009238,884.00000000
2018-02-24 11:48:48,0.00009239,2510.00000000
2018-02-24 11:48:48,0.00009229,101.00000000
2018-02-24 11:48:48,0.00009229,11.00000000
2018-02-24 11:48:51,0.00009228,62.00000000
2018-02-24 11:48:51,0.00009225,15.00000000
2018-02-24 11:48:51,0.00009219,6498.00000000
2018-02-24 11:48:51,0.00009228,54.00000000
2018-02-24 11:48:54,0.00009227,43.00000000
2018-02-24 11:48:55,0.00009227,5.00000000
2018-02-24 11:49:00,0.00009227,1039.00000000
2018-02-24 11:49:00,0.00009227,325.00000000
2018-02-24 11:49:01,0.00009227,175.00000000
2018-02-24 11:49:01,0.00009227,2248.00000000
2018-02-24 11:49:02,0.00009228,206.00000000
2018-02-24 11:49:04,0.00009228,911.00000000
2018-02-24 11:49:08,0.00009228,25.00000000
2018-02-24 11:49:09,0.00009228,30.00000000
2018-02-24 11:49:10,0.00009228,536.00000000
2018-02-24 11:49:37,0.00009219,1088.00000000
2018-02-24 11:49:40,0.00009228,379.00000000
2018-02-24 11:49:47,0.00009227,26.00000000
2018-02-24 11:49:47,0.00009228,155.00000000
2018-02-24 11:49:56,0.00009219,651.00000000
2018-02-24 11:49:56,0.00009219,22.00000000
2018-02-24 11:50:02,0.00009228,206.00000000
2018-02-24 11:50:05,0.00009228,11.00000000
2018-02-24 11:50:09,0.00009228,857.00000000
2018-02-24 11:50:16,0.00009228,100.00000000
2018-02-24 11:50:19,0.00009219,2107.00000000
2018-02-24 11:50:20,0.00009219,124.00000000
2018-02-24 11:50:30,0.00009220,2006.00000000
2018-02-24 11:50:30,0.00009219,127.00000000
2018-02-24 11:50:30,0.00009213,2162.00000000
2018-02-24 11:50:30,0.00009212,1098.00000000
2018-02-24 11:50:30,0.00009211,2000.00000000
2018-02-24 11:50:30,0.00009210,88.00000000
2018-02-24 11:50:31,0.00009210,239.00000000
2018-02-24 11:50:35,0.00009211,80.00000000
2018-02-24 11:50:35,0.00009210,306.00000000
2018-02-24 11:50:35,0.00009210,69.00000000
2018-02-24 11:50:38,0.00009210,27.00000000
2018-02-24 11:50:40,0.00009227,108.00000000
2018-02-24 11:50:41,0.00009227,108.00000000
2018-02-24 11:50:43,0.00009212,80.00000000
2018-02-24 11:50:43,0.00009210,29.00000000
2018-02-24 11:50:58,0.00009211,799.00000000
2018-02-24 11:51:02,0.00009219,206.00000000
2018-02-24 11:51:06,0.00009219,38.00000000
2018-02-24 11:51:07,0.00009219,55.00000000
2018-02-24 11:51:16,0.00009219,116.00000000
2018-02-24 11:51:19,0.00009219,2.00000000
2018-02-24 11:51:19,0.00009216,198.00000000
2018-02-24 11:51:26,0.00009215,2.00000000
2018-02-24 11:51:29,0.00009216,104.00000000
2018-02-24 11:51:36,0.00009219,12.00000000
2018-02-24 11:51:36,0.00009216,84.00000000
2018-02-24 11:51:52,0.00009217,470.00000000
2018-02-24 11:51:52,0.00009216,120.00000000
2018-02-24 11:51:52,0.00009215,2517.00000000
2018-02-24 11:51:59,0.00009215,11.00000000
2018-02-24 11:52:02,0.00009220,80.00000000
2018-02-24 11:52:03,0.00009220,126.00000000
2018-02-24 11:52:08,0.00009219,856.00000000
2018-02-24 11:52:16,0.00009220,71.00000000
2018-02-24 11:52:26,0.00009220,361.00000000
2018-02-24 11:52:26,0.00009219,2169.00000000
2018-02-24 11:52:33,0.00009225,68.00000000
2018-02-24 11:52:33,0.00009228,40.00000000
2018-02-24 11:52:45,0.00009220,14.00000000
2018-02-24 11:52:48,0.00009228,491.00000000
2018-02-24 11:52:58,0.00009228,152.00000000
2018-02-24 11:53:01,0.00009220,528.00000000
2018-02-24 11:53:02,0.00009220,206.00000000
2018-02-24 11:53:02,0.00009220,306.00000000
2018-02-24 11:53:07,0.00009219,1518.00000000
2018-02-24 11:53:18,0.00009219,15.00000000
2018-02-24 11:53:20,0.00009217,50.00000000
2018-02-24 11:53:24,0.00009219,2.00000000
2018-02-24 11:53:24,0.00009219,100.00000000
2018-02-24 11:53:32,0.00009219,39.00000000
2018-02-24 11:53:32,0.00009217,650.00000000
2018-02-24 11:53:33,0.00009217,7384.00000000
2018-02-24 11:53:34,0.00009217,437.00000000
2018-02-24 11:53:35,0.00009217,22.00000000
2018-02-24 11:53:48,0.00009216,417.00000000
2018-02-24 11:53:51,0.00009217,500.00000000
2018-02-24 11:53:53,0.00009217,61.00000000
2018-02-24 11:54:02,0.00009219,206.00000000
2018-02-24 11:54:03,0.00009217,6194.00000000
2018-02-24 11:54:05,0.00009217,745.00000000
2018-02-24 11:54:08,0.00009217,2.00000000
2018-02-24 11:54:10,0.00009217,150.00000000
2018-02-24 11:54:17,0.00009217,108.00000000
2018-02-24 11:54:18,0.00009217,471.00000000
2018-02-24 11:54:19,0.00009216,1587.00000000
2018-02-24 11:54:20,0.00009217,110.00000000
2018-02-24 11:54:20,0.00009217,854.00000000
2018-02-24 11:54:20,0.00009219,37.00000000
2018-02-24 11:54:20,0.00009220,1063.00000000
2018-02-24 11:54:23,0.00009220,110.00000000
2018-02-24 11:54:23,0.00009216,482.00000000
2018-02-24 11:54:28,0.00009219,22.00000000
2018-02-24 11:54:31,0.00009225,80.00000000
2018-02-24 11:54:31,0.00009225,108.00000000
2018-02-24 11:54:42,0.00009220,33.00000000
2018-02-24 11:54:43,0.00009219,82.00000000
2018-02-24 11:54:52,0.00009219,530.00000000
2018-02-24 11:54:54,0.00009225,3.00000000
2018-02-24 11:54:59,0.00009225,200.00000000
2018-02-24 11:55:02,0.00009225,206.00000000
2018-02-24 11:55:04,0.00009225,9.00000000
2018-02-24 11:55:08,0.00009220,5.00000000
2018-02-24 11:55:15,0.00009220,428.00000000
2018-02-24 11:55:19,0.00009225,250.00000000
2018-02-24 11:55:21,0.00009220,267.00000000
2018-02-24 11:55:26,0.00009219,2108.00000000
2018-02-24 11:55:27,0.00009220,48.00000000
2018-02-24 11:55:28,0.00009220,25.00000000
2018-02-24 11:55:38,0.00009219,97.00000000
2018-02-24 11:55:43,0.00009219,12.00000000
2018-02-24 11:55:44,0.00009219,149.00000000
2018-02-24 11:55:44,0.00009217,2080.00000000
2018-02-24 11:55:44,0.00009217,64.00000000
2018-02-24 11:55:47,0.00009217,30.00000000
2018-02-24 11:55:50,0.00009217,220.00000000
2018-02-24 11:55:51,0.00009217,97.00000000
2018-02-24 11:55:53,0.00009220,215.00000000
2018-02-24 11:55:56,0.00009216,320.00000000
2018-02-24 11:55:57,0.00009220,128.00000000
2018-02-24 11:55:59,0.00009220,36.00000000
2018-02-24 11:56:02,0.00009220,15.00000000
2018-02-24 11:56:05,0.00009221,11.00000000
2018-02-24 11:56:05,0.00009220,41.00000000
2018-02-24 11:56:12,0.00009225,68.00000000
2018-02-24 11:56:14,0.00009220,99.00000000
2018-02-24 11:56:14,0.00009220,37.00000000
2018-02-24 11:56:23,0.00009220,55.00000000
2018-02-24 11:56:26,0.00009225,223.00000000
2018-02-24 11:56:30,0.00009225,474.00000000
2018-02-24 11:56:43,0.00009221,248.00000000
2018-02-24 11:56:45,0.00009221,839.00000000
2018-02-24 11:56:45,0.00009221,291.00000000
2018-02-24 11:56:46,0.00009225,1.00000000
2018-02-24 11:56:46,0.00009220,355.00000000
2018-02-24 11:56:46,0.00009217,83.00000000
2018-02-24 11:56:46,0.00009216,1041.00000000
2018-02-24 11:56:49,0.00009216,28.00000000
2018-02-24 11:56:51,0.00009216,63.00000000
2018-02-24 11:57:04,0.00009225,206.00000000
2018-02-24 11:57:05,0.00009225,353.00000000
2018-02-24 11:57:06,0.00009225,1604.00000000
2018-02-24 11:57:09,0.00009225,2405.00000000
2018-02-24 11:57:09,0.00009227,214.00000000
2018-02-24 11:57:16,0.00009228,100.00000000
2018-02-24 11:57:20,0.00009220,40.00000000
2018-02-24 11:57:23,0.00009220,140.00000000
2018-02-24 11:57:24,0.00009220,200.00000000
2018-02-24 11:57:34,0.00009226,28.00000000
2018-02-24 11:57:34,0.00009227,2.00000000
2018-02-24 11:57:38,0.00009223,370.00000000
2018-02-24 11:57:38,0.00009223,56.00000000
2018-02-24 11:57:41,0.00009220,294.00000000
2018-02-24 11:57:46,0.00009223,115.00000000
2018-02-24 11:57:48,0.00009223,46.00000000
2018-02-24 11:57:51,0.00009225,2.00000000
2018-02-24 11:57:51,0.00009220,152.00000000
2018-02-24 11:57:58,0.00009220,820.00000000
2018-02-24 11:58:02,0.00009227,206.00000000
2018-02-24 11:58:05,0.00009220,48.00000000
2018-02-24 11:58:24,0.00009221,1087.00000000
2018-02-24 11:58:24,0.00009220,160.00000000
2018-02-24 11:58:30,0.00009220,168.00000000
2018-02-24 11:58:32,0.00009220,186.00000000
2018-02-24 11:58:34,0.00009220,112.00000000
2018-02-24 11:58:34,0.00009220,153.00000000
2018-02-24 11:58:41,0.00009221,1100.00000000
2018-02-24 11:58:42,0.00009220,367.00000000
2018-02-24 11:58:50,0.00009220,92.00000000
2018-02-24 11:58:50,0.00009221,1111.00000000
2018-02-24 11:58:59,0.00009220,224.00000000
2018-02-24 11:59:02,0.00009221,206.00000000
2018-02-24 11:59:03,0.00009220,1000.00000000
2018-02-24 11:59:14,0.00009220,384.00000000
2018-02-24 11:59:15,0.00009220,372.00000000
2018-02-24 11:59:17,0.00009220,334.00000000
2018-02-24 11:59:26,0.00009219,2266.00000000
2018-02-24 11:59:26,0.00009216,2245.00000000
2018-02-24 11:59:26,0.00009212,111.00000000
2018-02-24 11:59:28,0.00009212,100.00000000
2018-02-24 11:59:29,0.00009220,542.00000000
2018-02-24 11:59:30,0.00009220,542.00000000
2018-02-24 11:59:31,0.00009220,351.00000000
2018-02-24 11:59:34,0.00009220,7740.00000000
2018-02-24 11:59:35,0.00009220,3772.00000000
2018-02-24 11:59:36,0.00009220,1350.00000000
2018-02-24 11:59:40,0.00009219,674.00000000
2018-02-24 11:59:40,0.00009220,26.00000000
2018-02-24 11:59:41,0.00009212,434.00000000
2018-02-24 11:59:49,0.00009220,882.00000000
2018-02-24 11:59:51,0.00009220,16.00000000
2018-02-24 11:59:56,0.00009220,1112.00000000
