DATE,PRICE,VOLUME
2018-02-23 18:00:00,0.00009294,15.00000000
2018-02-23 18:00:01,0.00009294,361.00000000
2018-02-23 18:00:02,0.00009295,126.00000000
2018-02-23 18:00:04,0.00009295,751.00000000
2018-02-23 18:00:05,0.00009300,213.00000000
2018-02-23 18:00:07,0.00009295,15.00000000
2018-02-23 18:00:08,0.00009295,465.00000000
2018-02-23 18:00:08,0.00009294,987.00000000
2018-02-23 18:00:09,0.00009299,877.00000000
2018-02-23 18:00:09,0.00009300,3863.00000000
2018-02-23 18:00:10,0.00009300,207.00000000
2018-02-23 18:00:11,0.00009300,8294.00000000
2018-02-23 18:00:11,0.00009302,992.00000000
2018-02-23 18:00:13,0.00009300,26.00000000
2018-02-23 18:00:18,0.00009303,10.00000000
2018-02-23 18:00:22,0.00009303,44.00000000
2018-02-23 18:00:23,0.00009303,200.00000000
2018-02-23 18:00:24,0.00009303,2613.00000000
2018-02-23 18:00:26,0.00009304,42.00000000
2018-02-23 18:00:26,0.00009306,382.00000000
2018-02-23 18:00:26,0.00009310,76.00000000
2018-02-23 18:00:27,0.00009303,107.00000000
2018-02-23 18:00:28,0.00009303,4.00000000
2018-02-23 18:00:30,0.00009306,1069.00000000
2018-02-23 18:00:30,0.00009303,132.00000000
2018-02-23 18:00:30,0.00009310,673.00000000
2018-02-23 18:00:30,0.00009303,51.00000000
2018-02-23 18:00:31,0.00009310,226.00000000
2018-02-23 18:00:31,0.00009312,12.00000000
2018-02-23 18:00:31,0.00009313,159.00000000
2018-02-23 18:00:31,0.00009314,306.00000000
2018-02-23 18:00:31,0.00009317,114.00000000
2018-02-23 18:00:31,0.00009317,82.00000000
2018-02-23 18:00:31,0.00009318,400.00000000
2018-02-23 18:00:31,0.00009320,74.00000000
2018-02-23 18:00:31,0.00009325,511.00000000
2018-02-23 18:00:31,0.00009316,45.00000000
2018-02-23 18:00:31,0.00009316,45.00000000
2018-02-23 18:00:32,0.00009316,289.00000000
2018-02-23 18:00:32,0.00009325,194.00000000
2018-02-23 18:00:32,0.00009313,194.00000000
2018-02-23 18:00:32,0.00009313,194.00000000
2018-02-23 18:00:33,0.00009325,57.00000000
2018-02-23 18:00:33,0.00009314,12.00000000
2018-02-23 18:00:33,0.00009315,120.00000000
2018-02-23 18:00:33,0.00009315,200.00000000
2018-02-23 18:00:33,0.00009315,56.00000000
2018-02-23 18:00:35,0.00009325,43.00000000
2018-02-23 18:00:35,0.00009328,6.00000000
2018-02-23 18:00:35,0.00009328,6.00000000
2018-02-23 18:00:35,0.00009329,39.00000000
2018-02-23 18:00:36,0.00009316,12.00000000
2018-02-23 18:00:37,0.00009315,14.00000000
2018-02-23 18:00:37,0.00009314,308.00000000
2018-02-23 18:00:38,0.00009316,112.00000000
2018-02-23 18:00:39,0.00009316,104.00000000
2018-02-23 18:00:39,0.00009315,276.00000000
2018-02-23 18:00:39,0.00009316,93.00000000
2018-02-23 18:00:39,0.00009316,15.00000000
2018-02-23 18:00:39,0.00009329,167.00000000
2018-02-23 18:00:39,0.00009316,292.00000000
2018-02-23 18:00:40,0.00009315,27.00000000
2018-02-23 18:00:40,0.00009315,27.00000000
2018-02-23 18:00:40,0.00009315,860.00000000
2018-02-23 18:00:40,0.00009314,460.00000000
2018-02-23 18:00:42,0.00009314,293.00000000
2018-02-23 18:00:42,0.00009318,58.00000000
2018-02-23 18:00:42,0.00009326,900.00000000
2018-02-23 18:00:42,0.00009327,2852.00000000
2018-02-23 18:00:42,0.00009328,216.00000000
2018-02-23 18:00:42,0.00009329,167.00000000
2018-02-23 18:00:42,0.00009330,77.00000000
2018-02-23 18:00:42,0.00009339,470.00000000
2018-02-23 18:00:42,0.00009340,40.00000000
2018-02-23 18:00:42,0.00009341,382.00000000
2018-02-23 18:00:42,0.00009318,321.00000000
2018-02-23 18:00:42,0.00009318,321.00000000
2018-02-23 18:00:42,0.00009318,178.00000000
2018-02-23 18:00:42,0.00009318,92.00000000
2018-02-23 18:00:43,0.00009327,61.00000000
2018-02-23 18:00:45,0.00009317,100.00000000
2018-02-23 18:00:46,0.00009320,50.00000000
2018-02-23 18:00:46,0.00009318,50.00000000
2018-02-23 18:00:47,0.00009327,542.00000000
2018-02-23 18:00:47,0.00009329,29.00000000
2018-02-23 18:00:47,0.00009341,118.00000000
2018-02-23 18:00:47,0.00009341,66.00000000
2018-02-23 18:00:48,0.00009341,297.00000000
2018-02-23 18:00:48,0.00009322,1068.00000000
2018-02-23 18:00:48,0.00009321,1067.00000000
2018-02-23 18:00:48,0.00009319,150.00000000
2018-02-23 18:00:48,0.00009318,306.00000000
2018-02-23 18:00:48,0.00009318,321.00000000
2018-02-23 18:00:48,0.00009319,50.00000000
2018-02-23 18:00:48,0.00009319,3.00000000
2018-02-23 18:00:48,0.00009318,730.00000000
2018-02-23 18:00:48,0.00009341,45.00000000
2018-02-23 18:00:49,0.00009323,429.00000000
2018-02-23 18:00:49,0.00009323,107.00000000
2018-02-23 18:00:49,0.00009322,900.00000000
2018-02-23 18:00:49,0.00009321,1067.00000000
2018-02-23 18:00:49,0.00009319,53.00000000
2018-02-23 18:00:49,0.00009318,521.00000000
2018-02-23 18:00:49,0.00009316,512.00000000
2018-02-23 18:00:49,0.00009314,354.00000000
2018-02-23 18:00:49,0.00009310,559.00000000
2018-02-23 18:00:51,0.00009321,217.00000000
2018-02-23 18:00:52,0.00009319,340.00000000
2018-02-23 18:00:52,0.00009319,511.00000000
2018-02-23 18:00:52,0.00009320,123.00000000
2018-02-23 18:00:53,0.00009320,188.00000000
2018-02-23 18:00:53,0.00009330,536.00000000
2018-02-23 18:00:53,0.00009337,900.00000000
2018-02-23 18:00:53,0.00009341,22.00000000
2018-02-23 18:00:53,0.00009346,749.00000000
2018-02-23 18:00:53,0.00009347,57.00000000
2018-02-23 18:00:53,0.00009348,175.00000000
2018-02-23 18:00:53,0.00009350,1125.00000000
2018-02-23 18:00:54,0.00009329,716.00000000
2018-02-23 18:00:55,0.00009318,83.00000000
2018-02-23 18:00:55,0.00009319,685.00000000
2018-02-23 18:00:55,0.00009337,3.00000000
2018-02-23 18:00:56,0.00009320,42.00000000
2018-02-23 18:00:57,0.00009325,4446.00000000
2018-02-23 18:00:59,0.00009325,42.00000000
2018-02-23 18:01:02,0.00009326,107.00000000
2018-02-23 18:01:02,0.00009325,5.00000000
2018-02-23 18:01:02,0.00009326,37.00000000
2018-02-23 18:01:05,0.00009326,107.00000000
2018-02-23 18:01:06,0.00009325,861.00000000
2018-02-23 18:01:06,0.00009321,11.00000000
2018-02-23 18:01:06,0.00009326,443.00000000
2018-02-23 18:01:11,0.00009321,58.00000000
2018-02-23 18:01:11,0.00009324,2.00000000
2018-02-23 18:01:11,0.00009324,426.00000000
2018-02-23 18:01:11,0.00009326,1024.00000000
2018-02-23 18:01:12,0.00009321,467.00000000
2018-02-23 18:01:13,0.00009320,1248.00000000
2018-02-23 18:01:13,0.00009319,303.00000000
2018-02-23 18:01:17,0.00009317,22.00000000
2018-02-23 18:01:17,0.00009317,48.00000000
2018-02-23 18:01:17,0.00009317,62.00000000
2018-02-23 18:01:17,0.00009317,27.00000000
2018-02-23 18:01:18,0.00009325,576.00000000
2018-02-23 18:01:18,0.00009317,221.00000000
2018-02-23 18:01:19,0.00009320,163.00000000
2018-02-23 18:01:20,0.00009320,650.00000000
2018-02-23 18:01:20,0.00009320,27.00000000
2018-02-23 18:01:20,0.00009320,11.00000000
2018-02-23 18:01:20,0.00009320,44.00000000
2018-02-23 18:01:20,0.00009320,23.00000000
2018-02-23 18:01:20,0.00009320,26.00000000
2018-02-23 18:01:21,0.00009320,1351.00000000
2018-02-23 18:01:21,0.00009321,37.00000000
2018-02-23 18:01:21,0.00009320,49.00000000
2018-02-23 18:01:21,0.00009320,109.00000000
2018-02-23 18:01:21,0.00009320,167.00000000
2018-02-23 18:01:22,0.00009320,33.00000000
2018-02-23 18:01:22,0.00009320,113.00000000
2018-02-23 18:01:22,0.00009320,508.00000000
2018-02-23 18:01:23,0.00009320,1378.00000000
2018-02-23 18:01:23,0.00009320,218.00000000
2018-02-23 18:01:23,0.00009320,479.00000000
2018-02-23 18:01:26,0.00009325,6.00000000
2018-02-23 18:01:28,0.00009325,69.00000000
2018-02-23 18:01:29,0.00009325,23.00000000
2018-02-23 18:01:29,0.00009325,931.00000000
2018-02-23 18:01:30,0.00009325,363.00000000
2018-02-23 18:01:30,0.00009326,4812.00000000
2018-02-23 18:01:30,0.00009321,171.00000000
2018-02-23 18:01:31,0.00009326,121.00000000
2018-02-23 18:01:31,0.00009332,633.00000000
2018-02-23 18:01:31,0.00009324,390.00000000
2018-02-23 18:01:32,0.00009325,935.00000000
2018-02-23 18:01:32,0.00009321,1644.00000000
2018-02-23 18:01:33,0.00009320,128.00000000
2018-02-23 18:01:36,0.00009331,524.00000000
2018-02-23 18:01:38,0.00009331,18.00000000
2018-02-23 18:01:38,0.00009324,287.00000000
2018-02-23 18:01:41,0.00009331,95.00000000
2018-02-23 18:01:46,0.00009324,45.00000000
2018-02-23 18:01:50,0.00009325,342.00000000
2018-02-23 18:01:53,0.00009325,48.00000000
2018-02-23 18:01:53,0.00009325,628.00000000
2018-02-23 18:01:54,0.00009324,172.00000000
2018-02-23 18:01:54,0.00009324,146.00000000
2018-02-23 18:01:55,0.00009325,29.00000000
2018-02-23 18:01:55,0.00009327,99.00000000
2018-02-23 18:01:56,0.00009327,2610.00000000
2018-02-23 18:01:56,0.00009328,390.00000000
2018-02-23 18:01:56,0.00009330,234.00000000
2018-02-23 18:01:56,0.00009330,96.00000000
2018-02-23 18:01:56,0.00009330,379.00000000
2018-02-23 18:01:56,0.00009331,96.00000000
2018-02-23 18:01:56,0.00009332,255.00000000
2018-02-23 18:01:56,0.00009332,54.00000000
2018-02-23 18:01:57,0.00009332,421.00000000
2018-02-23 18:01:57,0.00009333,226.00000000
2018-02-23 18:01:57,0.00009333,417.00000000
2018-02-23 18:02:00,0.00009333,4.00000000
2018-02-23 18:02:00,0.00009339,7.00000000
2018-02-23 18:02:01,0.00009339,5.00000000
2018-02-23 18:02:01,0.00009340,203.00000000
2018-02-23 18:02:01,0.00009342,143.00000000
2018-02-23 18:02:02,0.00009331,214.00000000
2018-02-23 18:02:03,0.00009340,20.00000000
2018-02-23 18:02:03,0.00009340,110.00000000
2018-02-23 18:02:03,0.00009332,477.00000000
2018-02-23 18:02:05,0.00009339,131.00000000
2018-02-23 18:02:05,0.00009339,83.00000000
2018-02-23 18:02:05,0.00009340,1.00000000
2018-02-23 18:02:05,0.00009350,4.00000000
2018-02-23 18:02:07,0.00009339,233.00000000
2018-02-23 18:02:07,0.00009339,27.00000000
2018-02-23 18:02:08,0.00009333,428.00000000
2018-02-23 18:02:08,0.00009339,85.00000000
2018-02-23 18:02:08,0.00009349,125.00000000
2018-02-23 18:02:09,0.00009349,58.00000000
2018-02-23 18:02:09,0.00009350,158.00000000
2018-02-23 18:02:10,0.00009350,3.00000000
2018-02-23 18:02:10,0.00009340,22.00000000
2018-02-23 18:02:11,0.00009340,306.00000000
2018-02-23 18:02:11,0.00009333,110.00000000
2018-02-23 18:02:12,0.00009340,118.00000000
2018-02-23 18:02:12,0.00009340,93.00000000
2018-02-23 18:02:12,0.00009340,95.00000000
2018-02-23 18:02:14,0.00009335,589.00000000
2018-02-23 18:02:14,0.00009350,32.00000000
2018-02-23 18:02:15,0.00009348,24.00000000
2018-02-23 18:02:19,0.00009336,108.00000000
2018-02-23 18:02:20,0.00009348,244.00000000
2018-02-23 18:02:20,0.00009348,46.00000000
2018-02-23 18:02:20,0.00009336,108.00000000
2018-02-23 18:02:20,0.00009348,6.00000000
2018-02-23 18:02:23,0.00009347,1.00000000
2018-02-23 18:02:23,0.00009347,9.00000000
2018-02-23 18:02:23,0.00009347,2.00000000
2018-02-23 18:02:24,0.00009337,963.00000000
2018-02-23 18:02:25,0.00009338,97.00000000
2018-02-23 18:02:26,0.00009347,96.00000000
2018-02-23 18:02:27,0.00009336,541.00000000
2018-02-23 18:02:29,0.00009348,844.00000000
2018-02-23 18:02:29,0.00009335,121.00000000
2018-02-23 18:02:30,0.00009336,76.00000000
2018-02-23 18:02:30,0.00009348,900.00000000
2018-02-23 18:02:30,0.00009349,2364.00000000
2018-02-23 18:02:30,0.00009349,900.00000000
2018-02-23 18:02:30,0.00009349,900.00000000
2018-02-23 18:02:30,0.00009349,653.00000000
2018-02-23 18:02:30,0.00009349,403.00000000
2018-02-23 18:02:31,0.00009335,25.00000000
2018-02-23 18:02:31,0.00009335,439.00000000
2018-02-23 18:02:31,0.00009335,56.00000000
2018-02-23 18:02:34,0.00009335,31.00000000
2018-02-23 18:02:35,0.00009348,86.00000000
2018-02-23 18:02:36,0.00009338,50.00000000
2018-02-23 18:02:36,0.00009336,345.00000000
2018-02-23 18:02:36,0.00009335,137.00000000
2018-02-23 18:02:37,0.00009336,657.00000000
2018-02-23 18:02:38,0.00009336,40.00000000
2018-02-23 18:02:40,0.00009335,22.00000000
2018-02-23 18:02:44,0.00009335,139.00000000
2018-02-23 18:02:44,0.00009335,65.00000000
2018-02-23 18:02:45,0.00009336,148.00000000
2018-02-23 18:02:45,0.00009335,456.00000000
2018-02-23 18:02:45,0.00009333,1430.00000000
2018-02-23 18:02:47,0.00009342,91.00000000
2018-02-23 18:02:47,0.00009342,254.00000000
2018-02-23 18:02:47,0.00009343,697.00000000
2018-02-23 18:02:47,0.00009345,95.00000000
2018-02-23 18:02:47,0.00009346,512.00000000
2018-02-23 18:02:47,0.00009347,2334.00000000
2018-02-23 18:02:47,0.00009348,4.00000000
2018-02-23 18:02:47,0.00009349,1525.00000000
2018-02-23 18:02:47,0.00009350,27129.00000000
2018-02-23 18:02:48,0.00009349,50.00000000
2018-02-23 18:02:52,0.00009336,27.00000000
2018-02-23 18:02:55,0.00009340,339.00000000
2018-02-23 18:02:55,0.00009348,10.00000000
2018-02-23 18:02:56,0.00009348,2.00000000
2018-02-23 18:02:58,0.00009340,386.00000000
2018-02-23 18:03:00,0.00009340,51.00000000
2018-02-23 18:03:01,0.00009347,125.00000000
2018-02-23 18:03:03,0.00009347,110.00000000
2018-02-23 18:03:06,0.00009347,10.00000000
2018-02-23 18:03:07,0.00009341,109.00000000
2018-02-23 18:03:10,0.00009341,1188.00000000
2018-02-23 18:03:10,0.00009340,156.00000000
2018-02-23 18:03:10,0.00009339,258.00000000
2018-02-23 18:03:10,0.00009337,460.00000000
2018-02-23 18:03:13,0.00009341,44.00000000
2018-02-23 18:03:14,0.00009337,129.00000000
2018-02-23 18:03:14,0.00009344,460.00000000
2018-02-23 18:03:14,0.00009345,390.00000000
2018-02-23 18:03:14,0.00009347,663.00000000
2018-02-23 18:03:14,0.00009348,730.00000000
2018-02-23 18:03:14,0.00009349,1141.00000000
2018-02-23 18:03:14,0.00009350,7609.00000000
2018-02-23 18:03:16,0.00009338,1851.00000000
2018-02-23 18:03:16,0.00009337,3149.00000000
2018-02-23 18:03:18,0.00009340,5000.00000000
2018-02-23 18:03:22,0.00009341,27.00000000
2018-02-23 18:03:23,0.00009349,951.00000000
2018-02-23 18:03:23,0.00009350,1428.00000000
2018-02-23 18:03:26,0.00009341,16.00000000
2018-02-23 18:03:26,0.00009340,330.00000000
2018-02-23 18:03:26,0.00009339,900.00000000
2018-02-23 18:03:26,0.00009338,1007.00000000
2018-02-23 18:03:26,0.00009337,4151.00000000
2018-02-23 18:03:26,0.00009336,1901.00000000
2018-02-23 18:03:28,0.00009349,640.00000000
2018-02-23 18:03:29,0.00009342,390.00000000
2018-02-23 18:03:29,0.00009341,55.00000000
2018-02-23 18:03:29,0.00009336,1016.00000000
2018-02-23 18:03:33,0.00009340,749.00000000
2018-02-23 18:03:33,0.00009345,216.00000000
2018-02-23 18:03:33,0.00009345,174.00000000
2018-02-23 18:03:36,0.00009345,39.00000000
2018-02-23 18:03:36,0.00009345,3.00000000
2018-02-23 18:03:38,0.00009343,176.00000000
2018-02-23 18:03:39,0.00009343,135.00000000
2018-02-23 18:03:39,0.00009344,87.00000000
2018-02-23 18:03:39,0.00009355,117.00000000
2018-02-23 18:03:39,0.00009356,289.00000000
2018-02-23 18:03:39,0.00009357,94.00000000
2018-02-23 18:03:39,0.00009358,678.00000000
2018-02-23 18:03:40,0.00009360,49.00000000
2018-02-23 18:03:42,0.00009344,117.00000000
2018-02-23 18:03:42,0.00009343,311.00000000
2018-02-23 18:03:44,0.00009356,345.00000000
2018-02-23 18:03:45,0.00009345,457.00000000
2018-02-23 18:03:45,0.00009344,900.00000000
2018-02-23 18:03:45,0.00009342,57.00000000
2018-02-23 18:03:49,0.00009345,595.00000000
2018-02-23 18:03:49,0.00009342,250.00000000
2018-02-23 18:03:54,0.00009356,20.00000000
2018-02-23 18:03:56,0.00009345,540.00000000
2018-02-23 18:03:59,0.00009354,390.00000000
2018-02-23 18:03:59,0.00009355,590.00000000
2018-02-23 18:04:00,0.00009345,10.00000000
2018-02-23 18:04:01,0.00009354,9.00000000
2018-02-23 18:04:03,0.00009354,108.00000000
2018-02-23 18:04:03,0.00009356,1450.00000000
2018-02-23 18:04:03,0.00009359,535.00000000
2018-02-23 18:04:03,0.00009360,577.00000000
2018-02-23 18:04:03,0.00009370,12.00000000
2018-02-23 18:04:03,0.00009372,20.00000000
2018-02-23 18:04:03,0.00009373,560.00000000
2018-02-23 18:04:03,0.00009374,188.00000000
2018-02-23 18:04:04,0.00009356,45.00000000
2018-02-23 18:04:04,0.00009349,106.00000000
2018-02-23 18:04:06,0.00009371,89.00000000
2018-02-23 18:04:06,0.00009354,528.00000000
2018-02-23 18:04:06,0.00009353,900.00000000
2018-02-23 18:04:07,0.00009353,117.00000000
2018-02-23 18:04:07,0.00009351,163.00000000
2018-02-23 18:04:07,0.00009351,341.00000000
2018-02-23 18:04:07,0.00009351,30.00000000
2018-02-23 18:04:07,0.00009349,78.00000000
2018-02-23 18:04:08,0.00009352,528.00000000
2018-02-23 18:04:09,0.00009353,121.00000000
2018-02-23 18:04:09,0.00009349,25.00000000
2018-02-23 18:04:10,0.00009353,422.00000000
2018-02-23 18:04:12,0.00009349,417.00000000
2018-02-23 18:04:12,0.00009353,409.00000000
2018-02-23 18:04:12,0.00009353,480.00000000
2018-02-23 18:04:13,0.00009352,307.00000000
2018-02-23 18:04:13,0.00009353,26.00000000
2018-02-23 18:04:14,0.00009353,160.00000000
2018-02-23 18:04:15,0.00009353,91.00000000
2018-02-23 18:04:15,0.00009350,586.00000000
2018-02-23 18:04:15,0.00009349,397.00000000
2018-02-23 18:04:15,0.00009345,372.00000000
2018-02-23 18:04:16,0.00009354,58.00000000
2018-02-23 18:04:17,0.00009354,332.00000000
2018-02-23 18:04:17,0.00009350,160.00000000
2018-02-23 18:04:17,0.00009345,955.00000000
2018-02-23 18:04:17,0.00009342,2211.00000000
2018-02-23 18:04:17,0.00009341,1121.00000000
2018-02-23 18:04:17,0.00009340,50.00000000
2018-02-23 18:04:17,0.00009339,430.00000000
2018-02-23 18:04:17,0.00009338,977.00000000
2018-02-23 18:04:17,0.00009336,786.00000000
2018-02-23 18:04:17,0.00009333,150.00000000
2018-02-23 18:04:17,0.00009332,575.00000000
2018-02-23 18:04:18,0.00009353,17.00000000
2018-02-23 18:04:18,0.00009352,534.00000000
2018-02-23 18:04:18,0.00009334,222.00000000
2018-02-23 18:04:19,0.00009352,107.00000000
2018-02-23 18:04:19,0.00009352,72.00000000
2018-02-23 18:04:19,0.00009334,220.00000000
2018-02-23 18:04:19,0.00009334,27.00000000
2018-02-23 18:04:19,0.00009334,95.00000000
2018-02-23 18:04:19,0.00009334,105.00000000
2018-02-23 18:04:19,0.00009352,207.00000000
2018-02-23 18:04:19,0.00009336,108.00000000
2018-02-23 18:04:19,0.00009336,27.00000000
2018-02-23 18:04:19,0.00009336,27.00000000
2018-02-23 18:04:19,0.00009336,13.00000000
2018-02-23 18:04:19,0.00009352,142.00000000
2018-02-23 18:04:20,0.00009351,108.00000000
2018-02-23 18:04:20,0.00009351,142.00000000
2018-02-23 18:04:20,0.00009351,195.00000000
2018-02-23 18:04:20,0.00009351,425.00000000
2018-02-23 18:04:20,0.00009353,195.00000000
2018-02-23 18:04:20,0.00009364,370.00000000
2018-02-23 18:04:20,0.00009365,196.00000000
2018-02-23 18:04:20,0.00009351,29.00000000
2018-02-23 18:04:20,0.00009336,56.00000000
2018-02-23 18:04:20,0.00009336,20.00000000
2018-02-23 18:04:20,0.00009338,48.00000000
2018-02-23 18:04:20,0.00009337,2.00000000
2018-02-23 18:04:20,0.00009337,27.00000000
2018-02-23 18:04:20,0.00009337,27.00000000
2018-02-23 18:04:20,0.00009337,38.00000000
2018-02-23 18:04:20,0.00009337,49.00000000
2018-02-23 18:04:20,0.00009338,90.00000000
2018-02-23 18:04:20,0.00009342,118.00000000
2018-02-23 18:04:20,0.00009338,103.00000000
2018-02-23 18:04:20,0.00009338,153.00000000
2018-02-23 18:04:20,0.00009338,54.00000000
2018-02-23 18:04:20,0.00009338,87.00000000
2018-02-23 18:04:21,0.00009338,27.00000000
2018-02-23 18:04:21,0.00009338,25.00000000
2018-02-23 18:04:21,0.00009338,24.00000000
2018-02-23 18:04:21,0.00009338,27.00000000
2018-02-23 18:04:21,0.00009338,27.00000000
2018-02-23 18:04:21,0.00009338,24.00000000
2018-02-23 18:04:21,0.00009338,22.00000000
2018-02-23 18:04:21,0.00009338,108.00000000
2018-02-23 18:04:21,0.00009338,27.00000000
2018-02-23 18:04:21,0.00009351,117.00000000
2018-02-23 18:04:21,0.00009351,54.00000000
2018-02-23 18:04:21,0.00009351,63.00000000
2018-02-23 18:04:21,0.00009338,30.00000000
2018-02-23 18:04:21,0.00009338,1.00000000
2018-02-23 18:04:21,0.00009337,33.00000000
2018-02-23 18:04:21,0.00009337,81.00000000
2018-02-23 18:04:21,0.00009337,22.00000000
2018-02-23 18:04:21,0.00009337,22.00000000
2018-02-23 18:04:22,0.00009337,27.00000000
2018-02-23 18:04:22,0.00009337,33.00000000
2018-02-23 18:04:22,0.00009339,33.00000000
2018-02-23 18:04:22,0.00009339,54.00000000
2018-02-23 18:04:22,0.00009339,11.00000000
2018-02-23 18:04:22,0.00009339,27.00000000
2018-02-23 18:04:22,0.00009339,22.00000000
2018-02-23 18:04:22,0.00009339,129.00000000
2018-02-23 18:04:22,0.00009339,22.00000000
2018-02-23 18:04:22,0.00009339,26.00000000
2018-02-23 18:04:22,0.00009339,27.00000000
2018-02-23 18:04:22,0.00009339,340.00000000
2018-02-23 18:04:22,0.00009339,213.00000000
2018-02-23 18:04:22,0.00009339,21.00000000
2018-02-23 18:04:22,0.00009339,39.00000000
2018-02-23 18:04:23,0.00009339,26.00000000
2018-02-23 18:04:23,0.00009339,27.00000000
2018-02-23 18:04:23,0.00009339,15.00000000
2018-02-23 18:04:23,0.00009338,29.00000000
2018-02-23 18:04:23,0.00009338,258.00000000
2018-02-23 18:04:23,0.00009339,38.00000000
2018-02-23 18:04:23,0.00009339,15.00000000
2018-02-23 18:04:23,0.00009338,118.00000000
2018-02-23 18:04:23,0.00009334,296.00000000
2018-02-23 18:04:23,0.00009335,26.00000000
2018-02-23 18:04:23,0.00009335,27.00000000
2018-02-23 18:04:23,0.00009335,303.00000000
2018-02-23 18:04:24,0.00009351,32.00000000
2018-02-23 18:04:25,0.00009356,143.00000000
2018-02-23 18:04:26,0.00009338,1305.00000000
2018-02-23 18:04:26,0.00009338,1070.00000000
2018-02-23 18:04:26,0.00009338,769.00000000
2018-02-23 18:04:26,0.00009356,769.00000000
2018-02-23 18:04:26,0.00009338,1384.00000000
2018-02-23 18:04:26,0.00009334,58.00000000
2018-02-23 18:04:26,0.00009332,259.00000000
2018-02-23 18:04:26,0.00009332,129.00000000
2018-02-23 18:04:26,0.00009332,37.00000000
2018-02-23 18:04:26,0.00009332,27.00000000
2018-02-23 18:04:26,0.00009354,535.00000000
2018-02-23 18:04:26,0.00009355,100.00000000
2018-02-23 18:04:27,0.00009355,100.00000000
2018-02-23 18:04:27,0.00009333,194.00000000
2018-02-23 18:04:27,0.00009333,54.00000000
2018-02-23 18:04:27,0.00009355,124.00000000
2018-02-23 18:04:27,0.00009335,43.00000000
2018-02-23 18:04:28,0.00009335,27.00000000
2018-02-23 18:04:28,0.00009354,181.00000000
2018-02-23 18:04:28,0.00009357,22.00000000
2018-02-23 18:04:28,0.00009336,411.00000000
2018-02-23 18:04:28,0.00009355,334.00000000
2018-02-23 18:04:28,0.00009357,878.00000000
2018-02-23 18:04:28,0.00009359,40.00000000
2018-02-23 18:04:28,0.00009361,591.00000000
2018-02-23 18:04:28,0.00009363,150.00000000
2018-02-23 18:04:28,0.00009364,32.00000000
2018-02-23 18:04:28,0.00009370,965.00000000
2018-02-23 18:04:29,0.00009338,88.00000000
2018-02-23 18:04:30,0.00009339,44.00000000
2018-02-23 18:04:30,0.00009341,16.00000000
2018-02-23 18:04:30,0.00009341,77.00000000
2018-02-23 18:04:32,0.00009350,30.00000000
2018-02-23 18:04:32,0.00009350,88.00000000
2018-02-23 18:04:33,0.00009351,25.00000000
2018-02-23 18:04:34,0.00009356,590.00000000
2018-02-23 18:04:34,0.00009356,529.00000000
2018-02-23 18:04:36,0.00009356,42.00000000
2018-02-23 18:04:36,0.00009356,411.00000000
2018-02-23 18:04:36,0.00009356,1077.00000000
2018-02-23 18:04:36,0.00009351,2384.00000000
2018-02-23 18:04:36,0.00009350,1766.00000000
2018-02-23 18:04:36,0.00009350,125.00000000
2018-02-23 18:04:37,0.00009351,380.00000000
2018-02-23 18:04:37,0.00009350,629.00000000
2018-02-23 18:04:37,0.00009350,89.00000000
2018-02-23 18:04:38,0.00009353,767.00000000
2018-02-23 18:04:38,0.00009352,38.00000000
2018-02-23 18:04:39,0.00009352,59.00000000
2018-02-23 18:04:40,0.00009351,25.00000000
2018-02-23 18:04:40,0.00009353,116.00000000
2018-02-23 18:04:40,0.00009350,109.00000000
2018-02-23 18:04:41,0.00009350,249.00000000
2018-02-23 18:04:42,0.00009350,144.00000000
2018-02-23 18:04:43,0.00009350,275.00000000
2018-02-23 18:04:43,0.00009350,567.00000000
2018-02-23 18:04:43,0.00009354,67.00000000
2018-02-23 18:04:43,0.00009355,390.00000000
2018-02-23 18:04:43,0.00009367,110.00000000
2018-02-23 18:04:44,0.00009340,27.00000000
2018-02-23 18:04:45,0.00009340,27.00000000
2018-02-23 18:04:45,0.00009340,27.00000000
2018-02-23 18:04:45,0.00009342,53.00000000
2018-02-23 18:04:45,0.00009342,33.00000000
2018-02-23 18:04:45,0.00009342,954.00000000
2018-02-23 18:04:45,0.00009341,2102.00000000
2018-02-23 18:04:46,0.00009355,33.00000000
2018-02-23 18:04:46,0.00009355,17.00000000
2018-02-23 18:04:46,0.00009342,15.00000000
2018-02-23 18:04:46,0.00009342,27.00000000
2018-02-23 18:04:46,0.00009342,12.00000000
2018-02-23 18:04:46,0.00009342,202.00000000
2018-02-23 18:04:46,0.00009342,50.00000000
2018-02-23 18:04:46,0.00009356,28.00000000
2018-02-23 18:04:47,0.00009356,32.00000000
2018-02-23 18:04:47,0.00009356,25.00000000
2018-02-23 18:04:47,0.00009356,103.00000000
2018-02-23 18:04:48,0.00009356,90.00000000
2018-02-23 18:04:48,0.00009356,70.00000000
2018-02-23 18:04:48,0.00009356,41.00000000
2018-02-23 18:04:49,0.00009356,87.00000000
2018-02-23 18:04:49,0.00009356,143.00000000
2018-02-23 18:04:49,0.00009350,68.00000000
2018-02-23 18:04:49,0.00009342,229.00000000
2018-02-23 18:04:50,0.00009341,40.00000000
2018-02-23 18:04:50,0.00009341,43.00000000
2018-02-23 18:04:52,0.00009352,166.00000000
2018-02-23 18:04:53,0.00009341,16.00000000
2018-02-23 18:04:54,0.00009341,14.00000000
2018-02-23 18:04:54,0.00009341,52.00000000
2018-02-23 18:04:55,0.00009341,27.00000000
2018-02-23 18:04:55,0.00009340,44.00000000
2018-02-23 18:04:55,0.00009342,27.00000000
2018-02-23 18:04:55,0.00009342,12.00000000
2018-02-23 18:04:55,0.00009342,33.00000000
2018-02-23 18:04:55,0.00009342,35.00000000
2018-02-23 18:04:56,0.00009349,320.00000000
2018-02-23 18:04:56,0.00009348,320.00000000
2018-02-23 18:04:56,0.00009348,492.00000000
2018-02-23 18:04:56,0.00009349,106.00000000
2018-02-23 18:04:56,0.00009349,319.00000000
2018-02-23 18:04:56,0.00009349,320.00000000
2018-02-23 18:04:56,0.00009342,283.00000000
2018-02-23 18:04:56,0.00009340,367.00000000
2018-02-23 18:04:56,0.00009339,37.00000000
2018-02-23 18:04:57,0.00009351,54.00000000
2018-02-23 18:04:58,0.00009342,33.00000000
2018-02-23 18:04:58,0.00009342,34.00000000
2018-02-23 18:04:59,0.00009350,809.00000000
2018-02-23 18:04:59,0.00009350,91.00000000
2018-02-23 18:04:59,0.00009342,98.00000000
2018-02-23 18:04:59,0.00009350,67.00000000
2018-02-23 18:05:01,0.00009351,370.00000000
2018-02-23 18:05:02,0.00009351,375.00000000
2018-02-23 18:05:02,0.00009351,370.00000000
2018-02-23 18:05:04,0.00009342,24.00000000
2018-02-23 18:05:04,0.00009342,166.00000000
2018-02-23 18:05:04,0.00009342,30.00000000
2018-02-23 18:05:04,0.00009342,371.00000000
2018-02-23 18:05:06,0.00009351,685.00000000
2018-02-23 18:05:06,0.00009351,547.00000000
2018-02-23 18:05:07,0.00009351,130.00000000
2018-02-23 18:05:07,0.00009351,164.00000000
2018-02-23 18:05:08,0.00009352,17.00000000
2018-02-23 18:05:08,0.00009351,22.00000000
2018-02-23 18:05:08,0.00009352,308.00000000
2018-02-23 18:05:09,0.00009351,310.00000000
2018-02-23 18:05:10,0.00009352,169.00000000
2018-02-23 18:05:11,0.00009351,188.00000000
2018-02-23 18:05:11,0.00009352,29.00000000
2018-02-23 18:05:13,0.00009351,135.00000000
2018-02-23 18:05:15,0.00009351,255.00000000
2018-02-23 18:05:15,0.00009344,642.00000000
2018-02-23 18:05:15,0.00009343,30.00000000
2018-02-23 18:05:15,0.00009343,83.00000000
2018-02-23 18:05:16,0.00009343,49.00000000
2018-02-23 18:05:18,0.00009343,27.00000000
2018-02-23 18:05:24,0.00009348,924.00000000
2018-02-23 18:05:24,0.00009347,89.00000000
2018-02-23 18:05:24,0.00009344,210.00000000
2018-02-23 18:05:24,0.00009344,213.00000000
2018-02-23 18:05:26,0.00009348,1070.00000000
2018-02-23 18:05:26,0.00009348,124.00000000
2018-02-23 18:05:26,0.00009344,24.00000000
2018-02-23 18:05:27,0.00009344,1077.00000000
2018-02-23 18:05:27,0.00009342,1544.00000000
2018-02-23 18:05:27,0.00009341,2379.00000000
2018-02-23 18:05:28,0.00009341,4495.00000000
2018-02-23 18:05:29,0.00009343,40.00000000
2018-02-23 18:05:30,0.00009349,744.00000000
2018-02-23 18:05:30,0.00009344,49.00000000
2018-02-23 18:05:30,0.00009343,40.00000000
2018-02-23 18:05:30,0.00009341,50.00000000
2018-02-23 18:05:31,0.00009343,2461.00000000
2018-02-23 18:05:33,0.00009343,1316.00000000
2018-02-23 18:05:36,0.00009349,205.00000000
2018-02-23 18:05:36,0.00009350,114.00000000
2018-02-23 18:05:39,0.00009344,400.00000000
2018-02-23 18:05:39,0.00009344,118.00000000
2018-02-23 18:05:39,0.00009349,189.00000000
2018-02-23 18:05:40,0.00009349,241.00000000
2018-02-23 18:05:42,0.00009348,518.00000000
2018-02-23 18:05:46,0.00009349,218.00000000
2018-02-23 18:05:46,0.00009349,119.00000000
2018-02-23 18:05:47,0.00009349,395.00000000
2018-02-23 18:05:47,0.00009350,1273.00000000
2018-02-23 18:05:48,0.00009350,391.00000000
2018-02-23 18:05:48,0.00009350,140.00000000
2018-02-23 18:05:49,0.00009344,2182.00000000
2018-02-23 18:05:50,0.00009344,1091.00000000
2018-02-23 18:05:53,0.00009349,15.00000000
2018-02-23 18:05:53,0.00009349,108.00000000
2018-02-23 18:05:55,0.00009349,12.00000000
2018-02-23 18:05:56,0.00009344,1698.00000000
2018-02-23 18:05:57,0.00009344,320.00000000
2018-02-23 18:05:57,0.00009344,1172.00000000
2018-02-23 18:05:57,0.00009344,1302.00000000
2018-02-23 18:05:57,0.00009344,319.00000000
2018-02-23 18:05:57,0.00009344,189.00000000
2018-02-23 18:05:57,0.00009344,212.00000000
2018-02-23 18:05:57,0.00009344,211.00000000
2018-02-23 18:05:57,0.00009344,108.00000000
2018-02-23 18:05:57,0.00009343,107.00000000
2018-02-23 18:06:00,0.00009344,370.00000000
2018-02-23 18:06:01,0.00009344,33.00000000
2018-02-23 18:06:01,0.00009344,319.00000000
2018-02-23 18:06:01,0.00009344,320.00000000
2018-02-23 18:06:01,0.00009344,2385.00000000
2018-02-23 18:06:02,0.00009347,17.00000000
2018-02-23 18:06:04,0.00009347,25.00000000
2018-02-23 18:06:04,0.00009343,564.00000000
2018-02-23 18:06:07,0.00009347,769.00000000
2018-02-23 18:06:08,0.00009343,951.00000000
2018-02-23 18:06:10,0.00009347,347.00000000
2018-02-23 18:06:10,0.00009343,289.00000000
2018-02-23 18:06:11,0.00009348,42.00000000
2018-02-23 18:06:12,0.00009348,134.00000000
2018-02-23 18:06:14,0.00009345,137.00000000
2018-02-23 18:06:15,0.00009343,115.00000000
2018-02-23 18:06:15,0.00009348,214.00000000
2018-02-23 18:06:15,0.00009349,58.00000000
2018-02-23 18:06:16,0.00009343,548.00000000
2018-02-23 18:06:16,0.00009342,2505.00000000
2018-02-23 18:06:16,0.00009341,1947.00000000
2018-02-23 18:06:17,0.00009349,187.00000000
2018-02-23 18:06:18,0.00009348,482.00000000
2018-02-23 18:06:18,0.00009344,42.00000000
2018-02-23 18:06:18,0.00009343,440.00000000
2018-02-23 18:06:19,0.00009343,2246.00000000
2018-02-23 18:06:19,0.00009341,2754.00000000
2018-02-23 18:06:27,0.00009345,247.00000000
2018-02-23 18:06:27,0.00009345,143.00000000
2018-02-23 18:06:27,0.00009344,192.00000000
2018-02-23 18:06:27,0.00009342,22.00000000
2018-02-23 18:06:27,0.00009341,4170.00000000
2018-02-23 18:06:28,0.00009348,849.00000000
2018-02-23 18:06:28,0.00009341,5000.00000000
2018-02-23 18:06:28,0.00009341,339.00000000
2018-02-23 18:06:28,0.00009340,2330.00000000
2018-02-23 18:06:29,0.00009340,90.00000000
2018-02-23 18:06:30,0.00009340,985.00000000
2018-02-23 18:06:30,0.00009337,4.00000000
2018-02-23 18:06:33,0.00009337,8.00000000
2018-02-23 18:06:33,0.00009337,321.00000000
2018-02-23 18:06:33,0.00009337,113.00000000
2018-02-23 18:06:34,0.00009330,15.00000000
2018-02-23 18:06:35,0.00009331,108.00000000
2018-02-23 18:06:35,0.00009331,10.00000000
2018-02-23 18:06:35,0.00009326,139.00000000
2018-02-23 18:06:35,0.00009341,52.00000000
2018-02-23 18:06:37,0.00009340,16.00000000
2018-02-23 18:06:37,0.00009340,637.00000000
2018-02-23 18:06:37,0.00009341,121.00000000
2018-02-23 18:06:37,0.00009346,1383.00000000
2018-02-23 18:06:37,0.00009349,133.00000000
2018-02-23 18:06:37,0.00009326,365.00000000
2018-02-23 18:06:37,0.00009324,19.00000000
2018-02-23 18:06:38,0.00009327,26.00000000
2018-02-23 18:06:38,0.00009327,1043.00000000
2018-02-23 18:06:38,0.00009324,409.00000000
2018-02-23 18:06:38,0.00009326,51.00000000
2018-02-23 18:06:39,0.00009326,485.00000000
2018-02-23 18:06:39,0.00009325,118.00000000
2018-02-23 18:06:39,0.00009324,284.00000000
2018-02-23 18:06:39,0.00009324,16.00000000
2018-02-23 18:06:40,0.00009324,27.00000000
2018-02-23 18:06:40,0.00009324,15.00000000
2018-02-23 18:06:41,0.00009324,27.00000000
2018-02-23 18:06:41,0.00009324,166.00000000
2018-02-23 18:06:41,0.00009324,30.00000000
2018-02-23 18:06:41,0.00009324,27.00000000
2018-02-23 18:06:42,0.00009324,99.00000000
2018-02-23 18:06:43,0.00009322,1632.00000000
2018-02-23 18:06:43,0.00009325,27.00000000
2018-02-23 18:06:44,0.00009325,29.00000000
2018-02-23 18:06:44,0.00009325,26.00000000
2018-02-23 18:06:44,0.00009325,60.00000000
2018-02-23 18:06:44,0.00009325,27.00000000
2018-02-23 18:06:45,0.00009325,108.00000000
2018-02-23 18:06:45,0.00009336,428.00000000
2018-02-23 18:06:45,0.00009325,22.00000000
2018-02-23 18:06:45,0.00009325,21.00000000
2018-02-23 18:06:45,0.00009334,956.00000000
2018-02-23 18:06:46,0.00009334,152.00000000
2018-02-23 18:06:46,0.00009335,631.00000000
2018-02-23 18:06:46,0.00009334,804.00000000
2018-02-23 18:06:46,0.00009333,226.00000000
2018-02-23 18:06:46,0.00009333,164.00000000
2018-02-23 18:06:46,0.00009334,101.00000000
2018-02-23 18:06:46,0.00009333,164.00000000
2018-02-23 18:06:47,0.00009333,118.00000000
2018-02-23 18:06:47,0.00009325,31.00000000
2018-02-23 18:06:48,0.00009337,272.00000000
2018-02-23 18:06:49,0.00009325,27.00000000
2018-02-23 18:06:50,0.00009326,27.00000000
2018-02-23 18:06:51,0.00009329,956.00000000
2018-02-23 18:06:51,0.00009328,525.00000000
2018-02-23 18:06:51,0.00009325,959.00000000
2018-02-23 18:06:51,0.00009324,900.00000000
2018-02-23 18:06:51,0.00009324,829.00000000
2018-02-23 18:06:51,0.00009324,29.00000000
2018-02-23 18:06:51,0.00009324,14.00000000
2018-02-23 18:06:51,0.00009324,788.00000000
2018-02-23 18:06:54,0.00009334,50.00000000
2018-02-23 18:06:54,0.00009324,380.00000000
2018-02-23 18:06:54,0.00009324,381.00000000
2018-02-23 18:06:54,0.00009322,3531.00000000
2018-02-23 18:06:54,0.00009322,150.00000000
2018-02-23 18:06:55,0.00009322,150.00000000
2018-02-23 18:06:55,0.00009320,64.00000000
2018-02-23 18:06:56,0.00009325,321.00000000
2018-02-23 18:06:56,0.00009325,434.00000000
2018-02-23 18:06:56,0.00009325,1214.00000000
2018-02-23 18:06:56,0.00009325,108.00000000
2018-02-23 18:06:56,0.00009325,108.00000000
2018-02-23 18:06:56,0.00009325,108.00000000
2018-02-23 18:06:56,0.00009325,473.00000000
2018-02-23 18:06:56,0.00009325,1215.00000000
2018-02-23 18:06:58,0.00009320,20.00000000
2018-02-23 18:06:59,0.00009324,2244.00000000
2018-02-23 18:07:00,0.00009323,272.00000000
2018-02-23 18:07:01,0.00009320,66.00000000
2018-02-23 18:07:01,0.00009316,767.00000000
2018-02-23 18:07:01,0.00009315,376.00000000
2018-02-23 18:07:03,0.00009320,78.00000000
2018-02-23 18:07:03,0.00009320,1282.00000000
2018-02-23 18:07:04,0.00009319,203.00000000
2018-02-23 18:07:04,0.00009317,26.00000000
2018-02-23 18:07:04,0.00009317,64.00000000
2018-02-23 18:07:05,0.00009318,29.00000000
2018-02-23 18:07:06,0.00009319,386.00000000
2018-02-23 18:07:06,0.00009315,1636.00000000
2018-02-23 18:07:06,0.00009320,624.00000000
2018-02-23 18:07:08,0.00009318,253.00000000
2018-02-23 18:07:08,0.00009318,797.00000000
2018-02-23 18:07:09,0.00009318,707.00000000
2018-02-23 18:07:09,0.00009318,3418.00000000
2018-02-23 18:07:09,0.00009322,900.00000000
2018-02-23 18:07:09,0.00009323,946.00000000
2018-02-23 18:07:09,0.00009324,837.00000000
2018-02-23 18:07:09,0.00009317,707.00000000
2018-02-23 18:07:10,0.00009315,180.00000000
2018-02-23 18:07:10,0.00009310,107.00000000
2018-02-23 18:07:12,0.00009318,43.00000000
2018-02-23 18:07:12,0.00009320,78.00000000
2018-02-23 18:07:13,0.00009312,27.00000000
2018-02-23 18:07:13,0.00009324,272.00000000
2018-02-23 18:07:14,0.00009313,119.00000000
2018-02-23 18:07:14,0.00009312,265.00000000
2018-02-23 18:07:14,0.00009312,1554.00000000
2018-02-23 18:07:14,0.00009310,401.00000000
2018-02-23 18:07:14,0.00009303,318.00000000
2018-02-23 18:07:17,0.00009322,54.00000000
2018-02-23 18:07:18,0.00009317,464.00000000
2018-02-23 18:07:19,0.00009309,90.00000000
2018-02-23 18:07:19,0.00009309,90.00000000
2018-02-23 18:07:19,0.00009309,84.00000000
2018-02-23 18:07:19,0.00009309,630.00000000
2018-02-23 18:07:20,0.00009309,29.00000000
2018-02-23 18:07:20,0.00009316,119.00000000
2018-02-23 18:07:21,0.00009311,507.00000000
2018-02-23 18:07:21,0.00009311,563.00000000
2018-02-23 18:07:21,0.00009310,1084.00000000
2018-02-23 18:07:21,0.00009309,2279.00000000
2018-02-23 18:07:22,0.00009309,970.00000000
2018-02-23 18:07:22,0.00009309,104.00000000
2018-02-23 18:07:22,0.00009321,537.00000000
2018-02-23 18:07:23,0.00009315,150.00000000
2018-02-23 18:07:23,0.00009315,359.00000000
2018-02-23 18:07:23,0.00009317,123.00000000
2018-02-23 18:07:24,0.00009317,27.00000000
2018-02-23 18:07:24,0.00009320,368.00000000
2018-02-23 18:07:24,0.00009320,114.00000000
2018-02-23 18:07:24,0.00009324,415.00000000
2018-02-23 18:07:24,0.00009309,390.00000000
2018-02-23 18:07:24,0.00009324,72.00000000
2018-02-23 18:07:24,0.00009329,33.00000000
2018-02-23 18:07:24,0.00009310,1072.00000000
2018-02-23 18:07:24,0.00009309,537.00000000
2018-02-23 18:07:24,0.00009307,132.00000000
2018-02-23 18:07:24,0.00009307,149.00000000
2018-02-23 18:07:25,0.00009321,159.00000000
2018-02-23 18:07:25,0.00009327,113.00000000
2018-02-23 18:07:25,0.00009310,118.00000000
2018-02-23 18:07:26,0.00009305,2131.00000000
2018-02-23 18:07:26,0.00009304,341.00000000
2018-02-23 18:07:26,0.00009304,526.00000000
2018-02-23 18:07:26,0.00009301,779.00000000
2018-02-23 18:07:27,0.00009309,185.00000000
2018-02-23 18:07:27,0.00009304,1070.00000000
2018-02-23 18:07:27,0.00009302,84.00000000
2018-02-23 18:07:28,0.00009300,1208.00000000
2018-02-23 18:07:29,0.00009319,205.00000000
2018-02-23 18:07:29,0.00009317,107.00000000
2018-02-23 18:07:29,0.00009307,27.00000000
2018-02-23 18:07:29,0.00009307,210.00000000
2018-02-23 18:07:29,0.00009300,610.00000000
2018-02-23 18:07:29,0.00009294,108.00000000
2018-02-23 18:07:29,0.00009293,150.00000000
2018-02-23 18:07:29,0.00009292,804.00000000
2018-02-23 18:07:30,0.00009306,90.00000000
2018-02-23 18:07:30,0.00009314,334.00000000
2018-02-23 18:07:30,0.00009292,75.00000000
2018-02-23 18:07:31,0.00009314,321.00000000
2018-02-23 18:07:31,0.00009300,321.00000000
2018-02-23 18:07:32,0.00009309,21.00000000
2018-02-23 18:07:32,0.00009312,3.00000000
2018-02-23 18:07:33,0.00009304,99.00000000
2018-02-23 18:07:34,0.00009304,550.00000000
2018-02-23 18:07:34,0.00009305,26.00000000
2018-02-23 18:07:34,0.00009311,118.00000000
2018-02-23 18:07:34,0.00009303,118.00000000
2018-02-23 18:07:34,0.00009311,272.00000000
2018-02-23 18:07:34,0.00009311,540.00000000
2018-02-23 18:07:35,0.00009302,118.00000000
2018-02-23 18:07:35,0.00009301,3071.00000000
2018-02-23 18:07:35,0.00009300,107.00000000
2018-02-23 18:07:36,0.00009293,1972.00000000
2018-02-23 18:07:36,0.00009292,81.00000000
2018-02-23 18:07:36,0.00009291,2043.00000000
2018-02-23 18:07:36,0.00009290,527.00000000
2018-02-23 18:07:36,0.00009294,526.00000000
2018-02-23 18:07:36,0.00009289,568.00000000
2018-02-23 18:07:36,0.00009288,4825.00000000
2018-02-23 18:07:36,0.00009288,526.00000000
2018-02-23 18:07:36,0.00009287,182.00000000
2018-02-23 18:07:36,0.00009282,448.00000000
2018-02-23 18:07:37,0.00009307,198.00000000
2018-02-23 18:07:37,0.00009311,181.00000000
2018-02-23 18:07:37,0.00009294,930.00000000
2018-02-23 18:07:37,0.00009292,626.00000000
2018-02-23 18:07:38,0.00009283,32.00000000
2018-02-23 18:07:38,0.00009280,228.00000000
2018-02-23 18:07:38,0.00009280,32.00000000
2018-02-23 18:07:38,0.00009279,97.00000000
2018-02-23 18:07:39,0.00009308,1072.00000000
2018-02-23 18:07:39,0.00009309,537.00000000
2018-02-23 18:07:39,0.00009310,900.00000000
2018-02-23 18:07:39,0.00009276,150.00000000
2018-02-23 18:07:39,0.00009275,339.00000000
2018-02-23 18:07:39,0.00009274,215.00000000
2018-02-23 18:07:40,0.00009294,390.00000000
2018-02-23 18:07:40,0.00009288,1074.00000000
2018-02-23 18:07:40,0.00009287,538.00000000
2018-02-23 18:07:40,0.00009285,53.00000000
2018-02-23 18:07:41,0.00009306,193.00000000
2018-02-23 18:07:41,0.00009274,54.00000000
2018-02-23 18:07:41,0.00009273,300.00000000
2018-02-23 18:07:42,0.00009302,50.00000000
2018-02-23 18:07:42,0.00009277,13.00000000
2018-02-23 18:07:43,0.00009300,223.00000000
2018-02-23 18:07:43,0.00009270,300.00000000
2018-02-23 18:07:43,0.00009299,27.00000000
2018-02-23 18:07:43,0.00009279,60.00000000
2018-02-23 18:07:44,0.00009275,526.00000000
2018-02-23 18:07:44,0.00009275,21.00000000
2018-02-23 18:07:44,0.00009275,353.00000000
2018-02-23 18:07:44,0.00009296,441.00000000
2018-02-23 18:07:45,0.00009296,223.00000000
2018-02-23 18:07:45,0.00009296,538.00000000
2018-02-23 18:07:45,0.00009278,1075.00000000
2018-02-23 18:07:45,0.00009277,292.00000000
2018-02-23 18:07:45,0.00009277,8.00000000
2018-02-23 18:07:45,0.00009295,1720.00000000
2018-02-23 18:07:46,0.00009295,163.00000000
2018-02-23 18:07:46,0.00009295,117.00000000
2018-02-23 18:07:46,0.00009296,134.00000000
2018-02-23 18:07:46,0.00009293,900.00000000
2018-02-23 18:07:46,0.00009294,410.00000000
2018-02-23 18:07:46,0.00009294,321.00000000
2018-02-23 18:07:46,0.00009275,321.00000000
2018-02-23 18:07:46,0.00009291,163.00000000
2018-02-23 18:07:47,0.00009291,181.00000000
2018-02-23 18:07:47,0.00009292,357.00000000
2018-02-23 18:07:47,0.00009290,224.00000000
2018-02-23 18:07:47,0.00009276,2000.00000000
2018-02-23 18:07:47,0.00009274,10760.00000000
2018-02-23 18:07:47,0.00009269,560.00000000
2018-02-23 18:07:47,0.00009267,2727.00000000
2018-02-23 18:07:48,0.00009290,58.00000000
2018-02-23 18:07:48,0.00009292,181.00000000
2018-02-23 18:07:48,0.00009293,900.00000000
2018-02-23 18:07:48,0.00009297,390.00000000
2018-02-23 18:07:48,0.00009299,272.00000000
2018-02-23 18:07:49,0.00009291,108.00000000
2018-02-23 18:07:49,0.00009291,10.00000000
2018-02-23 18:07:49,0.00009299,80.00000000
2018-02-23 18:07:49,0.00009299,376.00000000
2018-02-23 18:07:49,0.00009289,58.00000000
2018-02-23 18:07:49,0.00009286,53.00000000
2018-02-23 18:07:49,0.00009285,25.00000000
2018-02-23 18:07:49,0.00009275,109.00000000
2018-02-23 18:07:51,0.00009290,54.00000000
2018-02-23 18:07:51,0.00009296,946.00000000
2018-02-23 18:07:51,0.00009297,900.00000000
2018-02-23 18:07:51,0.00009298,2568.00000000
2018-02-23 18:07:51,0.00009300,1013.00000000
2018-02-23 18:07:51,0.00009301,21.00000000
2018-02-23 18:07:51,0.00009302,163.00000000
2018-02-23 18:07:51,0.00009305,1000.00000000
2018-02-23 18:07:51,0.00009310,473.00000000
2018-02-23 18:07:51,0.00009311,23.00000000
2018-02-23 18:07:54,0.00009299,878.00000000
2018-02-23 18:07:54,0.00009283,538.00000000
2018-02-23 18:07:54,0.00009282,33.00000000
2018-02-23 18:07:55,0.00009299,201.00000000
2018-02-23 18:07:55,0.00009283,2619.00000000
2018-02-23 18:07:55,0.00009281,900.00000000
2018-02-23 18:07:55,0.00009279,526.00000000
2018-02-23 18:07:55,0.00009282,200.00000000
2018-02-23 18:07:55,0.00009282,200.00000000
2018-02-23 18:07:55,0.00009282,200.00000000
2018-02-23 18:07:55,0.00009282,200.00000000
2018-02-23 18:07:55,0.00009282,100.00000000
2018-02-23 18:07:55,0.00009278,62.00000000
2018-02-23 18:07:56,0.00009299,191.00000000
2018-02-23 18:07:56,0.00009299,40.00000000
2018-02-23 18:07:56,0.00009285,200.00000000
2018-02-23 18:07:56,0.00009285,200.00000000
2018-02-23 18:07:56,0.00009285,200.00000000
2018-02-23 18:07:56,0.00009285,200.00000000
2018-02-23 18:07:56,0.00009285,113.00000000
2018-02-23 18:07:56,0.00009283,87.00000000
2018-02-23 18:07:56,0.00009283,200.00000000
2018-02-23 18:07:56,0.00009283,200.00000000
2018-02-23 18:07:56,0.00009283,200.00000000
2018-02-23 18:07:56,0.00009283,200.00000000
2018-02-23 18:07:56,0.00009283,13.00000000
2018-02-23 18:07:56,0.00009275,29.00000000
2018-02-23 18:07:57,0.00009297,538.00000000
2018-02-23 18:07:57,0.00009298,526.00000000
2018-02-23 18:07:57,0.00009297,900.00000000
2018-02-23 18:07:58,0.00009297,23.00000000
2018-02-23 18:07:58,0.00009275,572.00000000
2018-02-23 18:07:58,0.00009274,1075.00000000
2018-02-23 18:07:58,0.00009273,101.00000000
2018-02-23 18:07:58,0.00009296,201.00000000
2018-02-23 18:07:58,0.00009270,741.00000000
2018-02-23 18:07:58,0.00009296,2670.00000000
2018-02-23 18:07:58,0.00009267,641.00000000
2018-02-23 18:07:59,0.00009296,103.00000000
2018-02-23 18:07:59,0.00009296,17.00000000
2018-02-23 18:07:59,0.00009296,84.00000000
2018-02-23 18:07:59,0.00009297,102.00000000
2018-02-23 18:08:00,0.00009278,694.00000000
2018-02-23 18:08:01,0.00009297,17.00000000
2018-02-23 18:08:01,0.00009299,255.00000000
2018-02-23 18:08:01,0.00009279,2.00000000
2018-02-23 18:08:01,0.00009279,536.00000000
2018-02-23 18:08:01,0.00009277,526.00000000
2018-02-23 18:08:01,0.00009280,119.00000000
2018-02-23 18:08:01,0.00009279,2255.00000000
2018-02-23 18:08:01,0.00009278,923.00000000
2018-02-23 18:08:01,0.00009275,390.00000000
2018-02-23 18:08:01,0.00009297,313.00000000
2018-02-23 18:08:02,0.00009296,313.00000000
2018-02-23 18:08:02,0.00009296,943.00000000
2018-02-23 18:08:02,0.00009295,694.00000000
2018-02-23 18:08:02,0.00009281,1000.00000000
2018-02-23 18:08:02,0.00009296,744.00000000
2018-02-23 18:08:02,0.00009298,526.00000000
2018-02-23 18:08:02,0.00009281,1400.00000000
2018-02-23 18:08:02,0.00009297,1065.00000000
2018-02-23 18:08:02,0.00009298,900.00000000
2018-02-23 18:08:02,0.00009299,610.00000000
2018-02-23 18:08:03,0.00009298,333.00000000
2018-02-23 18:08:03,0.00009298,567.00000000
2018-02-23 18:08:03,0.00009299,1249.00000000
2018-02-23 18:08:03,0.00009300,201.00000000
2018-02-23 18:08:03,0.00009304,99.00000000
2018-02-23 18:08:03,0.00009307,3.00000000
2018-02-23 18:08:06,0.00009296,99.00000000
2018-02-23 18:08:07,0.00009296,189.00000000
2018-02-23 18:08:07,0.00009295,322.00000000
2018-02-23 18:08:07,0.00009295,216.00000000
2018-02-23 18:08:07,0.00009296,612.00000000
2018-02-23 18:08:07,0.00009297,62.00000000
2018-02-23 18:08:08,0.00009302,285.00000000
2018-02-23 18:08:09,0.00009299,37.00000000
2018-02-23 18:08:09,0.00009283,946.00000000
2018-02-23 18:08:10,0.00009297,90.00000000
2018-02-23 18:08:10,0.00009303,900.00000000
2018-02-23 18:08:10,0.00009304,1040.00000000
2018-02-23 18:08:10,0.00009307,232.00000000
2018-02-23 18:08:10,0.00009286,1438.00000000
2018-02-23 18:08:10,0.00009284,2000.00000000
2018-02-23 18:08:10,0.00009286,526.00000000
2018-02-23 18:08:10,0.00009286,374.00000000
2018-02-23 18:08:10,0.00009281,152.00000000
2018-02-23 18:08:10,0.00009281,374.00000000
2018-02-23 18:08:11,0.00009303,237.00000000
2018-02-23 18:08:11,0.00009287,118.00000000
2018-02-23 18:08:11,0.00009283,900.00000000
2018-02-23 18:08:12,0.00009274,70.00000000
2018-02-23 18:08:12,0.00009273,1075.00000000
2018-02-23 18:08:13,0.00009297,89.00000000
2018-02-23 18:08:13,0.00009278,107.00000000
2018-02-23 18:08:13,0.00009294,321.00000000
2018-02-23 18:08:13,0.00009294,322.00000000
2018-02-23 18:08:14,0.00009294,321.00000000
2018-02-23 18:08:14,0.00009294,111.00000000
2018-02-23 18:08:14,0.00009295,946.00000000
2018-02-23 18:08:14,0.00009293,322.00000000
2018-02-23 18:08:14,0.00009293,204.00000000
2018-02-23 18:08:15,0.00009295,29.00000000
2018-02-23 18:08:15,0.00009296,538.00000000
2018-02-23 18:08:16,0.00009296,64.00000000
2018-02-23 18:08:17,0.00009296,280.00000000
2018-02-23 18:08:17,0.00009296,35.00000000
2018-02-23 18:08:17,0.00009279,118.00000000
2018-02-23 18:08:17,0.00009279,408.00000000
2018-02-23 18:08:17,0.00009278,538.00000000
2018-02-23 18:08:19,0.00009282,119.00000000
2018-02-23 18:08:19,0.00009281,390.00000000
2018-02-23 18:08:20,0.00009294,30.00000000
2018-02-23 18:08:20,0.00009283,200.00000000
2018-02-23 18:08:20,0.00009283,200.00000000
2018-02-23 18:08:20,0.00009283,200.00000000
2018-02-23 18:08:20,0.00009283,200.00000000
2018-02-23 18:08:20,0.00009283,146.00000000
2018-02-23 18:08:20,0.00009276,54.00000000
2018-02-23 18:08:20,0.00009276,53.00000000
2018-02-23 18:08:20,0.00009266,25.00000000
2018-02-23 18:08:21,0.00009292,88.00000000
2018-02-23 18:08:21,0.00009291,526.00000000
2018-02-23 18:08:22,0.00009278,169.00000000
2018-02-23 18:08:22,0.00009291,9.00000000
2018-02-23 18:08:22,0.00009291,322.00000000
2018-02-23 18:08:22,0.00009288,322.00000000
2018-02-23 18:08:22,0.00009288,186.00000000
2018-02-23 18:08:22,0.00009289,322.00000000
2018-02-23 18:08:22,0.00009289,68.00000000
2018-02-23 18:08:22,0.00009290,217.00000000
2018-02-23 18:08:23,0.00009288,25.00000000
2018-02-23 18:08:23,0.00009290,683.00000000
2018-02-23 18:08:23,0.00009289,119.00000000
2018-02-23 18:08:23,0.00009290,900.00000000
2018-02-23 18:08:23,0.00009295,220.00000000
2018-02-23 18:08:24,0.00009290,116.00000000
2018-02-23 18:08:25,0.00009293,22.00000000
2018-02-23 18:08:26,0.00009294,24.00000000
2018-02-23 18:08:28,0.00009291,63.00000000
2018-02-23 18:08:30,0.00009290,17.00000000
2018-02-23 18:08:30,0.00009290,116.00000000
2018-02-23 18:08:31,0.00009277,118.00000000
2018-02-23 18:08:31,0.00009290,74.00000000
2018-02-23 18:08:32,0.00009289,118.00000000
2018-02-23 18:08:32,0.00009290,181.00000000
2018-02-23 18:08:32,0.00009279,331.00000000
2018-02-23 18:08:33,0.00009290,512.00000000
2018-02-23 18:08:33,0.00009290,300.00000000
2018-02-23 18:08:34,0.00009290,646.00000000
2018-02-23 18:08:34,0.00009277,117.00000000
2018-02-23 18:08:34,0.00009276,345.00000000
2018-02-23 18:08:34,0.00009276,194.00000000
2018-02-23 18:08:34,0.00009290,117.00000000
2018-02-23 18:08:35,0.00009290,539.00000000
2018-02-23 18:08:35,0.00009277,117.00000000
2018-02-23 18:08:35,0.00009276,946.00000000
2018-02-23 18:08:37,0.00009290,117.00000000
2018-02-23 18:08:37,0.00009291,329.00000000
2018-02-23 18:08:37,0.00009291,322.00000000
2018-02-23 18:08:37,0.00009291,108.00000000
2018-02-23 18:08:38,0.00009290,375.00000000
2018-02-23 18:08:39,0.00009291,24.00000000
2018-02-23 18:08:39,0.00009290,200.00000000
2018-02-23 18:08:40,0.00009290,102.00000000
2018-02-23 18:08:40,0.00009291,50.00000000
2018-02-23 18:08:42,0.00009293,32.00000000
2018-02-23 18:08:43,0.00009290,53.00000000
2018-02-23 18:08:43,0.00009290,187.00000000
2018-02-23 18:08:43,0.00009282,118.00000000
2018-02-23 18:08:43,0.00009290,246.00000000
2018-02-23 18:08:44,0.00009290,637.00000000
2018-02-23 18:08:44,0.00009290,252.00000000
2018-02-23 18:08:46,0.00009290,322.00000000
2018-02-23 18:08:46,0.00009290,1918.00000000
2018-02-23 18:08:46,0.00009291,22.00000000
2018-02-23 18:08:47,0.00009289,322.00000000
2018-02-23 18:08:47,0.00009289,21.00000000
2018-02-23 18:08:47,0.00009289,321.00000000
2018-02-23 18:08:47,0.00009289,853.00000000
2018-02-23 18:08:47,0.00009289,189.00000000
2018-02-23 18:08:48,0.00009293,538.00000000
2018-02-23 18:08:48,0.00009294,91.00000000
2018-02-23 18:08:48,0.00009295,254.00000000
2018-02-23 18:08:51,0.00009295,76.00000000
2018-02-23 18:08:52,0.00009285,1077.00000000
2018-02-23 18:08:52,0.00009285,61.00000000
2018-02-23 18:08:52,0.00009297,1016.00000000
2018-02-23 18:08:52,0.00009297,583.00000000
2018-02-23 18:08:54,0.00009299,37.00000000
2018-02-23 18:08:54,0.00009300,322.00000000
2018-02-23 18:08:54,0.00009300,322.00000000
2018-02-23 18:08:55,0.00009300,637.00000000
2018-02-23 18:08:55,0.00009301,455.00000000
2018-02-23 18:08:55,0.00009302,10.00000000
2018-02-23 18:08:56,0.00009302,690.00000000
2018-02-23 18:08:56,0.00009303,371.00000000
2018-02-23 18:09:02,0.00009300,637.00000000
2018-02-23 18:09:02,0.00009289,375.00000000
2018-02-23 18:09:02,0.00009287,390.00000000
2018-02-23 18:09:02,0.00009286,780.00000000
2018-02-23 18:09:02,0.00009286,120.00000000
2018-02-23 18:09:02,0.00009285,193.00000000
2018-02-23 18:09:02,0.00009303,385.00000000
2018-02-23 18:09:03,0.00009303,97.00000000
2018-02-23 18:09:09,0.00009295,57.00000000
2018-02-23 18:09:12,0.00009303,600.00000000
2018-02-23 18:09:14,0.00009295,57.00000000
2018-02-23 18:09:16,0.00009296,390.00000000
2018-02-23 18:09:20,0.00009288,861.00000000
2018-02-23 18:09:21,0.00009288,988.00000000
2018-02-23 18:09:25,0.00009290,43.00000000
2018-02-23 18:09:25,0.00009285,265.00000000
2018-02-23 18:09:25,0.00009294,107.00000000
2018-02-23 18:09:26,0.00009289,107.00000000
2018-02-23 18:09:31,0.00009294,315.00000000
2018-02-23 18:09:31,0.00009289,54.00000000
2018-02-23 18:09:33,0.00009294,22.00000000
2018-02-23 18:09:35,0.00009289,66.00000000
2018-02-23 18:09:36,0.00009286,215.00000000
2018-02-23 18:09:37,0.00009289,444.00000000
2018-02-23 18:09:45,0.00009286,27.00000000
2018-02-23 18:09:49,0.00009289,1.00000000
2018-02-23 18:09:49,0.00009286,21.00000000
2018-02-23 18:09:50,0.00009289,129.00000000
2018-02-23 18:09:51,0.00009289,100.00000000
2018-02-23 18:09:52,0.00009289,213.00000000
2018-02-23 18:09:54,0.00009289,137.00000000
2018-02-23 18:09:54,0.00009293,32.00000000
2018-02-23 18:09:54,0.00009289,312.00000000
2018-02-23 18:09:54,0.00009286,421.00000000
2018-02-23 18:09:55,0.00009293,164.00000000
2018-02-23 18:09:55,0.00009289,322.00000000
2018-02-23 18:09:55,0.00009289,322.00000000
2018-02-23 18:09:56,0.00009285,322.00000000
2018-02-23 18:09:56,0.00009289,322.00000000
2018-02-23 18:09:56,0.00009285,322.00000000
2018-02-23 18:09:56,0.00009289,322.00000000
2018-02-23 18:09:56,0.00009289,205.00000000
2018-02-23 18:09:56,0.00009289,205.00000000
2018-02-23 18:09:56,0.00009289,205.00000000
2018-02-23 18:09:56,0.00009285,161.00000000
2018-02-23 18:10:01,0.00009277,214.00000000
2018-02-23 18:10:01,0.00009276,455.00000000
2018-02-23 18:10:01,0.00009275,1197.00000000
2018-02-23 18:10:08,0.00009288,490.00000000
2018-02-23 18:10:11,0.00009288,44.00000000
2018-02-23 18:10:11,0.00009288,86.00000000
2018-02-23 18:10:12,0.00009288,18.00000000
2018-02-23 18:10:12,0.00009288,148.00000000
2018-02-23 18:10:12,0.00009288,109.00000000
2018-02-23 18:10:13,0.00009288,49.00000000
2018-02-23 18:10:13,0.00009289,18.00000000
2018-02-23 18:10:13,0.00009291,197.00000000
2018-02-23 18:10:14,0.00009288,186.00000000
2018-02-23 18:10:17,0.00009280,203.00000000
2018-02-23 18:10:17,0.00009287,318.00000000
2018-02-23 18:10:18,0.00009288,952.00000000
2018-02-23 18:10:22,0.00009287,2861.00000000
2018-02-23 18:10:22,0.00009287,2308.00000000
2018-02-23 18:10:22,0.00009287,1845.00000000
2018-02-23 18:10:22,0.00009288,73.00000000
2018-02-23 18:10:22,0.00009287,1465.00000000
2018-02-23 18:10:22,0.00009287,1153.00000000
2018-02-23 18:10:22,0.00009287,912.00000000
2018-02-23 18:10:22,0.00009287,715.00000000
2018-02-23 18:10:22,0.00009287,558.00000000
2018-02-23 18:10:22,0.00009287,433.00000000
2018-02-23 18:10:25,0.00009287,1517.00000000
2018-02-23 18:10:28,0.00009286,109.00000000
2018-02-23 18:10:28,0.00009287,1084.00000000
2018-02-23 18:10:28,0.00009287,261.00000000
2018-02-23 18:10:29,0.00009280,172.00000000
2018-02-23 18:10:30,0.00009287,28.00000000
2018-02-23 18:10:33,0.00009277,119.00000000
2018-02-23 18:10:33,0.00009276,539.00000000
2018-02-23 18:10:33,0.00009274,171.00000000
2018-02-23 18:10:33,0.00009274,171.00000000
2018-02-23 18:10:33,0.00009274,84.00000000
2018-02-23 18:10:33,0.00009274,171.00000000
2018-02-23 18:10:36,0.00009274,255.00000000
2018-02-23 18:10:36,0.00009271,498.00000000
2018-02-23 18:10:37,0.00009285,15.00000000
2018-02-23 18:10:38,0.00009274,83.00000000
2018-02-23 18:10:38,0.00009274,83.00000000
2018-02-23 18:10:38,0.00009274,87.00000000
2018-02-23 18:10:38,0.00009283,170.00000000
2018-02-23 18:10:41,0.00009281,21.00000000
2018-02-23 18:10:42,0.00009271,580.00000000
2018-02-23 18:10:42,0.00009270,62.00000000
2018-02-23 18:10:43,0.00009280,17.00000000
2018-02-23 18:10:43,0.00009280,102.00000000
2018-02-23 18:10:43,0.00009281,5.00000000
2018-02-23 18:10:44,0.00009281,17.00000000
2018-02-23 18:10:45,0.00009281,347.00000000
2018-02-23 18:10:50,0.00009278,831.00000000
2018-02-23 18:10:50,0.00009278,22.00000000
2018-02-23 18:10:51,0.00009278,268.00000000
2018-02-23 18:10:51,0.00009271,816.00000000
2018-02-23 18:10:51,0.00009283,687.00000000
2018-02-23 18:10:52,0.00009278,170.00000000
2018-02-23 18:10:53,0.00009282,41.00000000
2018-02-23 18:10:53,0.00009271,2.00000000
2018-02-23 18:10:55,0.00009283,286.00000000
2018-02-23 18:10:55,0.00009283,386.00000000
2018-02-23 18:10:57,0.00009272,41.00000000
2018-02-23 18:10:57,0.00009271,547.00000000
2018-02-23 18:10:57,0.00009271,119.00000000
2018-02-23 18:10:57,0.00009271,163.00000000
2018-02-23 18:10:57,0.00009271,69.00000000
2018-02-23 18:10:57,0.00009271,70.00000000
2018-02-23 18:10:57,0.00009271,70.00000000
2018-02-23 18:10:57,0.00009271,5.00000000
2018-02-23 18:10:57,0.00009271,59.00000000
2018-02-23 18:11:00,0.00009272,390.00000000
2018-02-23 18:11:00,0.00009271,31.00000000
2018-02-23 18:11:00,0.00009271,631.00000000
2018-02-23 18:11:01,0.00009271,345.00000000
2018-02-23 18:11:01,0.00009270,119.00000000
2018-02-23 18:11:02,0.00009270,196.00000000
2018-02-23 18:11:02,0.00009270,702.00000000
2018-02-23 18:11:03,0.00009270,28.00000000
2018-02-23 18:11:04,0.00009270,80.00000000
2018-02-23 18:11:08,0.00009269,118.00000000
2018-02-23 18:11:09,0.00009269,447.00000000
2018-02-23 18:11:09,0.00009268,614.00000000
2018-02-23 18:11:10,0.00009270,20.00000000
2018-02-23 18:11:12,0.00009268,447.00000000
2018-02-23 18:11:14,0.00009268,52.00000000
2018-02-23 18:11:17,0.00009269,130.00000000
2018-02-23 18:11:17,0.00009270,112.00000000
2018-02-23 18:11:19,0.00009270,19.00000000
2018-02-23 18:11:23,0.00009270,434.00000000
2018-02-23 18:11:23,0.00009271,2240.00000000
2018-02-23 18:11:23,0.00009271,2476.00000000
2018-02-23 18:11:24,0.00009271,50.00000000
2018-02-23 18:11:24,0.00009271,537.00000000
2018-02-23 18:11:24,0.00009279,220.00000000
2018-02-23 18:11:24,0.00009280,1311.00000000
2018-02-23 18:11:24,0.00009281,831.00000000
2018-02-23 18:11:26,0.00009270,157.00000000
2018-02-23 18:11:27,0.00009271,434.00000000
2018-02-23 18:11:27,0.00009281,247.00000000
2018-02-23 18:11:27,0.00009284,89.00000000
2018-02-23 18:11:28,0.00009271,52.00000000
2018-02-23 18:11:28,0.00009283,107.00000000
2018-02-23 18:11:29,0.00009283,107.00000000
2018-02-23 18:11:29,0.00009271,42.00000000
2018-02-23 18:11:31,0.00009283,150.00000000
2018-02-23 18:11:33,0.00009283,42.00000000
2018-02-23 18:11:33,0.00009284,158.00000000
2018-02-23 18:11:36,0.00009275,32.00000000
2018-02-23 18:11:36,0.00009271,1519.00000000
2018-02-23 18:11:37,0.00009283,56.00000000
2018-02-23 18:11:38,0.00009283,36.00000000
2018-02-23 18:11:38,0.00009283,233.00000000
2018-02-23 18:11:38,0.00009283,323.00000000
2018-02-23 18:11:38,0.00009283,337.00000000
2018-02-23 18:11:38,0.00009283,337.00000000
2018-02-23 18:11:41,0.00009283,238.00000000
2018-02-23 18:11:49,0.00009281,52.00000000
2018-02-23 18:11:54,0.00009274,14.00000000
2018-02-23 18:12:00,0.00009274,17.00000000
2018-02-23 18:12:02,0.00009279,309.00000000
2018-02-23 18:12:06,0.00009274,100.00000000
2018-02-23 18:12:06,0.00009274,100.00000000
2018-02-23 18:12:06,0.00009274,593.00000000
2018-02-23 18:12:07,0.00009274,485.00000000
2018-02-23 18:12:09,0.00009274,1149.00000000
2018-02-23 18:12:09,0.00009274,150.00000000
2018-02-23 18:12:11,0.00009274,500.00000000
2018-02-23 18:12:12,0.00009271,78.00000000
2018-02-23 18:12:14,0.00009271,300.00000000
2018-02-23 18:12:15,0.00009271,1078.00000000
2018-02-23 18:12:19,0.00009271,476.00000000
2018-02-23 18:12:19,0.00009270,234.00000000
2018-02-23 18:12:22,0.00009270,90.00000000
2018-02-23 18:12:23,0.00009271,627.00000000
2018-02-23 18:12:25,0.00009270,1558.00000000
2018-02-23 18:12:27,0.00009270,371.00000000
2018-02-23 18:12:30,0.00009271,107.00000000
2018-02-23 18:12:34,0.00009270,256.00000000
2018-02-23 18:12:35,0.00009270,371.00000000
2018-02-23 18:12:38,0.00009270,876.00000000
2018-02-23 18:12:41,0.00009270,664.00000000
2018-02-23 18:12:42,0.00009270,25.00000000
2018-02-23 18:12:45,0.00009271,573.00000000
2018-02-23 18:12:45,0.00009273,476.00000000
2018-02-23 18:12:45,0.00009274,1401.00000000
2018-02-23 18:12:51,0.00009273,65.00000000
2018-02-23 18:12:53,0.00009273,1013.00000000
2018-02-23 18:12:53,0.00009274,341.00000000
2018-02-23 18:12:53,0.00009274,1312.00000000
2018-02-23 18:12:53,0.00009274,249.00000000
2018-02-23 18:12:55,0.00009271,75.00000000
2018-02-23 18:12:56,0.00009271,202.00000000
2018-02-23 18:12:56,0.00009270,483.00000000
2018-02-23 18:12:58,0.00009270,98.00000000
2018-02-23 18:12:58,0.00009271,1078.00000000
2018-02-23 18:13:00,0.00009277,1281.00000000
2018-02-23 18:13:00,0.00009278,4644.00000000
2018-02-23 18:13:00,0.00009278,6134.00000000
2018-02-23 18:13:00,0.00009280,1469.00000000
2018-02-23 18:13:00,0.00009284,385.00000000
2018-02-23 18:13:00,0.00009285,857.00000000
2018-02-23 18:13:00,0.00009285,970.00000000
2018-02-23 18:13:00,0.00009286,361.00000000
2018-02-23 18:13:00,0.00009286,1098.00000000
2018-02-23 18:13:00,0.00009286,905.00000000
2018-02-23 18:13:01,0.00009289,167.00000000
2018-02-23 18:13:01,0.00009290,22.00000000
2018-02-23 18:13:01,0.00009291,331.00000000
2018-02-23 18:13:01,0.00009291,365.00000000
2018-02-23 18:13:03,0.00009276,146.00000000
2018-02-23 18:13:05,0.00009276,1078.00000000
2018-02-23 18:13:06,0.00009277,158.00000000
2018-02-23 18:13:09,0.00009277,100.00000000
2018-02-23 18:13:09,0.00009275,88.00000000
2018-02-23 18:13:09,0.00009277,249.00000000
2018-02-23 18:13:11,0.00009278,90.00000000
2018-02-23 18:13:11,0.00009274,988.00000000
2018-02-23 18:13:13,0.00009288,723.00000000
2018-02-23 18:13:17,0.00009290,100.00000000
2018-02-23 18:13:17,0.00009280,361.00000000
2018-02-23 18:13:19,0.00009291,530.00000000
2018-02-23 18:13:20,0.00009290,207.00000000
2018-02-23 18:13:20,0.00009290,54.00000000
2018-02-23 18:13:23,0.00009276,539.00000000
2018-02-23 18:13:23,0.00009275,119.00000000
2018-02-23 18:13:24,0.00009275,1.00000000
2018-02-23 18:13:26,0.00009275,107.00000000
2018-02-23 18:13:28,0.00009275,107.00000000
2018-02-23 18:13:29,0.00009275,205.00000000
2018-02-23 18:13:29,0.00009275,659.00000000
2018-02-23 18:13:32,0.00009275,1203.00000000
2018-02-23 18:13:32,0.00009288,119.00000000
2018-02-23 18:13:32,0.00009289,539.00000000
2018-02-23 18:13:32,0.00009290,51.00000000
2018-02-23 18:13:34,0.00009288,584.00000000
2018-02-23 18:13:37,0.00009291,758.00000000
2018-02-23 18:13:37,0.00009291,188.00000000
2018-02-23 18:13:40,0.00009279,1078.00000000
2018-02-23 18:13:41,0.00009280,119.00000000
2018-02-23 18:13:41,0.00009279,133.00000000
2018-02-23 18:13:43,0.00009291,946.00000000
2018-02-23 18:13:44,0.00009292,2031.00000000
2018-02-23 18:13:44,0.00009293,817.00000000
2018-02-23 18:13:44,0.00009294,1584.00000000
2018-02-23 18:13:44,0.00009294,3378.00000000
2018-02-23 18:13:44,0.00009293,900.00000000
2018-02-23 18:13:44,0.00009294,134.00000000
2018-02-23 18:13:44,0.00009294,340.00000000
2018-02-23 18:13:44,0.00009296,511.00000000
2018-02-23 18:13:44,0.00009295,200.00000000
2018-02-23 18:13:44,0.00009295,200.00000000
2018-02-23 18:13:44,0.00009295,200.00000000
2018-02-23 18:13:44,0.00009296,49.00000000
2018-02-23 18:13:45,0.00009292,18.00000000
2018-02-23 18:13:45,0.00009292,261.00000000
2018-02-23 18:13:45,0.00009292,234.00000000
2018-02-23 18:13:45,0.00009292,460.00000000
2018-02-23 18:13:46,0.00009292,45.00000000
2018-02-23 18:13:46,0.00009292,47.00000000
2018-02-23 18:13:46,0.00009284,100.00000000
2018-02-23 18:13:46,0.00009284,235.00000000
2018-02-23 18:13:46,0.00009283,100.00000000
2018-02-23 18:13:46,0.00009292,1031.00000000
2018-02-23 18:13:47,0.00009283,542.00000000
2018-02-23 18:13:49,0.00009296,16.00000000
2018-02-23 18:13:49,0.00009292,115.00000000
2018-02-23 18:13:51,0.00009292,268.00000000
2018-02-23 18:13:52,0.00009300,443.00000000
2018-02-23 18:13:52,0.00009296,393.00000000
2018-02-23 18:13:52,0.00009292,648.00000000
2018-02-23 18:13:52,0.00009292,37.00000000
2018-02-23 18:13:53,0.00009289,29.00000000
2018-02-23 18:13:53,0.00009285,79.00000000
2018-02-23 18:13:53,0.00009286,107.00000000
2018-02-23 18:13:55,0.00009292,13.00000000
2018-02-23 18:13:56,0.00009299,272.00000000
2018-02-23 18:13:56,0.00009301,4089.00000000
2018-02-23 18:13:58,0.00009292,741.00000000
2018-02-23 18:13:58,0.00009292,337.00000000
2018-02-23 18:14:01,0.00009288,27.00000000
2018-02-23 18:14:02,0.00009288,18.00000000
2018-02-23 18:14:02,0.00009288,45.00000000
2018-02-23 18:14:02,0.00009288,76.00000000
2018-02-23 18:14:02,0.00009299,27.00000000
2018-02-23 18:14:04,0.00009288,37.00000000
2018-02-23 18:14:04,0.00009288,104.00000000
2018-02-23 18:14:05,0.00009288,249.00000000
2018-02-23 18:14:05,0.00009287,829.00000000
2018-02-23 18:14:06,0.00009287,122.00000000
2018-02-23 18:14:06,0.00009286,128.00000000
2018-02-23 18:14:07,0.00009290,202.00000000
2018-02-23 18:14:09,0.00009290,90.00000000
2018-02-23 18:14:09,0.00009290,1166.00000000
2018-02-23 18:14:09,0.00009288,447.00000000
2018-02-23 18:14:09,0.00009286,69.00000000
2018-02-23 18:14:12,0.00009280,2223.00000000
2018-02-23 18:14:12,0.00009280,677.00000000
2018-02-23 18:14:13,0.00009276,4109.00000000
2018-02-23 18:14:13,0.00009275,5488.00000000
2018-02-23 18:14:13,0.00009275,3181.00000000
2018-02-23 18:14:13,0.00009286,989.00000000
2018-02-23 18:14:14,0.00009273,376.00000000
2018-02-23 18:14:14,0.00009274,900.00000000
2018-02-23 18:14:14,0.00009273,233.00000000
2018-02-23 18:14:16,0.00009280,1.00000000
2018-02-23 18:14:20,0.00009280,16.00000000
2018-02-23 18:14:23,0.00009280,204.00000000
2018-02-23 18:14:24,0.00009280,104.00000000
2018-02-23 18:14:24,0.00009280,113.00000000
2018-02-23 18:14:24,0.00009280,107.00000000
2018-02-23 18:14:27,0.00009280,910.00000000
2018-02-23 18:14:30,0.00009279,39.00000000
2018-02-23 18:14:33,0.00009278,40.00000000
2018-02-23 18:14:33,0.00009278,120.00000000
2018-02-23 18:14:36,0.00009279,95.00000000
2018-02-23 18:14:36,0.00009279,46.00000000
2018-02-23 18:14:36,0.00009280,26.00000000
2018-02-23 18:14:37,0.00009280,159.00000000
2018-02-23 18:14:43,0.00009280,844.00000000
2018-02-23 18:14:43,0.00009289,24.00000000
2018-02-23 18:14:46,0.00009279,17.00000000
2018-02-23 18:14:46,0.00009275,161.00000000
2018-02-23 18:14:53,0.00009279,78.00000000
2018-02-23 18:14:55,0.00009276,350.00000000
2018-02-23 18:14:55,0.00009275,448.00000000
2018-02-23 18:14:58,0.00009283,1000.00000000
2018-02-23 18:14:59,0.00009274,13.00000000
2018-02-23 18:15:02,0.00009280,24.00000000
2018-02-23 18:15:03,0.00009275,203.00000000
2018-02-23 18:15:03,0.00009274,500.00000000
2018-02-23 18:15:04,0.00009279,13.00000000
2018-02-23 18:15:05,0.00009280,500.00000000
2018-02-23 18:15:08,0.00009285,25.00000000
2018-02-23 18:15:09,0.00009276,953.00000000
2018-02-23 18:15:09,0.00009275,17.00000000
2018-02-23 18:15:12,0.00009280,65.00000000
2018-02-23 18:15:14,0.00009280,30.00000000
2018-02-23 18:15:15,0.00009277,213.00000000
2018-02-23 18:15:16,0.00009280,27.00000000
2018-02-23 18:15:18,0.00009280,304.00000000
2018-02-23 18:15:18,0.00009280,26.00000000
2018-02-23 18:15:18,0.00009280,820.00000000
2018-02-23 18:15:20,0.00009277,2951.00000000
2018-02-23 18:15:21,0.00009277,82.00000000
2018-02-23 18:15:22,0.00009280,30.00000000
2018-02-23 18:15:23,0.00009280,820.00000000
2018-02-23 18:15:23,0.00009278,8.00000000
2018-02-23 18:15:23,0.00009277,62.00000000
2018-02-23 18:15:24,0.00009280,958.00000000
2018-02-23 18:15:24,0.00009280,120.00000000
2018-02-23 18:15:24,0.00009277,162.00000000
2018-02-23 18:15:24,0.00009277,50.00000000
2018-02-23 18:15:25,0.00009280,434.00000000
2018-02-23 18:15:25,0.00009280,395.00000000
2018-02-23 18:15:28,0.00009286,50.00000000
2018-02-23 18:15:28,0.00009289,45.00000000
2018-02-23 18:15:29,0.00009277,120.00000000
2018-02-23 18:15:29,0.00009276,2218.00000000
2018-02-23 18:15:31,0.00009288,27.00000000
2018-02-23 18:15:34,0.00009275,2208.00000000
2018-02-23 18:15:36,0.00009275,176.00000000
2018-02-23 18:15:37,0.00009275,12.00000000
2018-02-23 18:15:38,0.00009279,93.00000000
2018-02-23 18:15:39,0.00009280,955.00000000
2018-02-23 18:15:39,0.00009280,90.00000000
2018-02-23 18:15:49,0.00009280,280.00000000
2018-02-23 18:15:50,0.00009280,1634.00000000
2018-02-23 18:15:52,0.00009280,173.00000000
2018-02-23 18:15:52,0.00009279,253.00000000
2018-02-23 18:15:59,0.00009279,1443.00000000
2018-02-23 18:15:59,0.00009280,20.00000000
2018-02-23 18:15:59,0.00009280,100.00000000
2018-02-23 18:16:01,0.00009280,323.00000000
2018-02-23 18:16:01,0.00009280,322.00000000
2018-02-23 18:16:01,0.00009280,21.00000000
2018-02-23 18:16:01,0.00009280,1077.00000000
2018-02-23 18:16:01,0.00009280,323.00000000
2018-02-23 18:16:02,0.00009280,445.00000000
2018-02-23 18:16:02,0.00009280,1597.00000000
2018-02-23 18:16:02,0.00009279,217.00000000
2018-02-23 18:16:04,0.00009279,323.00000000
2018-02-23 18:16:04,0.00009279,1155.00000000
2018-02-23 18:16:04,0.00009279,13.00000000
2018-02-23 18:16:05,0.00009279,322.00000000
2018-02-23 18:16:05,0.00009279,263.00000000
2018-02-23 18:16:12,0.00009279,395.00000000
2018-02-23 18:16:12,0.00009279,419.00000000
2018-02-23 18:16:13,0.00009279,332.00000000
2018-02-23 18:16:14,0.00009279,120.00000000
2018-02-23 18:16:14,0.00009279,11.00000000
2018-02-23 18:16:14,0.00009279,121.00000000
2018-02-23 18:16:14,0.00009279,201.00000000
2018-02-23 18:16:17,0.00009279,293.00000000
2018-02-23 18:16:18,0.00009279,20.00000000
2018-02-23 18:16:18,0.00009279,50.00000000
2018-02-23 18:16:19,0.00009279,107.00000000
2018-02-23 18:16:19,0.00009279,322.00000000
2018-02-23 18:16:19,0.00009279,464.00000000
2018-02-23 18:16:22,0.00009280,150.00000000
2018-02-23 18:16:29,0.00009288,300.00000000
2018-02-23 18:16:31,0.00009287,26.00000000
2018-02-23 18:16:33,0.00009287,1674.00000000
2018-02-23 18:16:33,0.00009286,483.00000000
2018-02-23 18:16:34,0.00009289,228.00000000
2018-02-23 18:16:34,0.00009290,1000.00000000
2018-02-23 18:16:35,0.00009291,107.00000000
2018-02-23 18:16:42,0.00009288,26.00000000
2018-02-23 18:16:44,0.00009288,1.00000000
2018-02-23 18:16:44,0.00009280,499.00000000
2018-02-23 18:16:46,0.00009291,283.00000000
2018-02-23 18:16:50,0.00009298,35.00000000
2018-02-23 18:16:51,0.00009298,24.00000000
2018-02-23 18:16:51,0.00009291,92.00000000
2018-02-23 18:16:55,0.00009291,34.00000000
2018-02-23 18:16:58,0.00009291,32.00000000
2018-02-23 18:16:58,0.00009283,56.00000000
2018-02-23 18:17:01,0.00009297,24.00000000
2018-02-23 18:17:03,0.00009292,161.00000000
2018-02-23 18:17:04,0.00009294,48.00000000
2018-02-23 18:17:04,0.00009295,457.00000000
2018-02-23 18:17:05,0.00009292,71.00000000
2018-02-23 18:17:05,0.00009292,311.00000000
2018-02-23 18:17:05,0.00009296,900.00000000
2018-02-23 18:17:05,0.00009297,411.00000000
2018-02-23 18:17:05,0.00009299,2228.00000000
2018-02-23 18:17:06,0.00009291,12.00000000
2018-02-23 18:17:09,0.00009299,65.00000000
2018-02-23 18:17:09,0.00009286,138.00000000
2018-02-23 18:17:10,0.00009297,34.00000000
2018-02-23 18:17:11,0.00009297,107.00000000
2018-02-23 18:17:12,0.00009297,113.00000000
2018-02-23 18:17:12,0.00009288,1087.00000000
2018-02-23 18:17:12,0.00009297,400.00000000
2018-02-23 18:17:13,0.00009297,52.00000000
2018-02-23 18:17:14,0.00009297,105.00000000
2018-02-23 18:17:15,0.00009297,330.00000000
2018-02-23 18:17:15,0.00009297,215.00000000
2018-02-23 18:17:16,0.00009297,45.00000000
2018-02-23 18:17:16,0.00009297,251.00000000
2018-02-23 18:17:22,0.00009287,77.00000000
2018-02-23 18:17:23,0.00009296,30.00000000
2018-02-23 18:17:27,0.00009296,107.00000000
2018-02-23 18:17:29,0.00009296,31.00000000
2018-02-23 18:17:41,0.00009296,990.00000000
2018-02-23 18:17:43,0.00009296,1050.00000000
2018-02-23 18:17:45,0.00009296,762.00000000
2018-02-23 18:17:47,0.00009296,12408.00000000
2018-02-23 18:17:51,0.00009296,1640.00000000
2018-02-23 18:17:53,0.00009296,68.00000000
2018-02-23 18:17:55,0.00009296,40.00000000
2018-02-23 18:17:56,0.00009296,29.00000000
2018-02-23 18:17:56,0.00009296,110.00000000
2018-02-23 18:17:57,0.00009297,466.00000000
2018-02-23 18:17:58,0.00009296,509.00000000
2018-02-23 18:18:03,0.00009297,107.00000000
2018-02-23 18:18:05,0.00009296,488.00000000
2018-02-23 18:18:09,0.00009297,258.00000000
2018-02-23 18:18:20,0.00009297,765.00000000
2018-02-23 18:18:26,0.00009297,85.00000000
2018-02-23 18:18:27,0.00009296,2495.00000000
2018-02-23 18:18:29,0.00009296,28.00000000
2018-02-23 18:18:30,0.00009297,107.00000000
2018-02-23 18:18:31,0.00009296,1075.00000000
2018-02-23 18:18:33,0.00009297,275.00000000
2018-02-23 18:18:33,0.00009297,403.00000000
2018-02-23 18:18:34,0.00009297,404.00000000
2018-02-23 18:18:34,0.00009296,2188.00000000
2018-02-23 18:18:36,0.00009296,1445.00000000
2018-02-23 18:18:36,0.00009296,802.00000000
2018-02-23 18:18:36,0.00009296,445.00000000
2018-02-23 18:18:36,0.00009296,247.00000000
2018-02-23 18:18:37,0.00009299,20.00000000
2018-02-23 18:18:37,0.00009299,215.00000000
2018-02-23 18:18:38,0.00009296,137.00000000
2018-02-23 18:18:39,0.00009296,1740.00000000
2018-02-23 18:18:39,0.00009298,30.00000000
2018-02-23 18:18:43,0.00009295,900.00000000
2018-02-23 18:18:43,0.00009296,2029.00000000
2018-02-23 18:18:44,0.00009296,1998.00000000
2018-02-23 18:18:44,0.00009289,82.00000000
2018-02-23 18:18:48,0.00009289,86.00000000
2018-02-23 18:18:48,0.00009284,354.00000000
2018-02-23 18:18:49,0.00009284,27.00000000
2018-02-23 18:18:54,0.00009284,209.00000000
2018-02-23 18:18:54,0.00009284,2252.00000000
2018-02-23 18:18:59,0.00009283,128.00000000
2018-02-23 18:18:59,0.00009280,83.00000000
2018-02-23 18:19:03,0.00009280,323.00000000
2018-02-23 18:19:03,0.00009279,100.00000000
2018-02-23 18:19:03,0.00009275,275.00000000
2018-02-23 18:19:03,0.00009273,50.00000000
2018-02-23 18:19:03,0.00009271,970.00000000
2018-02-23 18:19:03,0.00009271,211.00000000
2018-02-23 18:19:04,0.00009282,108.00000000
2018-02-23 18:19:05,0.00009280,289.00000000
2018-02-23 18:19:09,0.00009282,100.00000000
2018-02-23 18:19:12,0.00009280,25.00000000
2018-02-23 18:19:14,0.00009281,14.00000000
2018-02-23 18:19:16,0.00009281,42.00000000
2018-02-23 18:19:19,0.00009282,97.00000000
2018-02-23 18:19:21,0.00009282,257.00000000
2018-02-23 18:19:21,0.00009281,326.00000000
2018-02-23 18:19:25,0.00009281,83.00000000
2018-02-23 18:19:27,0.00009281,17.00000000
2018-02-23 18:19:27,0.00009281,234.00000000
2018-02-23 18:19:27,0.00009281,234.00000000
2018-02-23 18:19:28,0.00009281,107.00000000
2018-02-23 18:19:29,0.00009282,208.00000000
2018-02-23 18:19:29,0.00009283,8.00000000
2018-02-23 18:19:29,0.00009281,100.00000000
2018-02-23 18:19:29,0.00009283,107.00000000
2018-02-23 18:19:30,0.00009283,320.00000000
2018-02-23 18:19:30,0.00009284,1077.00000000
2018-02-23 18:19:30,0.00009284,320.00000000
2018-02-23 18:19:30,0.00009284,313.00000000
2018-02-23 18:19:30,0.00009284,313.00000000
2018-02-23 18:19:30,0.00009284,18.00000000
2018-02-23 18:19:30,0.00009284,20.00000000
2018-02-23 18:19:30,0.00009284,19.00000000
2018-02-23 18:19:30,0.00009284,313.00000000
2018-02-23 18:19:30,0.00009284,299.00000000
2018-02-23 18:19:30,0.00009283,14.00000000
2018-02-23 18:19:31,0.00009283,20.00000000
2018-02-23 18:19:31,0.00009284,313.00000000
2018-02-23 18:19:40,0.00009283,23.00000000
2018-02-23 18:19:56,0.00009283,532.00000000
2018-02-23 18:19:56,0.00009281,762.00000000
2018-02-23 18:20:01,0.00009281,151.00000000
2018-02-23 18:20:01,0.00009280,124.00000000
2018-02-23 18:20:01,0.00009280,58.00000000
2018-02-23 18:20:09,0.00009280,88.00000000
2018-02-23 18:20:17,0.00009283,27.00000000
2018-02-23 18:20:34,0.00009283,32.00000000
2018-02-23 18:20:35,0.00009283,219.00000000
2018-02-23 18:20:38,0.00009280,301.00000000
2018-02-23 18:20:42,0.00009280,570.00000000
2018-02-23 18:21:04,0.00009283,77.00000000
2018-02-23 18:21:04,0.00009283,91.00000000
2018-02-23 18:21:06,0.00009283,48.00000000
2018-02-23 18:21:06,0.00009284,781.00000000
2018-02-23 18:21:06,0.00009282,1136.00000000
2018-02-23 18:21:06,0.00009280,460.00000000
2018-02-23 18:21:08,0.00009280,62.00000000
2018-02-23 18:21:10,0.00009283,34.00000000
2018-02-23 18:21:13,0.00009283,44.00000000
2018-02-23 18:21:23,0.00009282,24.00000000
2018-02-23 18:21:24,0.00009280,7658.00000000
2018-02-23 18:21:24,0.00009280,454.00000000
2018-02-23 18:21:24,0.00009279,305.00000000
2018-02-23 18:21:28,0.00009280,1077.00000000
2018-02-23 18:21:28,0.00009280,86.00000000
2018-02-23 18:21:29,0.00009282,273.00000000
2018-02-23 18:21:29,0.00009283,33.00000000
2018-02-23 18:21:35,0.00009282,14.00000000
2018-02-23 18:21:37,0.00009280,736.00000000
2018-02-23 18:21:39,0.00009280,12.00000000
2018-02-23 18:21:45,0.00009282,6.00000000
2018-02-23 18:21:51,0.00009282,631.00000000
2018-02-23 18:21:51,0.00009282,770.00000000
2018-02-23 18:21:51,0.00009280,323.00000000
2018-02-23 18:21:51,0.00009278,15.00000000
2018-02-23 18:21:51,0.00009271,2504.00000000
2018-02-23 18:21:51,0.00009270,3229.00000000
2018-02-23 18:21:53,0.00009282,1140.00000000
2018-02-23 18:21:56,0.00009282,90.00000000
2018-02-23 18:21:57,0.00009282,42.00000000
2018-02-23 18:21:57,0.00009282,71.00000000
2018-02-23 18:21:59,0.00009282,820.00000000
2018-02-23 18:22:01,0.00009282,331.00000000
2018-02-23 18:22:01,0.00009282,68.00000000
2018-02-23 18:22:02,0.00009282,136.00000000
2018-02-23 18:22:02,0.00009283,684.00000000
2018-02-23 18:22:02,0.00009283,68.00000000
2018-02-23 18:22:06,0.00009282,43.00000000
2018-02-23 18:22:09,0.00009282,431.00000000
2018-02-23 18:22:20,0.00009282,489.00000000
2018-02-23 18:22:21,0.00009282,365.00000000
2018-02-23 18:22:23,0.00009283,31.00000000
2018-02-23 18:22:28,0.00009283,474.00000000
2018-02-23 18:22:32,0.00009280,163.00000000
2018-02-23 18:22:32,0.00009278,111.00000000
2018-02-23 18:22:32,0.00009283,722.00000000
2018-02-23 18:22:32,0.00009283,542.00000000
2018-02-23 18:22:34,0.00009280,53.00000000
2018-02-23 18:22:34,0.00009283,107.00000000
2018-02-23 18:22:34,0.00009283,2234.00000000
2018-02-23 18:22:35,0.00009283,1027.00000000
2018-02-23 18:22:35,0.00009283,6569.00000000
2018-02-23 18:22:35,0.00009283,880.00000000
2018-02-23 18:22:37,0.00009283,3236.00000000
2018-02-23 18:22:39,0.00009284,133.00000000
2018-02-23 18:22:40,0.00009283,1743.00000000
2018-02-23 18:22:49,0.00009284,2986.00000000
2018-02-23 18:22:56,0.00009282,6.00000000
2018-02-23 18:22:59,0.00009289,215.00000000
2018-02-23 18:22:59,0.00009292,157.00000000
2018-02-23 18:22:59,0.00009282,32.00000000
2018-02-23 18:22:59,0.00009278,9.00000000
2018-02-23 18:22:59,0.00009276,1078.00000000
2018-02-23 18:22:59,0.00009271,1491.00000000
2018-02-23 18:22:59,0.00009270,429.00000000
2018-02-23 18:23:00,0.00009282,524.00000000
2018-02-23 18:23:01,0.00009282,14.00000000
2018-02-23 18:23:02,0.00009271,68.00000000
2018-02-23 18:23:03,0.00009282,392.00000000
2018-02-23 18:23:03,0.00009282,22.00000000
2018-02-23 18:23:03,0.00009283,208.00000000
2018-02-23 18:23:04,0.00009283,43.00000000
2018-02-23 18:23:04,0.00009283,390.00000000
2018-02-23 18:23:22,0.00009284,797.00000000
2018-02-23 18:23:25,0.00009289,1.00000000
2018-02-23 18:23:40,0.00009287,30.00000000
2018-02-23 18:23:44,0.00009283,185.00000000
2018-02-23 18:23:48,0.00009287,288.00000000
2018-02-23 18:23:48,0.00009288,320.00000000
2018-02-23 18:23:54,0.00009288,477.00000000
2018-02-23 18:23:59,0.00009290,123.00000000
2018-02-23 18:23:59,0.00009291,280.00000000
2018-02-23 18:24:03,0.00009289,300.00000000
2018-02-23 18:24:07,0.00009291,258.00000000
2018-02-23 18:24:07,0.00009292,710.00000000
2018-02-23 18:24:07,0.00009293,425.00000000
2018-02-23 18:24:10,0.00009293,16.00000000
2018-02-23 18:24:13,0.00009289,107.00000000
2018-02-23 18:24:14,0.00009293,1701.00000000
2018-02-23 18:24:16,0.00009293,5.00000000
2018-02-23 18:24:27,0.00009292,444.00000000
2018-02-23 18:24:31,0.00009292,193.00000000
2018-02-23 18:24:42,0.00009293,1058.00000000
2018-02-23 18:24:52,0.00009293,309.00000000
2018-02-23 18:25:01,0.00009293,1410.00000000
2018-02-23 18:25:01,0.00009293,491.00000000
2018-02-23 18:25:01,0.00009296,459.00000000
2018-02-23 18:25:01,0.00009292,629.00000000
2018-02-23 18:25:01,0.00009290,584.00000000
2018-02-23 18:25:01,0.00009289,2287.00000000
2018-02-23 18:25:02,0.00009289,27.00000000
2018-02-23 18:25:03,0.00009289,112.00000000
2018-02-23 18:25:03,0.00009288,7.00000000
2018-02-23 18:25:07,0.00009295,3994.00000000
2018-02-23 18:25:08,0.00009288,12.00000000
2018-02-23 18:25:15,0.00009290,1020.00000000
2018-02-23 18:25:15,0.00009290,2150.00000000
2018-02-23 18:25:22,0.00009290,538.00000000
2018-02-23 18:25:24,0.00009290,538.00000000
2018-02-23 18:25:24,0.00009290,1078.00000000
2018-02-23 18:25:25,0.00009294,11.00000000
2018-02-23 18:25:27,0.00009293,608.00000000
2018-02-23 18:25:30,0.00009293,1000.00000000
2018-02-23 18:25:32,0.00009293,1030.00000000
2018-02-23 18:25:32,0.00009290,2253.00000000
2018-02-23 18:25:32,0.00009288,213.00000000
2018-02-23 18:25:32,0.00009283,635.00000000
2018-02-23 18:25:32,0.00009282,1056.00000000
2018-02-23 18:25:32,0.00009281,538.00000000
2018-02-23 18:25:32,0.00009278,698.00000000
2018-02-23 18:25:33,0.00009294,10.00000000
2018-02-23 18:25:34,0.00009280,122.00000000
2018-02-23 18:25:37,0.00009291,107.00000000
2018-02-23 18:25:48,0.00009288,439.00000000
2018-02-23 18:25:48,0.00009289,99.00000000
2018-02-23 18:25:52,0.00009289,26.00000000
2018-02-23 18:25:53,0.00009291,1.00000000
2018-02-23 18:25:59,0.00009281,12.00000000
2018-02-23 18:26:00,0.00009292,12.00000000
2018-02-23 18:26:00,0.00009293,16.00000000
2018-02-23 18:26:01,0.00009293,458.00000000
2018-02-23 18:26:01,0.00009294,80.00000000
2018-02-23 18:26:16,0.00009293,64.00000000
2018-02-23 18:26:29,0.00009293,107.00000000
2018-02-23 18:26:29,0.00009293,11.00000000
2018-02-23 18:26:30,0.00009293,107.00000000
2018-02-23 18:26:38,0.00009293,107.00000000
2018-02-23 18:26:40,0.00009293,238.00000000
2018-02-23 18:26:45,0.00009291,37.00000000
2018-02-23 18:26:45,0.00009285,50.00000000
2018-02-23 18:26:45,0.00009284,318.00000000
2018-02-23 18:26:45,0.00009282,209.00000000
2018-02-23 18:26:45,0.00009278,801.00000000
2018-02-23 18:27:01,0.00009280,285.00000000
2018-02-23 18:27:02,0.00009280,16.00000000
2018-02-23 18:27:06,0.00009280,53.00000000
2018-02-23 18:27:06,0.00009279,369.00000000
2018-02-23 18:27:10,0.00009280,25.00000000
2018-02-23 18:27:18,0.00009280,28.00000000
2018-02-23 18:27:18,0.00009279,709.00000000
2018-02-23 18:27:18,0.00009278,176.00000000
2018-02-23 18:27:18,0.00009276,1087.00000000
2018-02-23 18:27:19,0.00009287,190.00000000
2018-02-23 18:27:20,0.00009286,97.00000000
2018-02-23 18:27:22,0.00009277,484.00000000
2018-02-23 18:27:27,0.00009284,853.00000000
2018-02-23 18:27:27,0.00009285,285.00000000
2018-02-23 18:27:34,0.00009285,10.00000000
2018-02-23 18:27:34,0.00009278,18.00000000
2018-02-23 18:27:36,0.00009278,1058.00000000
2018-02-23 18:27:44,0.00009280,87.00000000
2018-02-23 18:27:46,0.00009280,81.00000000
2018-02-23 18:27:46,0.00009279,59.00000000
2018-02-23 18:27:48,0.00009280,349.00000000
2018-02-23 18:27:48,0.00009280,162.00000000
2018-02-23 18:27:48,0.00009280,322.00000000
2018-02-23 18:27:48,0.00009280,52.00000000
2018-02-23 18:27:48,0.00009280,1719.00000000
2018-02-23 18:27:48,0.00009280,22.00000000
2018-02-23 18:27:48,0.00009279,22.00000000
2018-02-23 18:27:51,0.00009279,300.00000000
2018-02-23 18:27:52,0.00009284,31.00000000
2018-02-23 18:27:52,0.00009284,30.00000000
2018-02-23 18:27:54,0.00009284,90.00000000
2018-02-23 18:27:55,0.00009284,39.00000000
2018-02-23 18:27:56,0.00009284,150.00000000
2018-02-23 18:27:57,0.00009284,145.00000000
2018-02-23 18:27:57,0.00009279,1078.00000000
2018-02-23 18:27:57,0.00009278,426.00000000
2018-02-23 18:27:58,0.00009278,874.00000000
2018-02-23 18:27:58,0.00009279,2502.00000000
2018-02-23 18:27:59,0.00009284,1401.00000000
2018-02-23 18:27:59,0.00009285,130.00000000
2018-02-23 18:28:01,0.00009286,27.00000000
2018-02-23 18:28:02,0.00009285,713.00000000
2018-02-23 18:28:07,0.00009287,150.00000000
2018-02-23 18:28:07,0.00009290,80.00000000
2018-02-23 18:28:11,0.00009287,36.00000000
2018-02-23 18:28:11,0.00009280,92.00000000
2018-02-23 18:28:11,0.00009279,176.00000000
2018-02-23 18:28:11,0.00009277,1158.00000000
2018-02-23 18:28:11,0.00009276,1310.00000000
2018-02-23 18:28:11,0.00009275,1323.00000000
2018-02-23 18:28:12,0.00009276,120.00000000
2018-02-23 18:28:12,0.00009275,51.00000000
2018-02-23 18:28:16,0.00009285,28.00000000
2018-02-23 18:28:17,0.00009276,1024.00000000
2018-02-23 18:28:19,0.00009283,129.00000000
2018-02-23 18:28:20,0.00009283,89.00000000
2018-02-23 18:28:20,0.00009283,90.00000000
2018-02-23 18:28:21,0.00009276,256.00000000
2018-02-23 18:28:23,0.00009281,69.00000000
2018-02-23 18:28:24,0.00009276,822.00000000
2018-02-23 18:28:24,0.00009275,925.00000000
2018-02-23 18:28:25,0.00009275,44.00000000
2018-02-23 18:28:25,0.00009280,15.00000000
2018-02-23 18:28:25,0.00009280,105.00000000
2018-02-23 18:28:25,0.00009272,64.00000000
2018-02-23 18:28:30,0.00009273,16.00000000
2018-02-23 18:28:33,0.00009274,127.00000000
2018-02-23 18:28:34,0.00009273,4.00000000
2018-02-23 18:28:35,0.00009284,35.00000000
2018-02-23 18:28:38,0.00009274,1.00000000
2018-02-23 18:28:40,0.00009275,113.00000000
2018-02-23 18:28:40,0.00009275,221.00000000
2018-02-23 18:28:41,0.00009284,21.00000000
2018-02-23 18:28:44,0.00009284,323.00000000
2018-02-23 18:28:45,0.00009273,504.00000000
2018-02-23 18:28:45,0.00009284,32.00000000
2018-02-23 18:28:47,0.00009284,270.00000000
2018-02-23 18:28:49,0.00009273,500.00000000
2018-02-23 18:28:49,0.00009284,834.00000000
2018-02-23 18:28:49,0.00009285,1775.00000000
2018-02-23 18:28:49,0.00009285,306.00000000
2018-02-23 18:28:49,0.00009290,2127.00000000
2018-02-23 18:28:49,0.00009292,194.00000000
2018-02-23 18:28:49,0.00009293,214.00000000
2018-02-23 18:28:51,0.00009279,538.00000000
2018-02-23 18:28:51,0.00009278,232.00000000
2018-02-23 18:28:54,0.00009293,496.00000000
2018-02-23 18:28:59,0.00009280,720.00000000
2018-02-23 18:28:59,0.00009279,454.00000000
2018-02-23 18:28:59,0.00009278,826.00000000
2018-02-23 18:29:01,0.00009290,24.00000000
2018-02-23 18:29:01,0.00009289,24.00000000
2018-02-23 18:29:02,0.00009289,876.00000000
2018-02-23 18:29:02,0.00009291,1302.00000000
2018-02-23 18:29:02,0.00009290,900.00000000
2018-02-23 18:29:02,0.00009291,3494.00000000
2018-02-23 18:29:02,0.00009291,900.00000000
2018-02-23 18:29:02,0.00009292,454.00000000
2018-02-23 18:29:02,0.00009293,42.00000000
2018-02-23 18:29:02,0.00009294,1000.00000000
2018-02-23 18:29:04,0.00009294,98.00000000
2018-02-23 18:29:07,0.00009290,125.00000000
2018-02-23 18:29:11,0.00009286,24.00000000
2018-02-23 18:29:12,0.00009285,72.00000000
2018-02-23 18:29:12,0.00009285,161.00000000
2018-02-23 18:29:13,0.00009282,50.00000000
2018-02-23 18:29:14,0.00009283,119.00000000
2018-02-23 18:29:14,0.00009281,37.00000000
2018-02-23 18:29:23,0.00009292,167.00000000
2018-02-23 18:29:23,0.00009281,214.00000000
2018-02-23 18:29:23,0.00009293,1118.00000000
2018-02-23 18:29:26,0.00009293,12.00000000
2018-02-23 18:29:31,0.00009293,208.00000000
2018-02-23 18:29:35,0.00009293,129.00000000
2018-02-23 18:29:40,0.00009293,11.00000000
2018-02-23 18:29:45,0.00009293,202.00000000
2018-02-23 18:29:46,0.00009293,21.00000000
2018-02-23 18:29:56,0.00009293,68.00000000
2018-02-23 18:30:03,0.00009294,5000.00000000
2018-02-23 18:30:10,0.00009293,767.00000000
2018-02-23 18:30:10,0.00009294,322.00000000
2018-02-23 18:30:10,0.00009294,294.00000000
2018-02-23 18:30:10,0.00009294,294.00000000
2018-02-23 18:30:11,0.00009293,140.00000000
2018-02-23 18:30:11,0.00009294,110.00000000
2018-02-23 18:30:11,0.00009284,140.00000000
2018-02-23 18:30:11,0.00009283,54.00000000
2018-02-23 18:30:11,0.00009294,293.00000000
2018-02-23 18:30:11,0.00009283,293.00000000
2018-02-23 18:30:15,0.00009294,1.00000000
2018-02-23 18:30:18,0.00009283,70.00000000
2018-02-23 18:30:28,0.00009292,140.00000000
2018-02-23 18:30:28,0.00009293,82.00000000
2018-02-23 18:30:28,0.00009294,225.00000000
2018-02-23 18:30:28,0.00009287,97.00000000
2018-02-23 18:30:29,0.00009294,20.00000000
2018-02-23 18:30:32,0.00009294,210.00000000
2018-02-23 18:30:32,0.00009294,1122.00000000
2018-02-23 18:30:32,0.00009295,18.00000000
2018-02-23 18:30:32,0.00009296,46.00000000
2018-02-23 18:30:39,0.00009296,1314.00000000
2018-02-23 18:30:39,0.00009299,3294.00000000
2018-02-23 18:30:39,0.00009300,1320.00000000
2018-02-23 18:30:39,0.00009303,598.00000000
2018-02-23 18:30:40,0.00009306,610.00000000
2018-02-23 18:30:40,0.00009306,420.00000000
2018-02-23 18:30:40,0.00009307,50.00000000
2018-02-23 18:30:40,0.00009309,140.00000000
2018-02-23 18:30:41,0.00009309,181.00000000
2018-02-23 18:30:41,0.00009310,437.00000000
2018-02-23 18:30:41,0.00009310,49.00000000
2018-02-23 18:30:47,0.00009297,116.00000000
2018-02-23 18:30:47,0.00009296,214.00000000
2018-02-23 18:30:47,0.00009296,113.00000000
2018-02-23 18:30:47,0.00009296,12.00000000
2018-02-23 18:30:49,0.00009309,455.00000000
2018-02-23 18:30:51,0.00009309,36.00000000
2018-02-23 18:30:51,0.00009297,36.00000000
2018-02-23 18:30:51,0.00009297,24.00000000
2018-02-23 18:30:54,0.00009311,69.00000000
2018-02-23 18:30:54,0.00009314,231.00000000
2018-02-23 18:30:55,0.00009299,477.00000000
2018-02-23 18:30:55,0.00009298,116.00000000
2018-02-23 18:30:56,0.00009298,485.00000000
2018-02-23 18:30:57,0.00009300,2524.00000000
2018-02-23 18:30:57,0.00009300,1151.00000000
2018-02-23 18:30:57,0.00009300,840.00000000
2018-02-23 18:30:57,0.00009300,33.00000000
2018-02-23 18:31:00,0.00009312,107.00000000
2018-02-23 18:31:01,0.00009299,1078.00000000
2018-02-23 18:31:05,0.00009299,951.00000000
2018-02-23 18:31:05,0.00009298,1731.00000000
2018-02-23 18:31:05,0.00009309,107.00000000
2018-02-23 18:31:06,0.00009298,15.00000000
2018-02-23 18:31:07,0.00009298,1460.00000000
2018-02-23 18:31:07,0.00009298,1078.00000000
2018-02-23 18:31:08,0.00009298,240.00000000
2018-02-23 18:31:08,0.00009296,207.00000000
2018-02-23 18:31:08,0.00009298,9.00000000
2018-02-23 18:31:11,0.00009298,290.00000000
2018-02-23 18:31:12,0.00009298,1013.00000000
2018-02-23 18:31:13,0.00009298,240.00000000
2018-02-23 18:31:13,0.00009298,303.00000000
2018-02-23 18:31:14,0.00009298,775.00000000
2018-02-23 18:31:14,0.00009296,806.00000000
2018-02-23 18:31:14,0.00009294,447.00000000
2018-02-23 18:31:16,0.00009293,900.00000000
2018-02-23 18:31:18,0.00009294,32.00000000
2018-02-23 18:31:18,0.00009304,1.00000000
2018-02-23 18:31:18,0.00009300,113.00000000
2018-02-23 18:31:19,0.00009300,321.00000000
2018-02-23 18:31:19,0.00009300,174.00000000
2018-02-23 18:31:19,0.00009291,321.00000000
2018-02-23 18:31:21,0.00009291,225.00000000
2018-02-23 18:31:23,0.00009293,174.00000000
2018-02-23 18:31:26,0.00009293,272.00000000
2018-02-23 18:31:27,0.00009293,806.00000000
2018-02-23 18:31:28,0.00009291,350.00000000
2018-02-23 18:31:32,0.00009294,446.00000000
2018-02-23 18:31:34,0.00009289,10.00000000
2018-02-23 18:31:46,0.00009293,12.00000000
2018-02-23 18:31:49,0.00009293,488.00000000
2018-02-23 18:31:50,0.00009294,446.00000000
2018-02-23 18:31:51,0.00009298,34.00000000
2018-02-23 18:31:51,0.00009292,93.00000000
2018-02-23 18:31:51,0.00009306,950.00000000
2018-02-23 18:31:51,0.00009307,560.00000000
2018-02-23 18:31:54,0.00009304,523.00000000
2018-02-23 18:31:54,0.00009305,632.00000000
2018-02-23 18:31:55,0.00009303,90.00000000
2018-02-23 18:31:58,0.00009295,90.00000000
2018-02-23 18:31:58,0.00009295,447.00000000
2018-02-23 18:31:58,0.00009295,120.00000000
2018-02-23 18:31:59,0.00009295,156.00000000
2018-02-23 18:32:00,0.00009294,1078.00000000
2018-02-23 18:32:03,0.00009303,163.00000000
2018-02-23 18:32:09,0.00009303,1.00000000
2018-02-23 18:32:09,0.00009298,107.00000000
2018-02-23 18:32:22,0.00009298,108.00000000
2018-02-23 18:32:24,0.00009298,108.00000000
2018-02-23 18:32:31,0.00009298,108.00000000
2018-02-23 18:32:32,0.00009298,465.00000000
2018-02-23 18:32:33,0.00009298,108.00000000
2018-02-23 18:32:34,0.00009298,1052.00000000
2018-02-23 18:32:34,0.00009298,26.00000000
2018-02-23 18:32:34,0.00009302,81.00000000
2018-02-23 18:32:35,0.00009294,108.00000000
2018-02-23 18:32:37,0.00009298,112.00000000
2018-02-23 18:32:44,0.00009296,1.00000000
2018-02-23 18:32:44,0.00009296,38.00000000
2018-02-23 18:32:44,0.00009297,975.00000000
2018-02-23 18:32:46,0.00009295,62.00000000
2018-02-23 18:32:46,0.00009297,211.00000000
2018-02-23 18:32:46,0.00009298,378.00000000
2018-02-23 18:32:55,0.00009294,50.00000000
2018-02-23 18:33:04,0.00009294,3.00000000
2018-02-23 18:33:05,0.00009294,338.00000000
2018-02-23 18:33:12,0.00009294,117.00000000
2018-02-23 18:33:12,0.00009293,598.00000000
2018-02-23 18:33:16,0.00009298,22.00000000
2018-02-23 18:33:17,0.00009298,26.00000000
2018-02-23 18:33:20,0.00009294,176.00000000
2018-02-23 18:33:25,0.00009298,2307.00000000
2018-02-23 18:33:28,0.00009298,78.00000000
2018-02-23 18:33:29,0.00009300,194.00000000
2018-02-23 18:33:34,0.00009300,838.00000000
2018-02-23 18:33:34,0.00009310,217.00000000
2018-02-23 18:33:38,0.00009308,12.00000000
2018-02-23 18:33:49,0.00009308,1066.00000000
2018-02-23 18:33:49,0.00009308,352.00000000
2018-02-23 18:33:49,0.00009302,321.00000000
2018-02-23 18:33:49,0.00009300,63.00000000
2018-02-23 18:33:51,0.00009308,13.00000000
2018-02-23 18:34:01,0.00009306,63.00000000
2018-02-23 18:34:01,0.00009307,1338.00000000
2018-02-23 18:34:01,0.00009308,691.00000000
2018-02-23 18:34:01,0.00009308,103.00000000
2018-02-23 18:34:02,0.00009308,18.00000000
2018-02-23 18:34:02,0.00009308,15.00000000
2018-02-23 18:34:04,0.00009308,17.00000000
2018-02-23 18:34:04,0.00009308,235.00000000
2018-02-23 18:34:05,0.00009308,1074.00000000
2018-02-23 18:34:05,0.00009308,31.00000000
2018-02-23 18:34:08,0.00009310,962.00000000
2018-02-23 18:34:09,0.00009308,443.00000000
2018-02-23 18:34:12,0.00009301,209.00000000
2018-02-23 18:34:16,0.00009307,56.00000000
2018-02-23 18:34:16,0.00009308,113.00000000
2018-02-23 18:34:35,0.00009304,78.00000000
2018-02-23 18:34:41,0.00009304,42.00000000
2018-02-23 18:34:47,0.00009308,1187.00000000
2018-02-23 18:34:49,0.00009305,125.00000000
2018-02-23 18:34:54,0.00009308,214.00000000
2018-02-23 18:34:54,0.00009305,172.00000000
2018-02-23 18:34:55,0.00009308,14.00000000
2018-02-23 18:34:56,0.00009308,28.00000000
2018-02-23 18:34:56,0.00009305,792.00000000
2018-02-23 18:35:04,0.00009305,11.00000000
2018-02-23 18:35:04,0.00009305,160.00000000
2018-02-23 18:35:07,0.00009306,56.00000000
2018-02-23 18:35:10,0.00009308,150.00000000
2018-02-23 18:35:13,0.00009308,27.00000000
2018-02-23 18:35:18,0.00009306,100.00000000
2018-02-23 18:35:21,0.00009307,11.00000000
2018-02-23 18:35:22,0.00009307,39.00000000
2018-02-23 18:35:22,0.00009306,12.00000000
2018-02-23 18:35:23,0.00009308,43.00000000
2018-02-23 18:35:24,0.00009306,50.00000000
2018-02-23 18:35:25,0.00009308,219.00000000
2018-02-23 18:35:26,0.00009307,944.00000000
2018-02-23 18:35:27,0.00009307,538.00000000
2018-02-23 18:35:29,0.00009307,1320.00000000
2018-02-23 18:35:32,0.00009307,169.00000000
2018-02-23 18:35:34,0.00009306,248.00000000
2018-02-23 18:35:34,0.00009305,4709.00000000
2018-02-23 18:35:34,0.00009304,452.00000000
2018-02-23 18:35:34,0.00009303,7587.00000000
2018-02-23 18:35:34,0.00009300,908.00000000
2018-02-23 18:35:35,0.00009299,483.00000000
2018-02-23 18:35:35,0.00009298,125.00000000
2018-02-23 18:35:36,0.00009298,90.00000000
2018-02-23 18:35:37,0.00009300,52.00000000
2018-02-23 18:35:37,0.00009298,90.00000000
2018-02-23 18:35:39,0.00009299,32.00000000
2018-02-23 18:35:39,0.00009299,554.00000000
2018-02-23 18:35:39,0.00009300,215.00000000
2018-02-23 18:35:41,0.00009300,62118.00000000
2018-02-23 18:35:43,0.00009300,71.00000000
2018-02-23 18:35:44,0.00009300,198.00000000
2018-02-23 18:35:47,0.00009300,12.00000000
2018-02-23 18:35:48,0.00009300,25.00000000
2018-02-23 18:35:48,0.00009298,35.00000000
2018-02-23 18:35:49,0.00009300,71.00000000
2018-02-23 18:35:50,0.00009300,10779.00000000
2018-02-23 18:35:50,0.00009300,89.00000000
2018-02-23 18:35:51,0.00009300,32466.00000000
2018-02-23 18:35:51,0.00009306,483.00000000
2018-02-23 18:35:51,0.00009307,1757.00000000
2018-02-23 18:35:51,0.00009308,2988.00000000
2018-02-23 18:35:51,0.00009310,1636.00000000
2018-02-23 18:35:51,0.00009311,537.00000000
2018-02-23 18:35:53,0.00009307,105.00000000
2018-02-23 18:35:53,0.00009306,33.00000000
2018-02-23 18:35:54,0.00009306,59.00000000
2018-02-23 18:35:54,0.00009306,40.00000000
2018-02-23 18:35:55,0.00009306,49.00000000
2018-02-23 18:35:55,0.00009306,170.00000000
2018-02-23 18:35:55,0.00009313,516.00000000
2018-02-23 18:35:55,0.00009314,877.00000000
2018-02-23 18:35:55,0.00009301,41.00000000
2018-02-23 18:35:56,0.00009313,41.00000000
2018-02-23 18:35:56,0.00009314,6555.00000000
2018-02-23 18:35:56,0.00009315,54.00000000
2018-02-23 18:35:56,0.00009320,2512.00000000
2018-02-23 18:35:56,0.00009322,566.00000000
2018-02-23 18:35:56,0.00009322,411.00000000
2018-02-23 18:35:56,0.00009325,1199.00000000
2018-02-23 18:35:57,0.00009326,483.00000000
2018-02-23 18:35:57,0.00009327,410.00000000
2018-02-23 18:35:57,0.00009328,17.00000000
2018-02-23 18:35:57,0.00009328,483.00000000
2018-02-23 18:35:57,0.00009310,288.00000000
2018-02-23 18:35:57,0.00009314,265.00000000
2018-02-23 18:35:57,0.00009330,25.00000000
2018-02-23 18:35:57,0.00009333,500.00000000
2018-02-23 18:35:57,0.00009314,231.00000000
2018-02-23 18:35:57,0.00009314,1851.00000000
2018-02-23 18:35:57,0.00009314,1612.00000000
2018-02-23 18:35:57,0.00009335,39.00000000
2018-02-23 18:35:57,0.00009314,1612.00000000
2018-02-23 18:35:57,0.00009314,321.00000000
2018-02-23 18:35:57,0.00009314,277.00000000
2018-02-23 18:35:57,0.00009311,526.00000000
2018-02-23 18:35:57,0.00009310,4.00000000
2018-02-23 18:35:57,0.00009312,225.00000000
2018-02-23 18:35:57,0.00009314,1210.00000000
2018-02-23 18:35:57,0.00009314,90.00000000
2018-02-23 18:35:57,0.00009310,88.00000000
2018-02-23 18:35:58,0.00009311,526.00000000
2018-02-23 18:35:58,0.00009314,555.00000000
2018-02-23 18:35:59,0.00009316,34.00000000
2018-02-23 18:35:59,0.00009316,294.00000000
2018-02-23 18:36:00,0.00009319,1068.00000000
2018-02-23 18:36:00,0.00009318,1566.00000000
2018-02-23 18:36:00,0.00009316,536.00000000
2018-02-23 18:36:00,0.00009310,747.00000000
2018-02-23 18:36:00,0.00009310,90.00000000
2018-02-23 18:36:00,0.00009310,90.00000000
2018-02-23 18:36:00,0.00009310,6484.00000000
2018-02-23 18:36:00,0.00009335,201.00000000
2018-02-23 18:36:00,0.00009338,160.00000000
2018-02-23 18:36:00,0.00009339,560.00000000
2018-02-23 18:36:00,0.00009340,900.00000000
2018-02-23 18:36:00,0.00009342,1864.00000000
2018-02-23 18:36:01,0.00009319,526.00000000
2018-02-23 18:36:01,0.00009319,451.00000000
2018-02-23 18:36:06,0.00009337,977.00000000
2018-02-23 18:36:06,0.00009338,101.00000000
2018-02-23 18:36:06,0.00009338,435.00000000
2018-02-23 18:36:06,0.00009340,900.00000000
2018-02-23 18:36:06,0.00009342,572.00000000
2018-02-23 18:36:06,0.00009345,16.00000000
2018-02-23 18:36:06,0.00009348,150.00000000
2018-02-23 18:36:06,0.00009349,498.00000000
2018-02-23 18:36:06,0.00009324,84.00000000
2018-02-23 18:36:08,0.00009338,41.00000000
2018-02-23 18:36:10,0.00009337,29.00000000
2018-02-23 18:36:10,0.00009337,55.00000000
2018-02-23 18:36:10,0.00009338,92.00000000
2018-02-23 18:36:13,0.00009340,402.00000000
2018-02-23 18:36:13,0.00009332,103.00000000
2018-02-23 18:36:13,0.00009349,526.00000000
2018-02-23 18:36:14,0.00009332,10.00000000
2018-02-23 18:36:14,0.00009340,935.00000000
2018-02-23 18:36:14,0.00009340,143.00000000
2018-02-23 18:36:14,0.00009333,526.00000000
2018-02-23 18:36:14,0.00009332,408.00000000
2018-02-23 18:36:14,0.00009340,605.00000000
2018-02-23 18:36:15,0.00009348,24.00000000
2018-02-23 18:36:15,0.00009348,876.00000000
2018-02-23 18:36:15,0.00009349,406.00000000
2018-02-23 18:36:15,0.00009350,4459.00000000
2018-02-23 18:36:15,0.00009353,500.00000000
2018-02-23 18:36:15,0.00009356,12.00000000
2018-02-23 18:36:15,0.00009357,150.00000000
2018-02-23 18:36:15,0.00009357,900.00000000
2018-02-23 18:36:15,0.00009357,900.00000000
2018-02-23 18:36:15,0.00009357,900.00000000
2018-02-23 18:36:15,0.00009357,27.00000000
2018-02-23 18:36:15,0.00009357,15.00000000
2018-02-23 18:36:15,0.00009333,42.00000000
2018-02-23 18:36:16,0.00009334,19.00000000
2018-02-23 18:36:16,0.00009334,29.00000000
2018-02-23 18:36:16,0.00009334,42.00000000
2018-02-23 18:36:17,0.00009338,90.00000000
2018-02-23 18:36:17,0.00009339,110.00000000
2018-02-23 18:36:17,0.00009339,137.00000000
2018-02-23 18:36:17,0.00009352,63.00000000
2018-02-23 18:36:17,0.00009352,505.00000000
2018-02-23 18:36:17,0.00009353,178.00000000
2018-02-23 18:36:17,0.00009337,947.00000000
2018-02-23 18:36:17,0.00009335,535.00000000
2018-02-23 18:36:18,0.00009335,1652.00000000
2018-02-23 18:36:18,0.00009338,25.00000000
2018-02-23 18:36:19,0.00009339,119.00000000
2018-02-23 18:36:19,0.00009338,95.00000000
2018-02-23 18:36:19,0.00009338,228.00000000
2018-02-23 18:36:19,0.00009333,592.00000000
2018-02-23 18:36:20,0.00009353,625.00000000
2018-02-23 18:36:20,0.00009353,200.00000000
2018-02-23 18:36:21,0.00009352,138.00000000
2018-02-23 18:36:21,0.00009337,15.00000000
2018-02-23 18:36:22,0.00009339,25.00000000
2018-02-23 18:36:22,0.00009339,42.00000000
2018-02-23 18:36:22,0.00009339,42.00000000
2018-02-23 18:36:23,0.00009353,399.00000000
2018-02-23 18:36:23,0.00009355,41.00000000
2018-02-23 18:36:24,0.00009351,440.00000000
2018-02-23 18:36:24,0.00009351,678.00000000
2018-02-23 18:36:24,0.00009351,601.00000000
2018-02-23 18:36:24,0.00009351,145.00000000
2018-02-23 18:36:24,0.00009350,440.00000000
2018-02-23 18:36:24,0.00009350,369.00000000
2018-02-23 18:36:24,0.00009340,25.00000000
2018-02-23 18:36:25,0.00009340,709.00000000
2018-02-23 18:36:25,0.00009354,15.00000000
2018-02-23 18:36:26,0.00009344,492.00000000
2018-02-23 18:36:27,0.00009344,153.00000000
2018-02-23 18:36:27,0.00009345,516.00000000
2018-02-23 18:36:27,0.00009344,2496.00000000
2018-02-23 18:36:27,0.00009343,544.00000000
