DATE,PRICE,VOLUME
2018-02-25 10:00:00,0.00009364,189.00000000
2018-02-25 10:00:05,0.00009365,499.00000000
2018-02-25 10:00:09,0.00009370,1192.00000000
2018-02-25 10:00:09,0.00009370,175.00000000
2018-02-25 10:00:11,0.00009370,84.00000000
2018-02-25 10:00:15,0.00009370,32.00000000
2018-02-25 10:00:22,0.00009370,394.00000000
2018-02-25 10:00:24,0.00009370,54.00000000
2018-02-25 10:00:30,0.00009370,1.00000000
2018-02-25 10:00:30,0.00009369,110.00000000
2018-02-25 10:00:36,0.00009366,110.00000000
2018-02-25 10:00:39,0.00009369,91.00000000
2018-02-25 10:00:50,0.00009366,4128.00000000
2018-02-25 10:00:50,0.00009365,907.00000000
2018-02-25 10:00:51,0.00009369,25.00000000
2018-02-25 10:00:56,0.00009369,16.00000000
2018-02-25 10:00:56,0.00009361,150.00000000
2018-02-25 10:01:00,0.00009369,106.00000000
2018-02-25 10:01:04,0.00009369,106.00000000
2018-02-25 10:01:09,0.00009369,106.00000000
2018-02-25 10:01:09,0.00009361,227.00000000
2018-02-25 10:01:12,0.00009369,25.00000000
2018-02-25 10:01:13,0.00009369,106.00000000
2018-02-25 10:01:13,0.00009364,89.00000000
2018-02-25 10:01:13,0.00009364,90.00000000
2018-02-25 10:01:22,0.00009364,90.00000000
2018-02-25 10:01:23,0.00009364,103.00000000
2018-02-25 10:01:28,0.00009369,106.00000000
2018-02-25 10:01:30,0.00009364,42.00000000
2018-02-25 10:01:36,0.00009364,42.00000000
2018-02-25 10:01:36,0.00009369,79.00000000
2018-02-25 10:01:42,0.00009364,78.00000000
2018-02-25 10:01:46,0.00009368,31.00000000
2018-02-25 10:01:48,0.00009364,42.00000000
2018-02-25 10:01:54,0.00009364,24.00000000
2018-02-25 10:01:56,0.00009363,18.00000000
2018-02-25 10:01:58,0.00009364,107.00000000
2018-02-25 10:01:58,0.00009361,610.00000000
2018-02-25 10:01:58,0.00009360,548.00000000
2018-02-25 10:02:05,0.00009363,1.00000000
2018-02-25 10:02:05,0.00009360,42.00000000
2018-02-25 10:02:16,0.00009361,547.00000000
2018-02-25 10:02:21,0.00009362,150.00000000
2018-02-25 10:02:21,0.00009361,3327.00000000
2018-02-25 10:02:23,0.00009361,2781.00000000
2018-02-25 10:02:27,0.00009360,72.00000000
2018-02-25 10:02:30,0.00009360,33.00000000
2018-02-25 10:02:35,0.00009360,501.00000000
2018-02-25 10:02:46,0.00009362,154.00000000
2018-02-25 10:02:52,0.00009362,26.00000000
2018-02-25 10:03:01,0.00009362,534.00000000
2018-02-25 10:03:03,0.00009362,2168.00000000
2018-02-25 10:03:06,0.00009362,18.00000000
2018-02-25 10:03:06,0.00009363,15.00000000
2018-02-25 10:03:08,0.00009363,26.00000000
2018-02-25 10:03:08,0.00009365,508.00000000
2018-02-25 10:03:09,0.00009362,534.00000000
2018-02-25 10:03:11,0.00009362,534.00000000
2018-02-25 10:03:12,0.00009360,847.00000000
2018-02-25 10:03:13,0.00009362,534.00000000
2018-02-25 10:03:15,0.00009362,534.00000000
2018-02-25 10:03:17,0.00009362,534.00000000
2018-02-25 10:03:19,0.00009362,534.00000000
2018-02-25 10:03:21,0.00009362,534.00000000
2018-02-25 10:03:23,0.00009362,534.00000000
2018-02-25 10:03:26,0.00009362,64.00000000
2018-02-25 10:03:26,0.00009362,106.00000000
2018-02-25 10:03:33,0.00009360,1445.00000000
2018-02-25 10:03:41,0.00009362,98.00000000
2018-02-25 10:03:47,0.00009362,294.00000000
2018-02-25 10:03:48,0.00009362,1000.00000000
2018-02-25 10:03:52,0.00009362,27.00000000
2018-02-25 10:03:53,0.00009362,196.00000000
2018-02-25 10:03:54,0.00009362,804.00000000
2018-02-25 10:03:55,0.00009362,73.00000000
2018-02-25 10:03:56,0.00009360,163.00000000
2018-02-25 10:03:57,0.00009362,889.00000000
2018-02-25 10:03:57,0.00009365,111.00000000
2018-02-25 10:03:58,0.00009365,249.00000000
2018-02-25 10:04:00,0.00009360,28.00000000
2018-02-25 10:04:02,0.00009362,203.00000000
2018-02-25 10:04:10,0.00009362,413.00000000
2018-02-25 10:04:10,0.00009365,587.00000000
2018-02-25 10:04:11,0.00009360,1401.00000000
2018-02-25 10:04:17,0.00009365,21.00000000
2018-02-25 10:04:20,0.00009362,1000.00000000
2018-02-25 10:04:21,0.00009362,21.00000000
2018-02-25 10:04:22,0.00009360,110.00000000
2018-02-25 10:04:24,0.00009362,2539.00000000
2018-02-25 10:04:24,0.00009362,2.00000000
2018-02-25 10:04:26,0.00009360,78.00000000
2018-02-25 10:04:28,0.00009360,78.00000000
2018-02-25 10:04:31,0.00009362,534.00000000
2018-02-25 10:04:34,0.00009360,100.00000000
2018-02-25 10:04:35,0.00009362,534.00000000
2018-02-25 10:04:36,0.00009362,1039.00000000
2018-02-25 10:04:36,0.00009362,20.00000000
2018-02-25 10:04:36,0.00009365,514.00000000
2018-02-25 10:04:37,0.00009365,819.00000000
2018-02-25 10:04:37,0.00009360,1200.00000000
2018-02-25 10:04:38,0.00009365,534.00000000
2018-02-25 10:04:44,0.00009365,216.00000000
2018-02-25 10:04:44,0.00009368,318.00000000
2018-02-25 10:04:46,0.00009368,534.00000000
2018-02-25 10:04:49,0.00009360,97.00000000
2018-02-25 10:04:58,0.00009360,530.00000000
2018-02-25 10:05:01,0.00009368,203.00000000
2018-02-25 10:05:05,0.00009368,1369.00000000
2018-02-25 10:05:06,0.00009369,110.00000000
2018-02-25 10:05:06,0.00009369,1135.00000000
2018-02-25 10:05:07,0.00009369,60.00000000
2018-02-25 10:05:11,0.00009368,16.00000000
2018-02-25 10:05:11,0.00009369,194.00000000
2018-02-25 10:05:11,0.00009370,324.00000000
2018-02-25 10:05:14,0.00009370,534.00000000
2018-02-25 10:05:19,0.00009364,100.00000000
2018-02-25 10:05:28,0.00009370,479.00000000
2018-02-25 10:05:31,0.00009370,106.00000000
2018-02-25 10:05:32,0.00009364,20.00000000
2018-02-25 10:05:34,0.00009370,63.00000000
2018-02-25 10:05:37,0.00009370,18.00000000
2018-02-25 10:05:37,0.00009370,587.00000000
2018-02-25 10:05:37,0.00009370,10.00000000
2018-02-25 10:05:37,0.00009370,10.00000000
2018-02-25 10:05:38,0.00009370,18.00000000
2018-02-25 10:05:39,0.00009370,18.00000000
2018-02-25 10:05:40,0.00009370,18.00000000
2018-02-25 10:05:41,0.00009370,223.00000000
2018-02-25 10:05:44,0.00009364,5.00000000
2018-02-25 10:05:45,0.00009364,1.00000000
2018-02-25 10:05:47,0.00009364,464.00000000
2018-02-25 10:05:47,0.00009360,831.00000000
2018-02-25 10:05:52,0.00009365,1476.00000000
2018-02-25 10:05:54,0.00009365,3581.00000000
2018-02-25 10:05:57,0.00009370,44.00000000
2018-02-25 10:05:58,0.00009370,98.00000000
2018-02-25 10:06:02,0.00009370,203.00000000
2018-02-25 10:06:02,0.00009370,6456.00000000
2018-02-25 10:06:03,0.00009370,836.00000000
2018-02-25 10:06:03,0.00009370,2377.00000000
2018-02-25 10:06:04,0.00009370,51.00000000
2018-02-25 10:06:04,0.00009369,35.00000000
2018-02-25 10:06:04,0.00009370,161.00000000
2018-02-25 10:06:05,0.00009370,1068.00000000
2018-02-25 10:06:05,0.00009370,552.00000000
2018-02-25 10:06:05,0.00009370,700.00000000
2018-02-25 10:06:10,0.00009370,98.00000000
2018-02-25 10:06:14,0.00009370,105.00000000
2018-02-25 10:06:20,0.00009370,4547.00000000
2018-02-25 10:06:21,0.00009370,4547.00000000
2018-02-25 10:06:22,0.00009370,97.00000000
2018-02-25 10:06:24,0.00009370,534.00000000
2018-02-25 10:06:26,0.00009370,2278.00000000
2018-02-25 10:06:27,0.00009370,1419.00000000
2018-02-25 10:06:28,0.00009370,1018.00000000
2018-02-25 10:06:28,0.00009370,97.00000000
2018-02-25 10:06:33,0.00009370,18.00000000
2018-02-25 10:06:39,0.00009370,22.00000000
2018-02-25 10:06:39,0.00009370,106.00000000
2018-02-25 10:06:40,0.00009370,2.00000000
2018-02-25 10:06:41,0.00009370,112.00000000
2018-02-25 10:06:47,0.00009370,20.00000000
2018-02-25 10:07:02,0.00009370,203.00000000
2018-02-25 10:07:15,0.00009369,95.00000000
2018-02-25 10:07:16,0.00009369,74.00000000
2018-02-25 10:07:20,0.00009369,97.00000000
2018-02-25 10:07:21,0.00009365,42.00000000
2018-02-25 10:07:25,0.00009369,110.00000000
2018-02-25 10:07:25,0.00009369,169.00000000
2018-02-25 10:07:27,0.00009369,221.00000000
2018-02-25 10:07:30,0.00009369,102.00000000
2018-02-25 10:07:38,0.00009369,103.00000000
2018-02-25 10:07:38,0.00009369,103.00000000
2018-02-25 10:07:45,0.00009365,37.00000000
2018-02-25 10:08:02,0.00009368,86.00000000
2018-02-25 10:08:02,0.00009369,11.00000000
2018-02-25 10:08:02,0.00009366,35.00000000
2018-02-25 10:08:05,0.00009368,4.00000000
2018-02-25 10:08:07,0.00009369,2801.00000000
2018-02-25 10:08:08,0.00009369,194.00000000
2018-02-25 10:08:12,0.00009369,33.00000000
2018-02-25 10:08:12,0.00009368,26.00000000
2018-02-25 10:08:13,0.00009369,534.00000000
2018-02-25 10:08:14,0.00009369,388.00000000
2018-02-25 10:08:15,0.00009369,2165.00000000
2018-02-25 10:08:15,0.00009370,37166.00000000
2018-02-25 10:08:16,0.00009370,534.00000000
2018-02-25 10:08:16,0.00009369,500.00000000
2018-02-25 10:08:20,0.00009369,247.00000000
2018-02-25 10:08:23,0.00009369,223.00000000
2018-02-25 10:08:24,0.00009369,700.00000000
2018-02-25 10:08:25,0.00009369,194.00000000
2018-02-25 10:08:29,0.00009369,523.00000000
2018-02-25 10:08:31,0.00009369,194.00000000
2018-02-25 10:08:32,0.00009368,1170.00000000
2018-02-25 10:08:37,0.00009368,194.00000000
2018-02-25 10:08:44,0.00009368,345.00000000
2018-02-25 10:08:44,0.00009368,946.00000000
2018-02-25 10:08:47,0.00009368,14.00000000
2018-02-25 10:08:48,0.00009366,838.00000000
2018-02-25 10:08:50,0.00009368,227.00000000
2018-02-25 10:08:52,0.00009366,357.00000000
2018-02-25 10:08:56,0.00009368,291.00000000
2018-02-25 10:08:56,0.00009366,736.00000000
2018-02-25 10:08:57,0.00009366,427.00000000
2018-02-25 10:08:59,0.00009366,115.00000000
2018-02-25 10:09:02,0.00009366,42.00000000
2018-02-25 10:09:02,0.00009368,203.00000000
2018-02-25 10:09:03,0.00009366,4.00000000
2018-02-25 10:09:03,0.00009365,38.00000000
2018-02-25 10:09:04,0.00009365,42.00000000
2018-02-25 10:09:05,0.00009368,97.00000000
2018-02-25 10:09:06,0.00009365,321.00000000
2018-02-25 10:09:14,0.00009365,333.00000000
2018-02-25 10:09:14,0.00009368,534.00000000
2018-02-25 10:09:17,0.00009368,130.00000000
2018-02-25 10:09:17,0.00009369,404.00000000
2018-02-25 10:09:17,0.00009365,105.00000000
2018-02-25 10:09:20,0.00009369,151.00000000
2018-02-25 10:09:20,0.00009370,383.00000000
2018-02-25 10:09:27,0.00009365,73.00000000
2018-02-25 10:09:27,0.00009365,74.00000000
2018-02-25 10:09:27,0.00009365,76.00000000
2018-02-25 10:09:29,0.00009365,1854.00000000
2018-02-25 10:09:29,0.00009365,534.00000000
2018-02-25 10:09:31,0.00009365,534.00000000
2018-02-25 10:09:32,0.00009365,2349.00000000
2018-02-25 10:09:32,0.00009365,157.00000000
2018-02-25 10:09:32,0.00009365,21.00000000
2018-02-25 10:09:33,0.00009365,89.00000000
2018-02-25 10:09:33,0.00009365,534.00000000
2018-02-25 10:09:38,0.00009365,533.00000000
2018-02-25 10:09:38,0.00009365,534.00000000
2018-02-25 10:09:39,0.00009365,94.00000000
2018-02-25 10:09:39,0.00009362,385.00000000
2018-02-25 10:09:40,0.00009362,533.00000000
2018-02-25 10:09:40,0.00009365,1.00000000
2018-02-25 10:09:41,0.00009365,5.00000000
2018-02-25 10:09:43,0.00009370,23.00000000
2018-02-25 10:09:50,0.00009370,106.00000000
2018-02-25 10:09:52,0.00009369,481.00000000
2018-02-25 10:09:53,0.00009369,194.00000000
2018-02-25 10:09:59,0.00009369,39.00000000
2018-02-25 10:09:59,0.00009370,58.00000000
2018-02-25 10:10:03,0.00009370,203.00000000
2018-02-25 10:10:05,0.00009370,194.00000000
2018-02-25 10:10:06,0.00009370,110.00000000
2018-02-25 10:10:11,0.00009370,194.00000000
2018-02-25 10:10:13,0.00009370,395.00000000
2018-02-25 10:10:13,0.00009369,74.00000000
2018-02-25 10:10:13,0.00009369,90.00000000
2018-02-25 10:10:13,0.00009369,73.00000000
2018-02-25 10:10:28,0.00009369,163.00000000
2018-02-25 10:10:28,0.00009368,400.00000000
2018-02-25 10:10:29,0.00009370,97.00000000
2018-02-25 10:10:39,0.00009369,291.00000000
2018-02-25 10:10:39,0.00009369,67.00000000
2018-02-25 10:10:39,0.00009370,39.00000000
2018-02-25 10:10:47,0.00009370,199.00000000
2018-02-25 10:10:50,0.00009370,51.00000000
2018-02-25 10:10:50,0.00009370,11.00000000
2018-02-25 10:10:50,0.00009370,302.00000000
2018-02-25 10:11:02,0.00009370,203.00000000
2018-02-25 10:11:05,0.00009369,6.00000000
2018-02-25 10:11:17,0.00009369,315.00000000
2018-02-25 10:11:31,0.00009368,450.00000000
2018-02-25 10:11:38,0.00009369,245.00000000
2018-02-25 10:11:50,0.00009369,277.00000000
2018-02-25 10:12:02,0.00009369,1069.00000000
2018-02-25 10:12:09,0.00009369,6191.00000000
2018-02-25 10:12:12,0.00009369,73.00000000
2018-02-25 10:12:19,0.00009369,957.00000000
2018-02-25 10:12:19,0.00009368,10602.00000000
2018-02-25 10:12:19,0.00009365,50.00000000
2018-02-25 10:12:19,0.00009364,200.00000000
2018-02-25 10:12:19,0.00009363,490.00000000
2018-02-25 10:12:19,0.00009361,1567.00000000
2018-02-25 10:12:27,0.00009369,1.00000000
2018-02-25 10:12:29,0.00009369,106.00000000
2018-02-25 10:12:29,0.00009369,23.00000000
2018-02-25 10:12:29,0.00009370,83.00000000
2018-02-25 10:12:30,0.00009363,106.00000000
2018-02-25 10:12:36,0.00009369,90.00000000
2018-02-25 10:12:36,0.00009369,20.00000000
2018-02-25 10:12:36,0.00009363,53.00000000
2018-02-25 10:12:40,0.00009364,90.00000000
2018-02-25 10:12:40,0.00009364,73.00000000
2018-02-25 10:12:41,0.00009369,109.00000000
2018-02-25 10:12:42,0.00009365,112.00000000
2018-02-25 10:12:47,0.00009365,73.00000000
2018-02-25 10:12:47,0.00009365,74.00000000
2018-02-25 10:12:49,0.00009369,1067.00000000
2018-02-25 10:12:56,0.00009369,510.00000000
2018-02-25 10:12:56,0.00009369,526.00000000
2018-02-25 10:12:58,0.00009370,49.00000000
2018-02-25 10:12:58,0.00009370,1.00000000
2018-02-25 10:13:02,0.00009370,1036.00000000
2018-02-25 10:13:04,0.00009369,151.00000000
2018-02-25 10:13:06,0.00009370,1827.00000000
2018-02-25 10:13:16,0.00009370,150.00000000
2018-02-25 10:13:18,0.00009370,195.00000000
2018-02-25 10:13:23,0.00009369,42.00000000
2018-02-25 10:13:24,0.00009369,19.00000000
2018-02-25 10:13:25,0.00009369,42.00000000
2018-02-25 10:13:26,0.00009370,44.00000000
2018-02-25 10:13:27,0.00009370,1300.00000000
2018-02-25 10:13:27,0.00009369,42.00000000
2018-02-25 10:13:29,0.00009369,48.00000000
2018-02-25 10:13:30,0.00009370,171.00000000
2018-02-25 10:13:30,0.00009369,19.00000000
2018-02-25 10:13:30,0.00009366,50.00000000
2018-02-25 10:13:30,0.00009365,5.00000000
2018-02-25 10:13:30,0.00009365,6.00000000
2018-02-25 10:13:30,0.00009364,7.00000000
2018-02-25 10:13:30,0.00009363,77.00000000
2018-02-25 10:13:32,0.00009363,89.00000000
2018-02-25 10:13:32,0.00009363,73.00000000
2018-02-25 10:13:33,0.00009370,234.00000000
2018-02-25 10:13:34,0.00009363,40.00000000
2018-02-25 10:13:34,0.00009362,2.00000000
2018-02-25 10:13:34,0.00009370,50.00000000
2018-02-25 10:13:34,0.00009362,93.00000000
2018-02-25 10:13:34,0.00009362,79.00000000
2018-02-25 10:13:34,0.00009362,82.00000000
2018-02-25 10:13:35,0.00009362,73.00000000
2018-02-25 10:13:36,0.00009370,1620.00000000
2018-02-25 10:13:36,0.00009362,56.00000000
2018-02-25 10:13:36,0.00009361,37.00000000
2018-02-25 10:13:37,0.00009361,82.00000000
2018-02-25 10:13:39,0.00009361,108.00000000
2018-02-25 10:13:40,0.00009370,50.00000000
2018-02-25 10:13:43,0.00009370,26.00000000
2018-02-25 10:13:48,0.00009364,108.00000000
2018-02-25 10:13:54,0.00009369,30.00000000
2018-02-25 10:14:03,0.00009364,139.00000000
2018-02-25 10:14:14,0.00009364,60.00000000
2018-02-25 10:14:14,0.00009368,97.00000000
2018-02-25 10:14:15,0.00009364,76.00000000
2018-02-25 10:14:20,0.00009364,12.00000000
2018-02-25 10:14:20,0.00009364,162.00000000
2018-02-25 10:14:20,0.00009368,117.00000000
2018-02-25 10:14:22,0.00009362,39.00000000
2018-02-25 10:14:23,0.00009363,85.00000000
2018-02-25 10:14:24,0.00009363,84.00000000
2018-02-25 10:14:26,0.00009363,255.00000000
2018-02-25 10:14:27,0.00009361,240.00000000
2018-02-25 10:14:28,0.00009361,60.00000000
2018-02-25 10:14:29,0.00009363,116.00000000
2018-02-25 10:14:30,0.00009362,20.00000000
2018-02-25 10:14:32,0.00009363,245.00000000
2018-02-25 10:14:32,0.00009362,62.00000000
2018-02-25 10:14:38,0.00009363,224.00000000
2018-02-25 10:14:44,0.00009361,5.00000000
2018-02-25 10:14:44,0.00009363,97.00000000
2018-02-25 10:14:51,0.00009361,106.00000000
2018-02-25 10:14:51,0.00009363,187.00000000
2018-02-25 10:14:52,0.00009363,80.00000000
2018-02-25 10:15:08,0.00009363,56.00000000
2018-02-25 10:15:15,0.00009363,608.00000000
2018-02-25 10:15:29,0.00009363,801.00000000
2018-02-25 10:15:32,0.00009363,1943.00000000
2018-02-25 10:15:42,0.00009364,199.00000000
2018-02-25 10:15:44,0.00009361,98.00000000
2018-02-25 10:15:52,0.00009363,80.00000000
2018-02-25 10:15:52,0.00009361,2.00000000
2018-02-25 10:15:52,0.00009361,93.00000000
2018-02-25 10:15:53,0.00009364,1.00000000
2018-02-25 10:15:54,0.00009364,93.00000000
2018-02-25 10:15:54,0.00009364,82.00000000
2018-02-25 10:15:56,0.00009368,115.00000000
2018-02-25 10:15:56,0.00009364,82.00000000
2018-02-25 10:15:59,0.00009368,193.00000000
2018-02-25 10:16:00,0.00009368,266.00000000
2018-02-25 10:16:01,0.00009368,1127.00000000
2018-02-25 10:16:01,0.00009370,2883.00000000
2018-02-25 10:16:19,0.00009369,355.00000000
2018-02-25 10:16:20,0.00009369,42.00000000
2018-02-25 10:16:23,0.00009369,42.00000000
2018-02-25 10:16:27,0.00009370,568.00000000
2018-02-25 10:16:40,0.00009369,101.00000000
2018-02-25 10:16:46,0.00009369,1460.00000000
2018-02-25 10:16:51,0.00009364,100.00000000
2018-02-25 10:16:53,0.00009364,217.00000000
2018-02-25 10:17:00,0.00009366,92.00000000
2018-02-25 10:17:00,0.00009369,248.00000000
2018-02-25 10:17:15,0.00009369,33.00000000
2018-02-25 10:17:22,0.00009369,130.00000000
2018-02-25 10:17:31,0.00009369,164.00000000
2018-02-25 10:17:36,0.00009369,1165.00000000
2018-02-25 10:17:37,0.00009365,142.00000000
2018-02-25 10:17:38,0.00009369,1900.00000000
2018-02-25 10:17:40,0.00009369,192.00000000
2018-02-25 10:17:43,0.00009369,900.00000000
2018-02-25 10:17:44,0.00009365,610.00000000
2018-02-25 10:17:45,0.00009369,1067.00000000
2018-02-25 10:17:48,0.00009369,356.00000000
2018-02-25 10:17:51,0.00009369,23.00000000
2018-02-25 10:18:01,0.00009369,1425.00000000
2018-02-25 10:18:31,0.00009369,401.00000000
2018-02-25 10:18:45,0.00009365,213.00000000
2018-02-25 10:19:03,0.00009366,303.00000000
2018-02-25 10:19:11,0.00009366,80.00000000
2018-02-25 10:19:11,0.00009366,299.00000000
2018-02-25 10:19:12,0.00009366,106.00000000
2018-02-25 10:19:27,0.00009369,183.00000000
2018-02-25 10:19:29,0.00009366,213.00000000
2018-02-25 10:19:31,0.00009366,112.00000000
2018-02-25 10:19:34,0.00009366,24.00000000
2018-02-25 10:19:44,0.00009366,112.00000000
2018-02-25 10:19:46,0.00009366,564.00000000
2018-02-25 10:19:46,0.00009369,122.00000000
2018-02-25 10:19:50,0.00009369,106.00000000
2018-02-25 10:19:57,0.00009369,619.00000000
2018-02-25 10:20:01,0.00009366,700.00000000
2018-02-25 10:20:06,0.00009369,10.00000000
2018-02-25 10:20:18,0.00009369,1682.00000000
2018-02-25 10:20:18,0.00009370,4795.00000000
2018-02-25 10:20:21,0.00009366,32.00000000
2018-02-25 10:20:21,0.00009366,921.00000000
2018-02-25 10:20:22,0.00009366,213.00000000
2018-02-25 10:20:27,0.00009366,700.00000000
2018-02-25 10:20:27,0.00009366,159.00000000
2018-02-25 10:20:29,0.00009366,376.00000000
2018-02-25 10:20:30,0.00009369,447.00000000
2018-02-25 10:20:30,0.00009370,559.00000000
2018-02-25 10:20:31,0.00009366,377.00000000
2018-02-25 10:20:34,0.00009366,378.00000000
2018-02-25 10:20:36,0.00009366,144.00000000
2018-02-25 10:20:37,0.00009366,57.00000000
2018-02-25 10:20:38,0.00009364,87.00000000
2018-02-25 10:20:41,0.00009364,25.00000000
2018-02-25 10:20:43,0.00009364,10.00000000
2018-02-25 10:20:43,0.00009363,15.00000000
2018-02-25 10:20:46,0.00009363,379.00000000
2018-02-25 10:20:48,0.00009363,128.00000000
2018-02-25 10:20:50,0.00009363,36.00000000
2018-02-25 10:20:53,0.00009364,381.00000000
2018-02-25 10:20:55,0.00009364,1702.00000000
2018-02-25 10:20:55,0.00009363,15.00000000
2018-02-25 10:20:55,0.00009361,852.00000000
2018-02-25 10:20:57,0.00009362,277.00000000
2018-02-25 10:21:00,0.00009362,78.00000000
2018-02-25 10:21:02,0.00009362,25.00000000
2018-02-25 10:21:02,0.00009363,481.00000000
2018-02-25 10:21:02,0.00009365,87.00000000
2018-02-25 10:21:02,0.00009366,250.00000000
2018-02-25 10:21:04,0.00009362,6.00000000
2018-02-25 10:21:04,0.00009361,19.00000000
2018-02-25 10:21:06,0.00009361,383.00000000
2018-02-25 10:21:09,0.00009361,336.00000000
2018-02-25 10:21:11,0.00009361,94.00000000
2018-02-25 10:21:12,0.00009366,20.00000000
2018-02-25 10:21:12,0.00009370,184.00000000
2018-02-25 10:21:13,0.00009361,26.00000000
2018-02-25 10:21:15,0.00009370,99.00000000
2018-02-25 10:21:16,0.00009361,25.00000000
2018-02-25 10:21:18,0.00009361,384.00000000
2018-02-25 10:21:18,0.00009369,51.00000000
2018-02-25 10:21:20,0.00009361,117.00000000
2018-02-25 10:21:22,0.00009361,33.00000000
2018-02-25 10:21:24,0.00009369,13.00000000
2018-02-25 10:21:24,0.00009361,13.00000000
2018-02-25 10:21:24,0.00009360,12.00000000
2018-02-25 10:21:27,0.00009365,41.00000000
2018-02-25 10:21:29,0.00009369,3.00000000
2018-02-25 10:21:29,0.00009365,16.00000000
2018-02-25 10:21:32,0.00009361,15.00000000
2018-02-25 10:21:32,0.00009360,10.00000000
2018-02-25 10:21:34,0.00009360,61.00000000
2018-02-25 10:21:35,0.00009364,9.00000000
2018-02-25 10:21:50,0.00009364,75.00000000
2018-02-25 10:21:50,0.00009360,326.00000000
2018-02-25 10:21:58,0.00009368,100.00000000
2018-02-25 10:22:03,0.00009368,40.00000000
2018-02-25 10:22:04,0.00009360,18.00000000
2018-02-25 10:22:10,0.00009360,34.00000000
2018-02-25 10:22:13,0.00009360,37.00000000
2018-02-25 10:22:17,0.00009360,470.00000000
2018-02-25 10:22:26,0.00009367,179.00000000
2018-02-25 10:22:28,0.00009360,300.00000000
2018-02-25 10:22:34,0.00009360,100.00000000
2018-02-25 10:22:36,0.00009360,1000.00000000
2018-02-25 10:22:45,0.00009361,134.00000000
2018-02-25 10:22:45,0.00009360,465.00000000
2018-02-25 10:22:57,0.00009356,33.00000000
2018-02-25 10:23:00,0.00009356,140.00000000
2018-02-25 10:23:03,0.00009356,40.00000000
2018-02-25 10:23:09,0.00009360,21.00000000
2018-02-25 10:23:12,0.00009356,267.00000000
2018-02-25 10:23:14,0.00009360,59.00000000
2018-02-25 10:23:14,0.00009368,171.00000000
2018-02-25 10:23:16,0.00009361,84.00000000
2018-02-25 10:23:16,0.00009356,310.00000000
2018-02-25 10:23:32,0.00009367,222.00000000
2018-02-25 10:23:40,0.00009367,134.00000000
2018-02-25 10:23:52,0.00009367,40.00000000
2018-02-25 10:24:05,0.00009367,1.00000000
2018-02-25 10:24:08,0.00009356,1.00000000
2018-02-25 10:24:15,0.00009356,2709.00000000
2018-02-25 10:24:15,0.00009354,25.00000000
2018-02-25 10:24:15,0.00009354,111.00000000
2018-02-25 10:24:17,0.00009354,84.00000000
2018-02-25 10:24:24,0.00009354,600.00000000
2018-02-25 10:24:25,0.00009354,5000.00000000
2018-02-25 10:24:25,0.00009353,91.00000000
2018-02-25 10:24:26,0.00009354,84.00000000
2018-02-25 10:24:32,0.00009354,30.00000000
2018-02-25 10:24:41,0.00009354,97.00000000
2018-02-25 10:24:45,0.00009354,75.00000000
2018-02-25 10:24:47,0.00009354,131.00000000
2018-02-25 10:24:48,0.00009354,85.00000000
2018-02-25 10:24:51,0.00009354,155.00000000
2018-02-25 10:24:52,0.00009353,106.00000000
2018-02-25 10:25:11,0.00009354,354.00000000
2018-02-25 10:25:11,0.00009362,75.00000000
2018-02-25 10:25:11,0.00009366,113.00000000
2018-02-25 10:25:11,0.00009367,1387.00000000
2018-02-25 10:25:11,0.00009368,570.00000000
2018-02-25 10:25:11,0.00009369,1001.00000000
2018-02-25 10:25:11,0.00009370,1500.00000000
2018-02-25 10:25:20,0.00009370,216.00000000
2018-02-25 10:25:24,0.00009356,1001.00000000
2018-02-25 10:25:24,0.00009355,386.00000000
2018-02-25 10:25:25,0.00009354,2600.00000000
2018-02-25 10:25:29,0.00009369,1.00000000
2018-02-25 10:25:38,0.00009369,3377.00000000
2018-02-25 10:25:38,0.00009370,1623.00000000
2018-02-25 10:25:40,0.00009355,380.00000000
2018-02-25 10:26:00,0.00009359,1.00000000
2018-02-25 10:26:01,0.00009359,280.00000000
2018-02-25 10:26:07,0.00009361,60.00000000
2018-02-25 10:26:09,0.00009361,42.00000000
2018-02-25 10:26:11,0.00009361,42.00000000
2018-02-25 10:26:13,0.00009362,30.00000000
2018-02-25 10:26:22,0.00009369,1000.00000000
2018-02-25 10:26:22,0.00009370,4000.00000000
2018-02-25 10:26:28,0.00009370,2000.00000000
2018-02-25 10:26:44,0.00009364,50.00000000
2018-02-25 10:26:45,0.00009370,569.00000000
2018-02-25 10:26:48,0.00009364,64.00000000
2018-02-25 10:26:52,0.00009364,42.00000000
2018-02-25 10:26:56,0.00009365,249.00000000
2018-02-25 10:26:59,0.00009365,107.00000000
2018-02-25 10:26:59,0.00009365,3.00000000
2018-02-25 10:26:59,0.00009370,17.00000000
2018-02-25 10:27:12,0.00009364,216.00000000
2018-02-25 10:27:19,0.00009364,152.00000000
2018-02-25 10:27:20,0.00009363,27.00000000
2018-02-25 10:27:20,0.00009360,195.00000000
2018-02-25 10:27:20,0.00009358,230.00000000
2018-02-25 10:27:20,0.00009357,2017.00000000
2018-02-25 10:27:24,0.00009363,437.00000000
2018-02-25 10:27:24,0.00009363,1459.00000000
2018-02-25 10:27:25,0.00009370,106.00000000
2018-02-25 10:27:25,0.00009364,36.00000000
2018-02-25 10:27:48,0.00009364,380.00000000
2018-02-25 10:27:48,0.00009364,510.00000000
2018-02-25 10:27:53,0.00009365,123.00000000
2018-02-25 10:27:53,0.00009364,112.00000000
2018-02-25 10:27:53,0.00009364,35.00000000
2018-02-25 10:27:56,0.00009364,344.00000000
2018-02-25 10:28:13,0.00009363,25.00000000
2018-02-25 10:28:25,0.00009358,30.00000000
2018-02-25 10:28:29,0.00009363,106.00000000
2018-02-25 10:28:32,0.00009362,84.00000000
2018-02-25 10:29:08,0.00009360,255.00000000
2018-02-25 10:29:08,0.00009360,106.00000000
2018-02-25 10:29:26,0.00009360,106.00000000
2018-02-25 10:29:49,0.00009360,65.00000000
2018-02-25 10:29:59,0.00009362,12.00000000
2018-02-25 10:30:02,0.00009360,845.00000000
2018-02-25 10:30:04,0.00009357,229.00000000
2018-02-25 10:30:09,0.00009357,18.00000000
2018-02-25 10:30:22,0.00009357,72.00000000
2018-02-25 10:30:23,0.00009358,666.00000000
2018-02-25 10:30:23,0.00009358,32.00000000
2018-02-25 10:30:34,0.00009358,2.00000000
2018-02-25 10:30:34,0.00009358,21.00000000
2018-02-25 10:30:34,0.00009357,67.00000000
2018-02-25 10:30:34,0.00009356,533.00000000
2018-02-25 10:30:35,0.00009356,111.00000000
2018-02-25 10:30:42,0.00009358,1849.00000000
2018-02-25 10:30:42,0.00009360,167.00000000
2018-02-25 10:30:42,0.00009362,217.00000000
2018-02-25 10:30:42,0.00009363,180.00000000
2018-02-25 10:30:43,0.00009356,100.00000000
2018-02-25 10:30:47,0.00009360,15.00000000
2018-02-25 10:30:47,0.00009360,592.00000000
2018-02-25 10:30:47,0.00009363,4512.00000000
2018-02-25 10:30:57,0.00009360,22.00000000
2018-02-25 10:30:57,0.00009356,92.00000000
2018-02-25 10:31:19,0.00009362,155.00000000
2018-02-25 10:31:21,0.00009356,29.00000000
2018-02-25 10:31:25,0.00009362,231.00000000
2018-02-25 10:31:25,0.00009363,425.00000000
2018-02-25 10:31:27,0.00009356,1147.00000000
2018-02-25 10:31:29,0.00009356,54.00000000
2018-02-25 10:31:35,0.00009356,178.00000000
2018-02-25 10:31:41,0.00009356,21.00000000
2018-02-25 10:31:47,0.00009356,753.00000000
2018-02-25 10:31:47,0.00009356,34.00000000
2018-02-25 10:31:48,0.00009356,979.00000000
2018-02-25 10:31:49,0.00009356,46.00000000
2018-02-25 10:32:05,0.00009356,292.00000000
2018-02-25 10:32:18,0.00009357,175.00000000
2018-02-25 10:32:18,0.00009362,16.00000000
2018-02-25 10:32:30,0.00009361,533.00000000
2018-02-25 10:32:31,0.00009361,534.00000000
2018-02-25 10:32:31,0.00009362,326.00000000
2018-02-25 10:32:37,0.00009361,34.00000000
2018-02-25 10:32:39,0.00009362,534.00000000
2018-02-25 10:32:52,0.00009362,5000.00000000
2018-02-25 10:32:54,0.00009362,5000.00000000
2018-02-25 10:32:56,0.00009362,23.00000000
2018-02-25 10:32:58,0.00009362,2491.00000000
2018-02-25 10:33:00,0.00009362,4228.00000000
2018-02-25 10:33:00,0.00009363,772.00000000
2018-02-25 10:33:02,0.00009363,2367.00000000
2018-02-25 10:33:03,0.00009363,1174.00000000
2018-02-25 10:33:06,0.00009363,37.00000000
2018-02-25 10:33:11,0.00009357,301.00000000
2018-02-25 10:33:11,0.00009357,85.00000000
2018-02-25 10:33:11,0.00009356,65.00000000
2018-02-25 10:33:14,0.00009356,50.00000000
2018-02-25 10:33:16,0.00009356,1133.00000000
2018-02-25 10:33:19,0.00009363,521.00000000
2018-02-25 10:33:20,0.00009363,265.00000000
2018-02-25 10:33:20,0.00009363,151.00000000
2018-02-25 10:33:23,0.00009363,222.00000000
2018-02-25 10:33:23,0.00009364,248.00000000
2018-02-25 10:33:26,0.00009364,104.00000000
2018-02-25 10:33:26,0.00009368,2.00000000
2018-02-25 10:33:28,0.00009368,106.00000000
2018-02-25 10:33:40,0.00009362,90.00000000
2018-02-25 10:33:48,0.00009362,320.00000000
2018-02-25 10:33:50,0.00009361,959.00000000
2018-02-25 10:33:50,0.00009362,146.00000000
2018-02-25 10:33:52,0.00009357,106.00000000
2018-02-25 10:33:53,0.00009362,12.00000000
2018-02-25 10:33:54,0.00009362,24.00000000
2018-02-25 10:33:55,0.00009362,108.00000000
2018-02-25 10:33:56,0.00009362,11.00000000
2018-02-25 10:34:03,0.00009357,35.00000000
2018-02-25 10:34:08,0.00009362,1056.00000000
2018-02-25 10:34:09,0.00009369,24.00000000
2018-02-25 10:34:13,0.00009362,944.00000000
2018-02-25 10:34:32,0.00009362,1018.00000000
2018-02-25 10:34:34,0.00009362,49.00000000
2018-02-25 10:34:34,0.00009369,57.00000000
2018-02-25 10:34:39,0.00009358,106.00000000
2018-02-25 10:34:40,0.00009358,509.00000000
2018-02-25 10:34:40,0.00009358,201.00000000
2018-02-25 10:34:41,0.00009358,106.00000000
2018-02-25 10:34:42,0.00009358,83.00000000
2018-02-25 10:34:42,0.00009357,23.00000000
2018-02-25 10:34:43,0.00009357,106.00000000
2018-02-25 10:34:46,0.00009362,161.00000000
2018-02-25 10:34:51,0.00009362,106.00000000
2018-02-25 10:34:51,0.00009357,49.00000000
2018-02-25 10:34:51,0.00009362,106.00000000
2018-02-25 10:34:56,0.00009362,1654.00000000
2018-02-25 10:34:56,0.00009369,106.00000000
2018-02-25 10:34:57,0.00009369,106.00000000
2018-02-25 10:34:58,0.00009369,93.00000000
2018-02-25 10:34:58,0.00009370,13.00000000
2018-02-25 10:35:00,0.00009362,696.00000000
2018-02-25 10:35:00,0.00009362,158.00000000
2018-02-25 10:35:09,0.00009362,106.00000000
2018-02-25 10:35:13,0.00009357,54.00000000
2018-02-25 10:35:16,0.00009362,106.00000000
2018-02-25 10:35:27,0.00009361,23.00000000
2018-02-25 10:35:31,0.00009358,106.00000000
2018-02-25 10:35:39,0.00009358,202.00000000
2018-02-25 10:35:40,0.00009358,114.00000000
2018-02-25 10:35:43,0.00009358,106.00000000
2018-02-25 10:35:50,0.00009358,401.00000000
2018-02-25 10:36:06,0.00009358,12.00000000
2018-02-25 10:36:08,0.00009358,860.00000000
2018-02-25 10:36:13,0.00009358,566.00000000
2018-02-25 10:36:28,0.00009361,24.00000000
2018-02-25 10:36:32,0.00009361,3.00000000
2018-02-25 10:36:32,0.00009362,103.00000000
2018-02-25 10:36:39,0.00009362,106.00000000
2018-02-25 10:36:39,0.00009362,13.00000000
2018-02-25 10:36:48,0.00009362,35.00000000
2018-02-25 10:36:48,0.00009362,314.00000000
2018-02-25 10:36:51,0.00009362,106.00000000
2018-02-25 10:36:52,0.00009362,679.00000000
2018-02-25 10:36:56,0.00009362,364.00000000
2018-02-25 10:36:56,0.00009358,152.00000000
2018-02-25 10:37:00,0.00009369,106.00000000
2018-02-25 10:37:13,0.00009362,106.00000000
2018-02-25 10:37:19,0.00009362,68.00000000
2018-02-25 10:37:23,0.00009362,2.00000000
2018-02-25 10:37:28,0.00009362,106.00000000
2018-02-25 10:37:37,0.00009362,11.00000000
2018-02-25 10:37:43,0.00009362,99.00000000
2018-02-25 10:37:44,0.00009362,49.00000000
2018-02-25 10:37:45,0.00009362,25.00000000
2018-02-25 10:37:45,0.00009362,25.00000000
2018-02-25 10:37:47,0.00009359,24.00000000
2018-02-25 10:37:48,0.00009369,263.00000000
2018-02-25 10:38:07,0.00009368,76.00000000
2018-02-25 10:38:13,0.00009359,100.00000000
2018-02-25 10:38:23,0.00009369,207.00000000
2018-02-25 10:38:29,0.00009359,32.00000000
2018-02-25 10:38:32,0.00009365,106.00000000
2018-02-25 10:38:32,0.00009365,106.00000000
2018-02-25 10:38:36,0.00009359,84.00000000
2018-02-25 10:38:43,0.00009365,34.00000000
2018-02-25 10:38:43,0.00009369,72.00000000
2018-02-25 10:38:45,0.00009361,189.00000000
2018-02-25 10:38:45,0.00009360,387.00000000
2018-02-25 10:38:45,0.00009359,984.00000000
2018-02-25 10:38:49,0.00009368,455.00000000
2018-02-25 10:38:58,0.00009360,284.00000000
2018-02-25 10:38:59,0.00009360,106.00000000
2018-02-25 10:39:01,0.00009360,31.00000000
2018-02-25 10:39:02,0.00009359,172.00000000
2018-02-25 10:39:08,0.00009368,106.00000000
2018-02-25 10:39:37,0.00009360,250.00000000
2018-02-25 10:39:45,0.00009367,249.00000000
2018-02-25 10:39:45,0.00009368,674.00000000
2018-02-25 10:39:49,0.00009368,86.00000000
2018-02-25 10:39:49,0.00009369,177.00000000
2018-02-25 10:40:04,0.00009368,17.00000000
2018-02-25 10:40:10,0.00009369,5.00000000
2018-02-25 10:40:14,0.00009369,60.00000000
2018-02-25 10:40:21,0.00009368,474.00000000
2018-02-25 10:40:21,0.00009362,189.00000000
2018-02-25 10:40:22,0.00009369,35.00000000
2018-02-25 10:40:26,0.00009362,198.00000000
2018-02-25 10:40:28,0.00009362,202.00000000
2018-02-25 10:40:33,0.00009369,37.00000000
2018-02-25 10:40:35,0.00009362,42.00000000
2018-02-25 10:40:37,0.00009362,39.00000000
2018-02-25 10:40:37,0.00009361,3.00000000
2018-02-25 10:40:39,0.00009361,138.00000000
2018-02-25 10:40:43,0.00009362,42.00000000
2018-02-25 10:40:45,0.00009362,215.00000000
2018-02-25 10:40:46,0.00009362,106.00000000
2018-02-25 10:40:47,0.00009362,115.00000000
2018-02-25 10:40:47,0.00009368,106.00000000
2018-02-25 10:40:56,0.00009362,50.00000000
2018-02-25 10:40:56,0.00009362,106.00000000
2018-02-25 10:41:09,0.00009368,288.00000000
2018-02-25 10:41:09,0.00009368,5.00000000
2018-02-25 10:41:09,0.00009369,10.00000000
2018-02-25 10:41:10,0.00009362,90.00000000
2018-02-25 10:41:18,0.00009362,19.00000000
2018-02-25 10:41:19,0.00009369,1695.00000000
2018-02-25 10:41:28,0.00009368,46.00000000
2018-02-25 10:41:40,0.00009362,11.00000000
2018-02-25 10:41:45,0.00009362,421.00000000
2018-02-25 10:41:47,0.00009362,36.00000000
2018-02-25 10:41:49,0.00009369,53.00000000
2018-02-25 10:41:49,0.00009362,410.00000000
2018-02-25 10:41:50,0.00009361,1000.00000000
2018-02-25 10:41:50,0.00009362,645.00000000
2018-02-25 10:41:58,0.00009368,45.00000000
2018-02-25 10:42:04,0.00009362,62.00000000
2018-02-25 10:42:13,0.00009368,277.00000000
2018-02-25 10:42:24,0.00009365,25.00000000
2018-02-25 10:42:29,0.00009365,75.00000000
2018-02-25 10:42:29,0.00009362,376.00000000
2018-02-25 10:42:29,0.00009361,85.00000000
2018-02-25 10:42:32,0.00009368,596.00000000
2018-02-25 10:42:32,0.00009369,695.00000000
2018-02-25 10:42:37,0.00009368,212.00000000
2018-02-25 10:42:38,0.00009362,25.00000000
2018-02-25 10:42:42,0.00009368,50.00000000
2018-02-25 10:42:46,0.00009368,14.00000000
2018-02-25 10:42:47,0.00009368,73.00000000
2018-02-25 10:42:48,0.00009365,171.00000000
2018-02-25 10:42:49,0.00009365,55.00000000
2018-02-25 10:42:51,0.00009365,75.00000000
2018-02-25 10:42:51,0.00009365,55.00000000
2018-02-25 10:42:53,0.00009365,42.00000000
2018-02-25 10:43:06,0.00009368,1.00000000
2018-02-25 10:43:16,0.00009368,198.00000000
2018-02-25 10:43:18,0.00009365,100.00000000
2018-02-25 10:43:19,0.00009365,25.00000000
2018-02-25 10:43:28,0.00009365,391.00000000
2018-02-25 10:43:32,0.00009368,489.00000000
2018-02-25 10:43:33,0.00009365,15.00000000
2018-02-25 10:43:34,0.00009365,42.00000000
2018-02-25 10:43:34,0.00009365,188.00000000
2018-02-25 10:43:36,0.00009365,42.00000000
2018-02-25 10:43:36,0.00009365,106.00000000
2018-02-25 10:43:37,0.00009365,133.00000000
2018-02-25 10:43:39,0.00009365,133.00000000
2018-02-25 10:43:46,0.00009365,648.00000000
2018-02-25 10:43:48,0.00009368,30.00000000
2018-02-25 10:43:57,0.00009365,42.00000000
2018-02-25 10:43:58,0.00009368,45.00000000
2018-02-25 10:44:07,0.00009365,42.00000000
2018-02-25 10:44:07,0.00009368,1084.00000000
2018-02-25 10:44:07,0.00009368,197.00000000
2018-02-25 10:44:07,0.00009365,1192.00000000
2018-02-25 10:44:14,0.00009365,78.00000000
2018-02-25 10:44:16,0.00009362,30.00000000
2018-02-25 10:44:38,0.00009362,76.00000000
2018-02-25 10:44:38,0.00009362,505.00000000
2018-02-25 10:44:58,0.00009362,77.00000000
2018-02-25 10:45:18,0.00009362,138.00000000
2018-02-25 10:45:20,0.00009362,101.00000000
2018-02-25 10:45:22,0.00009361,250.00000000
2018-02-25 10:45:42,0.00009362,106.00000000
2018-02-25 10:45:42,0.00009362,14.00000000
2018-02-25 10:45:49,0.00009362,55.00000000
2018-02-25 10:45:49,0.00009361,206.00000000
2018-02-25 10:45:50,0.00009362,1.00000000
2018-02-25 10:45:53,0.00009361,38.00000000
2018-02-25 10:46:00,0.00009362,90.00000000
2018-02-25 10:46:02,0.00009362,1.00000000
2018-02-25 10:46:16,0.00009362,60.00000000
2018-02-25 10:46:16,0.00009362,664.00000000
2018-02-25 10:46:16,0.00009362,105.00000000
2018-02-25 10:46:27,0.00009361,163.00000000
2018-02-25 10:46:27,0.00009362,101.00000000
2018-02-25 10:46:33,0.00009362,40.00000000
2018-02-25 10:47:08,0.00009362,25.00000000
2018-02-25 10:47:20,0.00009362,272.00000000
2018-02-25 10:47:28,0.00009361,5.00000000
2018-02-25 10:47:29,0.00009362,61.00000000
2018-02-25 10:47:31,0.00009361,840.00000000
2018-02-25 10:47:31,0.00009361,14.00000000
2018-02-25 10:47:53,0.00009362,15.00000000
2018-02-25 10:47:58,0.00009361,3643.00000000
2018-02-25 10:48:01,0.00009361,1068.00000000
2018-02-25 10:48:10,0.00009361,190.00000000
2018-02-25 10:48:11,0.00009360,113.00000000
2018-02-25 10:48:19,0.00009359,222.00000000
2018-02-25 10:48:33,0.00009360,17.00000000
2018-02-25 10:48:35,0.00009360,18.00000000
2018-02-25 10:48:36,0.00009360,191.00000000
2018-02-25 10:48:37,0.00009360,18.00000000
2018-02-25 10:48:38,0.00009360,19.00000000
2018-02-25 10:48:39,0.00009360,12.00000000
2018-02-25 10:48:40,0.00009361,25.00000000
2018-02-25 10:48:41,0.00009361,25.00000000
2018-02-25 10:48:49,0.00009360,33.00000000
2018-02-25 10:48:51,0.00009360,43.00000000
2018-02-25 10:48:57,0.00009359,35.00000000
2018-02-25 10:48:59,0.00009359,2482.00000000
2018-02-25 10:49:00,0.00009360,138.00000000
2018-02-25 10:49:11,0.00009359,2000.00000000
2018-02-25 10:49:23,0.00009360,18.00000000
2018-02-25 10:49:24,0.00009360,18.00000000
2018-02-25 10:49:24,0.00009360,18.00000000
2018-02-25 10:49:25,0.00009360,18.00000000
2018-02-25 10:49:26,0.00009360,20.00000000
2018-02-25 10:49:40,0.00009359,132.00000000
2018-02-25 10:49:41,0.00009359,2.00000000
2018-02-25 10:49:51,0.00009359,34.00000000
2018-02-25 10:49:53,0.00009359,1198.00000000
2018-02-25 10:49:53,0.00009358,886.00000000
2018-02-25 10:49:59,0.00009359,47.00000000
2018-02-25 10:50:03,0.00009358,171.00000000
2018-02-25 10:50:19,0.00009358,2366.00000000
2018-02-25 10:50:23,0.00009358,377.00000000
2018-02-25 10:50:34,0.00009358,259.00000000
2018-02-25 10:50:35,0.00009359,15.00000000
2018-02-25 10:50:36,0.00009358,518.00000000
2018-02-25 10:50:40,0.00009358,11.00000000
2018-02-25 10:50:45,0.00009358,222.00000000
2018-02-25 10:50:45,0.00009358,90.00000000
2018-02-25 10:50:50,0.00009358,91.00000000
2018-02-25 10:51:00,0.00009359,12.00000000
2018-02-25 10:51:02,0.00009358,975.00000000
2018-02-25 10:51:03,0.00009359,500.00000000
2018-02-25 10:51:04,0.00009359,126.00000000
2018-02-25 10:51:04,0.00009360,241.00000000
2018-02-25 10:51:27,0.00009360,2000.00000000
2018-02-25 10:51:29,0.00009359,90.00000000
2018-02-25 10:51:29,0.00009360,300.00000000
2018-02-25 10:51:30,0.00009360,230.00000000
2018-02-25 10:51:30,0.00009359,894.00000000
2018-02-25 10:51:33,0.00009360,383.00000000
2018-02-25 10:51:37,0.00009359,25.00000000
2018-02-25 10:51:37,0.00009360,100.00000000
2018-02-25 10:51:38,0.00009360,960.00000000
2018-02-25 10:51:52,0.00009360,495.00000000
2018-02-25 10:52:09,0.00009360,249.00000000
2018-02-25 10:52:18,0.00009360,306.00000000
2018-02-25 10:52:20,0.00009359,129.00000000
2018-02-25 10:52:21,0.00009360,2000.00000000
2018-02-25 10:52:24,0.00009360,510.00000000
2018-02-25 10:52:26,0.00009360,127.00000000
2018-02-25 10:52:26,0.00009360,107.00000000
2018-02-25 10:52:43,0.00009360,213.00000000
2018-02-25 10:52:49,0.00009360,17.00000000
2018-02-25 10:52:56,0.00009360,2000.00000000
2018-02-25 10:52:57,0.00009359,669.00000000
2018-02-25 10:52:58,0.00009359,40.00000000
2018-02-25 10:53:02,0.00009359,358.00000000
2018-02-25 10:53:02,0.00009360,229.00000000
2018-02-25 10:53:03,0.00009358,709.00000000
2018-02-25 10:53:10,0.00009360,1000.00000000
2018-02-25 10:53:11,0.00009359,94.00000000
2018-02-25 10:53:11,0.00009358,973.00000000
2018-02-25 10:53:18,0.00009358,1067.00000000
2018-02-25 10:53:19,0.00009360,1000.00000000
2018-02-25 10:53:28,0.00009359,11.00000000
2018-02-25 10:53:30,0.00009359,5.00000000
2018-02-25 10:53:30,0.00009360,95.00000000
2018-02-25 10:53:37,0.00009358,1042.00000000
2018-02-25 10:53:41,0.00009360,107.00000000
2018-02-25 10:53:42,0.00009360,80.00000000
2018-02-25 10:53:50,0.00009358,2258.00000000
2018-02-25 10:53:50,0.00009357,219.00000000
2018-02-25 10:53:53,0.00009360,1.00000000
2018-02-25 10:53:55,0.00009357,91.00000000
2018-02-25 10:54:05,0.00009360,19053.00000000
2018-02-25 10:54:05,0.00009361,4414.00000000
2018-02-25 10:54:05,0.00009362,768.00000000
2018-02-25 10:54:05,0.00009364,103.00000000
2018-02-25 10:54:06,0.00009364,352.00000000
2018-02-25 10:54:08,0.00009364,50.00000000
2018-02-25 10:54:09,0.00009364,495.00000000
2018-02-25 10:54:11,0.00009369,488.00000000
2018-02-25 10:54:12,0.00009364,50.00000000
2018-02-25 10:54:12,0.00009357,50.00000000
2018-02-25 10:54:13,0.00009370,1252.00000000
2018-02-25 10:54:14,0.00009372,151.00000000
2018-02-25 10:54:15,0.00009372,100.00000000
2018-02-25 10:54:20,0.00009371,108.00000000
2018-02-25 10:54:20,0.00009371,1748.00000000
2018-02-25 10:54:22,0.00009372,1235.00000000
2018-02-25 10:54:23,0.00009372,280.00000000
2018-02-25 10:54:23,0.00009372,619.00000000
2018-02-25 10:54:26,0.00009371,5186.00000000
2018-02-25 10:54:26,0.00009370,1.00000000
2018-02-25 10:54:30,0.00009372,185.00000000
2018-02-25 10:54:32,0.00009360,129.00000000
2018-02-25 10:54:33,0.00009373,15.00000000
2018-02-25 10:54:33,0.00009375,91.00000000
2018-02-25 10:54:34,0.00009375,106.00000000
2018-02-25 10:54:36,0.00009375,106.00000000
2018-02-25 10:54:40,0.00009362,388.00000000
2018-02-25 10:54:40,0.00009375,532.00000000
2018-02-25 10:54:42,0.00009362,2392.00000000
2018-02-25 10:54:43,0.00009362,1674.00000000
2018-02-25 10:54:47,0.00009374,106.00000000
2018-02-25 10:54:48,0.00009374,205.00000000
2018-02-25 10:54:50,0.00009374,37.00000000
2018-02-25 10:54:51,0.00009374,106.00000000
2018-02-25 10:54:58,0.00009374,22.00000000
2018-02-25 10:54:58,0.00009362,99.00000000
2018-02-25 10:55:07,0.00009374,119.00000000
2018-02-25 10:55:13,0.00009363,20.00000000
2018-02-25 10:55:32,0.00009364,267.00000000
2018-02-25 10:55:34,0.00009364,74.00000000
2018-02-25 10:55:36,0.00009364,25.00000000
2018-02-25 10:55:39,0.00009364,25.00000000
2018-02-25 10:55:41,0.00009364,138.00000000
2018-02-25 10:55:43,0.00009364,38.00000000
2018-02-25 10:55:45,0.00009364,25.00000000
2018-02-25 10:55:51,0.00009364,555.00000000
2018-02-25 10:56:16,0.00009364,4218.00000000
2018-02-25 10:56:31,0.00009373,2.00000000
2018-02-25 10:56:33,0.00009364,110.00000000
2018-02-25 10:56:35,0.00009373,4.00000000
2018-02-25 10:56:36,0.00009373,92.00000000
2018-02-25 10:56:36,0.00009374,14.00000000
2018-02-25 10:56:45,0.00009364,537.00000000
2018-02-25 10:57:03,0.00009372,12.00000000
2018-02-25 10:57:05,0.00009364,19.00000000
2018-02-25 10:57:05,0.00009364,727.00000000
2018-02-25 10:57:06,0.00009372,140.00000000
2018-02-25 10:57:13,0.00009372,736.00000000
2018-02-25 10:57:13,0.00009373,161.00000000
2018-02-25 10:57:13,0.00009374,306.00000000
2018-02-25 10:57:22,0.00009374,53.00000000
2018-02-25 10:57:24,0.00009374,249.00000000
2018-02-25 10:57:24,0.00009374,97.00000000
2018-02-25 10:57:32,0.00009374,11.00000000
2018-02-25 10:57:48,0.00009374,2943.00000000
2018-02-25 10:57:48,0.00009375,354.00000000
2018-02-25 10:57:53,0.00009374,40.00000000
2018-02-25 10:57:55,0.00009374,26.00000000
2018-02-25 10:57:56,0.00009374,57.00000000
2018-02-25 10:57:56,0.00009374,224.00000000
2018-02-25 10:58:02,0.00009377,203.00000000
2018-02-25 10:58:07,0.00009365,92.00000000
2018-02-25 10:58:34,0.00009365,800.00000000
2018-02-25 10:58:35,0.00009366,20.00000000
2018-02-25 10:58:35,0.00009365,4172.00000000
2018-02-25 10:58:35,0.00009364,246.00000000
2018-02-25 10:58:38,0.00009365,106.00000000
2018-02-25 10:58:41,0.00009365,319.00000000
2018-02-25 10:58:49,0.00009366,3308.00000000
2018-02-25 10:58:49,0.00009365,3591.00000000
2018-02-25 10:58:55,0.00009365,113.00000000
2018-02-25 10:59:02,0.00009373,203.00000000
2018-02-25 10:59:05,0.00009365,270.00000000
2018-02-25 10:59:07,0.00009365,16.00000000
2018-02-25 10:59:22,0.00009365,576.00000000
2018-02-25 10:59:25,0.00009373,930.00000000
2018-02-25 10:59:25,0.00009374,70.00000000
2018-02-25 10:59:26,0.00009374,741.00000000
2018-02-25 10:59:32,0.00009374,500.00000000
2018-02-25 10:59:35,0.00009374,100.00000000
2018-02-25 10:59:36,0.00009374,11.00000000
2018-02-25 10:59:36,0.00009377,224.00000000
2018-02-25 10:59:36,0.00009378,14.00000000
2018-02-25 10:59:36,0.00009379,699.00000000
2018-02-25 10:59:36,0.00009380,1527.00000000
2018-02-25 10:59:36,0.00009380,86.00000000
2018-02-25 10:59:36,0.00009381,135.00000000
2018-02-25 10:59:37,0.00009381,110.00000000
2018-02-25 10:59:42,0.00009381,209.00000000
2018-02-25 10:59:56,0.00009381,500.00000000
2018-02-25 10:59:56,0.00009381,1290.00000000
2018-02-25 10:59:56,0.00009382,600.00000000
2018-02-25 10:59:56,0.00009383,530.00000000
2018-02-25 10:59:56,0.00009384,1095.00000000
2018-02-25 10:59:56,0.00009386,1280.00000000
