DATE,PRICE,VOLUME
2018-02-25 17:00:01,0.00009428,95.00000000
2018-02-25 17:00:03,0.00009428,106.00000000
2018-02-25 17:00:08,0.00009428,106.00000000
2018-02-25 17:00:09,0.00009428,106.00000000
2018-02-25 17:00:10,0.00009425,100.00000000
2018-02-25 17:00:10,0.00009428,53.00000000
2018-02-25 17:00:11,0.00009428,106.00000000
2018-02-25 17:00:13,0.00009425,930.00000000
2018-02-25 17:00:14,0.00009428,106.00000000
2018-02-25 17:00:19,0.00009428,89.00000000
2018-02-25 17:00:19,0.00009428,21.00000000
2018-02-25 17:00:20,0.00009428,104.00000000
2018-02-25 17:00:21,0.00009426,107.00000000
2018-02-25 17:00:21,0.00009428,396.00000000
2018-02-25 17:00:26,0.00009428,106.00000000
2018-02-25 17:00:27,0.00009428,106.00000000
2018-02-25 17:00:28,0.00009426,23.00000000
2018-02-25 17:00:28,0.00009428,95.00000000
2018-02-25 17:00:29,0.00009428,283.00000000
2018-02-25 17:00:31,0.00009426,105.00000000
2018-02-25 17:00:32,0.00009426,28.00000000
2018-02-25 17:00:35,0.00009428,106.00000000
2018-02-25 17:00:41,0.00009428,3540.00000000
2018-02-25 17:00:43,0.00009428,23.00000000
2018-02-25 17:00:54,0.00009428,106.00000000
2018-02-25 17:00:54,0.00009428,27.00000000
2018-02-25 17:01:03,0.00009428,106.00000000
2018-02-25 17:01:06,0.00009428,106.00000000
2018-02-25 17:01:07,0.00009428,604.00000000
2018-02-25 17:01:08,0.00009426,917.00000000
2018-02-25 17:01:11,0.00009428,106.00000000
2018-02-25 17:01:11,0.00009428,106.00000000
2018-02-25 17:01:17,0.00009428,2074.00000000
2018-02-25 17:01:19,0.00009428,95.00000000
2018-02-25 17:01:21,0.00009428,1244.00000000
2018-02-25 17:01:22,0.00009428,44.00000000
2018-02-25 17:01:28,0.00009428,95.00000000
2018-02-25 17:01:31,0.00009428,26150.00000000
2018-02-25 17:01:33,0.00009428,31.00000000
2018-02-25 17:01:36,0.00009427,77.00000000
2018-02-25 17:01:36,0.00009427,1223.00000000
2018-02-25 17:01:39,0.00009427,77.00000000
2018-02-25 17:01:41,0.00009428,27.00000000
2018-02-25 17:01:45,0.00009427,101.00000000
2018-02-25 17:01:47,0.00009427,660.00000000
2018-02-25 17:01:49,0.00009427,788.00000000
2018-02-25 17:01:50,0.00009427,14.00000000
2018-02-25 17:01:54,0.00009427,106.00000000
2018-02-25 17:01:59,0.00009427,629.00000000
2018-02-25 17:02:00,0.00009427,169.00000000
2018-02-25 17:02:01,0.00009428,59.00000000
2018-02-25 17:02:02,0.00009428,79.00000000
2018-02-25 17:02:05,0.00009428,106.00000000
2018-02-25 17:02:07,0.00009428,1480.00000000
2018-02-25 17:02:21,0.00009428,1573.00000000
2018-02-25 17:02:22,0.00009428,429.00000000
2018-02-25 17:02:23,0.00009428,1.00000000
2018-02-25 17:02:25,0.00009428,800.00000000
2018-02-25 17:02:26,0.00009428,1003.00000000
2018-02-25 17:02:28,0.00009428,18.00000000
2018-02-25 17:02:28,0.00009428,943.00000000
2018-02-25 17:02:29,0.00009428,439.00000000
2018-02-25 17:02:30,0.00009428,1060.00000000
2018-02-25 17:02:30,0.00009428,500.00000000
2018-02-25 17:02:31,0.00009428,473.00000000
2018-02-25 17:02:31,0.00009427,105.00000000
2018-02-25 17:02:31,0.00009428,1060.00000000
2018-02-25 17:02:31,0.00009428,4278.00000000
2018-02-25 17:02:32,0.00009428,12.00000000
2018-02-25 17:02:32,0.00009428,16.00000000
2018-02-25 17:02:36,0.00009428,663.00000000
2018-02-25 17:02:38,0.00009427,381.00000000
2018-02-25 17:02:39,0.00009427,50.00000000
2018-02-25 17:02:41,0.00009427,644.00000000
2018-02-25 17:02:42,0.00009427,1060.00000000
2018-02-25 17:02:42,0.00009427,365.00000000
2018-02-25 17:02:44,0.00009428,114.00000000
2018-02-25 17:02:44,0.00009428,863.00000000
2018-02-25 17:02:44,0.00009428,106.00000000
2018-02-25 17:02:45,0.00009428,1056.00000000
2018-02-25 17:02:45,0.00009428,26.00000000
2018-02-25 17:02:46,0.00009428,4242.00000000
2018-02-25 17:02:46,0.00009428,18.00000000
2018-02-25 17:02:46,0.00009428,331.00000000
2018-02-25 17:02:47,0.00009428,18.00000000
2018-02-25 17:02:47,0.00009428,2034.00000000
2018-02-25 17:02:47,0.00009428,90.00000000
2018-02-25 17:02:49,0.00009428,169.00000000
2018-02-25 17:02:49,0.00009428,3704.00000000
2018-02-25 17:02:49,0.00009428,30.00000000
2018-02-25 17:02:50,0.00009428,348.00000000
2018-02-25 17:02:51,0.00009428,442.00000000
2018-02-25 17:02:51,0.00009428,29.00000000
2018-02-25 17:02:51,0.00009428,112.00000000
2018-02-25 17:02:52,0.00009428,485.00000000
2018-02-25 17:02:52,0.00009428,916.00000000
2018-02-25 17:02:53,0.00009430,19.00000000
2018-02-25 17:02:53,0.00009430,15.00000000
2018-02-25 17:02:54,0.00009430,168.00000000
2018-02-25 17:02:54,0.00009430,340.00000000
2018-02-25 17:02:55,0.00009431,50.00000000
2018-02-25 17:02:55,0.00009434,18.00000000
2018-02-25 17:02:55,0.00009435,95.00000000
2018-02-25 17:02:59,0.00009435,106.00000000
2018-02-25 17:03:04,0.00009430,5500.00000000
2018-02-25 17:03:05,0.00009435,1057.00000000
2018-02-25 17:03:06,0.00009435,441.00000000
2018-02-25 17:03:08,0.00009437,37.00000000
2018-02-25 17:03:08,0.00009438,16.00000000
2018-02-25 17:03:10,0.00009438,1543.00000000
2018-02-25 17:03:11,0.00009435,4.00000000
2018-02-25 17:03:12,0.00009437,21.00000000
2018-02-25 17:03:13,0.00009438,58.00000000
2018-02-25 17:03:14,0.00009438,1721.00000000
2018-02-25 17:03:17,0.00009439,94.00000000
2018-02-25 17:03:18,0.00009438,33.00000000
2018-02-25 17:03:19,0.00009438,104.00000000
2018-02-25 17:03:19,0.00009439,194.00000000
2018-02-25 17:03:21,0.00009439,212.00000000
2018-02-25 17:03:24,0.00009440,71.00000000
2018-02-25 17:03:28,0.00009442,19.00000000
2018-02-25 17:03:28,0.00009439,30.00000000
2018-02-25 17:03:30,0.00009447,500.00000000
2018-02-25 17:03:30,0.00009449,542.00000000
2018-02-25 17:03:34,0.00009449,488.00000000
2018-02-25 17:03:40,0.00009439,79.00000000
2018-02-25 17:03:50,0.00009440,19.00000000
2018-02-25 17:03:50,0.00009449,28.00000000
2018-02-25 17:03:52,0.00009449,318.00000000
2018-02-25 17:03:57,0.00009449,1059.00000000
2018-02-25 17:03:57,0.00009449,16.00000000
2018-02-25 17:03:58,0.00009449,412.00000000
2018-02-25 17:04:04,0.00009440,19.00000000
2018-02-25 17:04:06,0.00009449,945.00000000
2018-02-25 17:04:07,0.00009449,296.00000000
2018-02-25 17:04:07,0.00009450,6828.00000000
2018-02-25 17:04:07,0.00009440,562.00000000
2018-02-25 17:04:08,0.00009440,220.00000000
2018-02-25 17:04:15,0.00009440,1910.00000000
2018-02-25 17:04:20,0.00009440,50.00000000
2018-02-25 17:04:30,0.00009449,3.00000000
2018-02-25 17:04:31,0.00009449,41.00000000
2018-02-25 17:04:31,0.00009450,284.00000000
2018-02-25 17:04:31,0.00009450,12.00000000
2018-02-25 17:04:31,0.00009440,116.00000000
2018-02-25 17:04:34,0.00009441,431.00000000
2018-02-25 17:04:36,0.00009445,12.00000000
2018-02-25 17:04:42,0.00009444,41.00000000
2018-02-25 17:04:42,0.00009445,238.00000000
2018-02-25 17:04:46,0.00009449,41.00000000
2018-02-25 17:04:46,0.00009449,21.00000000
2018-02-25 17:04:47,0.00009441,77.00000000
2018-02-25 17:04:51,0.00009447,14.00000000
2018-02-25 17:04:52,0.00009441,106.00000000
2018-02-25 17:04:52,0.00009441,26.00000000
2018-02-25 17:05:04,0.00009441,1408.00000000
2018-02-25 17:05:05,0.00009444,872.00000000
2018-02-25 17:05:11,0.00009444,51.00000000
2018-02-25 17:05:15,0.00009444,12.00000000
2018-02-25 17:05:16,0.00009444,911.00000000
2018-02-25 17:05:16,0.00009444,19.00000000
2018-02-25 17:05:20,0.00009441,521.00000000
2018-02-25 17:05:29,0.00009441,541.00000000
2018-02-25 17:05:34,0.00009442,90.00000000
2018-02-25 17:05:34,0.00009442,66.00000000
2018-02-25 17:05:34,0.00009441,134.00000000
2018-02-25 17:05:34,0.00009441,144.00000000
2018-02-25 17:05:35,0.00009441,90.00000000
2018-02-25 17:05:38,0.00009448,732.00000000
2018-02-25 17:05:39,0.00009448,175.00000000
2018-02-25 17:05:54,0.00009449,105.00000000
2018-02-25 17:05:56,0.00009449,19.00000000
2018-02-25 17:06:03,0.00009442,199.00000000
2018-02-25 17:06:05,0.00009445,26.00000000
2018-02-25 17:06:11,0.00009445,14.00000000
2018-02-25 17:06:12,0.00009445,35.00000000
2018-02-25 17:06:12,0.00009449,769.00000000
2018-02-25 17:06:16,0.00009449,105.00000000
2018-02-25 17:06:22,0.00009449,105.00000000
2018-02-25 17:06:36,0.00009444,1062.00000000
2018-02-25 17:06:36,0.00009443,599.00000000
2018-02-25 17:06:36,0.00009442,407.00000000
2018-02-25 17:07:02,0.00009443,11.00000000
2018-02-25 17:07:03,0.00009443,51.00000000
2018-02-25 17:07:09,0.00009442,503.00000000
2018-02-25 17:07:10,0.00009445,108.00000000
2018-02-25 17:07:11,0.00009442,42.00000000
2018-02-25 17:07:12,0.00009442,740.00000000
2018-02-25 17:07:13,0.00009445,23.00000000
2018-02-25 17:07:14,0.00009442,296.00000000
2018-02-25 17:07:14,0.00009445,12.00000000
2018-02-25 17:07:17,0.00009443,30.00000000
2018-02-25 17:07:17,0.00009442,12.00000000
2018-02-25 17:07:18,0.00009445,220.00000000
2018-02-25 17:07:21,0.00009445,866.00000000
2018-02-25 17:07:25,0.00009445,326.00000000
2018-02-25 17:07:25,0.00009442,503.00000000
2018-02-25 17:07:25,0.00009448,105.00000000
2018-02-25 17:07:27,0.00009445,200.00000000
2018-02-25 17:07:27,0.00009448,829.00000000
2018-02-25 17:07:28,0.00009449,1058.00000000
2018-02-25 17:07:28,0.00009449,1120.00000000
2018-02-25 17:07:30,0.00009449,285.00000000
2018-02-25 17:07:31,0.00009449,777.00000000
2018-02-25 17:07:31,0.00009448,1058.00000000
2018-02-25 17:07:31,0.00009448,1344.00000000
2018-02-25 17:07:32,0.00009448,29.00000000
2018-02-25 17:07:36,0.00009448,183.00000000
2018-02-25 17:07:36,0.00009450,4571.00000000
2018-02-25 17:07:37,0.00009448,879.00000000
2018-02-25 17:07:38,0.00009447,451.00000000
2018-02-25 17:07:38,0.00009447,523.00000000
2018-02-25 17:07:38,0.00009447,105.00000000
2018-02-25 17:07:39,0.00009447,60.00000000
2018-02-25 17:07:39,0.00009450,372.00000000
2018-02-25 17:07:40,0.00009450,105.00000000
2018-02-25 17:07:41,0.00009450,13.00000000
2018-02-25 17:07:44,0.00009450,1037.00000000
2018-02-25 17:07:46,0.00009450,110.00000000
2018-02-25 17:07:47,0.00009450,197.00000000
2018-02-25 17:07:48,0.00009446,2000.00000000
2018-02-25 17:07:52,0.00009450,29.00000000
2018-02-25 17:07:52,0.00009450,1128.00000000
2018-02-25 17:07:54,0.00009448,105.00000000
2018-02-25 17:07:54,0.00009448,54.00000000
2018-02-25 17:08:01,0.00009448,597.00000000
2018-02-25 17:08:04,0.00009450,2910.00000000
2018-02-25 17:08:07,0.00009449,63.00000000
2018-02-25 17:08:07,0.00009450,105.00000000
2018-02-25 17:08:11,0.00009449,126.00000000
2018-02-25 17:08:14,0.00009450,3861.00000000
2018-02-25 17:08:15,0.00009449,16.00000000
2018-02-25 17:08:16,0.00009449,103.00000000
2018-02-25 17:08:19,0.00009449,125.00000000
2018-02-25 17:08:19,0.00009449,17.00000000
2018-02-25 17:08:23,0.00009448,390.00000000
2018-02-25 17:08:31,0.00009442,60.00000000
2018-02-25 17:08:32,0.00009448,127.00000000
2018-02-25 17:08:32,0.00009449,429.00000000
2018-02-25 17:08:38,0.00009442,1073.00000000
2018-02-25 17:09:01,0.00009444,54.00000000
2018-02-25 17:09:05,0.00009448,18.00000000
2018-02-25 17:09:08,0.00009448,16.00000000
2018-02-25 17:09:17,0.00009448,104.00000000
2018-02-25 17:09:22,0.00009445,460.00000000
2018-02-25 17:09:25,0.00009448,291.00000000
2018-02-25 17:09:25,0.00009449,3011.00000000
2018-02-25 17:09:25,0.00009450,1266.00000000
2018-02-25 17:09:25,0.00009450,41.00000000
2018-02-25 17:09:25,0.00009450,105.00000000
2018-02-25 17:09:26,0.00009450,98.00000000
2018-02-25 17:09:26,0.00009450,85.00000000
2018-02-25 17:09:27,0.00009450,85.00000000
2018-02-25 17:09:30,0.00009450,320.00000000
2018-02-25 17:09:30,0.00009450,204.00000000
2018-02-25 17:09:30,0.00009450,598.00000000
2018-02-25 17:09:30,0.00009450,35.00000000
2018-02-25 17:09:32,0.00009450,129.00000000
2018-02-25 17:09:32,0.00009450,114.00000000
2018-02-25 17:09:33,0.00009450,396.00000000
2018-02-25 17:09:34,0.00009450,414.00000000
2018-02-25 17:09:35,0.00009449,352.00000000
2018-02-25 17:09:35,0.00009450,356.00000000
2018-02-25 17:09:37,0.00009450,105.00000000
2018-02-25 17:09:39,0.00009449,531.00000000
2018-02-25 17:09:42,0.00009449,100.00000000
2018-02-25 17:09:46,0.00009449,69.00000000
2018-02-25 17:09:48,0.00009450,455.00000000
2018-02-25 17:09:48,0.00009451,18.00000000
2018-02-25 17:09:48,0.00009452,56.00000000
2018-02-25 17:10:13,0.00009449,103.00000000
2018-02-25 17:10:13,0.00009446,1062.00000000
2018-02-25 17:10:13,0.00009445,602.00000000
2018-02-25 17:10:21,0.00009449,205.00000000
2018-02-25 17:10:26,0.00009449,10.00000000
2018-02-25 17:10:38,0.00009449,655.00000000
2018-02-25 17:10:41,0.00009449,200.00000000
2018-02-25 17:10:42,0.00009449,11.00000000
2018-02-25 17:10:43,0.00009446,360.00000000
2018-02-25 17:10:45,0.00009446,100.00000000
2018-02-25 17:10:48,0.00009446,28.00000000
2018-02-25 17:10:48,0.00009446,12.00000000
2018-02-25 17:10:48,0.00009445,50.00000000
2018-02-25 17:10:48,0.00009444,196.00000000
2018-02-25 17:10:48,0.00009443,13.00000000
2018-02-25 17:10:48,0.00009443,565.00000000
2018-02-25 17:10:50,0.00009443,407.00000000
2018-02-25 17:10:52,0.00009443,114.00000000
2018-02-25 17:10:53,0.00009443,194.00000000
2018-02-25 17:10:53,0.00009449,65.00000000
2018-02-25 17:10:54,0.00009442,856.00000000
2018-02-25 17:10:55,0.00009442,389.00000000
2018-02-25 17:10:57,0.00009442,858.00000000
2018-02-25 17:10:59,0.00009443,200.00000000
2018-02-25 17:10:59,0.00009443,411.00000000
2018-02-25 17:11:08,0.00009443,470.00000000
2018-02-25 17:11:14,0.00009442,2000.00000000
2018-02-25 17:11:17,0.00009443,301.00000000
2018-02-25 17:11:24,0.00009442,14.00000000
2018-02-25 17:11:26,0.00009443,105.00000000
2018-02-25 17:11:27,0.00009442,1000.00000000
2018-02-25 17:11:42,0.00009442,149.00000000
2018-02-25 17:11:44,0.00009442,15.00000000
2018-02-25 17:11:47,0.00009442,700.00000000
2018-02-25 17:11:48,0.00009443,111.00000000
2018-02-25 17:11:54,0.00009442,2124.00000000
2018-02-25 17:11:54,0.00009442,200.00000000
2018-02-25 17:11:55,0.00009443,27.00000000
2018-02-25 17:11:56,0.00009442,540.00000000
2018-02-25 17:12:01,0.00009442,230.00000000
2018-02-25 17:12:01,0.00009442,3386.00000000
2018-02-25 17:12:02,0.00009443,20.00000000
2018-02-25 17:12:02,0.00009442,3386.00000000
2018-02-25 17:12:18,0.00009443,1433.00000000
2018-02-25 17:12:27,0.00009442,778.00000000
2018-02-25 17:12:30,0.00009443,190.00000000
2018-02-25 17:12:31,0.00009442,1091.00000000
2018-02-25 17:12:37,0.00009443,105.00000000
2018-02-25 17:12:38,0.00009442,10079.00000000
2018-02-25 17:12:38,0.00009443,1021.00000000
2018-02-25 17:12:41,0.00009443,27.00000000
2018-02-25 17:12:43,0.00009443,25.00000000
2018-02-25 17:12:46,0.00009443,25.00000000
2018-02-25 17:12:48,0.00009443,70.00000000
2018-02-25 17:12:50,0.00009443,25.00000000
2018-02-25 17:13:07,0.00009443,15.00000000
2018-02-25 17:13:08,0.00009443,84.00000000
2018-02-25 17:13:08,0.00009442,30.00000000
2018-02-25 17:13:11,0.00009442,451.00000000
2018-02-25 17:13:12,0.00009442,887.00000000
2018-02-25 17:13:14,0.00009442,25.00000000
2018-02-25 17:13:20,0.00009444,22.00000000
2018-02-25 17:13:20,0.00009449,74.00000000
2018-02-25 17:13:21,0.00009443,120.00000000
2018-02-25 17:13:21,0.00009443,19.00000000
2018-02-25 17:13:21,0.00009442,106.00000000
2018-02-25 17:13:22,0.00009442,1572.00000000
2018-02-25 17:13:22,0.00009442,115.00000000
2018-02-25 17:13:23,0.00009442,18.00000000
2018-02-25 17:13:24,0.00009442,27.00000000
2018-02-25 17:13:24,0.00009444,111.00000000
2018-02-25 17:13:24,0.00009442,1475.00000000
2018-02-25 17:13:26,0.00009442,350.00000000
2018-02-25 17:13:26,0.00009442,587.00000000
2018-02-25 17:13:27,0.00009442,157.00000000
2018-02-25 17:13:27,0.00009442,846.00000000
2018-02-25 17:13:27,0.00009442,68.00000000
2018-02-25 17:13:28,0.00009442,802.00000000
2018-02-25 17:13:29,0.00009442,126.00000000
2018-02-25 17:13:31,0.00009444,80.00000000
2018-02-25 17:13:31,0.00009444,32.00000000
2018-02-25 17:13:33,0.00009442,25.00000000
2018-02-25 17:13:33,0.00009442,31.00000000
2018-02-25 17:13:35,0.00009442,11000.00000000
2018-02-25 17:13:41,0.00009442,96.00000000
2018-02-25 17:13:44,0.00009443,42.00000000
2018-02-25 17:13:44,0.00009449,223.00000000
2018-02-25 17:13:46,0.00009449,28.00000000
2018-02-25 17:13:46,0.00009442,42.00000000
2018-02-25 17:13:52,0.00009442,42.00000000
2018-02-25 17:13:53,0.00009442,115.00000000
2018-02-25 17:13:53,0.00009442,4750.00000000
2018-02-25 17:13:55,0.00009442,117.00000000
2018-02-25 17:13:57,0.00009442,18.00000000
2018-02-25 17:13:58,0.00009442,57.00000000
2018-02-25 17:13:58,0.00009442,310.00000000
2018-02-25 17:14:00,0.00009449,2.00000000
2018-02-25 17:14:01,0.00009442,97.00000000
2018-02-25 17:14:02,0.00009442,159.00000000
2018-02-25 17:14:02,0.00009442,19.00000000
2018-02-25 17:14:04,0.00009442,24.00000000
2018-02-25 17:14:04,0.00009442,86.00000000
2018-02-25 17:14:09,0.00009442,111.00000000
2018-02-25 17:14:09,0.00009449,4.00000000
2018-02-25 17:14:10,0.00009442,102.00000000
2018-02-25 17:14:10,0.00009442,111.00000000
2018-02-25 17:14:10,0.00009442,42.00000000
2018-02-25 17:14:11,0.00009442,161.00000000
2018-02-25 17:14:13,0.00009442,101.00000000
2018-02-25 17:14:13,0.00009442,21.00000000
2018-02-25 17:14:18,0.00009445,179.00000000
2018-02-25 17:14:21,0.00009445,15.00000000
2018-02-25 17:14:25,0.00009445,305.00000000
2018-02-25 17:14:26,0.00009443,246.00000000
2018-02-25 17:14:26,0.00009442,831.00000000
2018-02-25 17:14:27,0.00009442,84.00000000
2018-02-25 17:14:28,0.00009442,30.00000000
2018-02-25 17:14:29,0.00009442,114.00000000
2018-02-25 17:14:32,0.00009442,115.00000000
2018-02-25 17:14:32,0.00009442,49.00000000
2018-02-25 17:14:33,0.00009442,33.00000000
2018-02-25 17:14:34,0.00009442,374.00000000
2018-02-25 17:14:36,0.00009442,953.00000000
2018-02-25 17:14:37,0.00009442,33.00000000
2018-02-25 17:14:38,0.00009449,105.00000000
2018-02-25 17:14:39,0.00009443,115.00000000
2018-02-25 17:14:42,0.00009443,68.00000000
2018-02-25 17:14:42,0.00009449,2.00000000
2018-02-25 17:14:43,0.00009443,55.00000000
2018-02-25 17:14:43,0.00009442,226.00000000
2018-02-25 17:14:44,0.00009442,18.00000000
2018-02-25 17:14:44,0.00009442,92.00000000
2018-02-25 17:14:45,0.00009442,18.00000000
2018-02-25 17:14:46,0.00009443,12.00000000
2018-02-25 17:14:47,0.00009443,43.00000000
2018-02-25 17:14:48,0.00009443,32.00000000
2018-02-25 17:14:49,0.00009443,26.00000000
2018-02-25 17:14:49,0.00009443,15.00000000
2018-02-25 17:14:51,0.00009443,832.00000000
2018-02-25 17:14:51,0.00009442,2919.00000000
2018-02-25 17:14:52,0.00009442,69.00000000
2018-02-25 17:14:53,0.00009442,46.00000000
2018-02-25 17:14:54,0.00009443,18.00000000
2018-02-25 17:14:54,0.00009442,51.00000000
2018-02-25 17:14:54,0.00009442,317.00000000
2018-02-25 17:14:55,0.00009442,63.00000000
2018-02-25 17:14:55,0.00009442,13.00000000
2018-02-25 17:14:56,0.00009442,35.00000000
2018-02-25 17:14:56,0.00009442,13.00000000
2018-02-25 17:14:57,0.00009442,70.00000000
2018-02-25 17:14:58,0.00009442,45.00000000
2018-02-25 17:14:59,0.00009442,69.00000000
2018-02-25 17:15:01,0.00009442,15.00000000
2018-02-25 17:15:01,0.00009442,1643.00000000
2018-02-25 17:15:02,0.00009442,192.00000000
2018-02-25 17:15:02,0.00009442,44.00000000
2018-02-25 17:15:03,0.00009442,4805.00000000
2018-02-25 17:15:04,0.00009442,113.00000000
2018-02-25 17:15:04,0.00009448,258.00000000
2018-02-25 17:15:05,0.00009442,30.00000000
2018-02-25 17:15:07,0.00009442,114.00000000
2018-02-25 17:15:07,0.00009442,5609.00000000
2018-02-25 17:15:09,0.00009442,1059.00000000
2018-02-25 17:15:09,0.00009442,2296.00000000
2018-02-25 17:15:10,0.00009442,33.00000000
2018-02-25 17:15:14,0.00009442,115.00000000
2018-02-25 17:15:14,0.00009443,26.00000000
2018-02-25 17:15:15,0.00009442,897.00000000
2018-02-25 17:15:15,0.00009441,449.00000000
2018-02-25 17:15:15,0.00009440,719.00000000
2018-02-25 17:15:16,0.00009440,115.00000000
2018-02-25 17:15:16,0.00009440,1158.00000000
2018-02-25 17:15:16,0.00009440,125.00000000
2018-02-25 17:15:17,0.00009440,42.00000000
2018-02-25 17:15:17,0.00009439,317.00000000
2018-02-25 17:15:18,0.00009439,1059.00000000
2018-02-25 17:15:18,0.00009439,565.00000000
2018-02-25 17:15:19,0.00009438,323.00000000
2018-02-25 17:15:21,0.00009442,307.00000000
2018-02-25 17:15:22,0.00009438,1.00000000
2018-02-25 17:15:22,0.00009443,9.00000000
2018-02-25 17:15:24,0.00009438,215.00000000
2018-02-25 17:15:25,0.00009438,573.00000000
2018-02-25 17:15:26,0.00009442,45.00000000
2018-02-25 17:15:26,0.00009442,432.00000000
2018-02-25 17:15:27,0.00009442,15.00000000
2018-02-25 17:15:27,0.00009442,130.00000000
2018-02-25 17:15:27,0.00009438,222.00000000
2018-02-25 17:15:27,0.00009438,301.00000000
2018-02-25 17:15:28,0.00009438,189.00000000
2018-02-25 17:15:29,0.00009438,437.00000000
2018-02-25 17:15:32,0.00009430,102.00000000
2018-02-25 17:15:39,0.00009443,70.00000000
2018-02-25 17:15:39,0.00009448,35.00000000
2018-02-25 17:15:45,0.00009448,105.00000000
2018-02-25 17:15:50,0.00009447,105.00000000
2018-02-25 17:16:00,0.00009447,105.00000000
2018-02-25 17:16:02,0.00009447,529.00000000
2018-02-25 17:16:04,0.00009447,46.00000000
2018-02-25 17:16:07,0.00009447,36.00000000
2018-02-25 17:16:08,0.00009440,1059.00000000
2018-02-25 17:16:08,0.00009440,941.00000000
2018-02-25 17:16:18,0.00009430,526.00000000
2018-02-25 17:16:19,0.00009440,124.00000000
2018-02-25 17:16:20,0.00009440,12.00000000
2018-02-25 17:16:21,0.00009447,105.00000000
2018-02-25 17:16:21,0.00009430,15.00000000
2018-02-25 17:16:26,0.00009447,2.00000000
2018-02-25 17:16:33,0.00009430,212.00000000
2018-02-25 17:16:35,0.00009440,262.00000000
2018-02-25 17:16:35,0.00009446,1017.00000000
2018-02-25 17:16:35,0.00009447,910.00000000
2018-02-25 17:16:35,0.00009447,895.00000000
2018-02-25 17:16:35,0.00009447,179.00000000
2018-02-25 17:16:35,0.00009430,317.00000000
2018-02-25 17:16:42,0.00009431,45.00000000
2018-02-25 17:16:44,0.00009431,87.00000000
2018-02-25 17:16:47,0.00009440,50.00000000
2018-02-25 17:16:47,0.00009431,70.00000000
2018-02-25 17:16:54,0.00009431,87.00000000
2018-02-25 17:16:55,0.00009431,87.00000000
2018-02-25 17:17:10,0.00009431,48.00000000
2018-02-25 17:17:16,0.00009431,1390.00000000
2018-02-25 17:17:22,0.00009431,201.00000000
2018-02-25 17:17:30,0.00009431,798.00000000
2018-02-25 17:17:33,0.00009441,105.00000000
2018-02-25 17:17:37,0.00009441,105.00000000
2018-02-25 17:17:37,0.00009441,40.00000000
2018-02-25 17:17:38,0.00009442,33.00000000
2018-02-25 17:17:39,0.00009442,115.00000000
2018-02-25 17:17:39,0.00009442,15.00000000
2018-02-25 17:17:40,0.00009442,20.00000000
2018-02-25 17:17:42,0.00009445,617.00000000
2018-02-25 17:17:45,0.00009441,23.00000000
2018-02-25 17:17:45,0.00009445,82.00000000
2018-02-25 17:17:48,0.00009442,235.00000000
2018-02-25 17:17:50,0.00009442,92.00000000
2018-02-25 17:17:50,0.00009442,5.00000000
2018-02-25 17:17:51,0.00009434,247.00000000
2018-02-25 17:17:53,0.00009441,105.00000000
2018-02-25 17:17:57,0.00009441,105.00000000
2018-02-25 17:18:03,0.00009441,366.00000000
2018-02-25 17:18:04,0.00009441,428.00000000
2018-02-25 17:18:05,0.00009441,105.00000000
2018-02-25 17:18:06,0.00009441,105.00000000
2018-02-25 17:18:06,0.00009441,105.00000000
2018-02-25 17:18:16,0.00009434,16.00000000
2018-02-25 17:18:19,0.00009441,105.00000000
2018-02-25 17:18:21,0.00009441,22.00000000
2018-02-25 17:18:22,0.00009441,105.00000000
2018-02-25 17:18:23,0.00009434,110.00000000
2018-02-25 17:18:25,0.00009441,168.00000000
2018-02-25 17:18:27,0.00009439,197.00000000
2018-02-25 17:18:29,0.00009439,42.00000000
2018-02-25 17:18:36,0.00009440,33.00000000
2018-02-25 17:18:36,0.00009439,9.00000000
2018-02-25 17:18:37,0.00009441,105.00000000
2018-02-25 17:18:39,0.00009441,105.00000000
2018-02-25 17:18:41,0.00009439,76.00000000
2018-02-25 17:18:43,0.00009439,56.00000000
2018-02-25 17:18:44,0.00009439,137.00000000
2018-02-25 17:18:47,0.00009439,42.00000000
2018-02-25 17:18:48,0.00009441,297.00000000
2018-02-25 17:18:51,0.00009439,616.00000000
2018-02-25 17:18:53,0.00009439,111.00000000
2018-02-25 17:18:53,0.00009439,18.00000000
2018-02-25 17:19:01,0.00009441,105.00000000
2018-02-25 17:19:06,0.00009441,111.00000000
2018-02-25 17:19:07,0.00009441,64.00000000
2018-02-25 17:19:07,0.00009445,336.00000000
2018-02-25 17:19:08,0.00009444,84.00000000
2018-02-25 17:19:13,0.00009439,2264.00000000
2018-02-25 17:19:14,0.00009444,84.00000000
2018-02-25 17:19:22,0.00009444,1059.00000000
2018-02-25 17:19:22,0.00009445,1.00000000
2018-02-25 17:19:26,0.00009445,105.00000000
2018-02-25 17:19:26,0.00009445,53.00000000
2018-02-25 17:19:33,0.00009439,7.00000000
2018-02-25 17:19:34,0.00009445,2160.00000000
2018-02-25 17:19:41,0.00009445,506.00000000
2018-02-25 17:19:44,0.00009445,105.00000000
2018-02-25 17:19:47,0.00009445,1424.00000000
2018-02-25 17:19:53,0.00009446,105.00000000
2018-02-25 17:20:04,0.00009446,3579.00000000
2018-02-25 17:20:04,0.00009445,2.00000000
2018-02-25 17:20:04,0.00009446,1393.00000000
2018-02-25 17:20:04,0.00009447,301.00000000
2018-02-25 17:20:09,0.00009446,462.00000000
2018-02-25 17:20:15,0.00009445,156.00000000
2018-02-25 17:20:17,0.00009440,980.00000000
2018-02-25 17:20:17,0.00009445,306.00000000
2018-02-25 17:20:17,0.00009446,627.00000000
2018-02-25 17:20:17,0.00009447,3274.00000000
2018-02-25 17:20:19,0.00009447,422.00000000
2018-02-25 17:20:30,0.00009446,914.00000000
2018-02-25 17:20:30,0.00009446,1.00000000
2018-02-25 17:20:31,0.00009446,220.00000000
2018-02-25 17:20:33,0.00009446,701.00000000
2018-02-25 17:20:33,0.00009447,839.00000000
2018-02-25 17:20:35,0.00009447,35.00000000
2018-02-25 17:20:41,0.00009446,999.00000000
2018-02-25 17:20:44,0.00009447,4267.00000000
2018-02-25 17:20:47,0.00009446,250.00000000
2018-02-25 17:20:49,0.00009447,300.00000000
2018-02-25 17:20:57,0.00009447,227.00000000
2018-02-25 17:21:00,0.00009447,1073.00000000
2018-02-25 17:21:02,0.00009447,5685.00000000
2018-02-25 17:21:03,0.00009447,18.00000000
2018-02-25 17:21:06,0.00009446,124.00000000
2018-02-25 17:21:11,0.00009447,100.00000000
2018-02-25 17:21:12,0.00009440,289.00000000
2018-02-25 17:21:12,0.00009439,1511.00000000
2018-02-25 17:21:12,0.00009446,203.00000000
2018-02-25 17:21:13,0.00009437,296.00000000
2018-02-25 17:21:14,0.00009434,79.00000000
2018-02-25 17:21:14,0.00009447,1.00000000
2018-02-25 17:21:18,0.00009447,152.00000000
2018-02-25 17:21:19,0.00009447,598.00000000
2018-02-25 17:21:20,0.00009446,477.00000000
2018-02-25 17:21:20,0.00009446,80.00000000
2018-02-25 17:21:26,0.00009446,644.00000000
2018-02-25 17:21:26,0.00009447,4644.00000000
2018-02-25 17:21:27,0.00009446,41.00000000
2018-02-25 17:21:33,0.00009446,385.00000000
2018-02-25 17:21:40,0.00009447,105.00000000
2018-02-25 17:22:07,0.00009446,1001.00000000
2018-02-25 17:22:07,0.00009447,3648.00000000
2018-02-25 17:22:08,0.00009447,42670.00000000
2018-02-25 17:22:11,0.00009447,116.00000000
2018-02-25 17:22:12,0.00009447,12.00000000
2018-02-25 17:22:21,0.00009447,215.00000000
2018-02-25 17:22:21,0.00009447,20.00000000
2018-02-25 17:22:22,0.00009447,105.00000000
2018-02-25 17:22:25,0.00009447,105.00000000
2018-02-25 17:22:25,0.00009445,32.00000000
2018-02-25 17:22:25,0.00009447,230.00000000
2018-02-25 17:22:25,0.00009447,116.00000000
2018-02-25 17:22:29,0.00009447,1758.00000000
2018-02-25 17:22:29,0.00009447,105.00000000
2018-02-25 17:22:30,0.00009447,105.00000000
2018-02-25 17:22:34,0.00009445,1.00000000
2018-02-25 17:22:37,0.00009445,33.00000000
2018-02-25 17:22:37,0.00009447,56.00000000
2018-02-25 17:22:43,0.00009445,34.00000000
2018-02-25 17:22:53,0.00009447,105.00000000
2018-02-25 17:22:53,0.00009445,34.00000000
2018-02-25 17:22:54,0.00009445,136.00000000
2018-02-25 17:22:55,0.00009445,158.00000000
2018-02-25 17:22:57,0.00009445,100.00000000
2018-02-25 17:22:58,0.00009445,46.00000000
2018-02-25 17:22:58,0.00009447,56.00000000
2018-02-25 17:23:00,0.00009447,105.00000000
2018-02-25 17:23:04,0.00009447,180.00000000
2018-02-25 17:23:04,0.00009447,89.00000000
2018-02-25 17:23:06,0.00009445,300.00000000
2018-02-25 17:23:12,0.00009447,61.00000000
2018-02-25 17:23:16,0.00009447,36.00000000
2018-02-25 17:23:30,0.00009446,872.00000000
2018-02-25 17:23:32,0.00009447,1668.00000000
2018-02-25 17:23:32,0.00009447,5.00000000
2018-02-25 17:23:35,0.00009447,53.00000000
2018-02-25 17:23:40,0.00009447,85.00000000
2018-02-25 17:23:47,0.00009448,105.00000000
2018-02-25 17:23:49,0.00009448,105.00000000
2018-02-25 17:23:49,0.00009447,41.00000000
2018-02-25 17:23:50,0.00009448,105.00000000
2018-02-25 17:23:51,0.00009448,42.00000000
2018-02-25 17:23:59,0.00009447,34.00000000
2018-02-25 17:23:59,0.00009447,89.00000000
2018-02-25 17:23:59,0.00009447,24.00000000
2018-02-25 17:24:12,0.00009447,38.00000000
2018-02-25 17:24:12,0.00009448,83.00000000
2018-02-25 17:24:12,0.00009448,105.00000000
2018-02-25 17:24:15,0.00009447,52.00000000
2018-02-25 17:24:17,0.00009447,86.00000000
2018-02-25 17:24:20,0.00009447,86.00000000
2018-02-25 17:24:23,0.00009448,795.00000000
2018-02-25 17:24:23,0.00009449,221.00000000
2018-02-25 17:24:23,0.00009450,1270.00000000
2018-02-25 17:24:24,0.00009450,114.00000000
2018-02-25 17:24:24,0.00009450,122.00000000
2018-02-25 17:24:26,0.00009450,179.00000000
2018-02-25 17:24:27,0.00009450,85.00000000
2018-02-25 17:24:27,0.00009452,194.00000000
2018-02-25 17:24:28,0.00009450,74.00000000
2018-02-25 17:24:28,0.00009450,37.00000000
2018-02-25 17:24:28,0.00009453,105.00000000
2018-02-25 17:24:29,0.00009450,39.00000000
2018-02-25 17:24:31,0.00009450,147.00000000
2018-02-25 17:24:48,0.00009450,21.00000000
2018-02-25 17:24:50,0.00009450,42.00000000
2018-02-25 17:24:51,0.00009450,1999.00000000
2018-02-25 17:24:53,0.00009447,136.00000000
2018-02-25 17:24:54,0.00009447,51.00000000
2018-02-25 17:24:55,0.00009447,37.00000000
2018-02-25 17:24:56,0.00009447,165.00000000
2018-02-25 17:24:57,0.00009447,127.00000000
2018-02-25 17:25:05,0.00009447,24.00000000
2018-02-25 17:25:06,0.00009447,52.00000000
2018-02-25 17:25:07,0.00009447,26.00000000
2018-02-25 17:25:07,0.00009450,100.00000000
2018-02-25 17:25:11,0.00009447,97.00000000
2018-02-25 17:25:11,0.00009450,662.00000000
2018-02-25 17:25:25,0.00009450,340.00000000
2018-02-25 17:25:30,0.00009450,189.00000000
2018-02-25 17:25:32,0.00009447,67.00000000
2018-02-25 17:25:36,0.00009450,105.00000000
2018-02-25 17:25:43,0.00009448,81.00000000
2018-02-25 17:26:02,0.00009450,600.00000000
2018-02-25 17:26:03,0.00009450,105.00000000
2018-02-25 17:26:04,0.00009450,105.00000000
2018-02-25 17:26:07,0.00009450,9.00000000
2018-02-25 17:26:17,0.00009450,21.00000000
2018-02-25 17:26:18,0.00009448,23.00000000
2018-02-25 17:26:19,0.00009450,105.00000000
2018-02-25 17:26:28,0.00009449,383.00000000
2018-02-25 17:26:28,0.00009448,103.00000000
2018-02-25 17:26:33,0.00009448,105.00000000
2018-02-25 17:26:39,0.00009448,34.00000000
2018-02-25 17:26:39,0.00009448,54.00000000
2018-02-25 17:26:51,0.00009448,146.00000000
2018-02-25 17:26:51,0.00009448,68.00000000
2018-02-25 17:26:53,0.00009450,3.00000000
2018-02-25 17:27:07,0.00009448,1245.00000000
2018-02-25 17:27:08,0.00009448,48.00000000
2018-02-25 17:27:17,0.00009447,400.00000000
2018-02-25 17:27:20,0.00009448,114.00000000
2018-02-25 17:27:23,0.00009448,273.00000000
2018-02-25 17:27:29,0.00009448,750.00000000
2018-02-25 17:27:29,0.00009447,292.00000000
2018-02-25 17:27:32,0.00009447,71.00000000
2018-02-25 17:27:34,0.00009448,105.00000000
2018-02-25 17:27:35,0.00009448,100.00000000
2018-02-25 17:27:37,0.00009448,1394.00000000
2018-02-25 17:27:38,0.00009448,421.00000000
2018-02-25 17:27:41,0.00009448,120.00000000
2018-02-25 17:27:44,0.00009448,211.00000000
2018-02-25 17:27:56,0.00009447,55.00000000
2018-02-25 17:27:58,0.00009448,72.00000000
2018-02-25 17:28:03,0.00009448,34.00000000
2018-02-25 17:28:03,0.00009448,161.00000000
2018-02-25 17:28:04,0.00009448,34.00000000
2018-02-25 17:28:06,0.00009448,1484.00000000
2018-02-25 17:28:14,0.00009448,26.00000000
2018-02-25 17:28:27,0.00009447,529.00000000
2018-02-25 17:28:29,0.00009448,93.00000000
2018-02-25 17:28:30,0.00009447,529.00000000
2018-02-25 17:28:30,0.00009448,1387.00000000
2018-02-25 17:28:30,0.00009450,3443.00000000
2018-02-25 17:28:33,0.00009450,20.00000000
2018-02-25 17:28:33,0.00009453,105.00000000
2018-02-25 17:28:41,0.00009453,46.00000000
2018-02-25 17:28:42,0.00009453,105.00000000
2018-02-25 17:28:42,0.00009450,3384.00000000
2018-02-25 17:28:50,0.00009453,20.00000000
2018-02-25 17:28:55,0.00009453,15.00000000
2018-02-25 17:29:00,0.00009453,11.00000000
2018-02-25 17:29:07,0.00009448,1.00000000
2018-02-25 17:29:17,0.00009453,26.00000000
2018-02-25 17:29:25,0.00009450,72.00000000
2018-02-25 17:29:25,0.00009453,17.00000000
2018-02-25 17:29:27,0.00009453,105.00000000
2018-02-25 17:29:28,0.00009453,110.00000000
2018-02-25 17:29:28,0.00009448,1605.00000000
2018-02-25 17:29:28,0.00009447,98.00000000
2018-02-25 17:29:28,0.00009447,529.00000000
2018-02-25 17:29:32,0.00009454,105.00000000
2018-02-25 17:29:33,0.00009447,229.00000000
2018-02-25 17:29:33,0.00009445,176.00000000
2018-02-25 17:29:33,0.00009442,1595.00000000
2018-02-25 17:29:33,0.00009442,999.00000000
2018-02-25 17:29:35,0.00009454,105.00000000
2018-02-25 17:29:35,0.00009453,17.00000000
2018-02-25 17:29:49,0.00009454,246.00000000
2018-02-25 17:29:55,0.00009450,199.00000000
2018-02-25 17:29:59,0.00009453,41.00000000
2018-02-25 17:30:00,0.00009453,50.00000000
2018-02-25 17:30:02,0.00009453,20.00000000
2018-02-25 17:30:02,0.00009453,59.00000000
2018-02-25 17:30:02,0.00009453,18.00000000
2018-02-25 17:30:03,0.00009453,12.00000000
2018-02-25 17:30:03,0.00009450,56.00000000
2018-02-25 17:30:04,0.00009450,19.00000000
2018-02-25 17:30:05,0.00009450,18.00000000
2018-02-25 17:30:06,0.00009450,704.00000000
2018-02-25 17:30:07,0.00009450,220.00000000
2018-02-25 17:30:15,0.00009453,25.00000000
2018-02-25 17:30:16,0.00009452,14.00000000
2018-02-25 17:30:19,0.00009450,890.00000000
2018-02-25 17:30:35,0.00009450,99.00000000
2018-02-25 17:30:47,0.00009449,460.00000000
2018-02-25 17:30:51,0.00009448,32.00000000
2018-02-25 17:31:00,0.00009449,1000.00000000
2018-02-25 17:31:01,0.00009449,105.00000000
2018-02-25 17:31:01,0.00009449,12.00000000
2018-02-25 17:31:10,0.00009449,60.00000000
2018-02-25 17:31:11,0.00009449,105.00000000
2018-02-25 17:31:12,0.00009449,57.00000000
2018-02-25 17:31:18,0.00009450,335.00000000
2018-02-25 17:31:38,0.00009451,96.00000000
2018-02-25 17:31:38,0.00009450,904.00000000
2018-02-25 17:31:41,0.00009453,70.00000000
2018-02-25 17:31:42,0.00009453,105.00000000
2018-02-25 17:31:43,0.00009453,214.00000000
2018-02-25 17:31:49,0.00009450,136.00000000
2018-02-25 17:31:50,0.00009450,89.00000000
2018-02-25 17:31:52,0.00009450,33.00000000
2018-02-25 17:31:56,0.00009452,80.00000000
2018-02-25 17:31:58,0.00009450,95.00000000
2018-02-25 17:32:01,0.00009450,2433.00000000
2018-02-25 17:32:02,0.00009449,160.00000000
2018-02-25 17:32:02,0.00009448,1653.00000000
2018-02-25 17:32:02,0.00009443,529.00000000
2018-02-25 17:32:02,0.00009442,658.00000000
2018-02-25 17:32:02,0.00009450,131.00000000
2018-02-25 17:32:05,0.00009450,194.00000000
2018-02-25 17:32:09,0.00009443,50.00000000
2018-02-25 17:32:09,0.00009442,2198.00000000
2018-02-25 17:32:09,0.00009442,50.00000000
2018-02-25 17:32:11,0.00009449,30.00000000
2018-02-25 17:32:12,0.00009445,25.00000000
2018-02-25 17:32:13,0.00009448,324.00000000
2018-02-25 17:32:13,0.00009448,140.00000000
2018-02-25 17:32:19,0.00009448,400.00000000
2018-02-25 17:32:20,0.00009448,53.00000000
2018-02-25 17:32:24,0.00009448,1799.00000000
2018-02-25 17:32:24,0.00009449,1470.00000000
2018-02-25 17:32:24,0.00009450,3507.00000000
2018-02-25 17:32:31,0.00009450,5291.00000000
2018-02-25 17:32:40,0.00009449,100.00000000
2018-02-25 17:32:40,0.00009449,7.00000000
2018-02-25 17:32:40,0.00009450,98.00000000
2018-02-25 17:32:51,0.00009450,4000.00000000
2018-02-25 17:32:52,0.00009446,1036.00000000
2018-02-25 17:32:52,0.00009445,351.00000000
2018-02-25 17:32:57,0.00009449,41.00000000
2018-02-25 17:33:03,0.00009449,101.00000000
2018-02-25 17:33:04,0.00009449,200.00000000
2018-02-25 17:33:08,0.00009449,114.00000000
2018-02-25 17:33:20,0.00009450,14.00000000
2018-02-25 17:33:21,0.00009449,100.00000000
2018-02-25 17:33:30,0.00009450,105.00000000
2018-02-25 17:33:37,0.00009449,92.00000000
2018-02-25 17:33:37,0.00009446,168.00000000
2018-02-25 17:33:37,0.00009450,2232.00000000
2018-02-25 17:33:59,0.00009450,921.00000000
2018-02-25 17:34:00,0.00009450,30.00000000
2018-02-25 17:34:03,0.00009450,691.00000000
2018-02-25 17:34:11,0.00009450,806.00000000
2018-02-25 17:34:20,0.00009450,337.00000000
2018-02-25 17:34:21,0.00009450,523.00000000
2018-02-25 17:34:24,0.00009450,729.00000000
2018-02-25 17:34:24,0.00009446,35.00000000
2018-02-25 17:34:25,0.00009450,113.00000000
2018-02-25 17:34:31,0.00009450,105.00000000
2018-02-25 17:34:35,0.00009449,50.00000000
2018-02-25 17:34:35,0.00009450,6023.00000000
2018-02-25 17:34:44,0.00009450,49.00000000
2018-02-25 17:34:51,0.00009450,133.00000000
2018-02-25 17:34:51,0.00009450,478.00000000
2018-02-25 17:34:55,0.00009449,12.00000000
2018-02-25 17:35:03,0.00009449,1.00000000
2018-02-25 17:35:03,0.00009450,279.00000000
2018-02-25 17:35:03,0.00009448,49.00000000
2018-02-25 17:35:05,0.00009448,101.00000000
2018-02-25 17:35:06,0.00009450,190.00000000
2018-02-25 17:35:13,0.00009448,530.00000000
2018-02-25 17:35:18,0.00009450,55.00000000
2018-02-25 17:35:29,0.00009449,332.00000000
2018-02-25 17:35:33,0.00009450,147.00000000
2018-02-25 17:35:34,0.00009449,955.00000000
2018-02-25 17:35:34,0.00009449,105.00000000
2018-02-25 17:35:37,0.00009449,20.00000000
2018-02-25 17:35:41,0.00009449,105.00000000
2018-02-25 17:35:41,0.00009449,105.00000000
2018-02-25 17:35:41,0.00009449,190.00000000
2018-02-25 17:35:45,0.00009448,9.00000000
2018-02-25 17:35:50,0.00009448,329.00000000
2018-02-25 17:35:52,0.00009448,105.00000000
2018-02-25 17:35:52,0.00009448,100.00000000
2018-02-25 17:36:05,0.00009448,111.00000000
2018-02-25 17:36:06,0.00009448,457.00000000
2018-02-25 17:36:06,0.00009446,1631.00000000
2018-02-25 17:36:06,0.00009445,869.00000000
2018-02-25 17:36:12,0.00009445,1096.00000000
2018-02-25 17:36:27,0.00009445,250.00000000
2018-02-25 17:36:27,0.00009445,75.00000000
2018-02-25 17:36:29,0.00009448,84.00000000
2018-02-25 17:36:35,0.00009445,740.00000000
2018-02-25 17:36:35,0.00009444,260.00000000
2018-02-25 17:36:52,0.00009444,256.00000000
2018-02-25 17:36:57,0.00009444,6.00000000
2018-02-25 17:36:59,0.00009443,262.00000000
2018-02-25 17:36:59,0.00009442,1362.00000000
2018-02-25 17:37:10,0.00009444,138.00000000
2018-02-25 17:37:11,0.00009442,100.00000000
2018-02-25 17:37:15,0.00009442,300.00000000
2018-02-25 17:37:16,0.00009442,12.00000000
2018-02-25 17:37:18,0.00009444,42.00000000
2018-02-25 17:37:19,0.00009443,18.00000000
2018-02-25 17:37:19,0.00009442,18228.00000000
2018-02-25 17:37:20,0.00009442,149.00000000
2018-02-25 17:37:21,0.00009442,2179.00000000
2018-02-25 17:37:22,0.00009442,3654.00000000
2018-02-25 17:37:23,0.00009444,1945.00000000
2018-02-25 17:37:23,0.00009445,49.00000000
2018-02-25 17:37:23,0.00009448,2006.00000000
2018-02-25 17:37:28,0.00009442,200.00000000
2018-02-25 17:37:32,0.00009442,280.00000000
2018-02-25 17:37:39,0.00009442,1297.00000000
2018-02-25 17:37:42,0.00009448,3200.00000000
2018-02-25 17:37:42,0.00009442,104.00000000
2018-02-25 17:37:42,0.00009441,196.00000000
2018-02-25 17:37:52,0.00009442,57.00000000
2018-02-25 17:37:52,0.00009441,43.00000000
2018-02-25 17:37:53,0.00009441,22.00000000
2018-02-25 17:37:57,0.00009441,30.00000000
2018-02-25 17:38:00,0.00009445,63.00000000
2018-02-25 17:38:00,0.00009448,112.00000000
2018-02-25 17:38:08,0.00009447,24.00000000
2018-02-25 17:38:08,0.00009448,755.00000000
2018-02-25 17:38:23,0.00009448,3729.00000000
2018-02-25 17:38:29,0.00009442,1000.00000000
2018-02-25 17:38:29,0.00009448,732.00000000
2018-02-25 17:38:34,0.00009442,74.00000000
2018-02-25 17:38:34,0.00009441,594.00000000
2018-02-25 17:38:42,0.00009441,635.00000000
2018-02-25 17:38:45,0.00009441,132.00000000
2018-02-25 17:38:48,0.00009440,60.00000000
2018-02-25 17:38:52,0.00009441,398.00000000
2018-02-25 17:38:58,0.00009440,730.00000000
2018-02-25 17:38:59,0.00009441,44.00000000
2018-02-25 17:39:01,0.00009440,211.00000000
2018-02-25 17:39:06,0.00009440,318.00000000
2018-02-25 17:39:07,0.00009441,1.00000000
2018-02-25 17:39:07,0.00009441,18.00000000
2018-02-25 17:39:08,0.00009442,33.00000000
2018-02-25 17:39:15,0.00009440,934.00000000
2018-02-25 17:39:15,0.00009439,326.00000000
2018-02-25 17:39:15,0.00009438,81.00000000
2018-02-25 17:39:19,0.00009438,27.00000000
2018-02-25 17:39:19,0.00009438,114.00000000
2018-02-25 17:39:20,0.00009442,31.00000000
2018-02-25 17:39:20,0.00009438,1683.00000000
2018-02-25 17:39:20,0.00009437,501.00000000
2018-02-25 17:39:20,0.00009436,912.00000000
2018-02-25 17:39:21,0.00009448,272.00000000
2018-02-25 17:39:26,0.00009442,20.00000000
2018-02-25 17:39:26,0.00009448,144.00000000
2018-02-25 17:39:26,0.00009448,105.00000000
2018-02-25 17:39:40,0.00009440,75.00000000
2018-02-25 17:39:40,0.00009448,1.00000000
2018-02-25 17:39:41,0.00009440,51.00000000
2018-02-25 17:39:43,0.00009440,8.00000000
2018-02-25 17:39:44,0.00009439,19.00000000
2018-02-25 17:39:45,0.00009440,372.00000000
2018-02-25 17:39:47,0.00009440,1.00000000
2018-02-25 17:39:50,0.00009440,100.00000000
2018-02-25 17:39:53,0.00009439,1040.00000000
2018-02-25 17:39:57,0.00009439,137.00000000
2018-02-25 17:40:01,0.00009439,222.00000000
2018-02-25 17:40:02,0.00009440,567.00000000
2018-02-25 17:40:02,0.00009440,412.00000000
2018-02-25 17:40:06,0.00009440,164.00000000
2018-02-25 17:40:07,0.00009440,313.00000000
2018-02-25 17:40:09,0.00009440,37.00000000
2018-02-25 17:40:12,0.00009440,283.00000000
2018-02-25 17:40:12,0.00009440,999.00000000
2018-02-25 17:40:14,0.00009441,18.00000000
2018-02-25 17:40:21,0.00009447,91.00000000
2018-02-25 17:40:33,0.00009442,25.00000000
2018-02-25 17:40:42,0.00009446,105.00000000
2018-02-25 17:40:43,0.00009446,55.00000000
2018-02-25 17:40:43,0.00009447,50.00000000
2018-02-25 17:40:44,0.00009447,105.00000000
2018-02-25 17:40:45,0.00009447,822.00000000
2018-02-25 17:40:47,0.00009444,41.00000000
2018-02-25 17:41:02,0.00009444,1267.00000000
2018-02-25 17:41:03,0.00009444,145.00000000
2018-02-25 17:41:03,0.00009443,321.00000000
2018-02-25 17:41:03,0.00009441,213.00000000
2018-02-25 17:41:03,0.00009440,1822.00000000
2018-02-25 17:41:12,0.00009446,106.00000000
2018-02-25 17:41:15,0.00009446,324.00000000
2018-02-25 17:41:15,0.00009444,200.00000000
2018-02-25 17:41:16,0.00009444,20.00000000
2018-02-25 17:41:19,0.00009444,200.00000000
2018-02-25 17:41:20,0.00009444,44.00000000
2018-02-25 17:41:20,0.00009444,1121.00000000
2018-02-25 17:41:23,0.00009446,348.00000000
2018-02-25 17:41:25,0.00009446,118.00000000
2018-02-25 17:41:26,0.00009446,15.00000000
2018-02-25 17:41:32,0.00009446,491.00000000
2018-02-25 17:41:38,0.00009446,649.00000000
2018-02-25 17:41:40,0.00009446,586.00000000
2018-02-25 17:41:40,0.00009446,12.00000000
2018-02-25 17:41:44,0.00009446,112.00000000
2018-02-25 17:41:44,0.00009446,463.00000000
2018-02-25 17:41:51,0.00009444,37.00000000
2018-02-25 17:41:54,0.00009444,116.00000000
2018-02-25 17:41:55,0.00009446,600.00000000
2018-02-25 17:41:55,0.00009444,592.00000000
2018-02-25 17:41:56,0.00009441,182.00000000
2018-02-25 17:41:57,0.00009446,248.00000000
2018-02-25 17:41:58,0.00009444,323.00000000
2018-02-25 17:42:01,0.00009441,24.00000000
2018-02-25 17:42:04,0.00009442,1059.00000000
2018-02-25 17:42:04,0.00009446,16.00000000
2018-02-25 17:42:11,0.00009441,438.00000000
2018-02-25 17:42:12,0.00009441,115.00000000
2018-02-25 17:42:13,0.00009445,1000.00000000
2018-02-25 17:42:13,0.00009446,285.00000000
2018-02-25 17:42:13,0.00009447,481.00000000
2018-02-25 17:42:13,0.00009448,1643.00000000
2018-02-25 17:42:19,0.00009440,583.00000000
2018-02-25 17:42:22,0.00009440,634.00000000
2018-02-25 17:42:25,0.00009447,8.00000000
2018-02-25 17:42:32,0.00009440,31.00000000
2018-02-25 17:42:36,0.00009440,454.00000000
2018-02-25 17:42:36,0.00009440,148.00000000
2018-02-25 17:42:37,0.00009440,123.00000000
2018-02-25 17:42:38,0.00009440,358.00000000
2018-02-25 17:42:46,0.00009441,16.00000000
2018-02-25 17:42:46,0.00009440,9984.00000000
2018-02-25 17:42:50,0.00009440,181.00000000
2018-02-25 17:42:55,0.00009440,5806.00000000
2018-02-25 17:42:56,0.00009440,900.00000000
2018-02-25 17:42:58,0.00009440,114.00000000
2018-02-25 17:42:59,0.00009440,11.00000000
2018-02-25 17:42:59,0.00009440,50.00000000
2018-02-25 17:43:02,0.00009440,4690.00000000
2018-02-25 17:43:05,0.00009440,110.00000000
2018-02-25 17:43:08,0.00009441,671.00000000
2018-02-25 17:43:09,0.00009444,120.00000000
2018-02-25 17:43:10,0.00009441,282.00000000
2018-02-25 17:43:10,0.00009440,399.00000000
2018-02-25 17:43:14,0.00009441,100.00000000
2018-02-25 17:43:14,0.00009440,2742.00000000
2018-02-25 17:43:21,0.00009439,29.00000000
2018-02-25 17:43:31,0.00009440,1227.00000000
2018-02-25 17:43:32,0.00009439,130.00000000
2018-02-25 17:43:32,0.00009439,287.00000000
2018-02-25 17:43:38,0.00009440,52.00000000
2018-02-25 17:43:39,0.00009438,2192.00000000
2018-02-25 17:43:41,0.00009436,351.00000000
2018-02-25 17:43:44,0.00009438,359.00000000
2018-02-25 17:43:45,0.00009437,163.00000000
2018-02-25 17:43:55,0.00009438,24.00000000
2018-02-25 17:43:55,0.00009440,390.00000000
2018-02-25 17:43:57,0.00009440,15.00000000
2018-02-25 17:44:04,0.00009440,15.00000000
2018-02-25 17:44:05,0.00009440,10.00000000
2018-02-25 17:44:06,0.00009446,204.00000000
2018-02-25 17:44:12,0.00009440,450.00000000
2018-02-25 17:44:12,0.00009440,1773.00000000
2018-02-25 17:44:23,0.00009440,150.00000000
2018-02-25 17:44:26,0.00009440,1000.00000000
2018-02-25 17:44:27,0.00009440,40.00000000
2018-02-25 17:44:27,0.00009440,11.00000000
2018-02-25 17:44:31,0.00009440,34.00000000
2018-02-25 17:44:31,0.00009444,80.00000000
2018-02-25 17:44:31,0.00009447,25.00000000
2018-02-25 17:44:31,0.00009440,48.00000000
2018-02-25 17:44:31,0.00009440,46.00000000
2018-02-25 17:44:32,0.00009440,505.00000000
2018-02-25 17:44:32,0.00009440,325.00000000
2018-02-25 17:44:32,0.00009440,15.00000000
2018-02-25 17:44:32,0.00009440,150.00000000
2018-02-25 17:44:35,0.00009440,593.00000000
2018-02-25 17:44:39,0.00009441,284.00000000
2018-02-25 17:44:43,0.00009447,1307.00000000
2018-02-25 17:44:45,0.00009447,435.00000000
2018-02-25 17:44:54,0.00009442,36.00000000
2018-02-25 17:44:54,0.00009441,177.00000000
2018-02-25 17:44:54,0.00009441,20.00000000
2018-02-25 17:44:59,0.00009441,310.00000000
2018-02-25 17:44:59,0.00009440,748.00000000
2018-02-25 17:45:02,0.00009438,423.00000000
2018-02-25 17:45:03,0.00009437,32.00000000
2018-02-25 17:45:08,0.00009447,189.00000000
2018-02-25 17:45:12,0.00009437,18.00000000
2018-02-25 17:45:13,0.00009437,26.00000000
2018-02-25 17:45:17,0.00009439,78.00000000
2018-02-25 17:45:18,0.00009437,134.00000000
2018-02-25 17:45:25,0.00009437,20.00000000
2018-02-25 17:45:28,0.00009437,40.00000000
2018-02-25 17:45:28,0.00009439,10.00000000
2018-02-25 17:45:29,0.00009439,53.00000000
2018-02-25 17:45:29,0.00009440,2708.00000000
2018-02-25 17:45:35,0.00009440,3714.00000000
2018-02-25 17:45:35,0.00009447,1178.00000000
2018-02-25 17:45:35,0.00009448,16.00000000
2018-02-25 17:45:35,0.00009449,159.00000000
2018-02-25 17:45:35,0.00009450,33.00000000
2018-02-25 17:45:38,0.00009436,585.00000000
2018-02-25 17:45:38,0.00009436,112.00000000
2018-02-25 17:45:40,0.00009450,105.00000000
2018-02-25 17:45:40,0.00009450,105.00000000
2018-02-25 17:45:40,0.00009450,2771.00000000
2018-02-25 17:45:42,0.00009436,213.00000000
2018-02-25 17:45:44,0.00009450,105.00000000
2018-02-25 17:45:46,0.00009436,122.00000000
2018-02-25 17:45:47,0.00009450,105.00000000
2018-02-25 17:45:50,0.00009436,1024.00000000
2018-02-25 17:45:52,0.00009450,159.00000000
2018-02-25 17:45:53,0.00009450,32.00000000
2018-02-25 17:45:54,0.00009450,742.00000000
2018-02-25 17:46:01,0.00009437,64.00000000
2018-02-25 17:46:01,0.00009436,236.00000000
2018-02-25 17:46:05,0.00009437,861.00000000
2018-02-25 17:46:06,0.00009450,105.00000000
2018-02-25 17:46:08,0.00009437,113.00000000
2018-02-25 17:46:10,0.00009450,105.00000000
2018-02-25 17:46:14,0.00009438,134.00000000
2018-02-25 17:46:15,0.00009449,23.00000000
2018-02-25 17:46:15,0.00009450,2516.00000000
2018-02-25 17:46:16,0.00009450,499.00000000
2018-02-25 17:46:19,0.00009450,223.00000000
2018-02-25 17:46:21,0.00009450,20.00000000
2018-02-25 17:46:21,0.00009450,3504.00000000
2018-02-25 17:46:21,0.00009450,1433.00000000
2018-02-25 17:46:21,0.00009450,499.00000000
2018-02-25 17:46:22,0.00009450,213.00000000
2018-02-25 17:46:25,0.00009450,499.00000000
2018-02-25 17:46:25,0.00009452,2668.00000000
2018-02-25 17:46:29,0.00009452,499.00000000
2018-02-25 17:46:30,0.00009453,105.00000000
2018-02-25 17:46:30,0.00009453,105.00000000
2018-02-25 17:46:31,0.00009452,515.00000000
2018-02-25 17:46:31,0.00009452,1059.00000000
2018-02-25 17:46:33,0.00009452,127.00000000
2018-02-25 17:46:34,0.00009452,194.00000000
2018-02-25 17:46:37,0.00009452,449.00000000
2018-02-25 17:46:38,0.00009452,387.00000000
2018-02-25 17:46:40,0.00009450,152.00000000
2018-02-25 17:46:41,0.00009450,49.00000000
2018-02-25 17:46:42,0.00009452,11.00000000
2018-02-25 17:46:43,0.00009450,836.00000000
2018-02-25 17:46:44,0.00009450,213.00000000
2018-02-25 17:46:46,0.00009450,700.00000000
2018-02-25 17:46:52,0.00009451,847.00000000
2018-02-25 17:46:56,0.00009451,105.00000000
2018-02-25 17:46:58,0.00009451,117.00000000
2018-02-25 17:46:58,0.00009450,7.00000000
2018-02-25 17:46:59,0.00009450,400.00000000
2018-02-25 17:47:02,0.00009450,213.00000000
2018-02-25 17:47:04,0.00009451,100.00000000
2018-02-25 17:47:06,0.00009450,68.00000000
2018-02-25 17:47:07,0.00009450,250.00000000
2018-02-25 17:47:08,0.00009450,675.00000000
2018-02-25 17:47:08,0.00009450,88.00000000
2018-02-25 17:47:09,0.00009450,234.00000000
2018-02-25 17:47:11,0.00009450,102.00000000
2018-02-25 17:47:14,0.00009450,312.00000000
2018-02-25 17:47:16,0.00009450,930.00000000
2018-02-25 17:47:18,0.00009450,213.00000000
2018-02-25 17:47:20,0.00009450,3418.00000000
2018-02-25 17:47:22,0.00009450,312.00000000
2018-02-25 17:47:25,0.00009450,99.00000000
2018-02-25 17:47:27,0.00009450,218.00000000
2018-02-25 17:47:27,0.00009451,105.00000000
2018-02-25 17:47:29,0.00009450,499.00000000
2018-02-25 17:47:30,0.00009451,105.00000000
2018-02-25 17:47:30,0.00009450,532.00000000
2018-02-25 17:47:30,0.00009450,312.00000000
2018-02-25 17:47:32,0.00009450,600.00000000
2018-02-25 17:47:35,0.00009450,499.00000000
2018-02-25 17:47:39,0.00009450,522.00000000
2018-02-25 17:47:42,0.00009451,105.00000000
2018-02-25 17:47:47,0.00009450,522.00000000
2018-02-25 17:47:51,0.00009450,48.00000000
2018-02-25 17:47:51,0.00009450,26.00000000
2018-02-25 17:47:55,0.00009450,33.00000000
2018-02-25 17:47:55,0.00009450,627.00000000
2018-02-25 17:47:55,0.00009451,105.00000000
2018-02-25 17:47:56,0.00009450,453.00000000
2018-02-25 17:47:57,0.00009450,2100.00000000
2018-02-25 17:48:03,0.00009450,732.00000000
2018-02-25 17:48:06,0.00009450,30.00000000
2018-02-25 17:48:07,0.00009450,500.00000000
2018-02-25 17:48:08,0.00009450,62.00000000
2018-02-25 17:48:09,0.00009451,63.00000000
2018-02-25 17:48:09,0.00009452,42.00000000
2018-02-25 17:48:12,0.00009452,105.00000000
2018-02-25 17:48:17,0.00009452,105.00000000
2018-02-25 17:48:19,0.00009452,68.00000000
2018-02-25 17:48:19,0.00009450,136.00000000
2018-02-25 17:48:21,0.00009450,21.00000000
2018-02-25 17:48:23,0.00009450,34.00000000
2018-02-25 17:48:24,0.00009450,34.00000000
2018-02-25 17:48:25,0.00009450,323.00000000
2018-02-25 17:48:26,0.00009450,215.00000000
2018-02-25 17:48:28,0.00009450,400.00000000
2018-02-25 17:48:28,0.00009451,376.00000000
2018-02-25 17:48:28,0.00009452,124.00000000
2018-02-25 17:48:28,0.00009450,5155.00000000
2018-02-25 17:48:28,0.00009445,858.00000000
2018-02-25 17:48:30,0.00009445,472.00000000
2018-02-25 17:48:31,0.00009451,87.00000000
2018-02-25 17:48:40,0.00009452,105.00000000
2018-02-25 17:48:41,0.00009445,499.00000000
2018-02-25 17:48:42,0.00009452,201.00000000
2018-02-25 17:48:47,0.00009445,2000.00000000
2018-02-25 17:48:48,0.00009445,1749.00000000
2018-02-25 17:48:48,0.00009440,106.00000000
2018-02-25 17:48:48,0.00009437,333.00000000
2018-02-25 17:48:51,0.00009437,439.00000000
2018-02-25 17:48:55,0.00009452,105.00000000
2018-02-25 17:48:57,0.00009452,105.00000000
2018-02-25 17:48:59,0.00009452,97.00000000
2018-02-25 17:49:00,0.00009437,239.00000000
2018-02-25 17:49:06,0.00009450,90.00000000
2018-02-25 17:49:08,0.00009450,499.00000000
2018-02-25 17:49:19,0.00009450,20.00000000
2018-02-25 17:49:19,0.00009450,90.00000000
2018-02-25 17:49:21,0.00009450,105.00000000
2018-02-25 17:49:21,0.00009450,123.00000000
2018-02-25 17:49:21,0.00009445,459.00000000
2018-02-25 17:49:21,0.00009437,918.00000000
2018-02-25 17:49:25,0.00009451,28.00000000
2018-02-25 17:49:34,0.00009445,194.00000000
2018-02-25 17:49:34,0.00009437,906.00000000
2018-02-25 17:49:44,0.00009445,81.00000000
2018-02-25 17:49:44,0.00009445,47.00000000
2018-02-25 17:49:51,0.00009445,100.00000000
2018-02-25 17:49:56,0.00009450,264.00000000
2018-02-25 17:50:25,0.00009449,20.00000000
2018-02-25 17:50:25,0.00009450,76.00000000
2018-02-25 17:50:26,0.00009447,6.00000000
2018-02-25 17:50:28,0.00009447,46.00000000
2018-02-25 17:50:34,0.00009450,95.00000000
2018-02-25 17:50:35,0.00009450,700.00000000
2018-02-25 17:50:37,0.00009450,20.00000000
2018-02-25 17:50:49,0.00009450,46.00000000
2018-02-25 17:50:50,0.00009450,3356.00000000
2018-02-25 17:50:54,0.00009448,525.00000000
2018-02-25 17:50:56,0.00009450,105.00000000
2018-02-25 17:50:56,0.00009450,88.00000000
2018-02-25 17:50:56,0.00009447,9.00000000
2018-02-25 17:50:56,0.00009450,105.00000000
2018-02-25 17:50:58,0.00009450,47.00000000
2018-02-25 17:50:59,0.00009450,248.00000000
2018-02-25 17:50:59,0.00009449,70.00000000
2018-02-25 17:51:01,0.00009449,20.00000000
2018-02-25 17:51:07,0.00009448,11.00000000
2018-02-25 17:51:07,0.00009447,372.00000000
2018-02-25 17:51:07,0.00009445,1357.00000000
2018-02-25 17:51:07,0.00009449,40.00000000
2018-02-25 17:51:11,0.00009449,20.00000000
2018-02-25 17:51:15,0.00009449,375.00000000
2018-02-25 17:51:15,0.00009449,105.00000000
2018-02-25 17:51:15,0.00009449,100.00000000
2018-02-25 17:51:15,0.00009448,400.00000000
2018-02-25 17:51:15,0.00009445,279.00000000
2018-02-25 17:51:16,0.00009445,382.00000000
2018-02-25 17:51:16,0.00009445,671.00000000
2018-02-25 17:51:16,0.00009438,2.00000000
2018-02-25 17:51:17,0.00009445,621.00000000
2018-02-25 17:51:18,0.00009449,105.00000000
2018-02-25 17:51:18,0.00009448,16.00000000
2018-02-25 17:51:20,0.00009448,105.00000000
2018-02-25 17:51:21,0.00009438,401.00000000
2018-02-25 17:51:21,0.00009437,672.00000000
2018-02-25 17:51:22,0.00009437,881.00000000
2018-02-25 17:51:22,0.00009436,334.00000000
2018-02-25 17:51:22,0.00009435,40.00000000
2018-02-25 17:51:22,0.00009433,3654.00000000
2018-02-25 17:51:22,0.00009432,3290.00000000
2018-02-25 17:51:22,0.00009431,2579.00000000
2018-02-25 17:51:22,0.00009430,400.00000000
2018-02-25 17:51:22,0.00009428,870.00000000
2018-02-25 17:51:23,0.00009447,18.00000000
2018-02-25 17:51:24,0.00009447,18.00000000
2018-02-25 17:51:25,0.00009447,49.00000000
2018-02-25 17:51:27,0.00009447,105.00000000
2018-02-25 17:51:29,0.00009447,224.00000000
2018-02-25 17:51:39,0.00009447,105.00000000
2018-02-25 17:51:44,0.00009447,108.00000000
2018-02-25 17:51:44,0.00009447,22.00000000
2018-02-25 17:51:46,0.00009447,214.00000000
2018-02-25 17:51:47,0.00009447,105.00000000
2018-02-25 17:51:48,0.00009447,16.00000000
2018-02-25 17:51:48,0.00009447,180.00000000
2018-02-25 17:51:52,0.00009447,587.00000000
2018-02-25 17:51:52,0.00009447,677.00000000
2018-02-25 17:51:53,0.00009448,79.00000000
2018-02-25 17:51:53,0.00009447,210.00000000
2018-02-25 17:51:54,0.00009447,68.00000000
2018-02-25 17:51:54,0.00009447,75.00000000
2018-02-25 17:51:54,0.00009447,105.00000000
2018-02-25 17:51:55,0.00009447,37.00000000
2018-02-25 17:51:55,0.00009447,110.00000000
2018-02-25 17:52:00,0.00009447,1637.00000000
2018-02-25 17:52:03,0.00009449,105.00000000
2018-02-25 17:52:05,0.00009449,152.00000000
2018-02-25 17:52:05,0.00009450,187.00000000
2018-02-25 17:52:09,0.00009448,88.00000000
2018-02-25 17:52:09,0.00009449,17.00000000
2018-02-25 17:52:11,0.00009447,448.00000000
2018-02-25 17:52:14,0.00009447,778.00000000
2018-02-25 17:52:18,0.00009439,32.00000000
2018-02-25 17:52:18,0.00009438,232.00000000
2018-02-25 17:52:20,0.00009447,1132.00000000
2018-02-25 17:52:24,0.00009447,936.00000000
2018-02-25 17:52:30,0.00009447,60.00000000
2018-02-25 17:52:32,0.00009447,22.00000000
2018-02-25 17:52:33,0.00009447,50.00000000
2018-02-25 17:52:34,0.00009448,105.00000000
2018-02-25 17:52:35,0.00009448,256.00000000
2018-02-25 17:52:40,0.00009447,42.00000000
2018-02-25 17:52:44,0.00009449,670.00000000
2018-02-25 17:52:51,0.00009447,1044.00000000
2018-02-25 17:52:55,0.00009449,135.00000000
2018-02-25 17:52:55,0.00009450,890.00000000
2018-02-25 17:52:58,0.00009449,2497.00000000
2018-02-25 17:52:58,0.00009450,1333.00000000
2018-02-25 17:53:00,0.00009447,1000.00000000
2018-02-25 17:53:00,0.00009450,1824.00000000
2018-02-25 17:53:00,0.00009447,30.00000000
2018-02-25 17:53:00,0.00009450,20010.00000000
2018-02-25 17:53:12,0.00009450,1693.00000000
2018-02-25 17:53:17,0.00009450,273.00000000
2018-02-25 17:53:23,0.00009447,149.00000000
2018-02-25 17:53:25,0.00009447,606.00000000
2018-02-25 17:53:30,0.00009447,69.00000000
2018-02-25 17:53:34,0.00009448,317.00000000
2018-02-25 17:53:35,0.00009448,271.00000000
2018-02-25 17:53:35,0.00009449,14.00000000
2018-02-25 17:53:35,0.00009450,1872.00000000
2018-02-25 17:53:46,0.00009450,59.00000000
2018-02-25 17:53:47,0.00009447,33.00000000
2018-02-25 17:53:48,0.00009447,30.00000000
2018-02-25 17:53:54,0.00009450,88.00000000
2018-02-25 17:53:58,0.00009450,112.00000000
2018-02-25 17:53:59,0.00009450,42.00000000
2018-02-25 17:54:14,0.00009450,371.00000000
2018-02-25 17:54:14,0.00009451,25.00000000
2018-02-25 17:54:21,0.00009447,61.00000000
2018-02-25 17:54:26,0.00009451,101.00000000
2018-02-25 17:54:26,0.00009447,33.00000000
2018-02-25 17:54:34,0.00009451,622.00000000
2018-02-25 17:54:34,0.00009452,161.00000000
2018-02-25 17:54:35,0.00009452,932.00000000
2018-02-25 17:54:35,0.00009452,589.00000000
2018-02-25 17:54:35,0.00009453,296.00000000
2018-02-25 17:54:36,0.00009453,18.00000000
2018-02-25 17:54:36,0.00009453,1212.00000000
2018-02-25 17:54:38,0.00009454,18.00000000
2018-02-25 17:54:39,0.00009454,52.00000000
2018-02-25 17:54:39,0.00009454,1243.00000000
2018-02-25 17:54:39,0.00009450,1450.00000000
2018-02-25 17:54:40,0.00009454,69.00000000
2018-02-25 17:54:42,0.00009450,3842.00000000
2018-02-25 17:54:42,0.00009447,3318.00000000
2018-02-25 17:54:43,0.00009455,1058.00000000
2018-02-25 17:54:43,0.00009455,2123.00000000
2018-02-25 17:54:43,0.00009455,105.00000000
2018-02-25 17:54:50,0.00009455,105.00000000
2018-02-25 17:54:52,0.00009455,105.00000000
2018-02-25 17:54:56,0.00009454,66.00000000
2018-02-25 17:55:02,0.00009454,1009.00000000
2018-02-25 17:55:02,0.00009454,115.00000000
2018-02-25 17:55:05,0.00009451,31.00000000
2018-02-25 17:55:06,0.00009455,105.00000000
2018-02-25 17:55:08,0.00009455,1.00000000
2018-02-25 17:55:08,0.00009456,415.00000000
2018-02-25 17:55:13,0.00009454,12.00000000
2018-02-25 17:55:13,0.00009451,103.00000000
2018-02-25 17:55:26,0.00009456,153.00000000
2018-02-25 17:55:30,0.00009456,105.00000000
2018-02-25 17:55:31,0.00009455,1291.00000000
2018-02-25 17:55:37,0.00009455,20.00000000
2018-02-25 17:55:42,0.00009451,348.00000000
2018-02-25 17:55:43,0.00009451,20.00000000
2018-02-25 17:55:56,0.00009455,105.00000000
2018-02-25 17:55:57,0.00009455,20.00000000
2018-02-25 17:56:01,0.00009455,105.00000000
2018-02-25 17:56:07,0.00009455,105.00000000
2018-02-25 17:56:08,0.00009455,65.00000000
2018-02-25 17:56:08,0.00009451,210.00000000
2018-02-25 17:56:09,0.00009451,39.00000000
2018-02-25 17:56:09,0.00009451,274.00000000
2018-02-25 17:56:09,0.00009455,2135.00000000
2018-02-25 17:56:11,0.00009455,105.00000000
2018-02-25 17:56:12,0.00009455,28.00000000
2018-02-25 17:56:25,0.00009455,105.00000000
2018-02-25 17:56:31,0.00009455,50.00000000
2018-02-25 17:56:37,0.00009450,105.00000000
2018-02-25 17:56:37,0.00009450,20.00000000
2018-02-25 17:56:38,0.00009455,456.00000000
2018-02-25 17:56:39,0.00009455,726.00000000
2018-02-25 17:57:03,0.00009455,217.00000000
2018-02-25 17:57:03,0.00009456,938.00000000
2018-02-25 17:57:03,0.00009457,118.00000000
2018-02-25 17:57:03,0.00009459,943.00000000
2018-02-25 17:57:03,0.00009459,250.00000000
2018-02-25 17:57:04,0.00009459,344.00000000
2018-02-25 17:57:05,0.00009456,351.00000000
2018-02-25 17:57:05,0.00009455,73.00000000
2018-02-25 17:57:05,0.00009451,126.00000000
2018-02-25 17:57:07,0.00009451,391.00000000
2018-02-25 17:57:07,0.00009451,33.00000000
2018-02-25 17:57:12,0.00009451,108.00000000
2018-02-25 17:57:24,0.00009451,105.00000000
2018-02-25 17:57:27,0.00009451,105.00000000
2018-02-25 17:57:28,0.00009451,31.00000000
2018-02-25 17:57:41,0.00009451,14.00000000
2018-02-25 17:57:44,0.00009450,25.00000000
2018-02-25 17:57:46,0.00009451,931.00000000
2018-02-25 17:57:47,0.00009451,70.00000000
2018-02-25 17:57:48,0.00009451,43.00000000
2018-02-25 17:57:48,0.00009451,357.00000000
2018-02-25 17:57:48,0.00009451,529.00000000
2018-02-25 17:57:54,0.00009451,140.00000000
2018-02-25 17:57:59,0.00009451,105.00000000
2018-02-25 17:58:03,0.00009451,1904.00000000
2018-02-25 17:58:04,0.00009450,114.00000000
2018-02-25 17:58:05,0.00009451,83.00000000
2018-02-25 17:58:05,0.00009451,13.00000000
2018-02-25 17:58:06,0.00009450,562.00000000
2018-02-25 17:58:10,0.00009451,846.00000000
2018-02-25 17:58:12,0.00009451,389.00000000
2018-02-25 17:58:16,0.00009451,147.00000000
2018-02-25 17:58:16,0.00009451,317.00000000
2018-02-25 17:58:16,0.00009451,70.00000000
2018-02-25 17:58:17,0.00009451,100.00000000
2018-02-25 17:58:17,0.00009455,7.00000000
2018-02-25 17:58:22,0.00009451,317.00000000
2018-02-25 17:58:23,0.00009451,14.00000000
2018-02-25 17:58:26,0.00009451,201.00000000
2018-02-25 17:58:26,0.00009451,144.00000000
2018-02-25 17:58:29,0.00009451,130.00000000
2018-02-25 17:58:31,0.00009455,105.00000000
2018-02-25 17:58:32,0.00009451,3.00000000
2018-02-25 17:58:36,0.00009454,10.00000000
2018-02-25 17:58:43,0.00009454,74.00000000
2018-02-25 17:58:43,0.00009455,20.00000000
2018-02-25 17:58:43,0.00009459,983.00000000
2018-02-25 17:58:50,0.00009459,100.00000000
2018-02-25 17:58:52,0.00009452,300.00000000
2018-02-25 17:58:52,0.00009451,4581.00000000
2018-02-25 17:58:58,0.00009459,317.00000000
2018-02-25 17:59:02,0.00009451,1000.00000000
2018-02-25 17:59:03,0.00009451,60.00000000
2018-02-25 17:59:04,0.00009459,211.00000000
2018-02-25 17:59:07,0.00009459,264.00000000
2018-02-25 17:59:14,0.00009459,119.00000000
2018-02-25 17:59:15,0.00009459,222.00000000
2018-02-25 17:59:20,0.00009460,105.00000000
2018-02-25 17:59:23,0.00009451,75.00000000
2018-02-25 17:59:24,0.00009451,50.00000000
2018-02-25 17:59:25,0.00009451,24.00000000
2018-02-25 17:59:25,0.00009451,100.00000000
2018-02-25 17:59:25,0.00009451,932.00000000
2018-02-25 17:59:26,0.00009451,529.00000000
2018-02-25 17:59:27,0.00009451,322.00000000
2018-02-25 17:59:27,0.00009451,33.00000000
2018-02-25 17:59:29,0.00009451,198.00000000
2018-02-25 17:59:36,0.00009459,7.00000000
2018-02-25 17:59:37,0.00009454,13.00000000
2018-02-25 17:59:37,0.00009451,272.00000000
2018-02-25 17:59:45,0.00009459,87.00000000
2018-02-25 17:59:45,0.00009460,18.00000000
2018-02-25 17:59:46,0.00009451,50.00000000
2018-02-25 17:59:47,0.00009459,105.00000000
2018-02-25 17:59:47,0.00009459,105.00000000
2018-02-25 17:59:56,0.00009459,105.00000000
