DATE,PRICE,VOLUME
2018-02-27 07:00:03,0.00009019,678.00000000
2018-02-27 07:00:04,0.00009020,24.00000000
2018-02-27 07:00:05,0.00009020,203.00000000
2018-02-27 07:00:11,0.00009022,700.00000000
2018-02-27 07:00:14,0.00009021,292.00000000
2018-02-27 07:00:17,0.00009020,99.00000000
2018-02-27 07:00:20,0.00009022,75.00000000
2018-02-27 07:00:20,0.00009024,11.00000000
2018-02-27 07:00:20,0.00009020,1.00000000
2018-02-27 07:00:25,0.00009021,18.00000000
2018-02-27 07:00:27,0.00009021,617.00000000
2018-02-27 07:00:28,0.00009021,89.00000000
2018-02-27 07:00:28,0.00009020,3272.00000000
2018-02-27 07:00:29,0.00009020,110.00000000
2018-02-27 07:00:35,0.00009020,110.00000000
2018-02-27 07:00:39,0.00009021,50.00000000
2018-02-27 07:00:41,0.00009020,717.00000000
2018-02-27 07:00:42,0.00009021,93.00000000
2018-02-27 07:00:51,0.00009021,138.00000000
2018-02-27 07:00:51,0.00009021,1239.00000000
2018-02-27 07:00:54,0.00009021,9734.00000000
2018-02-27 07:00:54,0.00009020,1312.00000000
2018-02-27 07:01:10,0.00009021,49.00000000
2018-02-27 07:01:11,0.00009021,179.00000000
2018-02-27 07:01:19,0.00009020,100.00000000
2018-02-27 07:01:28,0.00009020,119.00000000
2018-02-27 07:01:29,0.00009021,2089.00000000
2018-02-27 07:01:31,0.00009021,12.00000000
2018-02-27 07:01:34,0.00009021,686.00000000
2018-02-27 07:01:36,0.00009021,213.00000000
2018-02-27 07:01:36,0.00009020,3548.00000000
2018-02-27 07:01:36,0.00009020,13.00000000
2018-02-27 07:01:44,0.00009020,13.00000000
2018-02-27 07:01:45,0.00009022,119.00000000
2018-02-27 07:01:45,0.00009024,289.00000000
2018-02-27 07:01:45,0.00009025,26784.00000000
2018-02-27 07:01:47,0.00009025,3918.00000000
2018-02-27 07:01:47,0.00009025,110.00000000
2018-02-27 07:01:52,0.00009025,330.00000000
2018-02-27 07:01:53,0.00009026,21.00000000
2018-02-27 07:01:53,0.00009025,1989.00000000
2018-02-27 07:01:53,0.00009026,5173.00000000
2018-02-27 07:01:53,0.00009026,111.00000000
2018-02-27 07:01:53,0.00009026,1213.00000000
2018-02-27 07:01:54,0.00009026,18.00000000
2018-02-27 07:01:55,0.00009025,221.00000000
2018-02-27 07:01:55,0.00009025,111.00000000
2018-02-27 07:01:59,0.00009026,53.00000000
2018-02-27 07:01:59,0.00009025,111.00000000
2018-02-27 07:02:01,0.00009025,111.00000000
2018-02-27 07:02:01,0.00009025,3823.00000000
2018-02-27 07:02:10,0.00009020,77.00000000
2018-02-27 07:02:14,0.00009024,40.00000000
2018-02-27 07:02:15,0.00009024,13.00000000
2018-02-27 07:02:19,0.00009023,1912.00000000
2018-02-27 07:02:19,0.00009024,806.00000000
2018-02-27 07:02:21,0.00009023,1912.00000000
2018-02-27 07:02:21,0.00009024,179.00000000
2018-02-27 07:02:21,0.00009025,704.00000000
2018-02-27 07:02:21,0.00009026,4420.00000000
2018-02-27 07:02:23,0.00009020,741.00000000
2018-02-27 07:02:23,0.00009019,588.00000000
2018-02-27 07:02:25,0.00009025,17.00000000
2018-02-27 07:02:25,0.00009026,7078.00000000
2018-02-27 07:02:25,0.00009020,399.00000000
2018-02-27 07:02:25,0.00009018,349.00000000
2018-02-27 07:02:25,0.00009016,20.00000000
2018-02-27 07:02:25,0.00009015,2918.00000000
2018-02-27 07:02:31,0.00009015,600.00000000
2018-02-27 07:02:34,0.00009015,56.00000000
2018-02-27 07:02:37,0.00009015,1480.00000000
2018-02-27 07:02:38,0.00009015,387.00000000
2018-02-27 07:02:38,0.00009013,168.00000000
2018-02-27 07:02:39,0.00009013,555.00000000
2018-02-27 07:02:43,0.00009013,119.00000000
2018-02-27 07:02:43,0.00009012,55.00000000
2018-02-27 07:02:43,0.00009011,381.00000000
2018-02-27 07:02:58,0.00009012,707.00000000
2018-02-27 07:03:02,0.00009012,40.00000000
2018-02-27 07:03:05,0.00009015,26.00000000
2018-02-27 07:03:06,0.00009015,110.00000000
2018-02-27 07:03:14,0.00009016,32.00000000
2018-02-27 07:03:20,0.00009016,138.00000000
2018-02-27 07:03:20,0.00009016,330.00000000
2018-02-27 07:03:21,0.00009016,138.00000000
2018-02-27 07:03:21,0.00009016,6576.00000000
2018-02-27 07:03:23,0.00009016,926.00000000
2018-02-27 07:03:23,0.00009016,3270.00000000
2018-02-27 07:03:23,0.00009015,156.00000000
2018-02-27 07:03:24,0.00009015,926.00000000
2018-02-27 07:03:24,0.00009015,107.00000000
2018-02-27 07:03:25,0.00009015,107.00000000
2018-02-27 07:03:27,0.00009016,107.00000000
2018-02-27 07:03:28,0.00009016,131.00000000
2018-02-27 07:03:30,0.00009019,110.00000000
2018-02-27 07:03:31,0.00009019,110.00000000
2018-02-27 07:03:31,0.00009015,300.00000000
2018-02-27 07:03:37,0.00009015,220.00000000
2018-02-27 07:03:37,0.00009019,110.00000000
2018-02-27 07:03:38,0.00009018,2079.00000000
2018-02-27 07:03:39,0.00009015,2079.00000000
2018-02-27 07:03:40,0.00009019,110.00000000
2018-02-27 07:03:40,0.00009019,137.00000000
2018-02-27 07:03:40,0.00009019,110.00000000
2018-02-27 07:03:43,0.00009015,220.00000000
2018-02-27 07:03:43,0.00009015,555.00000000
2018-02-27 07:03:53,0.00009015,1.00000000
2018-02-27 07:03:53,0.00009015,590.00000000
2018-02-27 07:03:55,0.00009015,89.00000000
2018-02-27 07:03:58,0.00009012,450.00000000
2018-02-27 07:03:58,0.00009015,8.00000000
2018-02-27 07:03:59,0.00009015,100.00000000
2018-02-27 07:04:01,0.00009015,489.00000000
2018-02-27 07:04:01,0.00009015,375.00000000
2018-02-27 07:04:01,0.00009015,97.00000000
2018-02-27 07:04:01,0.00009015,97.00000000
2018-02-27 07:04:03,0.00009015,679.00000000
2018-02-27 07:04:04,0.00009015,170.00000000
2018-02-27 07:04:07,0.00009015,14.00000000
2018-02-27 07:04:10,0.00009015,44.00000000
2018-02-27 07:04:10,0.00009015,443.00000000
2018-02-27 07:04:12,0.00009015,874.00000000
2018-02-27 07:04:13,0.00009015,687.00000000
2018-02-27 07:04:15,0.00009015,4733.00000000
2018-02-27 07:04:16,0.00009015,17.00000000
2018-02-27 07:04:17,0.00009016,75.00000000
2018-02-27 07:04:22,0.00009016,667.00000000
2018-02-27 07:04:24,0.00009016,859.00000000
2018-02-27 07:04:24,0.00009016,8664.00000000
2018-02-27 07:04:24,0.00009016,803.00000000
2018-02-27 07:04:25,0.00009016,1193.00000000
2018-02-27 07:04:25,0.00009016,555.00000000
2018-02-27 07:04:26,0.00009016,100.00000000
2018-02-27 07:04:27,0.00009016,97.00000000
2018-02-27 07:04:28,0.00009016,555.00000000
2018-02-27 07:04:28,0.00009016,1774.00000000
2018-02-27 07:04:32,0.00009016,1326.00000000
2018-02-27 07:04:32,0.00009015,674.00000000
2018-02-27 07:04:33,0.00009016,110.00000000
2018-02-27 07:04:34,0.00009016,110.00000000
2018-02-27 07:04:34,0.00009015,2659.00000000
2018-02-27 07:04:37,0.00009016,639.00000000
2018-02-27 07:04:51,0.00009016,305.00000000
2018-02-27 07:04:58,0.00009020,110.00000000
2018-02-27 07:04:59,0.00009016,49.00000000
2018-02-27 07:05:07,0.00009020,110.00000000
2018-02-27 07:05:09,0.00009016,1026.00000000
2018-02-27 07:05:10,0.00009016,18.00000000
2018-02-27 07:05:10,0.00009016,95.00000000
2018-02-27 07:05:11,0.00009016,40.00000000
2018-02-27 07:05:13,0.00009016,16.00000000
2018-02-27 07:05:13,0.00009016,665.00000000
2018-02-27 07:05:13,0.00009016,444.00000000
2018-02-27 07:05:18,0.00009018,14.00000000
2018-02-27 07:05:18,0.00009016,179.00000000
2018-02-27 07:05:22,0.00009020,110.00000000
2018-02-27 07:05:27,0.00009020,110.00000000
2018-02-27 07:05:30,0.00009020,18.00000000
2018-02-27 07:05:31,0.00009020,42.00000000
2018-02-27 07:05:32,0.00009026,60.00000000
2018-02-27 07:05:37,0.00009016,36.00000000
2018-02-27 07:05:38,0.00009026,110.00000000
2018-02-27 07:05:39,0.00009016,100.00000000
2018-02-27 07:05:42,0.00009016,3.00000000
2018-02-27 07:05:46,0.00009016,499.00000000
2018-02-27 07:05:47,0.00009026,163.00000000
2018-02-27 07:05:48,0.00009026,61.00000000
2018-02-27 07:05:48,0.00009026,1.00000000
2018-02-27 07:05:50,0.00009020,56.00000000
2018-02-27 07:05:50,0.00009026,54.00000000
2018-02-27 07:05:52,0.00009026,110.00000000
2018-02-27 07:06:01,0.00009026,49.00000000
2018-02-27 07:06:02,0.00009026,110.00000000
2018-02-27 07:06:06,0.00009026,110.00000000
2018-02-27 07:06:13,0.00009026,26.00000000
2018-02-27 07:06:13,0.00009027,84.00000000
2018-02-27 07:06:14,0.00009020,99.00000000
2018-02-27 07:06:32,0.00009020,95.00000000
2018-02-27 07:06:34,0.00009026,110.00000000
2018-02-27 07:06:37,0.00009026,110.00000000
2018-02-27 07:06:44,0.00009026,114.00000000
2018-02-27 07:06:52,0.00009026,40.00000000
2018-02-27 07:06:52,0.00009020,81.00000000
2018-02-27 07:07:01,0.00009019,4.00000000
2018-02-27 07:07:01,0.00009026,70.00000000
2018-02-27 07:07:06,0.00009017,646.00000000
2018-02-27 07:07:11,0.00009017,296.00000000
2018-02-27 07:07:12,0.00009020,400.00000000
2018-02-27 07:07:35,0.00009020,14.00000000
2018-02-27 07:07:36,0.00009020,188.00000000
2018-02-27 07:07:39,0.00009017,90.00000000
2018-02-27 07:07:44,0.00009020,5.00000000
2018-02-27 07:07:44,0.00009020,1228.00000000
2018-02-27 07:07:45,0.00009020,500.00000000
2018-02-27 07:07:59,0.00009020,1260.00000000
2018-02-27 07:08:02,0.00009020,100.00000000
2018-02-27 07:08:12,0.00009024,550.00000000
2018-02-27 07:08:13,0.00009024,110.00000000
2018-02-27 07:08:16,0.00009024,110.00000000
2018-02-27 07:08:24,0.00009022,460.00000000
2018-02-27 07:08:25,0.00009024,127.00000000
2018-02-27 07:08:26,0.00009022,99.00000000
2018-02-27 07:08:31,0.00009026,369.00000000
2018-02-27 07:08:31,0.00009027,231.00000000
2018-02-27 07:08:31,0.00009027,31.00000000
2018-02-27 07:08:31,0.00009029,79.00000000
2018-02-27 07:08:33,0.00009029,79.00000000
2018-02-27 07:08:33,0.00009030,31.00000000
2018-02-27 07:08:37,0.00009030,110.00000000
2018-02-27 07:08:40,0.00009030,58.00000000
2018-02-27 07:08:45,0.00009024,110.00000000
2018-02-27 07:08:51,0.00009022,2160.00000000
2018-02-27 07:08:51,0.00009020,1840.00000000
2018-02-27 07:08:52,0.00009020,93.00000000
2018-02-27 07:08:54,0.00009024,342.00000000
2018-02-27 07:08:54,0.00009020,720.00000000
2018-02-27 07:08:55,0.00009024,110.00000000
2018-02-27 07:08:56,0.00009024,4452.00000000
2018-02-27 07:08:58,0.00009024,110.00000000
2018-02-27 07:09:02,0.00009024,233.00000000
2018-02-27 07:09:02,0.00009024,211.00000000
2018-02-27 07:09:03,0.00009024,2163.00000000
2018-02-27 07:09:07,0.00009024,1141.00000000
2018-02-27 07:09:08,0.00009024,205.00000000
2018-02-27 07:09:08,0.00009024,23.00000000
2018-02-27 07:09:10,0.00009027,67.00000000
2018-02-27 07:09:11,0.00009026,33.00000000
2018-02-27 07:09:11,0.00009030,59.00000000
2018-02-27 07:09:11,0.00009036,18.00000000
2018-02-27 07:09:13,0.00009023,699.00000000
2018-02-27 07:09:13,0.00009023,345.00000000
2018-02-27 07:09:15,0.00009024,50.00000000
2018-02-27 07:09:15,0.00009023,65.00000000
2018-02-27 07:09:15,0.00009022,240.00000000
2018-02-27 07:09:16,0.00009036,12.00000000
2018-02-27 07:09:17,0.00009036,110.00000000
2018-02-27 07:09:19,0.00009035,110.00000000
2018-02-27 07:09:21,0.00009035,110.00000000
2018-02-27 07:09:23,0.00009024,9.00000000
2018-02-27 07:09:30,0.00009025,530.00000000
2018-02-27 07:09:35,0.00009025,579.00000000
2018-02-27 07:09:35,0.00009024,640.00000000
2018-02-27 07:09:36,0.00009025,280.00000000
2018-02-27 07:09:38,0.00009025,250.00000000
2018-02-27 07:09:38,0.00009024,110.00000000
2018-02-27 07:09:40,0.00009024,509.00000000
2018-02-27 07:09:43,0.00009024,110.00000000
2018-02-27 07:09:59,0.00009024,15.00000000
2018-02-27 07:10:01,0.00009035,14.00000000
2018-02-27 07:10:07,0.00009035,704.00000000
2018-02-27 07:10:09,0.00009024,265.00000000
2018-02-27 07:10:09,0.00009035,68.00000000
2018-02-27 07:10:17,0.00009025,221.00000000
2018-02-27 07:10:29,0.00009025,275.00000000
2018-02-27 07:10:32,0.00009025,249.00000000
2018-02-27 07:10:33,0.00009025,211.00000000
2018-02-27 07:10:35,0.00009025,1109.00000000
2018-02-27 07:10:37,0.00009025,107.00000000
2018-02-27 07:10:37,0.00009025,107.00000000
2018-02-27 07:10:37,0.00009025,107.00000000
2018-02-27 07:10:39,0.00009024,361.00000000
2018-02-27 07:10:43,0.00009024,10.00000000
2018-02-27 07:10:44,0.00009024,2000.00000000
2018-02-27 07:10:48,0.00009025,1475.00000000
2018-02-27 07:10:50,0.00009025,1.00000000
2018-02-27 07:11:01,0.00009022,330.00000000
2018-02-27 07:11:01,0.00009025,110.00000000
2018-02-27 07:11:04,0.00009022,16.00000000
2018-02-27 07:11:05,0.00009025,110.00000000
2018-02-27 07:11:05,0.00009022,88.00000000
2018-02-27 07:11:05,0.00009022,18.00000000
2018-02-27 07:11:08,0.00009025,13.00000000
2018-02-27 07:11:09,0.00009025,154.00000000
2018-02-27 07:11:11,0.00009025,13.00000000
2018-02-27 07:11:16,0.00009024,221.00000000
2018-02-27 07:11:16,0.00009025,142.00000000
2018-02-27 07:11:18,0.00009025,68.00000000
2018-02-27 07:11:20,0.00009022,10.00000000
2018-02-27 07:11:25,0.00009025,33.00000000
2018-02-27 07:11:27,0.00009023,94.00000000
2018-02-27 07:11:27,0.00009022,490.00000000
2018-02-27 07:11:29,0.00009025,654.00000000
2018-02-27 07:11:41,0.00009024,539.00000000
2018-02-27 07:11:41,0.00009024,110.00000000
2018-02-27 07:11:45,0.00009022,2656.00000000
2018-02-27 07:11:45,0.00009021,3848.00000000
2018-02-27 07:11:46,0.00009024,110.00000000
2018-02-27 07:11:53,0.00009024,6226.00000000
2018-02-27 07:11:58,0.00009024,80.00000000
2018-02-27 07:12:03,0.00009021,105.00000000
2018-02-27 07:12:06,0.00009024,166.00000000
2018-02-27 07:12:10,0.00009024,110.00000000
2018-02-27 07:12:14,0.00009021,999.00000000
2018-02-27 07:12:19,0.00009024,110.00000000
2018-02-27 07:12:24,0.00009021,313.00000000
2018-02-27 07:12:27,0.00009024,22.00000000
2018-02-27 07:12:31,0.00009024,72.00000000
2018-02-27 07:12:31,0.00009021,5000.00000000
2018-02-27 07:12:37,0.00009021,261.00000000
2018-02-27 07:12:38,0.00009021,8277.00000000
2018-02-27 07:12:40,0.00009024,848.00000000
2018-02-27 07:12:41,0.00009021,844.00000000
2018-02-27 07:12:55,0.00009022,38.00000000
2018-02-27 07:12:55,0.00009021,346.00000000
2018-02-27 07:12:56,0.00009024,1.00000000
2018-02-27 07:12:58,0.00009021,100.00000000
2018-02-27 07:12:59,0.00009021,1112.00000000
2018-02-27 07:13:23,0.00009022,154.00000000
2018-02-27 07:13:30,0.00009021,200.00000000
2018-02-27 07:13:32,0.00009022,58.00000000
2018-02-27 07:13:32,0.00009023,1.00000000
2018-02-27 07:13:34,0.00009022,99.00000000
2018-02-27 07:13:34,0.00009023,110.00000000
2018-02-27 07:13:46,0.00009024,5.00000000
2018-02-27 07:13:48,0.00009021,554.00000000
2018-02-27 07:13:49,0.00009021,268.00000000
2018-02-27 07:13:49,0.00009021,243.00000000
2018-02-27 07:13:49,0.00009021,554.00000000
2018-02-27 07:13:50,0.00009021,39.00000000
2018-02-27 07:13:51,0.00009024,110.00000000
2018-02-27 07:14:02,0.00009024,110.00000000
2018-02-27 07:14:07,0.00009023,61.00000000
2018-02-27 07:14:07,0.00009024,49.00000000
2018-02-27 07:14:07,0.00009024,57.00000000
2018-02-27 07:14:09,0.00009021,48.00000000
2018-02-27 07:14:11,0.00009023,23.00000000
2018-02-27 07:14:11,0.00009024,9977.00000000
2018-02-27 07:14:11,0.00009021,346.00000000
2018-02-27 07:14:12,0.00009024,110.00000000
2018-02-27 07:14:16,0.00009024,703.00000000
2018-02-27 07:14:16,0.00009024,589.00000000
2018-02-27 07:14:16,0.00009024,142.00000000
2018-02-27 07:14:16,0.00009025,20000.00000000
2018-02-27 07:14:16,0.00009024,221.00000000
2018-02-27 07:14:17,0.00009024,35.00000000
2018-02-27 07:14:24,0.00009025,10000.00000000
2018-02-27 07:14:27,0.00009024,104.00000000
2018-02-27 07:14:29,0.00009025,9036.00000000
2018-02-27 07:14:29,0.00009035,236.00000000
2018-02-27 07:14:29,0.00009036,345.00000000
2018-02-27 07:14:29,0.00009038,383.00000000
2018-02-27 07:14:32,0.00009037,35.00000000
2018-02-27 07:14:33,0.00009037,204.00000000
2018-02-27 07:14:41,0.00009024,179.00000000
2018-02-27 07:14:41,0.00009022,375.00000000
2018-02-27 07:14:41,0.00009024,152.00000000
2018-02-27 07:14:41,0.00009036,483.00000000
2018-02-27 07:14:45,0.00009036,110.00000000
2018-02-27 07:14:50,0.00009036,5000.00000000
2018-02-27 07:14:50,0.00009036,110.00000000
2018-02-27 07:14:55,0.00009035,758.00000000
2018-02-27 07:14:59,0.00009035,51.00000000
2018-02-27 07:15:07,0.00009025,17.00000000
2018-02-27 07:15:18,0.00009035,110.00000000
2018-02-27 07:15:19,0.00009035,1365.00000000
2018-02-27 07:15:19,0.00009036,533.00000000
2018-02-27 07:15:19,0.00009037,602.00000000
2018-02-27 07:15:20,0.00009036,131.00000000
2018-02-27 07:15:24,0.00009036,110.00000000
2018-02-27 07:15:26,0.00009024,221.00000000
2018-02-27 07:15:27,0.00009024,111.00000000
2018-02-27 07:15:37,0.00009036,360.00000000
2018-02-27 07:15:37,0.00009036,110.00000000
2018-02-27 07:15:38,0.00009025,221.00000000
2018-02-27 07:15:38,0.00009036,110.00000000
2018-02-27 07:15:42,0.00009036,110.00000000
2018-02-27 07:15:44,0.00009025,110.00000000
2018-02-27 07:15:50,0.00009032,110.00000000
2018-02-27 07:15:53,0.00009025,159.00000000
2018-02-27 07:15:53,0.00009024,12.00000000
2018-02-27 07:15:53,0.00009023,829.00000000
2018-02-27 07:15:55,0.00009023,2806.00000000
2018-02-27 07:15:58,0.00009023,12.00000000
2018-02-27 07:15:58,0.00009032,32.00000000
2018-02-27 07:15:59,0.00009035,110.00000000
2018-02-27 07:16:04,0.00009034,110.00000000
2018-02-27 07:16:06,0.00009024,13.00000000
2018-02-27 07:16:07,0.00009034,110.00000000
2018-02-27 07:16:09,0.00009024,26.00000000
2018-02-27 07:16:11,0.00009024,198.00000000
2018-02-27 07:16:11,0.00009023,13.00000000
2018-02-27 07:16:12,0.00009023,33.00000000
2018-02-27 07:16:14,0.00009030,110.00000000
2018-02-27 07:16:15,0.00009033,241.00000000
2018-02-27 07:16:15,0.00009034,804.00000000
2018-02-27 07:16:15,0.00009035,606.00000000
2018-02-27 07:16:15,0.00009036,626.00000000
2018-02-27 07:16:15,0.00009037,2723.00000000
2018-02-27 07:16:17,0.00009023,4.00000000
2018-02-27 07:16:19,0.00009034,5000.00000000
2018-02-27 07:16:22,0.00009034,63.00000000
2018-02-27 07:16:22,0.00009024,957.00000000
2018-02-27 07:16:25,0.00009037,110.00000000
2018-02-27 07:16:26,0.00009037,3363.00000000
2018-02-27 07:16:26,0.00009038,602.00000000
2018-02-27 07:16:26,0.00009040,6035.00000000
2018-02-27 07:16:27,0.00009024,535.00000000
2018-02-27 07:16:27,0.00009023,348.00000000
2018-02-27 07:16:30,0.00009023,896.00000000
2018-02-27 07:16:33,0.00009023,1405.00000000
2018-02-27 07:16:33,0.00009022,432.00000000
2018-02-27 07:16:33,0.00009021,788.00000000
2018-02-27 07:16:35,0.00009033,2.00000000
2018-02-27 07:16:35,0.00009032,961.00000000
2018-02-27 07:16:35,0.00009040,1039.00000000
2018-02-27 07:16:37,0.00009023,13.00000000
2018-02-27 07:16:39,0.00009023,306.00000000
2018-02-27 07:16:39,0.00009021,495.00000000
2018-02-27 07:16:39,0.00009025,110.00000000
2018-02-27 07:16:40,0.00009021,673.00000000
2018-02-27 07:16:41,0.00009022,90.00000000
2018-02-27 07:16:46,0.00009021,90.00000000
2018-02-27 07:16:46,0.00009021,898.00000000
2018-02-27 07:16:47,0.00009022,1.00000000
2018-02-27 07:16:47,0.00009022,112.00000000
2018-02-27 07:16:56,0.00009022,110.00000000
2018-02-27 07:16:57,0.00009022,112.00000000
2018-02-27 07:16:57,0.00009023,37.00000000
2018-02-27 07:16:57,0.00009024,163.00000000
2018-02-27 07:16:57,0.00009026,22.00000000
2018-02-27 07:16:57,0.00009033,50.00000000
2018-02-27 07:16:57,0.00009039,560.00000000
2018-02-27 07:16:57,0.00009040,1056.00000000
2018-02-27 07:17:02,0.00009020,104.00000000
2018-02-27 07:17:02,0.00009018,15.00000000
2018-02-27 07:17:02,0.00009017,961.00000000
2018-02-27 07:17:02,0.00009016,742.00000000
2018-02-27 07:17:02,0.00009034,110.00000000
2018-02-27 07:17:03,0.00009030,12.00000000
2018-02-27 07:17:05,0.00009033,100.00000000
2018-02-27 07:17:06,0.00009033,110.00000000
2018-02-27 07:17:07,0.00009030,4704.00000000
2018-02-27 07:17:07,0.00009032,296.00000000
2018-02-27 07:17:07,0.00009029,110.00000000
2018-02-27 07:17:12,0.00009028,851.00000000
2018-02-27 07:17:12,0.00009029,200.00000000
2018-02-27 07:17:12,0.00009032,1614.00000000
2018-02-27 07:17:12,0.00009033,844.00000000
2018-02-27 07:17:12,0.00009037,900.00000000
2018-02-27 07:17:12,0.00009040,591.00000000
2018-02-27 07:17:13,0.00009024,12.00000000
2018-02-27 07:17:15,0.00009024,165.00000000
2018-02-27 07:17:16,0.00009037,1405.00000000
2018-02-27 07:17:16,0.00009039,900.00000000
2018-02-27 07:17:16,0.00009040,249.00000000
2018-02-27 07:17:16,0.00009041,12.00000000
2018-02-27 07:17:16,0.00009043,146.00000000
2018-02-27 07:17:16,0.00009044,864.00000000
2018-02-27 07:17:16,0.00009045,21.00000000
2018-02-27 07:17:16,0.00009046,1403.00000000
2018-02-27 07:17:17,0.00009020,554.00000000
2018-02-27 07:17:18,0.00009017,45.00000000
2018-02-27 07:17:19,0.00009018,535.00000000
2018-02-27 07:17:21,0.00009017,433.00000000
2018-02-27 07:17:21,0.00009031,45.00000000
2018-02-27 07:17:21,0.00009033,417.00000000
2018-02-27 07:17:21,0.00009036,569.00000000
2018-02-27 07:17:21,0.00009037,1108.00000000
2018-02-27 07:17:21,0.00009040,23.00000000
2018-02-27 07:17:21,0.00009046,621.00000000
2018-02-27 07:17:21,0.00009047,2217.00000000
2018-02-27 07:17:22,0.00009018,16.00000000
2018-02-27 07:17:25,0.00009039,433.00000000
2018-02-27 07:17:25,0.00009040,129.00000000
2018-02-27 07:17:25,0.00009047,438.00000000
2018-02-27 07:17:26,0.00009024,367.00000000
2018-02-27 07:17:27,0.00009024,292.00000000
2018-02-27 07:17:39,0.00009023,110.00000000
2018-02-27 07:17:44,0.00009023,110.00000000
2018-02-27 07:17:45,0.00009023,61.00000000
2018-02-27 07:17:45,0.00009023,110.00000000
2018-02-27 07:17:47,0.00009023,217.00000000
2018-02-27 07:17:48,0.00009023,301.00000000
2018-02-27 07:17:48,0.00009023,110.00000000
2018-02-27 07:17:48,0.00009023,754.00000000
2018-02-27 07:17:48,0.00009018,110.00000000
2018-02-27 07:17:49,0.00009018,35.00000000
2018-02-27 07:17:49,0.00009017,186.00000000
2018-02-27 07:17:49,0.00009023,109.00000000
2018-02-27 07:17:50,0.00009023,2.00000000
2018-02-27 07:17:50,0.00009024,316.00000000
2018-02-27 07:17:50,0.00009029,130.00000000
2018-02-27 07:17:50,0.00009017,24.00000000
2018-02-27 07:18:00,0.00009023,34.00000000
2018-02-27 07:18:00,0.00009017,1406.00000000
2018-02-27 07:18:06,0.00009017,665.00000000
2018-02-27 07:18:12,0.00009024,72.00000000
2018-02-27 07:18:12,0.00009029,24.00000000
2018-02-27 07:18:12,0.00009036,14.00000000
2018-02-27 07:18:17,0.00009017,17.00000000
2018-02-27 07:18:21,0.00009017,500.00000000
2018-02-27 07:18:22,0.00009017,589.00000000
2018-02-27 07:18:25,0.00009017,210.00000000
2018-02-27 07:18:33,0.00009030,110.00000000
2018-02-27 07:18:39,0.00009017,400.00000000
2018-02-27 07:18:43,0.00009030,110.00000000
2018-02-27 07:18:43,0.00009030,110.00000000
2018-02-27 07:18:48,0.00009017,197.00000000
2018-02-27 07:18:58,0.00009018,142.00000000
2018-02-27 07:19:02,0.00009029,110.00000000
2018-02-27 07:19:04,0.00009018,149.00000000
2018-02-27 07:19:05,0.00009029,110.00000000
2018-02-27 07:19:07,0.00009029,110.00000000
2018-02-27 07:19:16,0.00009029,110.00000000
2018-02-27 07:19:19,0.00009029,23.00000000
2018-02-27 07:19:23,0.00009018,11.00000000
2018-02-27 07:19:26,0.00009029,110.00000000
2018-02-27 07:19:31,0.00009029,110.00000000
2018-02-27 07:19:36,0.00009018,100.00000000
2018-02-27 07:19:46,0.00009019,21.00000000
2018-02-27 07:19:46,0.00009018,479.00000000
2018-02-27 07:19:46,0.00009018,576.00000000
2018-02-27 07:19:46,0.00009029,94.00000000
2018-02-27 07:19:48,0.00009029,178.00000000
2018-02-27 07:19:55,0.00009029,26.00000000
2018-02-27 07:19:57,0.00009029,110.00000000
2018-02-27 07:20:01,0.00009029,593.00000000
2018-02-27 07:20:01,0.00009030,131.00000000
2018-02-27 07:20:01,0.00009032,276.00000000
2018-02-27 07:20:06,0.00009031,110.00000000
2018-02-27 07:20:07,0.00009031,110.00000000
2018-02-27 07:20:09,0.00009031,110.00000000
2018-02-27 07:20:12,0.00009029,223.00000000
2018-02-27 07:20:14,0.00009029,544.00000000
2018-02-27 07:20:14,0.00009029,54.00000000
2018-02-27 07:20:20,0.00009019,1080.00000000
2018-02-27 07:20:22,0.00009029,110.00000000
2018-02-27 07:20:27,0.00009019,178.00000000
2018-02-27 07:20:33,0.00009029,21.00000000
2018-02-27 07:20:34,0.00009029,208.00000000
2018-02-27 07:20:35,0.00009029,12.00000000
2018-02-27 07:20:42,0.00009029,110.00000000
2018-02-27 07:20:42,0.00009029,76.00000000
2018-02-27 07:20:43,0.00009029,697.00000000
2018-02-27 07:20:43,0.00009020,53.00000000
2018-02-27 07:20:43,0.00009020,11.00000000
2018-02-27 07:20:43,0.00009019,107.00000000
2018-02-27 07:20:44,0.00009019,536.00000000
2018-02-27 07:20:45,0.00009019,69.00000000
2018-02-27 07:20:46,0.00009019,224.00000000
2018-02-27 07:20:47,0.00009019,660.00000000
2018-02-27 07:20:48,0.00009018,106.00000000
2018-02-27 07:20:49,0.00009018,47.00000000
2018-02-27 07:20:49,0.00009018,1774.00000000
2018-02-27 07:20:57,0.00009024,110.00000000
2018-02-27 07:21:05,0.00009022,110.00000000
2018-02-27 07:21:07,0.00009021,55.00000000
2018-02-27 07:21:12,0.00009018,21.00000000
2018-02-27 07:21:15,0.00009018,119.00000000
2018-02-27 07:21:18,0.00009019,71.00000000
2018-02-27 07:21:18,0.00009025,39.00000000
2018-02-27 07:21:18,0.00009025,110.00000000
2018-02-27 07:21:20,0.00009018,37.00000000
2018-02-27 07:21:20,0.00009025,110.00000000
2018-02-27 07:21:23,0.00009018,95.00000000
2018-02-27 07:21:28,0.00009018,120.00000000
2018-02-27 07:21:28,0.00009017,150.00000000
2018-02-27 07:21:29,0.00009025,9.00000000
2018-02-27 07:21:35,0.00009018,1770.00000000
2018-02-27 07:21:38,0.00009025,148.00000000
2018-02-27 07:21:38,0.00009025,178.00000000
2018-02-27 07:22:01,0.00009018,4495.00000000
2018-02-27 07:22:07,0.00009025,110.00000000
2018-02-27 07:22:13,0.00009025,110.00000000
2018-02-27 07:22:14,0.00009018,554.00000000
2018-02-27 07:22:26,0.00009018,170.00000000
2018-02-27 07:22:36,0.00009025,46.00000000
2018-02-27 07:22:41,0.00009025,15.00000000
2018-02-27 07:22:46,0.00009025,25.00000000
2018-02-27 07:22:49,0.00009018,2724.00000000
2018-02-27 07:22:56,0.00009025,733.00000000
2018-02-27 07:23:13,0.00009018,200.00000000
2018-02-27 07:23:15,0.00009018,54.00000000
2018-02-27 07:23:16,0.00009024,196.00000000
2018-02-27 07:23:18,0.00009024,26.00000000
2018-02-27 07:23:20,0.00009024,77.00000000
2018-02-27 07:23:22,0.00009024,26.00000000
2018-02-27 07:23:25,0.00009022,26.00000000
2018-02-27 07:23:27,0.00009022,63.00000000
2018-02-27 07:23:33,0.00009022,110.00000000
2018-02-27 07:23:33,0.00009022,24.00000000
2018-02-27 07:23:34,0.00009022,7.00000000
2018-02-27 07:23:34,0.00009022,110.00000000
2018-02-27 07:23:38,0.00009018,20.00000000
2018-02-27 07:23:39,0.00009022,110.00000000
2018-02-27 07:23:44,0.00009022,110.00000000
2018-02-27 07:23:45,0.00009022,537.00000000
2018-02-27 07:23:45,0.00009024,1623.00000000
2018-02-27 07:23:45,0.00009024,47.00000000
2018-02-27 07:23:57,0.00009024,500.00000000
2018-02-27 07:23:58,0.00009022,477.00000000
2018-02-27 07:23:58,0.00009022,50.00000000
2018-02-27 07:23:59,0.00009024,110.00000000
2018-02-27 07:23:59,0.00009022,41.00000000
2018-02-27 07:24:00,0.00009022,67.00000000
2018-02-27 07:24:00,0.00009022,169.00000000
2018-02-27 07:24:02,0.00009022,95.00000000
2018-02-27 07:24:03,0.00009021,41.00000000
2018-02-27 07:24:03,0.00009020,36.00000000
2018-02-27 07:24:03,0.00009018,63.00000000
2018-02-27 07:24:03,0.00009022,310.00000000
2018-02-27 07:24:05,0.00009024,42.00000000
2018-02-27 07:24:05,0.00009025,2309.00000000
2018-02-27 07:24:05,0.00009026,482.00000000
2018-02-27 07:24:05,0.00009029,48.00000000
2018-02-27 07:24:20,0.00009030,110.00000000
2018-02-27 07:24:23,0.00009029,110.00000000
2018-02-27 07:24:27,0.00009029,92.00000000
2018-02-27 07:24:27,0.00009030,2440.00000000
2018-02-27 07:24:37,0.00009030,110.00000000
2018-02-27 07:24:41,0.00009029,100.00000000
2018-02-27 07:24:41,0.00009030,3418.00000000
2018-02-27 07:24:43,0.00009031,119.00000000
2018-02-27 07:24:43,0.00009032,96.00000000
2018-02-27 07:24:44,0.00009030,1185.00000000
2018-02-27 07:24:48,0.00009024,166.00000000
2018-02-27 07:24:55,0.00009030,33.00000000
2018-02-27 07:24:56,0.00009030,26.00000000
2018-02-27 07:24:56,0.00009030,76.00000000
2018-02-27 07:24:56,0.00009032,34.00000000
2018-02-27 07:24:58,0.00009024,178.00000000
2018-02-27 07:24:58,0.00009032,197.00000000
2018-02-27 07:25:02,0.00009032,77.00000000
2018-02-27 07:25:02,0.00009034,33.00000000
2018-02-27 07:25:16,0.00009034,110.00000000
2018-02-27 07:25:19,0.00009034,110.00000000
2018-02-27 07:25:19,0.00009025,200.00000000
2018-02-27 07:25:29,0.00009034,110.00000000
2018-02-27 07:25:30,0.00009034,12.00000000
2018-02-27 07:25:36,0.00009034,110.00000000
2018-02-27 07:25:37,0.00009034,69.00000000
2018-02-27 07:25:37,0.00009035,20.00000000
2018-02-27 07:25:37,0.00009036,1.00000000
2018-02-27 07:25:37,0.00009037,572.00000000
2018-02-27 07:25:39,0.00009026,5.00000000
2018-02-27 07:25:41,0.00009037,28.00000000
2018-02-27 07:25:41,0.00009040,75.00000000
2018-02-27 07:25:41,0.00009042,7.00000000
2018-02-27 07:25:52,0.00009027,43.00000000
2018-02-27 07:25:52,0.00009026,1103.00000000
2018-02-27 07:25:53,0.00009026,710.00000000
2018-02-27 07:25:59,0.00009040,110.00000000
2018-02-27 07:26:03,0.00009040,887.00000000
2018-02-27 07:26:05,0.00009040,1.00000000
2018-02-27 07:26:05,0.00009042,109.00000000
2018-02-27 07:26:13,0.00009027,46.00000000
2018-02-27 07:26:17,0.00009027,32.00000000
2018-02-27 07:26:18,0.00009041,110.00000000
2018-02-27 07:26:21,0.00009040,55.00000000
2018-02-27 07:26:21,0.00009041,55.00000000
2018-02-27 07:26:28,0.00009027,3.00000000
2018-02-27 07:26:29,0.00009041,47.00000000
2018-02-27 07:26:29,0.00009042,101.00000000
2018-02-27 07:26:29,0.00009045,24.00000000
2018-02-27 07:26:29,0.00009046,560.00000000
2018-02-27 07:26:29,0.00009047,22.00000000
2018-02-27 07:26:30,0.00009047,110.00000000
2018-02-27 07:26:32,0.00009043,110.00000000
2018-02-27 07:26:45,0.00009046,199.00000000
2018-02-27 07:26:47,0.00009046,22.00000000
2018-02-27 07:26:48,0.00009046,110.00000000
2018-02-27 07:26:48,0.00009046,110.00000000
2018-02-27 07:27:01,0.00009047,110.00000000
2018-02-27 07:27:03,0.00009047,110.00000000
2018-02-27 07:27:05,0.00009031,27.00000000
2018-02-27 07:27:08,0.00009030,200.00000000
2018-02-27 07:27:10,0.00009030,50.00000000
2018-02-27 07:27:10,0.00009044,27.00000000
2018-02-27 07:27:10,0.00009045,83.00000000
2018-02-27 07:27:17,0.00009045,110.00000000
2018-02-27 07:27:17,0.00009045,57.00000000
2018-02-27 07:27:17,0.00009047,53.00000000
2018-02-27 07:27:17,0.00009031,213.00000000
2018-02-27 07:27:20,0.00009032,111.00000000
2018-02-27 07:27:30,0.00009031,111.00000000
2018-02-27 07:27:35,0.00009032,248.00000000
2018-02-27 07:27:55,0.00009034,110.00000000
2018-02-27 07:27:57,0.00009046,103.00000000
2018-02-27 07:27:57,0.00009047,7.00000000
2018-02-27 07:28:03,0.00009047,110.00000000
2018-02-27 07:28:03,0.00009047,110.00000000
2018-02-27 07:28:04,0.00009047,1100.00000000
2018-02-27 07:28:09,0.00009047,110.00000000
2018-02-27 07:28:09,0.00009032,837.00000000
2018-02-27 07:28:12,0.00009032,1108.00000000
2018-02-27 07:28:15,0.00009032,387.00000000
2018-02-27 07:28:18,0.00009032,2651.00000000
2018-02-27 07:28:25,0.00009032,47.00000000
2018-02-27 07:28:33,0.00009047,110.00000000
2018-02-27 07:28:33,0.00009047,26.00000000
2018-02-27 07:28:36,0.00009047,278.00000000
2018-02-27 07:28:38,0.00009047,77.00000000
2018-02-27 07:28:40,0.00009047,26.00000000
2018-02-27 07:28:45,0.00009032,950.00000000
2018-02-27 07:28:46,0.00009047,3.00000000
2018-02-27 07:28:51,0.00009047,110.00000000
2018-02-27 07:29:00,0.00009047,110.00000000
2018-02-27 07:29:02,0.00009047,1602.00000000
2018-02-27 07:29:02,0.00009048,270.00000000
2018-02-27 07:29:03,0.00009036,200.00000000
2018-02-27 07:29:06,0.00009048,110.00000000
2018-02-27 07:29:13,0.00009048,110.00000000
2018-02-27 07:29:19,0.00009047,89.00000000
2018-02-27 07:29:30,0.00009047,43.00000000
2018-02-27 07:29:39,0.00009037,111.00000000
2018-02-27 07:29:43,0.00009048,10.00000000
2018-02-27 07:29:43,0.00009049,490.00000000
2018-02-27 07:29:45,0.00009047,100.00000000
2018-02-27 07:29:50,0.00009049,110.00000000
2018-02-27 07:29:51,0.00009049,101.00000000
2018-02-27 07:29:52,0.00009047,54.00000000
2018-02-27 07:29:53,0.00009049,92.00000000
2018-02-27 07:29:58,0.00009049,651.00000000
2018-02-27 07:29:59,0.00009049,720.00000000
2018-02-27 07:30:00,0.00009049,709.00000000
2018-02-27 07:30:04,0.00009049,45.00000000
2018-02-27 07:30:19,0.00009048,106.00000000
2018-02-27 07:30:19,0.00009049,532.00000000
2018-02-27 07:30:24,0.00009037,957.00000000
2018-02-27 07:30:24,0.00009036,38.00000000
2018-02-27 07:30:38,0.00009049,1810.00000000
2018-02-27 07:30:43,0.00009050,130.00000000
2018-02-27 07:30:45,0.00009049,83.00000000
2018-02-27 07:30:53,0.00009049,110.00000000
2018-02-27 07:30:56,0.00009048,18.00000000
2018-02-27 07:30:58,0.00009041,298.00000000
2018-02-27 07:31:00,0.00009041,259.00000000
2018-02-27 07:31:03,0.00009041,553.00000000
2018-02-27 07:31:04,0.00009048,110.00000000
2018-02-27 07:31:05,0.00009041,553.00000000
2018-02-27 07:31:05,0.00009048,110.00000000
2018-02-27 07:31:13,0.00009041,575.00000000
2018-02-27 07:31:16,0.00009047,110.00000000
2018-02-27 07:31:21,0.00009047,63.00000000
2018-02-27 07:31:30,0.00009047,110.00000000
2018-02-27 07:31:34,0.00009047,110.00000000
2018-02-27 07:31:34,0.00009041,443.00000000
2018-02-27 07:31:36,0.00009041,65.00000000
2018-02-27 07:31:37,0.00009047,110.00000000
2018-02-27 07:31:38,0.00009041,442.00000000
2018-02-27 07:31:39,0.00009036,37.00000000
2018-02-27 07:31:44,0.00009041,545.00000000
2018-02-27 07:31:44,0.00009041,51.00000000
2018-02-27 07:31:44,0.00009047,47.00000000
2018-02-27 07:31:45,0.00009036,6.00000000
2018-02-27 07:31:45,0.00009032,54.00000000
2018-02-27 07:31:45,0.00009047,110.00000000
2018-02-27 07:31:48,0.00009047,147.00000000
2018-02-27 07:31:51,0.00009041,110.00000000
2018-02-27 07:31:52,0.00009047,86.00000000
2018-02-27 07:31:56,0.00009047,110.00000000
2018-02-27 07:32:02,0.00009036,50.00000000
2018-02-27 07:32:02,0.00009036,196.00000000
2018-02-27 07:32:02,0.00009036,154.00000000
2018-02-27 07:32:02,0.00009047,196.00000000
2018-02-27 07:32:15,0.00009047,174.00000000
2018-02-27 07:32:15,0.00009047,17.00000000
2018-02-27 07:32:16,0.00009047,263.00000000
2018-02-27 07:32:30,0.00009047,110.00000000
2018-02-27 07:32:32,0.00009047,110.00000000
2018-02-27 07:32:40,0.00009041,14.00000000
2018-02-27 07:32:40,0.00009047,26.00000000
2018-02-27 07:32:42,0.00009047,916.00000000
2018-02-27 07:32:42,0.00009047,110.00000000
2018-02-27 07:32:43,0.00009047,110.00000000
2018-02-27 07:32:43,0.00009047,110.00000000
2018-02-27 07:32:49,0.00009047,110.00000000
2018-02-27 07:32:59,0.00009032,1041.00000000
2018-02-27 07:32:59,0.00009032,758.00000000
2018-02-27 07:32:59,0.00009032,151.00000000
2018-02-27 07:33:01,0.00009047,53.00000000
2018-02-27 07:33:06,0.00009047,97.00000000
2018-02-27 07:33:12,0.00009047,159.00000000
2018-02-27 07:33:17,0.00009047,13.00000000
2018-02-27 07:33:17,0.00009047,293.00000000
2018-02-27 07:33:21,0.00009032,963.00000000
2018-02-27 07:33:27,0.00009031,378.00000000
2018-02-27 07:33:29,0.00009039,6.00000000
2018-02-27 07:33:34,0.00009039,110.00000000
2018-02-27 07:33:37,0.00009038,21.00000000
2018-02-27 07:33:37,0.00009032,1806.00000000
2018-02-27 07:33:37,0.00009031,53.00000000
2018-02-27 07:33:38,0.00009034,489.00000000
2018-02-27 07:33:39,0.00009034,22.00000000
2018-02-27 07:33:40,0.00009034,12.00000000
2018-02-27 07:33:41,0.00009034,110.00000000
2018-02-27 07:33:42,0.00009034,2654.00000000
2018-02-27 07:33:42,0.00009039,847.00000000
2018-02-27 07:33:43,0.00009039,442.00000000
2018-02-27 07:33:53,0.00009039,214.00000000
2018-02-27 07:33:55,0.00009039,213.00000000
2018-02-27 07:33:55,0.00009039,227.00000000
2018-02-27 07:33:59,0.00009039,176.00000000
2018-02-27 07:34:00,0.00009045,110.00000000
2018-02-27 07:34:14,0.00009042,110.00000000
2018-02-27 07:34:19,0.00009039,237.00000000
2018-02-27 07:34:20,0.00009039,237.00000000
2018-02-27 07:34:24,0.00009039,109.00000000
2018-02-27 07:34:24,0.00009032,962.00000000
2018-02-27 07:34:24,0.00009031,2227.00000000
2018-02-27 07:34:25,0.00009031,155.00000000
2018-02-27 07:34:26,0.00009031,376.00000000
2018-02-27 07:34:34,0.00009031,110.00000000
2018-02-27 07:34:36,0.00009031,20.00000000
2018-02-27 07:34:39,0.00009030,84.00000000
2018-02-27 07:34:42,0.00009031,12.00000000
2018-02-27 07:34:43,0.00009030,56.00000000
2018-02-27 07:34:44,0.00009031,844.00000000
2018-02-27 07:34:46,0.00009031,110.00000000
2018-02-27 07:34:47,0.00009030,355.00000000
2018-02-27 07:34:48,0.00009031,321.00000000
2018-02-27 07:34:48,0.00009031,100.00000000
2018-02-27 07:34:50,0.00009030,817.00000000
2018-02-27 07:34:53,0.00009031,110.00000000
2018-02-27 07:34:53,0.00009030,293.00000000
2018-02-27 07:34:53,0.00009031,110.00000000
2018-02-27 07:34:56,0.00009030,568.00000000
2018-02-27 07:34:57,0.00009030,56.00000000
2018-02-27 07:34:58,0.00009031,700.00000000
2018-02-27 07:34:58,0.00009031,546.00000000
2018-02-27 07:35:03,0.00009030,19.00000000
2018-02-27 07:35:04,0.00009031,31.00000000
2018-02-27 07:35:07,0.00009031,1056.00000000
2018-02-27 07:35:07,0.00009031,110.00000000
2018-02-27 07:35:07,0.00009031,1.00000000
2018-02-27 07:35:07,0.00009031,26.00000000
2018-02-27 07:35:09,0.00009030,534.00000000
2018-02-27 07:35:09,0.00009030,555.00000000
2018-02-27 07:35:09,0.00009025,167.00000000
2018-02-27 07:35:09,0.00009024,88.00000000
2018-02-27 07:35:09,0.00009021,33.00000000
2018-02-27 07:35:09,0.00009020,532.00000000
2018-02-27 07:35:10,0.00009031,110.00000000
2018-02-27 07:35:12,0.00009031,1.00000000
2018-02-27 07:35:14,0.00009031,465.00000000
2018-02-27 07:35:22,0.00009031,2.00000000
2018-02-27 07:35:22,0.00009031,3.00000000
2018-02-27 07:35:23,0.00009031,7.00000000
2018-02-27 07:35:28,0.00009031,10.00000000
2018-02-27 07:35:29,0.00009031,3281.00000000
2018-02-27 07:35:35,0.00009031,110.00000000
2018-02-27 07:35:42,0.00009031,110.00000000
2018-02-27 07:35:45,0.00009031,110.00000000
2018-02-27 07:35:46,0.00009031,110.00000000
2018-02-27 07:35:48,0.00009031,540.00000000
2018-02-27 07:35:49,0.00009031,18.00000000
2018-02-27 07:35:49,0.00009022,70.00000000
2018-02-27 07:35:53,0.00009031,276.00000000
2018-02-27 07:35:57,0.00009031,2.00000000
2018-02-27 07:36:00,0.00009031,110.00000000
2018-02-27 07:36:02,0.00009030,76.00000000
2018-02-27 07:36:02,0.00009031,34.00000000
2018-02-27 07:36:03,0.00009031,110.00000000
2018-02-27 07:36:06,0.00009031,20.00000000
2018-02-27 07:36:06,0.00009025,61.00000000
2018-02-27 07:36:06,0.00009024,48.00000000
2018-02-27 07:36:06,0.00009023,591.00000000
2018-02-27 07:36:07,0.00009031,110.00000000
2018-02-27 07:36:08,0.00009023,517.00000000
2018-02-27 07:36:09,0.00009020,222.00000000
2018-02-27 07:36:09,0.00009018,1834.00000000
2018-02-27 07:36:09,0.00009017,148.00000000
2018-02-27 07:36:09,0.00009016,1003.00000000
2018-02-27 07:36:09,0.00009015,4832.00000000
2018-02-27 07:36:09,0.00009012,1270.00000000
2018-02-27 07:36:09,0.00009011,1210.00000000
2018-02-27 07:36:09,0.00009010,4319.00000000
2018-02-27 07:36:09,0.00009008,560.00000000
2018-02-27 07:36:14,0.00009026,308.00000000
2018-02-27 07:36:15,0.00009023,1636.00000000
2018-02-27 07:36:24,0.00009024,110.00000000
2018-02-27 07:36:28,0.00009024,110.00000000
2018-02-27 07:36:33,0.00009024,23.00000000
2018-02-27 07:36:35,0.00009024,13.00000000
2018-02-27 07:36:42,0.00009023,18.00000000
2018-02-27 07:36:42,0.00009024,22.00000000
2018-02-27 07:36:42,0.00009024,14.00000000
2018-02-27 07:36:44,0.00009019,362.00000000
2018-02-27 07:36:44,0.00009020,1202.00000000
2018-02-27 07:36:49,0.00009020,110.00000000
2018-02-27 07:36:59,0.00009020,110.00000000
2018-02-27 07:37:03,0.00009020,154.00000000
2018-02-27 07:37:05,0.00009020,3870.00000000
2018-02-27 07:37:14,0.00009020,8.00000000
2018-02-27 07:37:16,0.00009009,202.00000000
2018-02-27 07:37:21,0.00009020,110.00000000
2018-02-27 07:37:22,0.00009020,20.00000000
2018-02-27 07:37:24,0.00009009,52.00000000
2018-02-27 07:37:24,0.00009009,25.00000000
2018-02-27 07:37:25,0.00009020,347.00000000
2018-02-27 07:37:27,0.00009020,4.00000000
2018-02-27 07:37:28,0.00009020,110.00000000
2018-02-27 07:37:30,0.00009020,383.00000000
2018-02-27 07:37:30,0.00009020,1047.00000000
2018-02-27 07:37:33,0.00009024,26.00000000
2018-02-27 07:37:41,0.00009024,26.00000000
2018-02-27 07:37:45,0.00009024,110.00000000
2018-02-27 07:37:56,0.00009024,250.00000000
2018-02-27 07:37:57,0.00009024,12.00000000
2018-02-27 07:38:07,0.00009030,19.00000000
2018-02-27 07:38:07,0.00009031,11332.00000000
2018-02-27 07:38:08,0.00009031,2001.00000000
2018-02-27 07:38:09,0.00009031,90.00000000
2018-02-27 07:38:10,0.00009031,302.00000000
2018-02-27 07:38:20,0.00009031,18.00000000
2018-02-27 07:38:21,0.00009036,15.00000000
2018-02-27 07:38:21,0.00009039,95.00000000
2018-02-27 07:38:21,0.00009039,1146.00000000
2018-02-27 07:38:21,0.00009040,401.00000000
2018-02-27 07:38:21,0.00009043,385.00000000
2018-02-27 07:38:32,0.00009041,1108.00000000
2018-02-27 07:38:32,0.00009042,60.00000000
2018-02-27 07:38:33,0.00009042,110.00000000
2018-02-27 07:38:37,0.00009042,287.00000000
2018-02-27 07:38:37,0.00009043,715.00000000
2018-02-27 07:38:37,0.00009045,375.00000000
2018-02-27 07:38:37,0.00009046,107.00000000
2018-02-27 07:38:37,0.00009047,2608.00000000
2018-02-27 07:38:48,0.00009042,1901.00000000
2018-02-27 07:38:48,0.00009047,26.00000000
2018-02-27 07:38:49,0.00009031,111.00000000
2018-02-27 07:38:52,0.00009047,110.00000000
2018-02-27 07:38:53,0.00009047,44.00000000
2018-02-27 07:39:10,0.00009046,30.00000000
2018-02-27 07:39:18,0.00009031,1.00000000
2018-02-27 07:39:19,0.00009045,90.00000000
2018-02-27 07:39:19,0.00009045,24.00000000
2018-02-27 07:39:19,0.00009046,97.00000000
2018-02-27 07:39:20,0.00009045,29.00000000
2018-02-27 07:39:20,0.00009046,142.00000000
2018-02-27 07:39:20,0.00009047,30.00000000
2018-02-27 07:39:21,0.00009047,222.00000000
2018-02-27 07:39:22,0.00009047,62.00000000
2018-02-27 07:39:25,0.00009047,25.00000000
2018-02-27 07:39:25,0.00009048,1.00000000
2018-02-27 07:39:25,0.00009046,90.00000000
2018-02-27 07:39:27,0.00009046,34.00000000
2018-02-27 07:39:28,0.00009046,305.00000000
2018-02-27 07:39:28,0.00009046,271.00000000
2018-02-27 07:39:34,0.00009046,57.00000000
2018-02-27 07:39:35,0.00009047,185.00000000
2018-02-27 07:39:35,0.00009047,83.00000000
2018-02-27 07:39:40,0.00009047,110.00000000
2018-02-27 07:39:41,0.00009047,92.00000000
2018-02-27 07:39:41,0.00009048,18.00000000
2018-02-27 07:39:42,0.00009048,110.00000000
2018-02-27 07:39:42,0.00009032,34.00000000
2018-02-27 07:39:44,0.00009044,20.00000000
2018-02-27 07:39:51,0.00009042,41.00000000
2018-02-27 07:39:53,0.00009042,297.00000000
2018-02-27 07:39:53,0.00009042,48.00000000
2018-02-27 07:39:53,0.00009043,14.00000000
2018-02-27 07:39:53,0.00009048,744.00000000
2018-02-27 07:39:53,0.00009049,4080.00000000
2018-02-27 07:39:53,0.00009050,965.00000000
2018-02-27 07:39:54,0.00009039,26.00000000
2018-02-27 07:40:01,0.00009049,110.00000000
2018-02-27 07:40:02,0.00009049,10.00000000
2018-02-27 07:40:06,0.00009049,700.00000000
2018-02-27 07:40:08,0.00009049,26.00000000
2018-02-27 07:40:10,0.00009048,34.00000000
2018-02-27 07:40:10,0.00009049,1082.00000000
2018-02-27 07:40:10,0.00009050,2837.00000000
2018-02-27 07:40:11,0.00009050,110.00000000
2018-02-27 07:40:11,0.00009050,110.00000000
2018-02-27 07:40:12,0.00009050,907.00000000
2018-02-27 07:40:14,0.00009049,26.00000000
2018-02-27 07:40:15,0.00009050,1677.00000000
2018-02-27 07:40:17,0.00009050,1565.00000000
2018-02-27 07:40:18,0.00009050,4505.00000000
2018-02-27 07:40:19,0.00009050,438.00000000
2018-02-27 07:40:22,0.00009050,50.00000000
2018-02-27 07:40:24,0.00009049,56.00000000
2018-02-27 07:40:24,0.00009046,110.00000000
2018-02-27 07:40:25,0.00009046,46.00000000
2018-02-27 07:40:25,0.00009050,607.00000000
2018-02-27 07:40:25,0.00009050,141.00000000
2018-02-27 07:40:25,0.00009050,451.00000000
2018-02-27 07:40:26,0.00009050,84.00000000
2018-02-27 07:40:26,0.00009050,33.00000000
2018-02-27 07:40:27,0.00009050,42.00000000
2018-02-27 07:40:28,0.00009051,107.00000000
2018-02-27 07:40:28,0.00009051,393.00000000
2018-02-27 07:40:28,0.00009052,21.00000000
2018-02-27 07:40:28,0.00009053,82.00000000
2018-02-27 07:40:28,0.00009050,19.00000000
2018-02-27 07:40:30,0.00009053,18.00000000
2018-02-27 07:40:30,0.00009055,92.00000000
2018-02-27 07:40:30,0.00009054,17.00000000
2018-02-27 07:40:30,0.00009054,9.00000000
2018-02-27 07:40:31,0.00009054,27.00000000
2018-02-27 07:40:31,0.00009055,83.00000000
2018-02-27 07:40:31,0.00009050,18.00000000
2018-02-27 07:40:31,0.00009050,491.00000000
2018-02-27 07:40:31,0.00009047,26.00000000
2018-02-27 07:40:32,0.00009055,110.00000000
2018-02-27 07:40:32,0.00009055,26.00000000
2018-02-27 07:40:32,0.00009052,110.00000000
2018-02-27 07:40:33,0.00009050,18.00000000
2018-02-27 07:40:34,0.00009050,1108.00000000
2018-02-27 07:40:34,0.00009052,83.00000000
2018-02-27 07:40:35,0.00009050,18.00000000
2018-02-27 07:40:35,0.00009050,66.00000000
2018-02-27 07:40:35,0.00009050,4765.00000000
2018-02-27 07:40:37,0.00009052,26.00000000
2018-02-27 07:40:38,0.00009050,18.00000000
2018-02-27 07:40:38,0.00009050,356.00000000
2018-02-27 07:40:39,0.00009050,1104.00000000
2018-02-27 07:40:39,0.00009050,1758.00000000
2018-02-27 07:40:39,0.00009052,1099.00000000
2018-02-27 07:40:39,0.00009052,26.00000000
2018-02-27 07:40:40,0.00009050,106.00000000
2018-02-27 07:40:41,0.00009050,3.00000000
2018-02-27 07:40:41,0.00009052,110.00000000
2018-02-27 07:40:42,0.00009052,26.00000000
2018-02-27 07:40:42,0.00009050,164.00000000
2018-02-27 07:40:44,0.00009050,162.00000000
2018-02-27 07:40:44,0.00009052,374.00000000
2018-02-27 07:40:45,0.00009050,782.00000000
2018-02-27 07:40:45,0.00009048,527.00000000
2018-02-27 07:40:45,0.00009048,20.00000000
2018-02-27 07:40:46,0.00009052,105.00000000
2018-02-27 07:40:49,0.00009052,29.00000000
2018-02-27 07:40:51,0.00009052,12.00000000
2018-02-27 07:40:51,0.00009055,110.00000000
2018-02-27 07:40:52,0.00009053,14.00000000
2018-02-27 07:40:52,0.00009048,572.00000000
2018-02-27 07:40:53,0.00009039,6.00000000
2018-02-27 07:40:54,0.00009055,368.00000000
2018-02-27 07:40:56,0.00009055,103.00000000
2018-02-27 07:40:57,0.00009055,5.00000000
2018-02-27 07:40:58,0.00009055,28.00000000
2018-02-27 07:41:01,0.00009055,26.00000000
2018-02-27 07:41:02,0.00009055,110.00000000
2018-02-27 07:41:10,0.00009055,210.00000000
2018-02-27 07:41:10,0.00009055,288.00000000
2018-02-27 07:41:11,0.00009055,110.00000000
2018-02-27 07:41:14,0.00009055,110.00000000
2018-02-27 07:41:17,0.00009039,212.00000000
2018-02-27 07:41:20,0.00009054,54.00000000
2018-02-27 07:41:21,0.00009051,81.00000000
2018-02-27 07:41:21,0.00009054,29.00000000
2018-02-27 07:41:22,0.00009048,76.00000000
2018-02-27 07:41:24,0.00009050,90.00000000
2018-02-27 07:41:25,0.00009050,76.00000000
2018-02-27 07:41:27,0.00009055,110.00000000
2018-02-27 07:41:28,0.00009050,76.00000000
2018-02-27 07:41:28,0.00009050,208.00000000
2018-02-27 07:41:35,0.00009050,101.00000000
2018-02-27 07:41:42,0.00009054,126.00000000
2018-02-27 07:41:44,0.00009039,206.00000000
2018-02-27 07:41:45,0.00009054,110.00000000
2018-02-27 07:41:49,0.00009050,64.00000000
2018-02-27 07:41:49,0.00009054,2564.00000000
2018-02-27 07:41:50,0.00009051,46.00000000
2018-02-27 07:41:52,0.00009054,45.00000000
2018-02-27 07:41:54,0.00009051,49.00000000
2018-02-27 07:41:55,0.00009054,391.00000000
2018-02-27 07:41:55,0.00009051,463.00000000
2018-02-27 07:41:55,0.00009051,422.00000000
2018-02-27 07:41:57,0.00009054,659.00000000
2018-02-27 07:41:59,0.00009054,279.00000000
2018-02-27 07:42:00,0.00009054,110.00000000
2018-02-27 07:42:00,0.00009039,212.00000000
2018-02-27 07:42:01,0.00009039,212.00000000
2018-02-27 07:42:01,0.00009054,1241.00000000
2018-02-27 07:42:01,0.00009055,463.00000000
2018-02-27 07:42:01,0.00009033,553.00000000
2018-02-27 07:42:01,0.00009032,1117.00000000
2018-02-27 07:42:01,0.00009031,1428.00000000
2018-02-27 07:42:01,0.00009029,107.00000000
2018-02-27 07:42:01,0.00009024,59.00000000
2018-02-27 07:42:01,0.00009023,964.00000000
2018-02-27 07:42:01,0.00009022,150.00000000
2018-02-27 07:42:01,0.00009020,379.00000000
2018-02-27 07:42:01,0.00009054,59.00000000
2018-02-27 07:42:03,0.00009034,465.00000000
2018-02-27 07:42:03,0.00009034,18.00000000
2018-02-27 07:42:03,0.00009035,89.00000000
2018-02-27 07:42:03,0.00009035,179.00000000
2018-02-27 07:42:03,0.00009052,500.00000000
2018-02-27 07:42:03,0.00009031,8.00000000
2018-02-27 07:42:03,0.00009034,90.00000000
2018-02-27 07:42:03,0.00009034,13.00000000
2018-02-27 07:42:04,0.00009034,84.00000000
2018-02-27 07:42:06,0.00009048,35.00000000
2018-02-27 07:42:07,0.00009047,23.00000000
2018-02-27 07:42:08,0.00009046,570.00000000
2018-02-27 07:42:11,0.00009037,91.00000000
2018-02-27 07:42:11,0.00009038,19.00000000
2018-02-27 07:42:13,0.00009038,254.00000000
2018-02-27 07:42:13,0.00009039,20.00000000
2018-02-27 07:42:13,0.00009041,226.00000000
2018-02-27 07:42:19,0.00009034,534.00000000
2018-02-27 07:42:21,0.00009033,170.00000000
2018-02-27 07:42:22,0.00009040,245.00000000
2018-02-27 07:42:26,0.00009039,534.00000000
2018-02-27 07:42:26,0.00009040,348.00000000
2018-02-27 07:42:26,0.00009040,74.00000000
2018-02-27 07:42:27,0.00009034,534.00000000
2018-02-27 07:42:33,0.00009033,200.00000000
2018-02-27 07:42:35,0.00009048,110.00000000
2018-02-27 07:42:37,0.00009048,424.00000000
2018-02-27 07:42:37,0.00009049,223.00000000
2018-02-27 07:42:38,0.00009049,1353.00000000
2018-02-27 07:42:38,0.00009033,109.00000000
2018-02-27 07:42:41,0.00009044,110.00000000
2018-02-27 07:42:45,0.00009044,28.00000000
2018-02-27 07:42:48,0.00009033,31.00000000
2018-02-27 07:42:48,0.00009033,189.00000000
2018-02-27 07:42:55,0.00009032,746.00000000
2018-02-27 07:42:57,0.00009044,30.00000000
2018-02-27 07:43:00,0.00009044,26.00000000
2018-02-27 07:43:02,0.00009044,103.00000000
2018-02-27 07:43:12,0.00009043,55.00000000
2018-02-27 07:43:12,0.00009044,55.00000000
2018-02-27 07:43:18,0.00009034,331.00000000
2018-02-27 07:43:18,0.00009033,600.00000000
2018-02-27 07:43:18,0.00009033,4.00000000
2018-02-27 07:43:20,0.00009042,642.00000000
2018-02-27 07:43:20,0.00009042,1.00000000
2018-02-27 07:43:20,0.00009044,59.00000000
2018-02-27 07:43:21,0.00009044,1100.00000000
2018-02-27 07:43:21,0.00009044,759.00000000
2018-02-27 07:43:21,0.00009050,444.00000000
2018-02-27 07:43:25,0.00009053,56.00000000
2018-02-27 07:43:25,0.00009054,54.00000000
2018-02-27 07:43:26,0.00009054,1682.00000000
2018-02-27 07:43:30,0.00009034,1435.00000000
2018-02-27 07:43:30,0.00009032,170.00000000
2018-02-27 07:43:30,0.00009050,110.00000000
2018-02-27 07:43:38,0.00009048,355.00000000
2018-02-27 07:43:39,0.00009035,774.00000000
2018-02-27 07:43:42,0.00009035,22.00000000
2018-02-27 07:43:42,0.00009036,4.00000000
2018-02-27 07:43:44,0.00009034,171.00000000
2018-02-27 07:43:46,0.00009034,5.00000000
2018-02-27 07:43:46,0.00009046,95.00000000
2018-02-27 07:43:49,0.00009046,98.00000000
2018-02-27 07:43:51,0.00009046,27.00000000
2018-02-27 07:43:53,0.00009046,26.00000000
2018-02-27 07:43:55,0.00009046,426.00000000
2018-02-27 07:43:56,0.00009039,226.00000000
2018-02-27 07:44:03,0.00009039,382.00000000
2018-02-27 07:44:07,0.00009049,24.00000000
2018-02-27 07:44:11,0.00009049,78.00000000
2018-02-27 07:44:11,0.00009050,210.00000000
2018-02-27 07:44:12,0.00009040,44.00000000
2018-02-27 07:44:13,0.00009040,193.00000000
2018-02-27 07:44:13,0.00009050,100.00000000
2018-02-27 07:44:22,0.00009040,737.00000000
2018-02-27 07:44:23,0.00009050,110.00000000
2018-02-27 07:44:27,0.00009050,69.00000000
2018-02-27 07:44:30,0.00009049,141.00000000
2018-02-27 07:44:32,0.00009049,39.00000000
2018-02-27 07:44:34,0.00009049,26.00000000
2018-02-27 07:44:35,0.00009049,521.00000000
2018-02-27 07:44:37,0.00009050,26.00000000
2018-02-27 07:44:37,0.00009050,110.00000000
2018-02-27 07:44:48,0.00009050,783.00000000
2018-02-27 07:44:52,0.00009050,110.00000000
2018-02-27 07:44:52,0.00009050,564.00000000
2018-02-27 07:44:55,0.00009050,17.00000000
2018-02-27 07:44:58,0.00009050,462.00000000
2018-02-27 07:45:00,0.00009050,302.00000000
2018-02-27 07:45:00,0.00009054,196.00000000
2018-02-27 07:45:00,0.00009055,3468.00000000
2018-02-27 07:45:00,0.00009056,915.00000000
2018-02-27 07:45:00,0.00009058,6403.00000000
2018-02-27 07:45:00,0.00009059,12.00000000
2018-02-27 07:45:00,0.00009060,2336.00000000
2018-02-27 07:45:09,0.00009049,681.00000000
2018-02-27 07:45:17,0.00009050,239.00000000
2018-02-27 07:45:17,0.00009050,50.00000000
2018-02-27 07:45:21,0.00009060,24.00000000
2018-02-27 07:45:21,0.00009060,110.00000000
2018-02-27 07:45:27,0.00009044,534.00000000
2018-02-27 07:45:27,0.00009042,427.00000000
2018-02-27 07:45:41,0.00009050,4409.00000000
2018-02-27 07:45:41,0.00009043,961.00000000
2018-02-27 07:45:41,0.00009042,1127.00000000
2018-02-27 07:45:44,0.00009042,669.00000000
2018-02-27 07:45:44,0.00009041,1453.00000000
2018-02-27 07:45:44,0.00009040,1172.00000000
2018-02-27 07:45:44,0.00009039,2505.00000000
2018-02-27 07:45:46,0.00009053,116.00000000
2018-02-27 07:45:46,0.00009053,1.00000000
2018-02-27 07:45:49,0.00009050,116.00000000
2018-02-27 07:45:51,0.00009049,105.00000000
2018-02-27 07:45:54,0.00009046,105.00000000
2018-02-27 07:45:54,0.00009046,151.00000000
2018-02-27 07:45:56,0.00009045,110.00000000
2018-02-27 07:45:56,0.00009045,201.00000000
2018-02-27 07:45:56,0.00009045,1.00000000
2018-02-27 07:45:57,0.00009046,139.00000000
2018-02-27 07:45:58,0.00009055,56.00000000
2018-02-27 07:45:58,0.00009058,36.00000000
2018-02-27 07:46:00,0.00009057,501.00000000
2018-02-27 07:46:00,0.00009058,255.00000000
2018-02-27 07:46:00,0.00009060,110.00000000
2018-02-27 07:46:01,0.00009059,89.00000000
2018-02-27 07:46:01,0.00009059,50.00000000
2018-02-27 07:46:02,0.00009058,28.00000000
2018-02-27 07:46:03,0.00009058,11.00000000
2018-02-27 07:46:05,0.00009060,3141.00000000
2018-02-27 07:46:05,0.00009060,124.00000000
2018-02-27 07:46:06,0.00009059,201.00000000
2018-02-27 07:46:06,0.00009059,11.00000000
2018-02-27 07:46:07,0.00009060,142.00000000
2018-02-27 07:46:08,0.00009060,56.00000000
2018-02-27 07:46:08,0.00009061,54.00000000
2018-02-27 07:46:08,0.00009061,40.00000000
2018-02-27 07:46:09,0.00009061,19.00000000
2018-02-27 07:46:11,0.00009063,426.00000000
2018-02-27 07:46:11,0.00009062,7.00000000
2018-02-27 07:46:11,0.00009060,897.00000000
2018-02-27 07:46:12,0.00009063,461.00000000
2018-02-27 07:46:13,0.00009060,14.00000000
2018-02-27 07:46:13,0.00009062,79.00000000
2018-02-27 07:46:14,0.00009062,591.00000000
2018-02-27 07:46:15,0.00009060,127.00000000
2018-02-27 07:46:15,0.00009063,233.00000000
2018-02-27 07:46:16,0.00009062,326.00000000
2018-02-27 07:46:16,0.00009063,385.00000000
2018-02-27 07:46:16,0.00009060,7.00000000
2018-02-27 07:46:18,0.00009060,14.00000000
2018-02-27 07:46:18,0.00009063,96.00000000
2018-02-27 07:46:21,0.00009063,37.00000000
2018-02-27 07:46:21,0.00009061,49.00000000
2018-02-27 07:46:23,0.00009063,26.00000000
2018-02-27 07:46:24,0.00009063,110.00000000
2018-02-27 07:46:24,0.00009061,3.00000000
2018-02-27 07:46:24,0.00009047,295.00000000
2018-02-27 07:46:25,0.00009063,26.00000000
2018-02-27 07:46:25,0.00009063,230.00000000
2018-02-27 07:46:25,0.00009063,90.00000000
2018-02-27 07:46:25,0.00009063,110.00000000
2018-02-27 07:46:26,0.00009060,4059.00000000
2018-02-27 07:46:27,0.00009062,138.00000000
2018-02-27 07:46:28,0.00009062,64.00000000
2018-02-27 07:46:29,0.00009060,97.00000000
2018-02-27 07:46:29,0.00009060,1514.00000000
2018-02-27 07:46:30,0.00009060,42.00000000
2018-02-27 07:46:30,0.00009062,66.00000000
2018-02-27 07:46:31,0.00009060,25.00000000
2018-02-27 07:46:31,0.00009060,78.00000000
2018-02-27 07:46:32,0.00009060,662.00000000
2018-02-27 07:46:32,0.00009062,26.00000000
2018-02-27 07:46:33,0.00009060,211.00000000
2018-02-27 07:46:35,0.00009062,1.00000000
2018-02-27 07:46:36,0.00009063,13.00000000
2018-02-27 07:46:37,0.00009064,1236.00000000
2018-02-27 07:46:37,0.00009064,481.00000000
2018-02-27 07:46:37,0.00009065,1967.00000000
2018-02-27 07:46:37,0.00009068,2463.00000000
2018-02-27 07:46:40,0.00009063,81.00000000
2018-02-27 07:46:43,0.00009068,165.00000000
2018-02-27 07:46:44,0.00009068,110.00000000
2018-02-27 07:46:45,0.00009068,90.00000000
2018-02-27 07:46:47,0.00009068,19.00000000
2018-02-27 07:46:47,0.00009069,91.00000000
2018-02-27 07:46:49,0.00009061,580.00000000
2018-02-27 07:46:49,0.00009060,710.00000000
2018-02-27 07:46:50,0.00009062,99.00000000
2018-02-27 07:46:50,0.00009063,11.00000000
2018-02-27 07:46:55,0.00009063,75.00000000
2018-02-27 07:47:00,0.00009069,110.00000000
2018-02-27 07:47:01,0.00009063,17.00000000
2018-02-27 07:47:01,0.00009069,211.00000000
2018-02-27 07:47:01,0.00009069,6.00000000
2018-02-27 07:47:02,0.00009063,69.00000000
2018-02-27 07:47:05,0.00009060,120.00000000
2018-02-27 07:47:06,0.00009063,565.00000000
2018-02-27 07:47:06,0.00009069,1435.00000000
2018-02-27 07:47:08,0.00009069,188.00000000
2018-02-27 07:47:08,0.00009070,713.00000000
2018-02-27 07:47:09,0.00009070,188.00000000
2018-02-27 07:47:10,0.00009063,13.00000000
2018-02-27 07:47:12,0.00009063,195.00000000
2018-02-27 07:47:12,0.00009061,406.00000000
2018-02-27 07:47:12,0.00009070,139.00000000
2018-02-27 07:47:15,0.00009063,20.00000000
2018-02-27 07:47:15,0.00009063,47.00000000
2018-02-27 07:47:16,0.00009060,57.00000000
2018-02-27 07:47:20,0.00009063,23.00000000
2018-02-27 07:47:20,0.00009070,44.00000000
2018-02-27 07:47:22,0.00009060,784.00000000
2018-02-27 07:47:26,0.00009060,488.00000000
2018-02-27 07:47:26,0.00009060,30.00000000
2018-02-27 07:47:27,0.00009060,1103.00000000
2018-02-27 07:47:27,0.00009060,3206.00000000
2018-02-27 07:47:28,0.00009060,579.00000000
2018-02-27 07:47:28,0.00009063,199.00000000
2018-02-27 07:47:30,0.00009069,74.00000000
2018-02-27 07:47:30,0.00009069,110.00000000
2018-02-27 07:47:31,0.00009069,414.00000000
2018-02-27 07:47:31,0.00009069,51.00000000
2018-02-27 07:47:31,0.00009070,949.00000000
2018-02-27 07:47:31,0.00009062,220.00000000
2018-02-27 07:47:31,0.00009062,517.00000000
2018-02-27 07:47:33,0.00009070,29.00000000
2018-02-27 07:47:34,0.00009070,12.00000000
2018-02-27 07:47:34,0.00009071,17.00000000
2018-02-27 07:47:42,0.00009074,22.00000000
2018-02-27 07:47:43,0.00009063,72.00000000
2018-02-27 07:47:46,0.00009071,89.00000000
2018-02-27 07:47:46,0.00009071,62.00000000
2018-02-27 07:47:46,0.00009064,16.00000000
2018-02-27 07:47:51,0.00009064,112.00000000
2018-02-27 07:47:52,0.00009064,14.00000000
2018-02-27 07:47:53,0.00009064,23.00000000
2018-02-27 07:47:56,0.00009064,12.00000000
2018-02-27 07:48:00,0.00009068,77.00000000
2018-02-27 07:48:07,0.00009068,36.00000000
2018-02-27 07:48:07,0.00009068,18.00000000
2018-02-27 07:48:07,0.00009068,640.00000000
2018-02-27 07:48:10,0.00009068,578.00000000
2018-02-27 07:48:10,0.00009068,25.00000000
2018-02-27 07:48:11,0.00009068,1102.00000000
2018-02-27 07:48:11,0.00009068,825.00000000
2018-02-27 07:48:11,0.00009070,62.00000000
2018-02-27 07:48:11,0.00009068,15.00000000
2018-02-27 07:48:12,0.00009068,110.00000000
2018-02-27 07:48:12,0.00009068,21.00000000
2018-02-27 07:48:13,0.00009068,951.00000000
2018-02-27 07:48:13,0.00009068,3864.00000000
2018-02-27 07:48:13,0.00009068,995.00000000
2018-02-27 07:48:17,0.00009068,1102.00000000
2018-02-27 07:48:17,0.00009068,298.00000000
2018-02-27 07:48:17,0.00009068,20.00000000
2018-02-27 07:48:17,0.00009068,18.00000000
2018-02-27 07:48:17,0.00009068,93.00000000
2018-02-27 07:48:17,0.00009068,109.00000000
2018-02-27 07:48:18,0.00009068,26.00000000
2018-02-27 07:48:18,0.00009068,778.00000000
2018-02-27 07:48:19,0.00009068,47.00000000
2018-02-27 07:48:19,0.00009068,32.00000000
2018-02-27 07:48:20,0.00009068,203.00000000
2018-02-27 07:48:20,0.00009068,116.00000000
2018-02-27 07:48:21,0.00009068,141.00000000
2018-02-27 07:48:21,0.00009068,554.00000000
2018-02-27 07:48:22,0.00009068,142.00000000
2018-02-27 07:48:22,0.00009068,18.00000000
2018-02-27 07:48:23,0.00009068,141.00000000
2018-02-27 07:48:24,0.00009068,44.00000000
2018-02-27 07:48:25,0.00009068,1102.00000000
2018-02-27 07:48:25,0.00009068,763.00000000
2018-02-27 07:48:27,0.00009064,17.00000000
2018-02-27 07:48:30,0.00009065,760.00000000
2018-02-27 07:48:32,0.00009065,230.00000000
2018-02-27 07:48:33,0.00009065,16.00000000
2018-02-27 07:48:33,0.00009065,427.00000000
2018-02-27 07:48:34,0.00009065,145.00000000
2018-02-27 07:48:34,0.00009068,110.00000000
2018-02-27 07:48:35,0.00009065,147.00000000
2018-02-27 07:48:35,0.00009065,275.00000000
2018-02-27 07:48:35,0.00009064,1924.00000000
2018-02-27 07:48:35,0.00009065,110.00000000
2018-02-27 07:48:35,0.00009064,385.00000000
2018-02-27 07:48:36,0.00009063,164.00000000
2018-02-27 07:48:37,0.00009063,33.00000000
2018-02-27 07:48:37,0.00009062,496.00000000
2018-02-27 07:48:37,0.00009064,374.00000000
2018-02-27 07:48:37,0.00009065,37.00000000
2018-02-27 07:48:37,0.00009068,110.00000000
2018-02-27 07:48:38,0.00009062,26.00000000
2018-02-27 07:48:38,0.00009062,123.00000000
2018-02-27 07:48:38,0.00009062,14.00000000
2018-02-27 07:48:39,0.00009062,98.00000000
2018-02-27 07:48:39,0.00009062,14.00000000
2018-02-27 07:48:39,0.00009062,14.00000000
2018-02-27 07:48:40,0.00009062,759.00000000
2018-02-27 07:48:43,0.00009062,44.00000000
2018-02-27 07:48:43,0.00009062,34.00000000
2018-02-27 07:48:43,0.00009060,87.00000000
2018-02-27 07:48:44,0.00009060,12.00000000
2018-02-27 07:48:45,0.00009060,17.00000000
2018-02-27 07:48:45,0.00009060,871.00000000
2018-02-27 07:48:45,0.00009060,464.00000000
2018-02-27 07:48:47,0.00009060,100.00000000
2018-02-27 07:48:48,0.00009061,2000.00000000
2018-02-27 07:48:48,0.00009060,765.00000000
2018-02-27 07:48:50,0.00009060,759.00000000
2018-02-27 07:48:52,0.00009060,4922.00000000
2018-02-27 07:48:55,0.00009060,5518.00000000
2018-02-27 07:48:55,0.00009060,66.00000000
2018-02-27 07:48:59,0.00009060,93.00000000
2018-02-27 07:48:59,0.00009062,110.00000000
2018-02-27 07:48:59,0.00009060,7905.00000000
2018-02-27 07:49:00,0.00009060,33.00000000
2018-02-27 07:49:03,0.00009061,41.00000000
2018-02-27 07:49:03,0.00009061,31.00000000
2018-02-27 07:49:03,0.00009061,938.00000000
2018-02-27 07:49:04,0.00009061,169.00000000
2018-02-27 07:49:04,0.00009061,196.00000000
2018-02-27 07:49:06,0.00009062,230.00000000
2018-02-27 07:49:06,0.00009062,110.00000000
2018-02-27 07:49:07,0.00009061,359.00000000
2018-02-27 07:49:08,0.00009061,360.00000000
2018-02-27 07:49:08,0.00009060,150.00000000
2018-02-27 07:49:09,0.00009060,72.00000000
2018-02-27 07:49:10,0.00009060,28.00000000
2018-02-27 07:49:10,0.00009062,110.00000000
2018-02-27 07:49:10,0.00009060,398.00000000
2018-02-27 07:49:13,0.00009060,76.00000000
2018-02-27 07:49:13,0.00009060,552.00000000
2018-02-27 07:49:14,0.00009060,14.00000000
2018-02-27 07:49:14,0.00009060,28.00000000
2018-02-27 07:49:14,0.00009060,1496.00000000
2018-02-27 07:49:14,0.00009060,66.00000000
2018-02-27 07:49:15,0.00009060,271.00000000
2018-02-27 07:49:15,0.00009060,251.00000000
2018-02-27 07:49:16,0.00009061,26.00000000
2018-02-27 07:49:16,0.00009061,138.00000000
2018-02-27 07:49:16,0.00009061,283.00000000
2018-02-27 07:49:16,0.00009062,110.00000000
2018-02-27 07:49:19,0.00009061,9.00000000
2018-02-27 07:49:19,0.00009060,90.00000000
2018-02-27 07:49:19,0.00009060,551.00000000
2018-02-27 07:49:20,0.00009060,61.00000000
2018-02-27 07:49:20,0.00009060,4201.00000000
2018-02-27 07:49:20,0.00009062,266.00000000
2018-02-27 07:49:20,0.00009062,110.00000000
2018-02-27 07:49:21,0.00009060,14.00000000
2018-02-27 07:49:22,0.00009062,110.00000000
2018-02-27 07:49:23,0.00009060,25.00000000
2018-02-27 07:49:25,0.00009060,56.00000000
2018-02-27 07:49:27,0.00009061,91.00000000
2018-02-27 07:49:28,0.00009061,97.00000000
2018-02-27 07:49:28,0.00009060,1327.00000000
2018-02-27 07:49:29,0.00009060,5386.00000000
2018-02-27 07:49:30,0.00009060,52.00000000
2018-02-27 07:49:31,0.00009060,3219.00000000
2018-02-27 07:49:31,0.00009060,552.00000000
2018-02-27 07:49:32,0.00009061,1009.00000000
2018-02-27 07:49:32,0.00009060,3226.00000000
2018-02-27 07:49:33,0.00009060,1047.00000000
2018-02-27 07:49:33,0.00009060,25.00000000
2018-02-27 07:49:35,0.00009061,110.00000000
2018-02-27 07:49:35,0.00009060,1061.00000000
2018-02-27 07:49:35,0.00009060,48.00000000
2018-02-27 07:49:36,0.00009060,1154.00000000
2018-02-27 07:49:36,0.00009060,1061.00000000
2018-02-27 07:49:36,0.00009060,110.00000000
2018-02-27 07:49:36,0.00009060,180.00000000
2018-02-27 07:49:36,0.00009060,552.00000000
2018-02-27 07:49:36,0.00009060,143.00000000
2018-02-27 07:49:36,0.00009060,25863.00000000
2018-02-27 07:49:37,0.00009060,657.00000000
2018-02-27 07:49:37,0.00009060,43.00000000
2018-02-27 07:49:37,0.00009061,1501.00000000
2018-02-27 07:49:37,0.00009061,1899.00000000
2018-02-27 07:49:37,0.00009061,363.00000000
2018-02-27 07:49:37,0.00009062,168.00000000
2018-02-27 07:49:37,0.00009061,1110.00000000
2018-02-27 07:49:38,0.00009061,47.00000000
2018-02-27 07:49:39,0.00009061,552.00000000
2018-02-27 07:49:40,0.00009061,4365.00000000
2018-02-27 07:49:40,0.00009061,453.00000000
2018-02-27 07:49:40,0.00009061,2731.00000000
2018-02-27 07:49:40,0.00009062,110.00000000
2018-02-27 07:49:40,0.00009061,44.00000000
2018-02-27 07:49:41,0.00009061,168.00000000
2018-02-27 07:49:42,0.00009061,4070.00000000
2018-02-27 07:49:42,0.00009061,552.00000000
2018-02-27 07:49:43,0.00009061,556.00000000
2018-02-27 07:49:44,0.00009061,4683.00000000
2018-02-27 07:49:45,0.00009061,502.00000000
2018-02-27 07:49:45,0.00009061,569.00000000
2018-02-27 07:49:45,0.00009061,8004.00000000
2018-02-27 07:49:45,0.00009061,824.00000000
2018-02-27 07:49:46,0.00009061,40.00000000
2018-02-27 07:49:46,0.00009061,1229.00000000
2018-02-27 07:49:47,0.00009061,3915.00000000
2018-02-27 07:49:47,0.00009061,4683.00000000
2018-02-27 07:49:47,0.00009061,4724.00000000
2018-02-27 07:49:47,0.00009061,552.00000000
2018-02-27 07:49:48,0.00009061,7349.00000000
2018-02-27 07:49:48,0.00009061,106.00000000
2018-02-27 07:49:48,0.00009061,3024.00000000
2018-02-27 07:49:48,0.00009061,10000.00000000
2018-02-27 07:49:48,0.00009061,4213.00000000
2018-02-27 07:49:48,0.00009061,3377.00000000
2018-02-27 07:49:49,0.00009061,122.00000000
2018-02-27 07:49:49,0.00009061,1167.00000000
2018-02-27 07:49:49,0.00009061,2883.00000000
2018-02-27 07:49:49,0.00009061,8432.00000000
2018-02-27 07:49:49,0.00009061,400.00000000
2018-02-27 07:49:49,0.00009061,1674.00000000
2018-02-27 07:49:50,0.00009061,25.00000000
2018-02-27 07:49:50,0.00009062,31.00000000
2018-02-27 07:49:50,0.00009063,79.00000000
2018-02-27 07:49:50,0.00009061,2118.00000000
2018-02-27 07:49:50,0.00009061,13182.00000000
2018-02-27 07:49:50,0.00009061,180.00000000
2018-02-27 07:49:51,0.00009061,1010.00000000
2018-02-27 07:49:51,0.00009061,18.00000000
2018-02-27 07:49:51,0.00009063,69.00000000
2018-02-27 07:49:51,0.00009067,26.00000000
2018-02-27 07:49:51,0.00009068,15.00000000
2018-02-27 07:49:51,0.00009061,820.00000000
2018-02-27 07:49:53,0.00009061,513.00000000
2018-02-27 07:49:53,0.00009061,25.00000000
2018-02-27 07:49:53,0.00009061,1200.00000000
2018-02-27 07:49:54,0.00009068,1268.00000000
2018-02-27 07:49:55,0.00009062,900.00000000
2018-02-27 07:49:55,0.00009061,1070.00000000
2018-02-27 07:49:55,0.00009061,199.00000000
2018-02-27 07:49:55,0.00009061,200.00000000
2018-02-27 07:49:56,0.00009062,957.00000000
2018-02-27 07:49:56,0.00009061,4094.00000000
2018-02-27 07:49:56,0.00009061,168.00000000
2018-02-27 07:49:56,0.00009061,99.00000000
2018-02-27 07:49:57,0.00009061,1044.00000000
2018-02-27 07:49:58,0.00009061,2705.00000000
2018-02-27 07:49:58,0.00009061,1100.00000000
2018-02-27 07:49:58,0.00009061,73.00000000
2018-02-27 07:49:58,0.00009060,2057.00000000
2018-02-27 07:49:58,0.00009060,7126.00000000
2018-02-27 07:49:59,0.00009060,1046.00000000
2018-02-27 07:49:59,0.00009060,1464.00000000
2018-02-27 07:50:01,0.00009068,74.00000000
2018-02-27 07:50:01,0.00009072,91.00000000
2018-02-27 07:50:01,0.00009060,110.00000000
2018-02-27 07:50:01,0.00009060,622.00000000
2018-02-27 07:50:02,0.00009060,139.00000000
2018-02-27 07:50:02,0.00009060,1977.00000000
2018-02-27 07:50:02,0.00009060,700.00000000
2018-02-27 07:50:03,0.00009061,30.00000000
2018-02-27 07:50:03,0.00009060,46.00000000
2018-02-27 07:50:05,0.00009060,4656.00000000
2018-02-27 07:50:05,0.00009060,881.00000000
2018-02-27 07:50:05,0.00009060,133.00000000
2018-02-27 07:50:05,0.00009060,404.00000000
2018-02-27 07:50:05,0.00009060,2500.00000000
2018-02-27 07:50:06,0.00009060,4163.00000000
2018-02-27 07:50:06,0.00009060,345.00000000
2018-02-27 07:50:06,0.00009060,92.00000000
2018-02-27 07:50:07,0.00009060,97.00000000
2018-02-27 07:50:07,0.00009060,168.00000000
2018-02-27 07:50:07,0.00009060,82.00000000
2018-02-27 07:50:08,0.00009060,2453.00000000
2018-02-27 07:50:08,0.00009055,27.00000000
2018-02-27 07:50:09,0.00009050,35.00000000
2018-02-27 07:50:09,0.00009050,242.00000000
2018-02-27 07:50:09,0.00009049,900.00000000
2018-02-27 07:50:09,0.00009048,146.00000000
2018-02-27 07:50:12,0.00009048,108.00000000
2018-02-27 07:50:14,0.00009055,63.00000000
2018-02-27 07:50:18,0.00009055,67.00000000
2018-02-27 07:50:18,0.00009055,4.00000000
2018-02-27 07:50:18,0.00009055,1068.00000000
2018-02-27 07:50:22,0.00009060,18.00000000
2018-02-27 07:50:23,0.00009060,18.00000000
2018-02-27 07:50:24,0.00009048,96.00000000
2018-02-27 07:50:24,0.00009048,737.00000000
2018-02-27 07:50:25,0.00009055,74.00000000
2018-02-27 07:50:26,0.00009055,37.00000000
2018-02-27 07:50:26,0.00009055,18.00000000
2018-02-27 07:50:28,0.00009048,629.00000000
2018-02-27 07:50:29,0.00009048,629.00000000
2018-02-27 07:50:33,0.00009059,110.00000000
2018-02-27 07:50:33,0.00009048,473.00000000
2018-02-27 07:50:33,0.00009048,58.00000000
2018-02-27 07:50:33,0.00009048,37.00000000
2018-02-27 07:50:34,0.00009048,37.00000000
2018-02-27 07:50:34,0.00009042,603.00000000
2018-02-27 07:50:35,0.00009042,22.00000000
2018-02-27 07:50:38,0.00009042,19.00000000
2018-02-27 07:50:43,0.00009042,14.00000000
2018-02-27 07:50:43,0.00009048,2.00000000
2018-02-27 07:50:43,0.00009063,50.00000000
2018-02-27 07:50:43,0.00009064,94.00000000
2018-02-27 07:50:44,0.00009062,179.00000000
2018-02-27 07:50:44,0.00009063,476.00000000
2018-02-27 07:50:44,0.00009064,1986.00000000
2018-02-27 07:50:44,0.00009068,150.00000000
2018-02-27 07:50:44,0.00009069,38.00000000
2018-02-27 07:50:47,0.00009063,110.00000000
2018-02-27 07:50:48,0.00009050,47.00000000
2018-02-27 07:50:48,0.00009050,107.00000000
2018-02-27 07:50:48,0.00009063,43.00000000
2018-02-27 07:50:48,0.00009065,67.00000000
2018-02-27 07:50:49,0.00009063,113.00000000
2018-02-27 07:50:49,0.00009063,93.00000000
2018-02-27 07:50:49,0.00009063,23.00000000
2018-02-27 07:50:52,0.00009067,803.00000000
2018-02-27 07:50:53,0.00009063,6.00000000
2018-02-27 07:50:53,0.00009049,8.00000000
2018-02-27 07:50:55,0.00009053,186.00000000
2018-02-27 07:50:55,0.00009053,60.00000000
2018-02-27 07:50:55,0.00009051,177.00000000
2018-02-27 07:50:57,0.00009049,252.00000000
2018-02-27 07:50:58,0.00009049,165.00000000
2018-02-27 07:50:58,0.00009066,110.00000000
2018-02-27 07:51:06,0.00009062,75.00000000
2018-02-27 07:51:06,0.00009063,35.00000000
2018-02-27 07:51:15,0.00009063,130.00000000
2018-02-27 07:51:16,0.00009063,110.00000000
2018-02-27 07:51:18,0.00009060,110.00000000
2018-02-27 07:51:19,0.00009048,13.00000000
2018-02-27 07:51:19,0.00009045,347.00000000
2018-02-27 07:51:23,0.00009045,555.00000000
2018-02-27 07:51:30,0.00009045,100.00000000
2018-02-27 07:51:31,0.00009045,373.00000000
2018-02-27 07:51:34,0.00009045,1000.00000000
2018-02-27 07:51:38,0.00009045,633.00000000
2018-02-27 07:51:42,0.00009041,350.00000000
2018-02-27 07:51:46,0.00009045,110.00000000
2018-02-27 07:51:47,0.00009041,52.00000000
2018-02-27 07:51:50,0.00009045,110.00000000
2018-02-27 07:51:51,0.00009045,50.00000000
2018-02-27 07:51:52,0.00009041,48.00000000
2018-02-27 07:51:53,0.00009045,100.00000000
2018-02-27 07:51:57,0.00009045,916.00000000
2018-02-27 07:51:57,0.00009041,44.00000000
2018-02-27 07:52:00,0.00009045,1486.00000000
2018-02-27 07:52:03,0.00009041,103.00000000
2018-02-27 07:52:07,0.00009041,101.00000000
2018-02-27 07:52:07,0.00009045,212.00000000
2018-02-27 07:52:08,0.00009045,15.00000000
2018-02-27 07:52:08,0.00009045,31.00000000
2018-02-27 07:52:09,0.00009045,25.00000000
2018-02-27 07:52:09,0.00009045,168.00000000
2018-02-27 07:52:13,0.00009049,62.00000000
2018-02-27 07:52:13,0.00009050,48.00000000
2018-02-27 07:52:13,0.00009045,14.00000000
2018-02-27 07:52:14,0.00009045,87.00000000
2018-02-27 07:52:15,0.00009045,132.00000000
2018-02-27 07:52:15,0.00009045,1.00000000
2018-02-27 07:52:18,0.00009045,13.00000000
2018-02-27 07:52:19,0.00009045,110.00000000
2018-02-27 07:52:24,0.00009045,16.00000000
2018-02-27 07:52:29,0.00009045,15.00000000
2018-02-27 07:52:33,0.00009045,176.00000000
2018-02-27 07:52:33,0.00009041,80.00000000
2018-02-27 07:52:34,0.00009041,42.00000000
2018-02-27 07:52:35,0.00009048,324.00000000
2018-02-27 07:52:39,0.00009048,24.00000000
2018-02-27 07:52:40,0.00009048,283.00000000
2018-02-27 07:52:40,0.00009041,10433.00000000
2018-02-27 07:52:40,0.00009040,14629.00000000
2018-02-27 07:52:43,0.00009050,275.00000000
2018-02-27 07:52:43,0.00009060,42.00000000
2018-02-27 07:52:44,0.00009060,86.00000000
2018-02-27 07:52:45,0.00009041,37.00000000
2018-02-27 07:52:50,0.00009041,34.00000000
2018-02-27 07:52:50,0.00009041,6243.00000000
2018-02-27 07:52:50,0.00009040,227.00000000
2018-02-27 07:52:50,0.00009039,4265.00000000
2018-02-27 07:52:50,0.00009035,282.00000000
2018-02-27 07:52:50,0.00009034,120.00000000
2018-02-27 07:52:50,0.00009031,645.00000000
2018-02-27 07:52:50,0.00009030,271.00000000
2018-02-27 07:52:50,0.00009028,500.00000000
2018-02-27 07:52:50,0.00009027,120.00000000
2018-02-27 07:52:55,0.00009031,400.00000000
2018-02-27 07:52:55,0.00009030,42.00000000
2018-02-27 07:52:57,0.00009054,110.00000000
2018-02-27 07:52:57,0.00009035,47.00000000
2018-02-27 07:52:57,0.00009025,113.00000000
2018-02-27 07:52:57,0.00009024,150.00000000
2018-02-27 07:52:57,0.00009023,1093.00000000
2018-02-27 07:52:57,0.00009022,2311.00000000
2018-02-27 07:52:57,0.00009020,5790.00000000
2018-02-27 07:52:59,0.00009051,137.00000000
2018-02-27 07:53:01,0.00009023,110.00000000
2018-02-27 07:53:01,0.00009022,761.00000000
2018-02-27 07:53:01,0.00009021,682.00000000
2018-02-27 07:53:01,0.00009020,1616.00000000
2018-02-27 07:53:03,0.00009045,259.00000000
2018-02-27 07:53:03,0.00009022,20.00000000
2018-02-27 07:53:06,0.00009042,37.00000000
2018-02-27 07:53:06,0.00009041,19.00000000
2018-02-27 07:53:07,0.00009039,44.00000000
2018-02-27 07:53:07,0.00009039,60.00000000
2018-02-27 07:53:07,0.00009041,103.00000000
2018-02-27 07:53:08,0.00009042,48.00000000
2018-02-27 07:53:12,0.00009044,110.00000000
2018-02-27 07:53:13,0.00009025,110.00000000
2018-02-27 07:53:13,0.00009026,26.00000000
2018-02-27 07:53:15,0.00009043,26.00000000
2018-02-27 07:53:15,0.00009044,84.00000000
2018-02-27 07:53:17,0.00009041,70.00000000
2018-02-27 07:53:17,0.00009044,490.00000000
2018-02-27 07:53:20,0.00009044,4.00000000
2018-02-27 07:53:22,0.00009042,31.00000000
2018-02-27 07:53:23,0.00009042,107.00000000
2018-02-27 07:53:23,0.00009044,110.00000000
2018-02-27 07:53:23,0.00009044,476.00000000
2018-02-27 07:53:23,0.00009045,213.00000000
2018-02-27 07:53:23,0.00009050,900.00000000
2018-02-27 07:53:23,0.00009051,150.00000000
2018-02-27 07:53:23,0.00009051,479.00000000
2018-02-27 07:53:24,0.00009042,225.00000000
2018-02-27 07:53:25,0.00009041,78.00000000
2018-02-27 07:53:28,0.00009041,21.00000000
2018-02-27 07:53:28,0.00009041,161.00000000
2018-02-27 07:53:28,0.00009039,21.00000000
2018-02-27 07:53:28,0.00009039,75.00000000
2018-02-27 07:53:30,0.00009054,96.00000000
2018-02-27 07:53:30,0.00009055,14.00000000
2018-02-27 07:53:31,0.00009033,414.00000000
2018-02-27 07:53:31,0.00009032,139.00000000
2018-02-27 07:53:31,0.00009053,114.00000000
2018-02-27 07:53:33,0.00009035,19.00000000
2018-02-27 07:53:37,0.00009035,200.00000000
2018-02-27 07:53:37,0.00009035,221.00000000
2018-02-27 07:53:38,0.00009034,18.00000000
2018-02-27 07:53:43,0.00009032,110.00000000
2018-02-27 07:53:43,0.00009032,17.00000000
2018-02-27 07:53:49,0.00009032,20.00000000
2018-02-27 07:53:50,0.00009032,223.00000000
2018-02-27 07:53:51,0.00009032,120.00000000
2018-02-27 07:53:53,0.00009029,94.00000000
2018-02-27 07:53:53,0.00009029,192.00000000
2018-02-27 07:53:53,0.00009030,121.00000000
2018-02-27 07:53:55,0.00009025,13.00000000
2018-02-27 07:53:55,0.00009025,365.00000000
2018-02-27 07:53:58,0.00009027,44.00000000
2018-02-27 07:54:00,0.00009028,110.00000000
2018-02-27 07:54:02,0.00009028,459.00000000
2018-02-27 07:54:03,0.00009028,783.00000000
2018-02-27 07:54:03,0.00009028,157.00000000
2018-02-27 07:54:04,0.00009032,37.00000000
2018-02-27 07:54:05,0.00009027,59.00000000
2018-02-27 07:54:05,0.00009025,31.00000000
2018-02-27 07:54:05,0.00009031,2.00000000
2018-02-27 07:54:14,0.00009030,171.00000000
2018-02-27 07:54:16,0.00009030,19.00000000
2018-02-27 07:54:16,0.00009030,62.00000000
2018-02-27 07:54:17,0.00009030,16.00000000
2018-02-27 07:54:18,0.00009028,491.00000000
2018-02-27 07:54:19,0.00009025,394.00000000
2018-02-27 07:54:19,0.00009025,34.00000000
2018-02-27 07:54:19,0.00009022,183.00000000
2018-02-27 07:54:19,0.00009020,211.00000000
2018-02-27 07:54:19,0.00009020,453.00000000
2018-02-27 07:54:20,0.00009020,2267.00000000
2018-02-27 07:54:24,0.00009020,32.00000000
2018-02-27 07:54:29,0.00009020,1.00000000
2018-02-27 07:54:29,0.00009018,40.00000000
2018-02-27 07:54:30,0.00009018,16.00000000
2018-02-27 07:54:30,0.00009013,15.00000000
2018-02-27 07:54:30,0.00009011,54.00000000
2018-02-27 07:54:30,0.00009011,1054.00000000
2018-02-27 07:54:30,0.00009010,3946.00000000
2018-02-27 07:54:31,0.00009010,110.00000000
2018-02-27 07:54:31,0.00009010,758.00000000
2018-02-27 07:54:31,0.00009010,3558.00000000
2018-02-27 07:54:31,0.00009010,757.00000000
2018-02-27 07:54:32,0.00009010,1.00000000
2018-02-27 07:54:32,0.00009020,86.00000000
2018-02-27 07:54:32,0.00009021,24.00000000
2018-02-27 07:54:33,0.00009012,26.00000000
2018-02-27 07:54:36,0.00009012,20.00000000
2018-02-27 07:54:36,0.00009011,6.00000000
2018-02-27 07:54:36,0.00009013,262.00000000
2018-02-27 07:54:36,0.00009009,14.00000000
2018-02-27 07:54:36,0.00009008,4986.00000000
2018-02-27 07:54:36,0.00009010,1737.00000000
2018-02-27 07:54:37,0.00009008,223.00000000
2018-02-27 07:54:38,0.00009008,18.00000000
2018-02-27 07:54:38,0.00009007,883.00000000
2018-02-27 07:54:38,0.00009005,103.00000000
2018-02-27 07:54:38,0.00009004,835.00000000
2018-02-27 07:54:38,0.00009003,714.00000000
2018-02-27 07:54:38,0.00009010,1.00000000
2018-02-27 07:54:39,0.00009020,200.00000000
2018-02-27 07:54:39,0.00009027,69.00000000
2018-02-27 07:54:41,0.00009005,240.00000000
2018-02-27 07:54:41,0.00009004,130.00000000
2018-02-27 07:54:41,0.00009026,161.00000000
2018-02-27 07:54:42,0.00009006,525.00000000
2018-02-27 07:54:42,0.00009004,770.00000000
2018-02-27 07:54:43,0.00009004,222.00000000
2018-02-27 07:54:43,0.00009004,92.00000000
2018-02-27 07:54:43,0.00009003,908.00000000
2018-02-27 07:54:47,0.00009020,429.00000000
2018-02-27 07:54:49,0.00009003,447.00000000
2018-02-27 07:54:49,0.00009001,1108.00000000
2018-02-27 07:54:53,0.00009001,676.00000000
2018-02-27 07:54:53,0.00009018,96.00000000
2018-02-27 07:54:53,0.00009019,35.00000000
2018-02-27 07:54:54,0.00009019,51.00000000
2018-02-27 07:54:54,0.00009001,5000.00000000
2018-02-27 07:54:55,0.00009001,5554.00000000
2018-02-27 07:54:55,0.00009001,630.00000000
2018-02-27 07:54:55,0.00009001,123.00000000
2018-02-27 07:54:55,0.00009001,46031.00000000
2018-02-27 07:54:56,0.00009001,76.00000000
2018-02-27 07:54:56,0.00009000,50.00000000
2018-02-27 07:54:57,0.00009001,47.00000000
2018-02-27 07:54:59,0.00009000,111.00000000
2018-02-27 07:54:59,0.00009000,30810.00000000
2018-02-27 07:55:01,0.00008999,2000.00000000
2018-02-27 07:55:03,0.00009002,111.00000000
2018-02-27 07:55:03,0.00009016,96.00000000
2018-02-27 07:55:05,0.00009002,111.00000000
2018-02-27 07:55:07,0.00009002,111.00000000
2018-02-27 07:55:08,0.00009002,111.00000000
2018-02-27 07:55:08,0.00009002,58.00000000
2018-02-27 07:55:08,0.00008999,44.00000000
2018-02-27 07:55:09,0.00008999,415.00000000
2018-02-27 07:55:09,0.00008999,2010.00000000
2018-02-27 07:55:09,0.00008998,8928.00000000
2018-02-27 07:55:09,0.00008997,165.00000000
2018-02-27 07:55:09,0.00008996,1040.00000000
2018-02-27 07:55:10,0.00008995,2667.00000000
2018-02-27 07:55:10,0.00008995,111.00000000
2018-02-27 07:55:10,0.00008995,145.00000000
2018-02-27 07:55:10,0.00009000,727.00000000
2018-02-27 07:55:11,0.00008999,381.00000000
2018-02-27 07:55:17,0.00008992,111.00000000
2018-02-27 07:55:19,0.00008992,111.00000000
2018-02-27 07:55:22,0.00008992,109.00000000
2018-02-27 07:55:22,0.00008992,111.00000000
2018-02-27 07:55:22,0.00008992,40.00000000
2018-02-27 07:55:22,0.00008991,220.00000000
2018-02-27 07:55:30,0.00008991,111.00000000
2018-02-27 07:55:31,0.00008991,221.00000000
2018-02-27 07:55:31,0.00009000,510.00000000
2018-02-27 07:55:31,0.00009002,2344.00000000
2018-02-27 07:55:32,0.00008992,55.00000000
2018-02-27 07:55:32,0.00009002,710.00000000
2018-02-27 07:55:33,0.00008992,85.00000000
2018-02-27 07:55:33,0.00008992,89.00000000
2018-02-27 07:55:36,0.00009000,177.00000000
2018-02-27 07:55:37,0.00009000,59.00000000
2018-02-27 07:55:38,0.00009000,277.00000000
2018-02-27 07:55:42,0.00009000,111.00000000
2018-02-27 07:55:45,0.00008992,159.00000000
2018-02-27 07:55:45,0.00008991,1003.00000000
2018-02-27 07:55:45,0.00009000,111.00000000
2018-02-27 07:55:50,0.00008991,48.00000000
2018-02-27 07:55:50,0.00008990,312.00000000
2018-02-27 07:55:51,0.00008990,26.00000000
2018-02-27 07:55:51,0.00008999,111.00000000
2018-02-27 07:55:51,0.00008990,222.00000000
2018-02-27 07:55:51,0.00008990,144.00000000
2018-02-27 07:55:51,0.00008988,357.00000000
2018-02-27 07:55:53,0.00008999,1146.00000000
2018-02-27 07:55:56,0.00008998,66.00000000
2018-02-27 07:55:56,0.00008999,45.00000000
2018-02-27 07:55:58,0.00008990,43.00000000
2018-02-27 07:55:58,0.00008988,99.00000000
2018-02-27 07:55:58,0.00008987,50.00000000
2018-02-27 07:55:58,0.00008986,2410.00000000
2018-02-27 07:56:01,0.00008999,111.00000000
2018-02-27 07:56:02,0.00008988,40.00000000
2018-02-27 07:56:08,0.00008999,277.00000000
2018-02-27 07:56:08,0.00008988,160.00000000
2018-02-27 07:56:08,0.00008986,1083.00000000
2018-02-27 07:56:08,0.00008984,100.00000000
2018-02-27 07:56:08,0.00008980,88.00000000
2018-02-27 07:56:11,0.00008980,38.00000000
2018-02-27 07:56:11,0.00008980,445.00000000
2018-02-27 07:56:11,0.00008988,111.00000000
2018-02-27 07:56:12,0.00008988,589.00000000
2018-02-27 07:56:13,0.00008980,474.00000000
2018-02-27 07:56:13,0.00008977,2604.00000000
2018-02-27 07:56:13,0.00008976,1922.00000000
2018-02-27 07:56:13,0.00008998,1.00000000
2018-02-27 07:56:14,0.00008995,111.00000000
2018-02-27 07:56:16,0.00008976,8211.00000000
2018-02-27 07:56:16,0.00008975,1916.00000000
2018-02-27 07:56:16,0.00008974,39872.00000000
2018-02-27 07:56:16,0.00008974,104.00000000
2018-02-27 07:56:17,0.00008975,26.00000000
2018-02-27 07:56:17,0.00008974,2202.00000000
2018-02-27 07:56:17,0.00008994,30.00000000
2018-02-27 07:56:18,0.00008988,369.00000000
2018-02-27 07:56:18,0.00008974,4631.00000000
2018-02-27 07:56:19,0.00008974,1114.00000000
2018-02-27 07:56:22,0.00008974,536.00000000
2018-02-27 07:56:22,0.00008992,59.00000000
2018-02-27 07:56:23,0.00008974,2228.00000000
2018-02-27 07:56:25,0.00008974,3225.00000000
2018-02-27 07:56:25,0.00008989,111.00000000
2018-02-27 07:56:26,0.00008974,948.00000000
2018-02-27 07:56:26,0.00008988,38.00000000
2018-02-27 07:56:26,0.00008988,8.00000000
2018-02-27 07:56:27,0.00008974,470.00000000
2018-02-27 07:56:28,0.00008974,5000.00000000
2018-02-27 07:56:29,0.00008974,1026.00000000
2018-02-27 07:56:29,0.00008974,5571.00000000
2018-02-27 07:56:30,0.00008974,5000.00000000
2018-02-27 07:56:30,0.00008974,50.00000000
2018-02-27 07:56:32,0.00008974,171.00000000
2018-02-27 07:56:33,0.00008974,500.00000000
2018-02-27 07:56:33,0.00008989,12.00000000
2018-02-27 07:56:35,0.00008974,1671.00000000
2018-02-27 07:56:38,0.00008988,66.00000000
2018-02-27 07:56:38,0.00008988,74.00000000
2018-02-27 07:56:38,0.00008988,90.00000000
2018-02-27 07:56:38,0.00008988,90.00000000
2018-02-27 07:56:39,0.00008988,624.00000000
2018-02-27 07:56:39,0.00008988,3432.00000000
2018-02-27 07:56:39,0.00008974,132.00000000
2018-02-27 07:56:39,0.00008974,1217.00000000
2018-02-27 07:56:39,0.00008974,260.00000000
2018-02-27 07:56:41,0.00008974,5571.00000000
2018-02-27 07:56:43,0.00008974,3789.00000000
2018-02-27 07:56:47,0.00008974,60.00000000
2018-02-27 07:56:47,0.00008974,334.00000000
2018-02-27 07:56:48,0.00008974,9250.00000000
2018-02-27 07:56:48,0.00008970,220.00000000
2018-02-27 07:56:48,0.00008970,161.00000000
2018-02-27 07:56:49,0.00008970,1108.00000000
2018-02-27 07:56:49,0.00008970,883.00000000
2018-02-27 07:56:50,0.00008970,1570.00000000
2018-02-27 07:56:50,0.00008970,883.00000000
2018-02-27 07:56:51,0.00008970,480.00000000
2018-02-27 07:56:51,0.00008970,19.00000000
2018-02-27 07:56:52,0.00008970,1114.00000000
2018-02-27 07:56:52,0.00008970,1786.00000000
2018-02-27 07:56:52,0.00008970,883.00000000
2018-02-27 07:56:52,0.00008970,505.00000000
2018-02-27 07:56:53,0.00008969,470.00000000
2018-02-27 07:56:53,0.00008969,901.00000000
2018-02-27 07:56:55,0.00008969,646.00000000
2018-02-27 07:56:55,0.00008968,569.00000000
2018-02-27 07:56:55,0.00008969,111.00000000
2018-02-27 07:56:55,0.00008969,1063.00000000
2018-02-27 07:56:55,0.00008970,111.00000000
2018-02-27 07:56:56,0.00008969,45.00000000
2018-02-27 07:56:56,0.00008968,34.00000000
2018-02-27 07:56:56,0.00008968,339.00000000
2018-02-27 07:56:56,0.00008970,12.00000000
2018-02-27 07:56:58,0.00008970,505.00000000
2018-02-27 07:56:59,0.00008965,446.00000000
2018-02-27 07:56:59,0.00008970,6.00000000
2018-02-27 07:57:01,0.00008970,127.00000000
2018-02-27 07:57:01,0.00008970,33.00000000
2018-02-27 07:57:01,0.00008970,1108.00000000
2018-02-27 07:57:02,0.00008970,1115.00000000
2018-02-27 07:57:02,0.00008970,4435.00000000
2018-02-27 07:57:02,0.00008970,1115.00000000
2018-02-27 07:57:02,0.00008970,492.00000000
2018-02-27 07:57:03,0.00008965,26.00000000
2018-02-27 07:57:04,0.00008970,28.00000000
2018-02-27 07:57:04,0.00008970,24.00000000
2018-02-27 07:57:04,0.00008970,111.00000000
2018-02-27 07:57:04,0.00008970,2502.00000000
2018-02-27 07:57:07,0.00008970,103.00000000
2018-02-27 07:57:07,0.00008970,35.00000000
2018-02-27 07:57:07,0.00008970,1108.00000000
2018-02-27 07:57:07,0.00008970,111.00000000
2018-02-27 07:57:08,0.00008970,111.00000000
2018-02-27 07:57:11,0.00008970,1551.00000000
2018-02-27 07:57:11,0.00008970,34.00000000
2018-02-27 07:57:11,0.00008965,22.00000000
2018-02-27 07:57:12,0.00008970,18.00000000
2018-02-27 07:57:12,0.00008970,945.00000000
2018-02-27 07:57:12,0.00008970,1540.00000000
2018-02-27 07:57:12,0.00008970,18.00000000
2018-02-27 07:57:12,0.00008970,18.00000000
2018-02-27 07:57:13,0.00008970,19.00000000
2018-02-27 07:57:14,0.00008970,577.00000000
2018-02-27 07:57:15,0.00008970,19.00000000
2018-02-27 07:57:16,0.00008970,1115.00000000
2018-02-27 07:57:16,0.00008970,2644.00000000
2018-02-27 07:57:19,0.00008965,1086.00000000
2018-02-27 07:57:19,0.00008965,86.00000000
2018-02-27 07:57:19,0.00008965,277.00000000
2018-02-27 07:57:23,0.00008970,6687.00000000
2018-02-27 07:57:23,0.00008970,1539.00000000
2018-02-27 07:57:23,0.00008970,22.00000000
2018-02-27 07:57:25,0.00008970,1115.00000000
2018-02-27 07:57:25,0.00008970,2029.00000000
2018-02-27 07:57:26,0.00008970,541.00000000
2018-02-27 07:57:27,0.00008970,158.00000000
2018-02-27 07:57:27,0.00008970,4999.00000000
2018-02-27 07:57:28,0.00008970,1115.00000000
2018-02-27 07:57:28,0.00008970,6687.00000000
2018-02-27 07:57:28,0.00008970,1538.00000000
2018-02-27 07:57:28,0.00008970,316.00000000
2018-02-27 07:57:29,0.00008970,149.00000000
2018-02-27 07:57:29,0.00008970,111.00000000
2018-02-27 07:57:31,0.00008969,816.00000000
2018-02-27 07:57:31,0.00008969,32.00000000
2018-02-27 07:57:32,0.00008969,37.00000000
2018-02-27 07:57:32,0.00008969,111.00000000
2018-02-27 07:57:33,0.00008969,383.00000000
2018-02-27 07:57:34,0.00008969,1115.00000000
2018-02-27 07:57:34,0.00008969,18.00000000
2018-02-27 07:57:34,0.00008969,65.00000000
2018-02-27 07:57:35,0.00008961,1210.00000000
2018-02-27 07:57:35,0.00008960,537.00000000
2018-02-27 07:57:37,0.00008969,29.00000000
2018-02-27 07:57:37,0.00008969,19.00000000
2018-02-27 07:57:38,0.00008969,43.00000000
2018-02-27 07:57:39,0.00008969,156.00000000
2018-02-27 07:57:39,0.00008969,644.00000000
2018-02-27 07:57:40,0.00008969,129.00000000
2018-02-27 07:57:42,0.00008962,47.00000000
2018-02-27 07:57:42,0.00008960,142.00000000
2018-02-27 07:57:43,0.00008970,31.00000000
2018-02-27 07:57:43,0.00008970,401.00000000
2018-02-27 07:57:44,0.00008970,111.00000000
2018-02-27 07:57:45,0.00008969,20.00000000
2018-02-27 07:57:47,0.00008960,400.00000000
2018-02-27 07:57:48,0.00008970,111.00000000
2018-02-27 07:57:50,0.00008960,512.00000000
2018-02-27 07:57:52,0.00008969,213.00000000
2018-02-27 07:57:52,0.00008970,790.00000000
2018-02-27 07:57:58,0.00008969,270.00000000
2018-02-27 07:57:59,0.00008970,1114.00000000
2018-02-27 07:57:59,0.00008970,21.00000000
2018-02-27 07:57:59,0.00008969,3233.00000000
2018-02-27 07:58:00,0.00008969,745.00000000
2018-02-27 07:58:00,0.00008969,828.00000000
2018-02-27 07:58:01,0.00008969,1426.00000000
2018-02-27 07:58:01,0.00008960,2943.00000000
2018-02-27 07:58:01,0.00008958,414.00000000
2018-02-27 07:58:01,0.00008955,102.00000000
2018-02-27 07:58:01,0.00008951,115.00000000
2018-02-27 07:58:01,0.00008968,100.00000000
2018-02-27 07:58:02,0.00008952,1108.00000000
2018-02-27 07:58:02,0.00008951,7.00000000
2018-02-27 07:58:03,0.00008968,100.00000000
2018-02-27 07:58:04,0.00008968,100.00000000
2018-02-27 07:58:06,0.00008968,100.00000000
2018-02-27 07:58:06,0.00008968,111.00000000
2018-02-27 07:58:07,0.00008968,302.00000000
2018-02-27 07:58:07,0.00008969,181.00000000
2018-02-27 07:58:07,0.00008969,100.00000000
2018-02-27 07:58:08,0.00008969,56.00000000
2018-02-27 07:58:08,0.00008969,108.00000000
2018-02-27 07:58:11,0.00008968,500.00000000
2018-02-27 07:58:12,0.00008968,43.00000000
2018-02-27 07:58:13,0.00008968,178.00000000
2018-02-27 07:58:13,0.00008968,1279.00000000
2018-02-27 07:58:13,0.00008969,486.00000000
2018-02-27 07:58:13,0.00008969,242.00000000
2018-02-27 07:58:15,0.00008969,100.00000000
2018-02-27 07:58:17,0.00008968,446.00000000
2018-02-27 07:58:18,0.00008969,1767.00000000
2018-02-27 07:58:18,0.00008968,554.00000000
2018-02-27 07:58:22,0.00008968,31.00000000
2018-02-27 07:58:22,0.00008969,546.00000000
2018-02-27 07:58:22,0.00008970,2640.00000000
2018-02-27 07:58:26,0.00008969,100.00000000
2018-02-27 07:58:26,0.00008968,34.00000000
2018-02-27 07:58:29,0.00008969,111.00000000
2018-02-27 07:58:31,0.00008968,615.00000000
2018-02-27 07:58:33,0.00008968,1449.00000000
2018-02-27 07:58:35,0.00008969,111.00000000
2018-02-27 07:58:36,0.00008969,240.00000000
2018-02-27 07:58:36,0.00008969,3.00000000
2018-02-27 07:58:37,0.00008969,1192.00000000
2018-02-27 07:58:37,0.00008968,60.00000000
2018-02-27 07:58:38,0.00008968,779.00000000
2018-02-27 07:58:38,0.00008967,103.00000000
2018-02-27 07:58:38,0.00008967,111.00000000
2018-02-27 07:58:39,0.00008967,4020.00000000
2018-02-27 07:58:39,0.00008960,1116.00000000
2018-02-27 07:58:39,0.00008952,668.00000000
2018-02-27 07:58:39,0.00008967,868.00000000
2018-02-27 07:58:40,0.00008967,868.00000000
2018-02-27 07:58:42,0.00008967,868.00000000
2018-02-27 07:58:42,0.00008967,500.00000000
2018-02-27 07:58:43,0.00008967,307.00000000
2018-02-27 07:58:45,0.00008967,627.00000000
2018-02-27 07:58:46,0.00008953,250.00000000
2018-02-27 07:58:46,0.00008967,1080.00000000
2018-02-27 07:58:46,0.00008967,111.00000000
2018-02-27 07:58:49,0.00008967,111.00000000
2018-02-27 07:58:51,0.00008967,288.00000000
2018-02-27 07:59:02,0.00008966,22.00000000
2018-02-27 07:59:02,0.00008966,326.00000000
2018-02-27 07:59:05,0.00008966,111.00000000
2018-02-27 07:59:10,0.00008966,216.00000000
2018-02-27 07:59:10,0.00008966,94.00000000
2018-02-27 07:59:15,0.00008965,20.00000000
2018-02-27 07:59:22,0.00008955,151.00000000
2018-02-27 07:59:22,0.00008955,74.00000000
2018-02-27 07:59:23,0.00008965,111.00000000
2018-02-27 07:59:25,0.00008955,12.00000000
2018-02-27 07:59:25,0.00008965,952.00000000
2018-02-27 07:59:25,0.00008967,427.00000000
2018-02-27 07:59:26,0.00008967,107.00000000
2018-02-27 07:59:26,0.00008967,224.00000000
2018-02-27 07:59:26,0.00008967,300.00000000
2018-02-27 07:59:26,0.00008967,990.00000000
2018-02-27 07:59:26,0.00008955,236.00000000
2018-02-27 07:59:31,0.00008965,260.00000000
2018-02-27 07:59:31,0.00008965,410.00000000
2018-02-27 07:59:32,0.00008965,91.00000000
2018-02-27 07:59:32,0.00008955,5577.00000000
2018-02-27 07:59:36,0.00008956,10866.00000000
2018-02-27 07:59:36,0.00008955,2635.00000000
2018-02-27 07:59:36,0.00008954,2262.00000000
2018-02-27 07:59:36,0.00008952,2131.00000000
2018-02-27 07:59:36,0.00008951,5.00000000
2018-02-27 07:59:36,0.00008950,5615.00000000
2018-02-27 07:59:40,0.00008950,111.00000000
2018-02-27 07:59:41,0.00008949,186.00000000
2018-02-27 07:59:44,0.00008950,309.00000000
2018-02-27 07:59:46,0.00008950,19.00000000
2018-02-27 07:59:47,0.00008950,50.00000000
2018-02-27 07:59:52,0.00008949,484.00000000
2018-02-27 07:59:52,0.00008950,73.00000000
2018-02-27 07:59:53,0.00008949,103.00000000
2018-02-27 07:59:55,0.00008950,23.00000000
2018-02-27 07:59:56,0.00008950,12.00000000
2018-02-27 07:59:58,0.00008949,3.00000000
