DATE,PRICE,VOLUME
2018-02-27 15:00:00,0.00008770,72.00000000
2018-02-27 15:00:03,0.00008770,238.00000000
2018-02-27 15:00:03,0.00008774,155.00000000
2018-02-27 15:00:04,0.00008774,62.00000000
2018-02-27 15:00:05,0.00008770,18.00000000
2018-02-27 15:00:07,0.00008770,299.00000000
2018-02-27 15:00:14,0.00008770,18.00000000
2018-02-27 15:00:17,0.00008770,18.00000000
2018-02-27 15:00:17,0.00008770,301.00000000
2018-02-27 15:00:18,0.00008770,59.00000000
2018-02-27 15:00:19,0.00008770,15.00000000
2018-02-27 15:00:20,0.00008770,18.00000000
2018-02-27 15:00:21,0.00008770,56.00000000
2018-02-27 15:00:21,0.00008770,156.00000000
2018-02-27 15:00:21,0.00008769,20.00000000
2018-02-27 15:00:21,0.00008768,14.00000000
2018-02-27 15:00:23,0.00008766,48.00000000
2018-02-27 15:00:23,0.00008768,365.00000000
2018-02-27 15:00:23,0.00008770,593.00000000
2018-02-27 15:00:23,0.00008774,1008.00000000
2018-02-27 15:00:23,0.00008765,19.00000000
2018-02-27 15:00:23,0.00008764,220.00000000
2018-02-27 15:00:23,0.00008760,45.00000000
2018-02-27 15:00:23,0.00008759,744.00000000
2018-02-27 15:00:25,0.00008760,129.00000000
2018-02-27 15:00:25,0.00008760,239.00000000
2018-02-27 15:00:27,0.00008760,19.00000000
2018-02-27 15:00:28,0.00008760,18.00000000
2018-02-27 15:00:28,0.00008760,282.00000000
2018-02-27 15:00:54,0.00008761,373.00000000
2018-02-27 15:00:54,0.00008761,308.00000000
2018-02-27 15:00:54,0.00008770,51.00000000
2018-02-27 15:00:55,0.00008770,49.00000000
2018-02-27 15:00:55,0.00008761,502.00000000
2018-02-27 15:01:25,0.00008761,46.00000000
2018-02-27 15:01:37,0.00008761,312.00000000
2018-02-27 15:01:37,0.00008760,306.00000000
2018-02-27 15:01:40,0.00008760,617.00000000
2018-02-27 15:01:41,0.00008764,174.00000000
2018-02-27 15:02:03,0.00008763,11.00000000
2018-02-27 15:02:03,0.00008763,1366.00000000
2018-02-27 15:02:03,0.00008764,309.00000000
2018-02-27 15:02:03,0.00008764,304.00000000
2018-02-27 15:02:08,0.00008764,137.00000000
2018-02-27 15:02:14,0.00008764,103.00000000
2018-02-27 15:02:20,0.00008760,776.00000000
2018-02-27 15:02:21,0.00008760,56.00000000
2018-02-27 15:02:32,0.00008760,50.00000000
2018-02-27 15:02:32,0.00008760,238.00000000
2018-02-27 15:02:32,0.00008760,23.00000000
2018-02-27 15:02:37,0.00008764,456.00000000
2018-02-27 15:02:37,0.00008760,25.00000000
2018-02-27 15:02:38,0.00008764,90.00000000
2018-02-27 15:02:40,0.00008760,16.00000000
2018-02-27 15:02:41,0.00008760,50.00000000
2018-02-27 15:02:43,0.00008760,342.00000000
2018-02-27 15:02:43,0.00008760,234.00000000
2018-02-27 15:02:43,0.00008759,50.00000000
2018-02-27 15:02:44,0.00008760,21.00000000
2018-02-27 15:02:49,0.00008761,450.00000000
2018-02-27 15:02:49,0.00008760,25.00000000
2018-02-27 15:02:49,0.00008760,80.00000000
2018-02-27 15:02:49,0.00008760,31.00000000
2018-02-27 15:02:50,0.00008760,1477.00000000
2018-02-27 15:02:50,0.00008764,228.00000000
2018-02-27 15:02:51,0.00008764,184.00000000
2018-02-27 15:02:51,0.00008764,138.00000000
2018-02-27 15:02:57,0.00008764,181.00000000
2018-02-27 15:02:58,0.00008764,174.00000000
2018-02-27 15:02:58,0.00008765,432.00000000
2018-02-27 15:02:58,0.00008766,38.00000000
2018-02-27 15:02:58,0.00008770,312.00000000
2018-02-27 15:02:58,0.00008772,89.00000000
2018-02-27 15:02:58,0.00008773,36.00000000
2018-02-27 15:02:58,0.00008774,107.00000000
2018-02-27 15:02:58,0.00008775,935.00000000
2018-02-27 15:02:58,0.00008777,280.00000000
2018-02-27 15:02:58,0.00008779,6821.00000000
2018-02-27 15:02:58,0.00008760,18.00000000
2018-02-27 15:03:01,0.00008765,745.00000000
2018-02-27 15:03:01,0.00008765,18.00000000
2018-02-27 15:03:01,0.00008779,3407.00000000
2018-02-27 15:03:04,0.00008764,18.00000000
2018-02-27 15:03:05,0.00008764,18.00000000
2018-02-27 15:03:07,0.00008764,19.00000000
2018-02-27 15:03:07,0.00008778,189.00000000
2018-02-27 15:03:08,0.00008764,18.00000000
2018-02-27 15:03:08,0.00008778,574.00000000
2018-02-27 15:03:08,0.00008779,592.00000000
2018-02-27 15:03:08,0.00008780,5050.00000000
2018-02-27 15:03:08,0.00008781,179.00000000
2018-02-27 15:03:08,0.00008782,363.00000000
2018-02-27 15:03:09,0.00008765,122.00000000
2018-02-27 15:03:09,0.00008765,130.00000000
2018-02-27 15:03:12,0.00008782,1274.00000000
2018-02-27 15:03:14,0.00008767,18.00000000
2018-02-27 15:03:15,0.00008768,18.00000000
2018-02-27 15:03:19,0.00008782,1.00000000
2018-02-27 15:03:19,0.00008784,1324.00000000
2018-02-27 15:03:19,0.00008786,619.00000000
2018-02-27 15:03:22,0.00008786,25.00000000
2018-02-27 15:03:22,0.00008774,25.00000000
2018-02-27 15:03:23,0.00008774,19.00000000
2018-02-27 15:03:24,0.00008788,20.00000000
2018-02-27 15:03:24,0.00008788,1352.00000000
2018-02-27 15:03:25,0.00008788,18.00000000
2018-02-27 15:03:25,0.00008788,767.00000000
2018-02-27 15:03:25,0.00008788,252.00000000
2018-02-27 15:03:25,0.00008788,89.00000000
2018-02-27 15:03:25,0.00008788,47.00000000
2018-02-27 15:03:26,0.00008788,250.00000000
2018-02-27 15:03:26,0.00008788,44.00000000
2018-02-27 15:03:26,0.00008788,127.00000000
2018-02-27 15:03:26,0.00008788,202.00000000
2018-02-27 15:03:27,0.00008775,18.00000000
2018-02-27 15:03:28,0.00008775,18.00000000
2018-02-27 15:03:30,0.00008786,20.00000000
2018-02-27 15:03:30,0.00008786,60.00000000
2018-02-27 15:03:31,0.00008775,68.00000000
2018-02-27 15:03:31,0.00008776,50.00000000
2018-02-27 15:03:31,0.00008788,110.00000000
2018-02-27 15:03:33,0.00008788,1222.00000000
2018-02-27 15:03:34,0.00008775,18.00000000
2018-02-27 15:03:36,0.00008788,8.00000000
2018-02-27 15:03:36,0.00008788,398.00000000
2018-02-27 15:03:36,0.00008788,79.00000000
2018-02-27 15:03:36,0.00008772,79.00000000
2018-02-27 15:03:38,0.00008772,18.00000000
2018-02-27 15:03:41,0.00008774,79.00000000
2018-02-27 15:03:41,0.00008775,479.00000000
2018-02-27 15:03:47,0.00008774,18.00000000
2018-02-27 15:03:48,0.00008775,1500.00000000
2018-02-27 15:03:48,0.00008775,50.00000000
2018-02-27 15:03:49,0.00008774,18.00000000
2018-02-27 15:03:52,0.00008774,124.00000000
2018-02-27 15:03:53,0.00008775,360.00000000
2018-02-27 15:03:53,0.00008775,25.00000000
2018-02-27 15:03:57,0.00008788,318.00000000
2018-02-27 15:03:57,0.00008789,481.00000000
2018-02-27 15:03:57,0.00008788,205.00000000
2018-02-27 15:03:57,0.00008788,41.00000000
2018-02-27 15:04:02,0.00008775,18.00000000
2018-02-27 15:04:03,0.00008788,23.00000000
2018-02-27 15:04:05,0.00008788,182.00000000
2018-02-27 15:04:05,0.00008789,345.00000000
2018-02-27 15:04:05,0.00008790,2876.00000000
2018-02-27 15:04:06,0.00008775,597.00000000
2018-02-27 15:04:08,0.00008790,16.00000000
2018-02-27 15:04:08,0.00008791,212.00000000
2018-02-27 15:04:08,0.00008792,420.00000000
2018-02-27 15:04:14,0.00008777,900.00000000
2018-02-27 15:04:14,0.00008776,100.00000000
2018-02-27 15:04:17,0.00008792,133.00000000
2018-02-27 15:04:17,0.00008795,722.00000000
2018-02-27 15:04:23,0.00008779,18.00000000
2018-02-27 15:04:25,0.00008792,18.00000000
2018-02-27 15:04:25,0.00008792,92.00000000
2018-02-27 15:04:27,0.00008792,24.00000000
2018-02-27 15:04:27,0.00008795,303.00000000
2018-02-27 15:04:33,0.00008781,361.00000000
2018-02-27 15:04:33,0.00008781,39.00000000
2018-02-27 15:04:33,0.00008794,106.00000000
2018-02-27 15:04:33,0.00008795,82.00000000
2018-02-27 15:04:34,0.00008782,18.00000000
2018-02-27 15:04:35,0.00008795,453.00000000
2018-02-27 15:04:37,0.00008788,680.00000000
2018-02-27 15:04:40,0.00008788,680.00000000
2018-02-27 15:04:47,0.00008781,250.00000000
2018-02-27 15:04:48,0.00008781,17.00000000
2018-02-27 15:04:50,0.00008788,84.00000000
2018-02-27 15:04:50,0.00008790,143.00000000
2018-02-27 15:04:55,0.00008790,495.00000000
2018-02-27 15:04:57,0.00008790,550.00000000
2018-02-27 15:04:58,0.00008790,1151.00000000
2018-02-27 15:05:05,0.00008790,990.00000000
2018-02-27 15:05:06,0.00008790,444.00000000
2018-02-27 15:05:08,0.00008792,50.00000000
2018-02-27 15:05:08,0.00008795,112.00000000
2018-02-27 15:05:08,0.00008795,826.00000000
2018-02-27 15:05:08,0.00008796,113.00000000
2018-02-27 15:05:08,0.00008796,113.00000000
2018-02-27 15:05:08,0.00008796,112.00000000
2018-02-27 15:05:08,0.00008796,106.00000000
2018-02-27 15:05:08,0.00008797,273.00000000
2018-02-27 15:05:08,0.00008797,112.00000000
2018-02-27 15:05:09,0.00008792,50.00000000
2018-02-27 15:05:10,0.00008790,1850.00000000
2018-02-27 15:05:10,0.00008797,115.00000000
2018-02-27 15:05:10,0.00008799,602.00000000
2018-02-27 15:05:10,0.00008800,981.00000000
2018-02-27 15:05:13,0.00008799,114.00000000
2018-02-27 15:05:32,0.00008799,190.00000000
2018-02-27 15:05:35,0.00008799,122.00000000
2018-02-27 15:05:36,0.00008790,785.00000000
2018-02-27 15:05:36,0.00008782,294.00000000
2018-02-27 15:05:40,0.00008783,78.00000000
2018-02-27 15:05:44,0.00008799,40.00000000
2018-02-27 15:05:48,0.00008799,20.00000000
2018-02-27 15:05:48,0.00008799,128.00000000
2018-02-27 15:05:48,0.00008799,66.00000000
2018-02-27 15:05:49,0.00008799,593.00000000
2018-02-27 15:05:49,0.00008800,1395.00000000
2018-02-27 15:05:51,0.00008799,1000.00000000
2018-02-27 15:05:51,0.00008799,699.00000000
2018-02-27 15:05:53,0.00008799,664.00000000
2018-02-27 15:05:53,0.00008800,544.00000000
2018-02-27 15:05:54,0.00008799,326.00000000
2018-02-27 15:05:57,0.00008799,392.00000000
2018-02-27 15:05:59,0.00008800,511.00000000
2018-02-27 15:06:03,0.00008800,117.00000000
2018-02-27 15:06:05,0.00008799,1007.00000000
2018-02-27 15:06:06,0.00008799,1298.00000000
2018-02-27 15:06:06,0.00008800,1462.00000000
2018-02-27 15:06:06,0.00008800,202.00000000
2018-02-27 15:06:09,0.00008799,150.00000000
2018-02-27 15:06:15,0.00008790,178.00000000
2018-02-27 15:06:18,0.00008799,38.00000000
2018-02-27 15:06:19,0.00008799,101.00000000
2018-02-27 15:06:25,0.00008799,224.00000000
2018-02-27 15:06:25,0.00008799,52.00000000
2018-02-27 15:06:26,0.00008799,16.00000000
2018-02-27 15:06:27,0.00008799,200.00000000
2018-02-27 15:06:27,0.00008790,740.00000000
2018-02-27 15:06:34,0.00008799,2703.00000000
2018-02-27 15:06:40,0.00008799,113.00000000
2018-02-27 15:06:44,0.00008791,500.00000000
2018-02-27 15:06:48,0.00008791,1535.00000000
2018-02-27 15:06:51,0.00008790,32.00000000
2018-02-27 15:06:52,0.00008790,228.00000000
2018-02-27 15:06:52,0.00008791,686.00000000
2018-02-27 15:06:54,0.00008791,79.00000000
2018-02-27 15:06:55,0.00008791,1138.00000000
2018-02-27 15:06:56,0.00008791,324.00000000
2018-02-27 15:06:59,0.00008791,132.00000000
2018-02-27 15:06:59,0.00008790,3.00000000
2018-02-27 15:07:05,0.00008791,645.00000000
2018-02-27 15:07:10,0.00008799,13.00000000
2018-02-27 15:07:11,0.00008791,100.00000000
2018-02-27 15:07:13,0.00008791,50.00000000
2018-02-27 15:07:14,0.00008791,988.00000000
2018-02-27 15:07:14,0.00008790,2675.00000000
2018-02-27 15:07:15,0.00008783,113.00000000
2018-02-27 15:07:16,0.00008790,100.00000000
2018-02-27 15:07:23,0.00008783,224.00000000
2018-02-27 15:07:23,0.00008781,326.00000000
2018-02-27 15:07:23,0.00008781,122.00000000
2018-02-27 15:07:24,0.00008781,113.00000000
2018-02-27 15:07:26,0.00008790,1138.00000000
2018-02-27 15:07:32,0.00008790,225.00000000
2018-02-27 15:07:33,0.00008790,1138.00000000
2018-02-27 15:07:36,0.00008781,189.00000000
2018-02-27 15:07:36,0.00008781,15.00000000
2018-02-27 15:07:38,0.00008784,14.00000000
2018-02-27 15:07:39,0.00008790,1138.00000000
2018-02-27 15:07:42,0.00008790,333.00000000
2018-02-27 15:07:44,0.00008790,107.00000000
2018-02-27 15:07:45,0.00008784,225.00000000
2018-02-27 15:07:45,0.00008784,1138.00000000
2018-02-27 15:07:50,0.00008784,92.00000000
2018-02-27 15:07:51,0.00008784,1138.00000000
2018-02-27 15:07:57,0.00008784,1138.00000000
2018-02-27 15:07:59,0.00008784,172.00000000
2018-02-27 15:08:00,0.00008784,19.00000000
2018-02-27 15:08:03,0.00008784,32.00000000
2018-02-27 15:08:04,0.00008784,498.00000000
2018-02-27 15:08:05,0.00008786,14.00000000
2018-02-27 15:08:05,0.00008788,14.00000000
2018-02-27 15:08:05,0.00008790,96.00000000
2018-02-27 15:08:06,0.00008786,107.00000000
2018-02-27 15:08:06,0.00008784,9.00000000
2018-02-27 15:08:10,0.00008790,147.00000000
2018-02-27 15:08:13,0.00008790,50.00000000
2018-02-27 15:08:13,0.00008790,1500.00000000
2018-02-27 15:08:15,0.00008790,320.00000000
2018-02-27 15:08:15,0.00008790,400.00000000
2018-02-27 15:08:16,0.00008790,523.00000000
2018-02-27 15:08:16,0.00008790,505.00000000
2018-02-27 15:08:20,0.00008799,1003.00000000
2018-02-27 15:08:20,0.00008799,142.00000000
2018-02-27 15:08:28,0.00008799,22.00000000
2018-02-27 15:08:28,0.00008800,59.00000000
2018-02-27 15:08:28,0.00008800,19.00000000
2018-02-27 15:08:35,0.00008800,56.00000000
2018-02-27 15:08:35,0.00008801,29.00000000
2018-02-27 15:08:39,0.00008790,53.00000000
2018-02-27 15:08:41,0.00008799,30.00000000
2018-02-27 15:08:46,0.00008799,65.00000000
2018-02-27 15:08:47,0.00008799,39.00000000
2018-02-27 15:08:47,0.00008800,932.00000000
2018-02-27 15:08:47,0.00008790,113.00000000
2018-02-27 15:08:49,0.00008790,8.00000000
2018-02-27 15:08:49,0.00008784,54.00000000
2018-02-27 15:08:50,0.00008784,47.00000000
2018-02-27 15:08:52,0.00008799,37.00000000
2018-02-27 15:08:55,0.00008799,315.00000000
2018-02-27 15:08:55,0.00008801,390.00000000
2018-02-27 15:08:55,0.00008803,2810.00000000
2018-02-27 15:08:55,0.00008804,450.00000000
2018-02-27 15:08:55,0.00008805,3714.00000000
2018-02-27 15:08:55,0.00008805,755.00000000
2018-02-27 15:08:55,0.00008805,113.00000000
2018-02-27 15:08:56,0.00008805,1453.00000000
2018-02-27 15:08:56,0.00008785,113.00000000
2018-02-27 15:08:58,0.00008804,26.00000000
2018-02-27 15:09:03,0.00008806,32.00000000
2018-02-27 15:09:08,0.00008805,22.00000000
2018-02-27 15:09:09,0.00008787,564.00000000
2018-02-27 15:09:12,0.00008790,285.00000000
2018-02-27 15:09:13,0.00008804,28.00000000
2018-02-27 15:09:17,0.00008790,241.00000000
2018-02-27 15:09:18,0.00008790,42.00000000
2018-02-27 15:09:18,0.00008790,15.00000000
2018-02-27 15:09:18,0.00008802,40.00000000
2018-02-27 15:09:18,0.00008802,471.00000000
2018-02-27 15:09:18,0.00008803,237.00000000
2018-02-27 15:09:18,0.00008803,56.00000000
2018-02-27 15:09:19,0.00008805,56.00000000
2018-02-27 15:09:19,0.00008803,137.00000000
2018-02-27 15:09:21,0.00008803,25.00000000
2018-02-27 15:09:22,0.00008803,58.00000000
2018-02-27 15:09:25,0.00008803,284.00000000
2018-02-27 15:09:27,0.00008803,1732.00000000
2018-02-27 15:09:29,0.00008803,1.00000000
2018-02-27 15:09:29,0.00008805,43.00000000
2018-02-27 15:09:29,0.00008807,48.00000000
2018-02-27 15:09:29,0.00008808,981.00000000
2018-02-27 15:09:29,0.00008810,325.00000000
2018-02-27 15:09:29,0.00008811,675.00000000
2018-02-27 15:09:29,0.00008813,3478.00000000
2018-02-27 15:09:29,0.00008814,9284.00000000
2018-02-27 15:09:29,0.00008815,25165.00000000
2018-02-27 15:09:30,0.00008793,15.00000000
2018-02-27 15:09:31,0.00008793,254.00000000
2018-02-27 15:09:34,0.00008793,27.00000000
2018-02-27 15:09:40,0.00008792,113.00000000
2018-02-27 15:09:46,0.00008794,113.00000000
2018-02-27 15:09:47,0.00008799,64.00000000
2018-02-27 15:09:48,0.00008799,24.00000000
2018-02-27 15:09:53,0.00008794,144.00000000
2018-02-27 15:09:57,0.00008796,106.00000000
2018-02-27 15:09:57,0.00008794,43.00000000
2018-02-27 15:09:57,0.00008792,349.00000000
2018-02-27 15:10:00,0.00008793,208.00000000
2018-02-27 15:10:00,0.00008794,163.00000000
2018-02-27 15:10:00,0.00008798,21.00000000
2018-02-27 15:10:03,0.00008796,205.00000000
2018-02-27 15:10:04,0.00008796,75.00000000
2018-02-27 15:10:06,0.00008796,1539.00000000
2018-02-27 15:10:09,0.00008796,1181.00000000
2018-02-27 15:10:10,0.00008792,106.00000000
2018-02-27 15:10:10,0.00008790,463.00000000
2018-02-27 15:10:12,0.00008793,200.00000000
2018-02-27 15:10:13,0.00008796,1470.00000000
2018-02-27 15:10:15,0.00008796,340.00000000
2018-02-27 15:10:19,0.00008793,569.00000000
2018-02-27 15:10:23,0.00008793,57.00000000
2018-02-27 15:10:34,0.00008793,100.00000000
2018-02-27 15:10:37,0.00008793,205.00000000
2018-02-27 15:10:42,0.00008793,22.00000000
2018-02-27 15:10:44,0.00008796,47.00000000
2018-02-27 15:10:45,0.00008793,930.00000000
2018-02-27 15:10:45,0.00008796,1315.00000000
2018-02-27 15:10:46,0.00008796,163.00000000
2018-02-27 15:10:46,0.00008796,569.00000000
2018-02-27 15:10:46,0.00008796,24.00000000
2018-02-27 15:10:47,0.00008796,1136.00000000
2018-02-27 15:10:47,0.00008796,31.00000000
2018-02-27 15:10:49,0.00008793,44.00000000
2018-02-27 15:10:55,0.00008790,28.00000000
2018-02-27 15:10:55,0.00008785,199.00000000
2018-02-27 15:11:02,0.00008793,201.00000000
2018-02-27 15:11:06,0.00008793,201.00000000
2018-02-27 15:11:08,0.00008793,73.00000000
2018-02-27 15:11:09,0.00008785,227.00000000
2018-02-27 15:11:12,0.00008785,499.00000000
2018-02-27 15:11:13,0.00008785,26.00000000
2018-02-27 15:11:14,0.00008793,43.00000000
2018-02-27 15:11:14,0.00008794,712.00000000
2018-02-27 15:11:15,0.00008785,49.00000000
2018-02-27 15:11:26,0.00008785,22.00000000
2018-02-27 15:11:33,0.00008785,1125.00000000
2018-02-27 15:11:37,0.00008797,73.00000000
2018-02-27 15:11:37,0.00008798,30.00000000
2018-02-27 15:11:37,0.00008799,106.00000000
2018-02-27 15:11:59,0.00008786,18.00000000
2018-02-27 15:11:59,0.00008786,45.00000000
2018-02-27 15:11:59,0.00008796,32.00000000
2018-02-27 15:12:05,0.00008787,588.00000000
2018-02-27 15:12:10,0.00008787,113.00000000
2018-02-27 15:12:13,0.00008796,5.00000000
2018-02-27 15:12:18,0.00008787,569.00000000
2018-02-27 15:12:21,0.00008787,569.00000000
2018-02-27 15:12:23,0.00008787,569.00000000
2018-02-27 15:12:25,0.00008787,569.00000000
2018-02-27 15:12:26,0.00008787,61.00000000
2018-02-27 15:12:34,0.00008787,849.00000000
2018-02-27 15:12:37,0.00008795,215.00000000
2018-02-27 15:12:43,0.00008787,40.00000000
2018-02-27 15:12:50,0.00008787,2425.00000000
2018-02-27 15:12:53,0.00008787,127.00000000
2018-02-27 15:12:56,0.00008787,618.00000000
2018-02-27 15:12:57,0.00008787,227.00000000
2018-02-27 15:12:57,0.00008787,53.00000000
2018-02-27 15:12:58,0.00008794,50.00000000
2018-02-27 15:13:03,0.00008787,71.00000000
2018-02-27 15:13:03,0.00008786,895.00000000
2018-02-27 15:13:05,0.00008787,504.00000000
2018-02-27 15:13:09,0.00008787,587.00000000
2018-02-27 15:13:10,0.00008786,42.00000000
2018-02-27 15:13:10,0.00008785,24.00000000
2018-02-27 15:13:10,0.00008787,113.00000000
2018-02-27 15:13:20,0.00008787,100.00000000
2018-02-27 15:13:22,0.00008785,16.00000000
2018-02-27 15:13:25,0.00008787,20.00000000
2018-02-27 15:13:27,0.00008787,18.00000000
2018-02-27 15:13:29,0.00008787,3015.00000000
2018-02-27 15:13:37,0.00008787,2.00000000
2018-02-27 15:13:37,0.00008793,48.00000000
2018-02-27 15:13:41,0.00008785,92.00000000
2018-02-27 15:13:45,0.00008792,284.00000000
2018-02-27 15:13:59,0.00008792,1137.00000000
2018-02-27 15:13:59,0.00008792,180.00000000
2018-02-27 15:14:01,0.00008792,569.00000000
2018-02-27 15:14:09,0.00008793,37.00000000
2018-02-27 15:14:09,0.00008793,56.00000000
2018-02-27 15:14:10,0.00008792,50.00000000
2018-02-27 15:14:11,0.00008792,596.00000000
2018-02-27 15:14:12,0.00008790,37.00000000
2018-02-27 15:14:15,0.00008785,158.00000000
2018-02-27 15:14:15,0.00008780,411.00000000
2018-02-27 15:14:40,0.00008781,38.00000000
2018-02-27 15:14:40,0.00008780,262.00000000
2018-02-27 15:14:41,0.00008790,61.00000000
2018-02-27 15:14:47,0.00008781,1196.00000000
2018-02-27 15:14:48,0.00008781,131.00000000
2018-02-27 15:14:49,0.00008781,485.00000000
2018-02-27 15:14:51,0.00008781,187.00000000
2018-02-27 15:15:01,0.00008785,18.00000000
2018-02-27 15:15:03,0.00008788,14.00000000
2018-02-27 15:15:09,0.00008785,25.00000000
2018-02-27 15:15:09,0.00008788,84.00000000
2018-02-27 15:15:09,0.00008790,50.00000000
2018-02-27 15:15:11,0.00008790,150.00000000
2018-02-27 15:15:13,0.00008790,455.00000000
2018-02-27 15:15:15,0.00008789,439.00000000
2018-02-27 15:15:16,0.00008789,158.00000000
2018-02-27 15:15:18,0.00008789,56.00000000
2018-02-27 15:15:25,0.00008785,24.00000000
2018-02-27 15:15:25,0.00008789,43.00000000
2018-02-27 15:15:28,0.00008789,242.00000000
2018-02-27 15:15:35,0.00008788,30.00000000
2018-02-27 15:15:39,0.00008788,1137.00000000
2018-02-27 15:15:40,0.00008788,1000.00000000
2018-02-27 15:15:40,0.00008789,113.00000000
2018-02-27 15:15:40,0.00008789,750.00000000
2018-02-27 15:15:45,0.00008788,1137.00000000
2018-02-27 15:15:48,0.00008788,23.00000000
2018-02-27 15:15:48,0.00008789,808.00000000
2018-02-27 15:15:49,0.00008789,55.00000000
2018-02-27 15:15:51,0.00008789,109.00000000
2018-02-27 15:15:52,0.00008789,141.00000000
2018-02-27 15:15:55,0.00008789,720.00000000
2018-02-27 15:15:55,0.00008788,514.00000000
2018-02-27 15:15:57,0.00008788,159.00000000
2018-02-27 15:15:57,0.00008790,93.00000000
2018-02-27 15:15:57,0.00008790,1252.00000000
2018-02-27 15:15:57,0.00008792,648.00000000
2018-02-27 15:16:01,0.00008790,474.00000000
2018-02-27 15:16:01,0.00008790,685.00000000
2018-02-27 15:16:03,0.00008790,169.00000000
2018-02-27 15:16:03,0.00008792,119.00000000
2018-02-27 15:16:03,0.00008790,481.00000000
2018-02-27 15:16:03,0.00008785,3993.00000000
2018-02-27 15:16:04,0.00008792,10.00000000
2018-02-27 15:16:06,0.00008789,39.00000000
2018-02-27 15:16:06,0.00008786,227.00000000
2018-02-27 15:16:06,0.00008785,272.00000000
2018-02-27 15:16:08,0.00008785,499.00000000
2018-02-27 15:16:09,0.00008785,677.00000000
2018-02-27 15:16:10,0.00008785,50.00000000
2018-02-27 15:16:13,0.00008789,22.00000000
2018-02-27 15:16:13,0.00008792,778.00000000
2018-02-27 15:16:19,0.00008786,1137.00000000
2018-02-27 15:16:20,0.00008791,470.00000000
2018-02-27 15:16:20,0.00008792,2400.00000000
2018-02-27 15:16:22,0.00008792,1112.00000000
2018-02-27 15:16:22,0.00008792,88.00000000
2018-02-27 15:16:31,0.00008786,12.00000000
2018-02-27 15:16:35,0.00008788,600.00000000
2018-02-27 15:16:35,0.00008786,392.00000000
2018-02-27 15:16:36,0.00008786,199.00000000
2018-02-27 15:16:36,0.00008785,113.00000000
2018-02-27 15:16:42,0.00008785,113.00000000
2018-02-27 15:16:43,0.00008785,62.00000000
2018-02-27 15:16:46,0.00008786,72.00000000
2018-02-27 15:16:47,0.00008786,264.00000000
2018-02-27 15:16:48,0.00008785,113.00000000
2018-02-27 15:16:54,0.00008785,388.00000000
2018-02-27 15:16:54,0.00008785,113.00000000
2018-02-27 15:16:55,0.00008785,629.00000000
2018-02-27 15:16:56,0.00008786,377.00000000
2018-02-27 15:16:57,0.00008785,1138.00000000
2018-02-27 15:16:57,0.00008785,1362.00000000
2018-02-27 15:16:57,0.00008786,113.00000000
2018-02-27 15:16:58,0.00008786,566.00000000
2018-02-27 15:17:04,0.00008785,1350.00000000
2018-02-27 15:17:05,0.00008785,600.00000000
2018-02-27 15:17:06,0.00008785,113.00000000
2018-02-27 15:17:07,0.00008785,41.00000000
2018-02-27 15:17:10,0.00008785,173.00000000
2018-02-27 15:17:11,0.00008785,294.00000000
2018-02-27 15:17:11,0.00008785,490.00000000
2018-02-27 15:17:12,0.00008785,113.00000000
2018-02-27 15:17:12,0.00008786,18.00000000
2018-02-27 15:17:14,0.00008785,1402.00000000
2018-02-27 15:17:15,0.00008785,90.00000000
2018-02-27 15:17:26,0.00008786,113.00000000
2018-02-27 15:17:28,0.00008785,65.00000000
2018-02-27 15:17:28,0.00008785,74.00000000
2018-02-27 15:17:28,0.00008786,2651.00000000
2018-02-27 15:17:38,0.00008786,158.00000000
2018-02-27 15:17:39,0.00008786,2531.00000000
2018-02-27 15:17:40,0.00008781,113.00000000
2018-02-27 15:17:50,0.00008781,180.00000000
2018-02-27 15:17:58,0.00008785,1.00000000
2018-02-27 15:17:58,0.00008786,72.00000000
2018-02-27 15:17:58,0.00008788,37.00000000
2018-02-27 15:17:58,0.00008788,416.00000000
2018-02-27 15:17:59,0.00008780,63.00000000
2018-02-27 15:17:59,0.00008779,145.00000000
2018-02-27 15:18:09,0.00008781,113.00000000
2018-02-27 15:18:20,0.00008782,486.00000000
2018-02-27 15:18:23,0.00008788,121.00000000
2018-02-27 15:18:27,0.00008782,692.00000000
2018-02-27 15:18:27,0.00008781,17.00000000
2018-02-27 15:18:33,0.00008788,262.00000000
2018-02-27 15:18:35,0.00008788,113.00000000
2018-02-27 15:18:42,0.00008788,479.00000000
2018-02-27 15:18:42,0.00008789,49.00000000
2018-02-27 15:18:42,0.00008790,204.00000000
2018-02-27 15:18:43,0.00008783,114.00000000
2018-02-27 15:18:43,0.00008782,67.00000000
2018-02-27 15:18:43,0.00008790,56.00000000
2018-02-27 15:18:46,0.00008783,113.00000000
2018-02-27 15:18:46,0.00008790,72.00000000
2018-02-27 15:18:47,0.00008790,89.00000000
2018-02-27 15:18:50,0.00008790,138.00000000
2018-02-27 15:18:53,0.00008790,671.00000000
2018-02-27 15:18:55,0.00008794,3.00000000
2018-02-27 15:18:57,0.00008790,35.00000000
2018-02-27 15:19:03,0.00008794,336.00000000
2018-02-27 15:19:03,0.00008795,125.00000000
2018-02-27 15:19:05,0.00008791,15.00000000
2018-02-27 15:19:05,0.00008790,64.00000000
2018-02-27 15:19:06,0.00008790,134.00000000
2018-02-27 15:19:06,0.00008795,152.00000000
2018-02-27 15:19:23,0.00008791,418.00000000
2018-02-27 15:19:24,0.00008791,113.00000000
2018-02-27 15:19:30,0.00008791,999.00000000
2018-02-27 15:19:31,0.00008795,55.00000000
2018-02-27 15:19:31,0.00008791,425.00000000
2018-02-27 15:19:32,0.00008795,2.00000000
2018-02-27 15:19:32,0.00008796,59.00000000
2018-02-27 15:19:32,0.00008799,784.00000000
2018-02-27 15:19:32,0.00008800,1837.00000000
2018-02-27 15:19:32,0.00008800,594.00000000
2018-02-27 15:19:33,0.00008800,2299.00000000
2018-02-27 15:19:36,0.00008791,113.00000000
2018-02-27 15:19:36,0.00008795,14.00000000
2018-02-27 15:19:36,0.00008796,986.00000000
2018-02-27 15:19:42,0.00008791,185.00000000
2018-02-27 15:19:55,0.00008791,185.00000000
2018-02-27 15:19:56,0.00008791,93.00000000
2018-02-27 15:19:58,0.00008791,84.00000000
2018-02-27 15:19:58,0.00008791,91.00000000
2018-02-27 15:20:00,0.00008791,113.00000000
2018-02-27 15:20:03,0.00008791,35.00000000
2018-02-27 15:20:15,0.00008796,103.00000000
2018-02-27 15:20:15,0.00008798,499.00000000
2018-02-27 15:20:15,0.00008800,769.00000000
2018-02-27 15:20:15,0.00008805,600.00000000
2018-02-27 15:20:15,0.00008808,153.00000000
2018-02-27 15:20:15,0.00008813,3169.00000000
2018-02-27 15:20:15,0.00008814,372.00000000
2018-02-27 15:20:18,0.00008792,13.00000000
2018-02-27 15:20:18,0.00008810,1388.00000000
2018-02-27 15:20:18,0.00008791,90.00000000
2018-02-27 15:20:19,0.00008791,32.00000000
2018-02-27 15:20:19,0.00008790,113.00000000
2018-02-27 15:20:19,0.00008791,90.00000000
2018-02-27 15:20:19,0.00008791,90.00000000
2018-02-27 15:20:22,0.00008791,352.00000000
2018-02-27 15:20:23,0.00008791,96.00000000
2018-02-27 15:20:23,0.00008800,54.00000000
2018-02-27 15:20:24,0.00008800,88.00000000
2018-02-27 15:20:25,0.00008800,22.00000000
2018-02-27 15:20:25,0.00008800,31.00000000
2018-02-27 15:20:26,0.00008800,22.00000000
2018-02-27 15:20:27,0.00008791,30.00000000
2018-02-27 15:20:28,0.00008800,5.00000000
2018-02-27 15:20:31,0.00008800,1.00000000
2018-02-27 15:20:33,0.00008800,1.00000000
2018-02-27 15:20:41,0.00008792,566.00000000
2018-02-27 15:20:42,0.00008792,113.00000000
2018-02-27 15:20:43,0.00008792,141.00000000
2018-02-27 15:20:46,0.00008792,4.00000000
2018-02-27 15:20:51,0.00008792,72.00000000
2018-02-27 15:20:52,0.00008792,48.00000000
2018-02-27 15:20:52,0.00008792,100.00000000
2018-02-27 15:20:58,0.00008792,1093.00000000
2018-02-27 15:20:58,0.00008791,2867.00000000
2018-02-27 15:21:09,0.00008792,200.00000000
2018-02-27 15:21:10,0.00008792,58.00000000
2018-02-27 15:21:10,0.00008792,126.00000000
2018-02-27 15:21:10,0.00008800,184.00000000
2018-02-27 15:21:10,0.00008792,113.00000000
2018-02-27 15:21:14,0.00008800,138.00000000
2018-02-27 15:21:14,0.00008792,225.00000000
2018-02-27 15:21:16,0.00008792,113.00000000
2018-02-27 15:21:18,0.00008792,242.00000000
2018-02-27 15:21:20,0.00008792,7794.00000000
2018-02-27 15:21:20,0.00008792,799.00000000
2018-02-27 15:21:21,0.00008800,210.00000000
2018-02-27 15:21:22,0.00008792,113.00000000
2018-02-27 15:21:33,0.00008792,7808.00000000
2018-02-27 15:21:35,0.00008792,335.00000000
2018-02-27 15:21:40,0.00008792,510.00000000
2018-02-27 15:21:46,0.00008792,1627.00000000
2018-02-27 15:21:52,0.00008792,3708.00000000
2018-02-27 15:22:16,0.00008793,2490.00000000
2018-02-27 15:22:32,0.00008795,200.00000000
2018-02-27 15:22:32,0.00008795,357.00000000
2018-02-27 15:22:32,0.00008793,2535.00000000
2018-02-27 15:22:44,0.00008799,53.00000000
2018-02-27 15:22:45,0.00008799,697.00000000
2018-02-27 15:22:51,0.00008800,250.00000000
2018-02-27 15:22:53,0.00008800,420.00000000
2018-02-27 15:22:57,0.00008795,1137.00000000
2018-02-27 15:22:57,0.00008794,3201.00000000
2018-02-27 15:23:00,0.00008794,576.00000000
2018-02-27 15:23:17,0.00008799,807.00000000
2018-02-27 15:23:18,0.00008799,330.00000000
2018-02-27 15:23:24,0.00008799,427.00000000
2018-02-27 15:23:30,0.00008800,1137.00000000
2018-02-27 15:23:31,0.00008800,12.00000000
2018-02-27 15:23:33,0.00008800,1829.00000000
2018-02-27 15:23:33,0.00008796,90.00000000
2018-02-27 15:23:36,0.00008800,1137.00000000
2018-02-27 15:23:36,0.00008796,110.00000000
2018-02-27 15:23:37,0.00008796,90.00000000
2018-02-27 15:23:37,0.00008800,1754.00000000
2018-02-27 15:23:38,0.00008800,1136.00000000
2018-02-27 15:23:38,0.00008800,209.00000000
2018-02-27 15:23:38,0.00008800,435.00000000
2018-02-27 15:23:39,0.00008800,25.00000000
2018-02-27 15:23:39,0.00008800,511.00000000
2018-02-27 15:23:43,0.00008800,2658.00000000
2018-02-27 15:23:44,0.00008800,200.00000000
2018-02-27 15:23:47,0.00008800,114.00000000
2018-02-27 15:23:52,0.00008798,143.00000000
2018-02-27 15:23:53,0.00008798,3.00000000
2018-02-27 15:23:53,0.00008794,1931.00000000
2018-02-27 15:24:00,0.00008800,441.00000000
2018-02-27 15:24:01,0.00008798,348.00000000
2018-02-27 15:24:02,0.00008800,150.00000000
2018-02-27 15:24:07,0.00008800,141.00000000
2018-02-27 15:24:07,0.00008812,73.00000000
2018-02-27 15:24:07,0.00008813,233.00000000
2018-02-27 15:24:11,0.00008799,113.00000000
2018-02-27 15:24:15,0.00008800,1950.00000000
2018-02-27 15:24:16,0.00008800,2793.00000000
2018-02-27 15:24:16,0.00008800,770.00000000
2018-02-27 15:24:17,0.00008800,113.00000000
2018-02-27 15:24:17,0.00008810,107.00000000
2018-02-27 15:24:17,0.00008813,328.00000000
2018-02-27 15:24:18,0.00008800,18.00000000
2018-02-27 15:24:23,0.00008813,9242.00000000
2018-02-27 15:24:26,0.00008800,113.00000000
2018-02-27 15:24:29,0.00008813,266.00000000
2018-02-27 15:24:29,0.00008814,2636.00000000
2018-02-27 15:24:31,0.00008813,113.00000000
2018-02-27 15:24:32,0.00008800,384.00000000
2018-02-27 15:24:32,0.00008800,113.00000000
2018-02-27 15:24:33,0.00008800,169.00000000
2018-02-27 15:24:35,0.00008813,80.00000000
2018-02-27 15:24:37,0.00008800,334.00000000
2018-02-27 15:24:37,0.00008800,758.00000000
2018-02-27 15:24:37,0.00008800,28.00000000
2018-02-27 15:24:37,0.00008813,143.00000000
2018-02-27 15:24:38,0.00008800,113.00000000
2018-02-27 15:24:40,0.00008813,243.00000000
2018-02-27 15:24:41,0.00008813,20.00000000
2018-02-27 15:24:41,0.00008813,658.00000000
2018-02-27 15:24:41,0.00008813,47.00000000
2018-02-27 15:24:41,0.00008813,23.00000000
2018-02-27 15:24:41,0.00008813,42.00000000
2018-02-27 15:24:41,0.00008800,16.00000000
2018-02-27 15:24:43,0.00008811,164.00000000
2018-02-27 15:24:44,0.00008800,113.00000000
2018-02-27 15:24:50,0.00008801,113.00000000
2018-02-27 15:24:51,0.00008801,199.00000000
2018-02-27 15:24:51,0.00008811,192.00000000
2018-02-27 15:24:52,0.00008811,143.00000000
2018-02-27 15:24:52,0.00008813,42.00000000
2018-02-27 15:24:52,0.00008814,610.00000000
2018-02-27 15:24:57,0.00008814,2684.00000000
2018-02-27 15:25:04,0.00008801,681.00000000
2018-02-27 15:25:04,0.00008800,817.00000000
2018-02-27 15:25:06,0.00008814,45.00000000
2018-02-27 15:25:08,0.00008800,93.00000000
2018-02-27 15:25:09,0.00008800,107.00000000
2018-02-27 15:25:13,0.00008800,9274.00000000
2018-02-27 15:25:15,0.00008805,239.00000000
2018-02-27 15:25:18,0.00008805,30.00000000
2018-02-27 15:25:20,0.00008805,40.00000000
2018-02-27 15:25:21,0.00008805,664.00000000
2018-02-27 15:25:24,0.00008814,56.00000000
2018-02-27 15:25:25,0.00008814,450.00000000
2018-02-27 15:25:33,0.00008813,300.00000000
2018-02-27 15:25:34,0.00008813,837.00000000
2018-02-27 15:25:34,0.00008814,757.00000000
2018-02-27 15:25:35,0.00008805,34.00000000
2018-02-27 15:25:36,0.00008805,101.00000000
2018-02-27 15:25:38,0.00008805,94.00000000
2018-02-27 15:25:39,0.00008805,510.00000000
2018-02-27 15:25:41,0.00008805,95.00000000
2018-02-27 15:25:42,0.00008805,100.00000000
2018-02-27 15:25:43,0.00008805,93.00000000
2018-02-27 15:25:44,0.00008805,336.00000000
2018-02-27 15:25:45,0.00008805,95.00000000
2018-02-27 15:25:48,0.00008805,98.00000000
2018-02-27 15:25:49,0.00008805,119.00000000
2018-02-27 15:25:50,0.00008805,2492.00000000
2018-02-27 15:25:50,0.00008805,400.00000000
2018-02-27 15:25:52,0.00008805,142.00000000
2018-02-27 15:25:52,0.00008805,141.00000000
2018-02-27 15:25:55,0.00008805,2591.00000000
2018-02-27 15:25:56,0.00008805,41.00000000
2018-02-27 15:25:59,0.00008806,99.00000000
2018-02-27 15:26:00,0.00008810,63.00000000
2018-02-27 15:26:00,0.00008813,1037.00000000
2018-02-27 15:26:00,0.00008806,95.00000000
2018-02-27 15:26:00,0.00008806,92.00000000
2018-02-27 15:26:01,0.00008806,90.00000000
2018-02-27 15:26:01,0.00008810,159.00000000
2018-02-27 15:26:01,0.00008806,24.00000000
2018-02-27 15:26:06,0.00008806,45.00000000
2018-02-27 15:26:12,0.00008806,34.00000000
2018-02-27 15:26:14,0.00008806,424.00000000
2018-02-27 15:26:14,0.00008806,85.00000000
2018-02-27 15:26:14,0.00008810,54.00000000
2018-02-27 15:26:15,0.00008810,58.00000000
2018-02-27 15:26:15,0.00008810,224.00000000
2018-02-27 15:26:15,0.00008810,164.00000000
2018-02-27 15:26:15,0.00008806,100.00000000
2018-02-27 15:26:15,0.00008805,182.00000000
2018-02-27 15:26:15,0.00008806,78.00000000
2018-02-27 15:26:16,0.00008807,83.00000000
2018-02-27 15:26:16,0.00008805,686.00000000
2018-02-27 15:26:22,0.00008805,195.00000000
2018-02-27 15:26:22,0.00008805,179.00000000
2018-02-27 15:26:26,0.00008805,456.00000000
2018-02-27 15:26:32,0.00008808,113.00000000
2018-02-27 15:26:32,0.00008808,113.00000000
2018-02-27 15:26:33,0.00008805,28.00000000
2018-02-27 15:26:38,0.00008805,250.00000000
2018-02-27 15:26:39,0.00008805,4204.00000000
2018-02-27 15:26:40,0.00008805,13.00000000
2018-02-27 15:26:41,0.00008806,18.00000000
2018-02-27 15:26:41,0.00008808,95.00000000
2018-02-27 15:26:42,0.00008805,245.00000000
2018-02-27 15:26:45,0.00008805,225.00000000
2018-02-27 15:26:48,0.00008808,80.00000000
2018-02-27 15:26:48,0.00008813,7341.00000000
2018-02-27 15:26:49,0.00008808,250.00000000
2018-02-27 15:26:49,0.00008803,803.00000000
2018-02-27 15:26:49,0.00008803,197.00000000
2018-02-27 15:26:49,0.00008802,53.00000000
2018-02-27 15:26:49,0.00008801,300.00000000
2018-02-27 15:26:54,0.00008802,112.00000000
2018-02-27 15:26:54,0.00008805,2.00000000
2018-02-27 15:26:55,0.00008801,3300.00000000
2018-02-27 15:26:57,0.00008804,5.00000000
2018-02-27 15:26:59,0.00008805,250.00000000
2018-02-27 15:27:00,0.00008805,101.00000000
2018-02-27 15:27:00,0.00008805,84.00000000
2018-02-27 15:27:02,0.00008804,133.00000000
2018-02-27 15:27:11,0.00008804,317.00000000
2018-02-27 15:27:16,0.00008804,168.00000000
2018-02-27 15:27:17,0.00008805,16.00000000
2018-02-27 15:27:26,0.00008804,12.00000000
2018-02-27 15:27:38,0.00008804,499.00000000
2018-02-27 15:27:42,0.00008804,997.00000000
2018-02-27 15:27:47,0.00008805,733.00000000
2018-02-27 15:27:47,0.00008805,89.00000000
2018-02-27 15:27:50,0.00008805,49.00000000
2018-02-27 15:27:54,0.00008805,280.00000000
2018-02-27 15:28:03,0.00008805,49.00000000
2018-02-27 15:28:05,0.00008811,106.00000000
2018-02-27 15:28:05,0.00008812,1247.00000000
2018-02-27 15:28:05,0.00008813,3647.00000000
2018-02-27 15:28:10,0.00008805,100.00000000
2018-02-27 15:28:14,0.00008805,392.00000000
2018-02-27 15:28:16,0.00008805,125.00000000
2018-02-27 15:28:17,0.00008805,709.00000000
2018-02-27 15:28:20,0.00008805,637.00000000
2018-02-27 15:28:20,0.00008803,357.00000000
2018-02-27 15:28:22,0.00008805,200.00000000
2018-02-27 15:28:22,0.00008812,2878.00000000
2018-02-27 15:28:22,0.00008813,1922.00000000
2018-02-27 15:28:29,0.00008805,17.00000000
2018-02-27 15:28:33,0.00008812,1370.00000000
2018-02-27 15:28:33,0.00008813,2089.00000000
2018-02-27 15:28:33,0.00008814,8507.00000000
2018-02-27 15:28:37,0.00008814,1612.00000000
2018-02-27 15:28:37,0.00008815,8388.00000000
2018-02-27 15:28:41,0.00008805,299.00000000
2018-02-27 15:28:50,0.00008806,76.00000000
2018-02-27 15:29:05,0.00008805,45.00000000
2018-02-27 15:29:08,0.00008805,500.00000000
2018-02-27 15:29:08,0.00008806,30.00000000
2018-02-27 15:29:08,0.00008806,201.00000000
2018-02-27 15:29:14,0.00008806,20.00000000
2018-02-27 15:29:19,0.00008806,18.00000000
2018-02-27 15:29:25,0.00008806,572.00000000
2018-02-27 15:29:32,0.00008806,113.00000000
2018-02-27 15:29:39,0.00008806,113.00000000
2018-02-27 15:29:40,0.00008805,7547.00000000
2018-02-27 15:29:43,0.00008806,235.00000000
2018-02-27 15:29:44,0.00008805,224.00000000
2018-02-27 15:29:44,0.00008804,600.00000000
2018-02-27 15:29:44,0.00008805,1376.00000000
2018-02-27 15:29:45,0.00008805,276.00000000
2018-02-27 15:29:45,0.00008804,1458.00000000
2018-02-27 15:29:52,0.00008806,3186.00000000
2018-02-27 15:29:52,0.00008814,54.00000000
2018-02-27 15:29:52,0.00008815,1760.00000000
2018-02-27 15:29:54,0.00008804,103.00000000
2018-02-27 15:29:54,0.00008803,12.00000000
2018-02-27 15:29:54,0.00008801,4885.00000000
2018-02-27 15:29:57,0.00008802,2109.00000000
2018-02-27 15:29:57,0.00008801,2891.00000000
2018-02-27 15:29:58,0.00008801,1720.00000000
2018-02-27 15:29:59,0.00008801,129.00000000
2018-02-27 15:29:59,0.00008801,37.00000000
2018-02-27 15:30:00,0.00008801,1.00000000
2018-02-27 15:30:03,0.00008800,4807.00000000
2018-02-27 15:30:05,0.00008800,4807.00000000
2018-02-27 15:30:05,0.00008801,7.00000000
2018-02-27 15:30:07,0.00008801,518.00000000
2018-02-27 15:30:07,0.00008800,4482.00000000
2018-02-27 15:30:09,0.00008800,5000.00000000
2018-02-27 15:30:11,0.00008814,1.00000000
2018-02-27 15:30:12,0.00008800,31.00000000
2018-02-27 15:30:17,0.00008800,112.00000000
2018-02-27 15:30:25,0.00008801,53.00000000
2018-02-27 15:30:25,0.00008801,1217.00000000
2018-02-27 15:30:39,0.00008810,71.00000000
2018-02-27 15:30:39,0.00008814,2074.00000000
2018-02-27 15:30:39,0.00008815,21428.00000000
2018-02-27 15:30:44,0.00008815,300.00000000
2018-02-27 15:30:47,0.00008815,1943.00000000
2018-02-27 15:30:56,0.00008805,1000.00000000
2018-02-27 15:30:56,0.00008803,972.00000000
2018-02-27 15:30:56,0.00008802,9626.00000000
2018-02-27 15:30:56,0.00008815,2840.00000000
2018-02-27 15:30:56,0.00008815,4061.00000000
2018-02-27 15:30:58,0.00008814,137.00000000
2018-02-27 15:31:13,0.00008813,107.00000000
2018-02-27 15:31:13,0.00008814,835.00000000
2018-02-27 15:31:13,0.00008815,846.00000000
2018-02-27 15:31:13,0.00008814,107.00000000
2018-02-27 15:31:13,0.00008802,2000.00000000
2018-02-27 15:31:14,0.00008815,14.00000000
2018-02-27 15:31:15,0.00008802,4.00000000
2018-02-27 15:31:23,0.00008814,24.00000000
2018-02-27 15:31:26,0.00008815,1520.00000000
2018-02-27 15:31:28,0.00008815,17800.00000000
2018-02-27 15:31:30,0.00008814,83.00000000
2018-02-27 15:31:31,0.00008802,54.00000000
2018-02-27 15:31:33,0.00008814,1629.00000000
2018-02-27 15:31:34,0.00008802,100.00000000
2018-02-27 15:31:36,0.00008802,195.00000000
2018-02-27 15:31:36,0.00008802,39.00000000
2018-02-27 15:31:36,0.00008814,36.00000000
2018-02-27 15:31:58,0.00008806,50.00000000
2018-02-27 15:32:05,0.00008810,75.00000000
2018-02-27 15:32:05,0.00008813,388.00000000
2018-02-27 15:32:06,0.00008813,21.00000000
2018-02-27 15:32:07,0.00008813,566.00000000
2018-02-27 15:32:08,0.00008806,186.00000000
2018-02-27 15:32:12,0.00008806,63.00000000
2018-02-27 15:32:16,0.00008806,85.00000000
2018-02-27 15:32:17,0.00008803,672.00000000
2018-02-27 15:32:18,0.00008805,179.00000000
2018-02-27 15:32:18,0.00008803,972.00000000
2018-02-27 15:32:18,0.00008802,2240.00000000
2018-02-27 15:32:19,0.00008801,4133.00000000
2018-02-27 15:32:20,0.00008805,24.00000000
2018-02-27 15:32:20,0.00008801,560.00000000
2018-02-27 15:32:20,0.00008801,2038.00000000
2018-02-27 15:32:21,0.00008801,1136.00000000
2018-02-27 15:32:21,0.00008801,400.00000000
2018-02-27 15:32:21,0.00008800,5000.00000000
2018-02-27 15:32:22,0.00008800,1136.00000000
2018-02-27 15:32:22,0.00008800,1686.00000000
2018-02-27 15:32:24,0.00008800,2525.00000000
2018-02-27 15:32:26,0.00008800,1136.00000000
2018-02-27 15:32:26,0.00008800,1120.00000000
2018-02-27 15:32:28,0.00008800,186.00000000
2018-02-27 15:32:29,0.00008800,1136.00000000
2018-02-27 15:32:29,0.00008800,4573.00000000
2018-02-27 15:32:29,0.00008800,112.00000000
2018-02-27 15:32:29,0.00008799,289.00000000
2018-02-27 15:32:29,0.00008795,568.00000000
2018-02-27 15:32:29,0.00008794,1658.00000000
2018-02-27 15:32:29,0.00008793,320.00000000
2018-02-27 15:32:30,0.00008801,230.00000000
2018-02-27 15:32:30,0.00008800,14.00000000
2018-02-27 15:32:30,0.00008800,25.00000000
2018-02-27 15:32:31,0.00008800,300.00000000
2018-02-27 15:32:32,0.00008800,415.00000000
2018-02-27 15:32:33,0.00008810,113.00000000
2018-02-27 15:32:34,0.00008810,1426.00000000
2018-02-27 15:32:34,0.00008811,900.00000000
2018-02-27 15:32:34,0.00008813,116.00000000
2018-02-27 15:32:34,0.00008814,1558.00000000
2018-02-27 15:32:36,0.00008813,900.00000000
2018-02-27 15:32:36,0.00008814,5143.00000000
2018-02-27 15:32:37,0.00008801,50.00000000
2018-02-27 15:32:38,0.00008801,284.00000000
2018-02-27 15:32:39,0.00008807,540.00000000
2018-02-27 15:32:39,0.00008807,160.00000000
2018-02-27 15:32:39,0.00008801,449.00000000
2018-02-27 15:32:39,0.00008796,163.00000000
2018-02-27 15:32:41,0.00008812,113.00000000
2018-02-27 15:32:44,0.00008800,24.00000000
2018-02-27 15:32:49,0.00008794,32.00000000
2018-02-27 15:33:03,0.00008799,31.00000000
2018-02-27 15:33:11,0.00008799,19.00000000
2018-02-27 15:33:11,0.00008798,6137.00000000
2018-02-27 15:33:14,0.00008798,48.00000000
2018-02-27 15:33:14,0.00008798,11.00000000
2018-02-27 15:33:22,0.00008794,114.00000000
2018-02-27 15:33:26,0.00008798,50.00000000
2018-02-27 15:33:28,0.00008795,568.00000000
2018-02-27 15:33:28,0.00008798,437.00000000
2018-02-27 15:33:29,0.00008795,569.00000000
2018-02-27 15:33:29,0.00008794,422.00000000
2018-02-27 15:33:29,0.00008793,4087.00000000
2018-02-27 15:33:29,0.00008792,47.00000000
2018-02-27 15:33:29,0.00008791,673.00000000
2018-02-27 15:33:31,0.00008798,935.00000000
2018-02-27 15:33:33,0.00008795,568.00000000
2018-02-27 15:33:34,0.00008793,396.00000000
2018-02-27 15:33:35,0.00008793,114.00000000
2018-02-27 15:33:37,0.00008793,114.00000000
2018-02-27 15:33:37,0.00008793,162.00000000
2018-02-27 15:33:38,0.00008791,940.00000000
2018-02-27 15:33:38,0.00008790,350.00000000
2018-02-27 15:33:38,0.00008786,1444.00000000
2018-02-27 15:33:38,0.00008782,566.00000000
2018-02-27 15:33:38,0.00008781,2000.00000000
2018-02-27 15:33:38,0.00008780,436.00000000
2018-02-27 15:33:39,0.00008793,1137.00000000
2018-02-27 15:33:45,0.00008791,39.00000000
2018-02-27 15:33:45,0.00008792,1098.00000000
2018-02-27 15:33:46,0.00008792,137.00000000
2018-02-27 15:33:48,0.00008792,2308.00000000
2018-02-27 15:33:48,0.00008793,2587.00000000
2018-02-27 15:33:48,0.00008797,1088.00000000
2018-02-27 15:33:48,0.00008798,818.00000000
2018-02-27 15:33:53,0.00008781,388.00000000
2018-02-27 15:33:53,0.00008781,138.00000000
2018-02-27 15:33:53,0.00008781,27.00000000
2018-02-27 15:33:53,0.00008792,872.00000000
2018-02-27 15:33:53,0.00008781,62.00000000
2018-02-27 15:33:54,0.00008792,245.00000000
2018-02-27 15:33:56,0.00008792,18.00000000
2018-02-27 15:33:57,0.00008791,1138.00000000
2018-02-27 15:33:57,0.00008791,258.00000000
2018-02-27 15:33:57,0.00008792,396.00000000
2018-02-27 15:33:57,0.00008783,49.00000000
2018-02-27 15:33:57,0.00008781,161.00000000
2018-02-27 15:33:57,0.00008780,46.00000000
2018-02-27 15:33:59,0.00008792,493.00000000
2018-02-27 15:34:00,0.00008792,73.00000000
2018-02-27 15:34:00,0.00008792,15.00000000
2018-02-27 15:34:01,0.00008792,1137.00000000
2018-02-27 15:34:03,0.00008780,125.00000000
2018-02-27 15:34:08,0.00008791,42.00000000
2018-02-27 15:34:19,0.00008782,1137.00000000
2018-02-27 15:34:19,0.00008781,470.00000000
2018-02-27 15:34:19,0.00008780,1266.00000000
2018-02-27 15:34:19,0.00008779,28.00000000
2018-02-27 15:34:19,0.00008780,389.00000000
2018-02-27 15:34:19,0.00008780,90.00000000
2018-02-27 15:34:20,0.00008780,25.00000000
2018-02-27 15:34:21,0.00008780,301.00000000
2018-02-27 15:34:23,0.00008780,550.00000000
2018-02-27 15:34:23,0.00008780,465.00000000
2018-02-27 15:34:24,0.00008780,90.00000000
2018-02-27 15:34:29,0.00008780,2505.00000000
2018-02-27 15:34:31,0.00008780,13.00000000
2018-02-27 15:34:31,0.00008780,114.00000000
2018-02-27 15:34:34,0.00008780,106.00000000
2018-02-27 15:34:34,0.00008791,1013.00000000
2018-02-27 15:34:34,0.00008792,2418.00000000
2018-02-27 15:34:36,0.00008780,39.00000000
2018-02-27 15:34:38,0.00008791,39.00000000
2018-02-27 15:34:42,0.00008790,216.00000000
2018-02-27 15:34:43,0.00008790,3693.00000000
2018-02-27 15:34:43,0.00008791,756.00000000
2018-02-27 15:34:51,0.00008791,903.00000000
2018-02-27 15:34:54,0.00008790,9.00000000
2018-02-27 15:35:10,0.00008790,234.00000000
2018-02-27 15:35:14,0.00008790,149.00000000
2018-02-27 15:35:17,0.00008781,100.00000000
2018-02-27 15:35:22,0.00008790,72.00000000
2018-02-27 15:35:26,0.00008781,712.00000000
2018-02-27 15:35:26,0.00008780,1351.00000000
2018-02-27 15:35:26,0.00008790,2100.00000000
2018-02-27 15:35:31,0.00008790,885.00000000
2018-02-27 15:35:31,0.00008792,142.00000000
2018-02-27 15:35:34,0.00008780,1341.00000000
2018-02-27 15:35:37,0.00008781,105.00000000
2018-02-27 15:35:41,0.00008790,22.00000000
2018-02-27 15:35:42,0.00008790,60.00000000
2018-02-27 15:35:48,0.00008790,37.00000000
2018-02-27 15:35:49,0.00008790,78.00000000
2018-02-27 15:35:49,0.00008781,323.00000000
2018-02-27 15:35:51,0.00008790,49.00000000
2018-02-27 15:35:54,0.00008790,19.00000000
2018-02-27 15:35:56,0.00008791,28.00000000
2018-02-27 15:35:58,0.00008790,100.00000000
2018-02-27 15:36:03,0.00008790,741.00000000
2018-02-27 15:36:09,0.00008790,40.00000000
2018-02-27 15:36:17,0.00008792,83.00000000
2018-02-27 15:36:19,0.00008791,202.00000000
2018-02-27 15:36:25,0.00008791,398.00000000
2018-02-27 15:36:27,0.00008791,13.00000000
2018-02-27 15:36:28,0.00008791,15.00000000
2018-02-27 15:36:30,0.00008791,3179.00000000
2018-02-27 15:36:30,0.00008791,116.00000000
2018-02-27 15:36:31,0.00008790,75.00000000
2018-02-27 15:36:32,0.00008791,45.00000000
2018-02-27 15:36:32,0.00008792,1000.00000000
2018-02-27 15:36:32,0.00008791,62.00000000
2018-02-27 15:36:33,0.00008791,51.00000000
2018-02-27 15:36:33,0.00008791,538.00000000
2018-02-27 15:36:35,0.00008790,84.00000000
2018-02-27 15:36:35,0.00008781,26.00000000
2018-02-27 15:36:35,0.00008791,14.00000000
2018-02-27 15:36:37,0.00008790,24.00000000
2018-02-27 15:36:37,0.00008791,16.00000000
2018-02-27 15:36:42,0.00008791,48.00000000
2018-02-27 15:36:42,0.00008793,39.00000000
2018-02-27 15:36:50,0.00008791,57.00000000
2018-02-27 15:36:53,0.00008791,2120.00000000
2018-02-27 15:36:54,0.00008791,2.00000000
2018-02-27 15:37:13,0.00008790,29.00000000
2018-02-27 15:37:14,0.00008788,107.00000000
2018-02-27 15:37:14,0.00008790,142.00000000
2018-02-27 15:37:25,0.00008790,1000.00000000
2018-02-27 15:37:26,0.00008790,829.00000000
2018-02-27 15:37:26,0.00008791,190.00000000
2018-02-27 15:37:30,0.00008791,40.00000000
2018-02-27 15:37:34,0.00008790,95.00000000
2018-02-27 15:37:35,0.00008784,108.00000000
2018-02-27 15:37:39,0.00008784,9533.00000000
2018-02-27 15:37:41,0.00008790,37.00000000
2018-02-27 15:37:41,0.00008791,113.00000000
2018-02-27 15:37:57,0.00008790,987.00000000
2018-02-27 15:37:57,0.00008784,225.00000000
2018-02-27 15:38:04,0.00008791,150.00000000
2018-02-27 15:38:22,0.00008784,49.00000000
2018-02-27 15:38:23,0.00008791,739.00000000
2018-02-27 15:38:23,0.00008793,448.00000000
2018-02-27 15:38:23,0.00008794,700.00000000
2018-02-27 15:38:23,0.00008800,1182.00000000
2018-02-27 15:38:44,0.00008798,150.00000000
2018-02-27 15:38:44,0.00008791,100.00000000
2018-02-27 15:38:45,0.00008791,17.00000000
2018-02-27 15:39:03,0.00008792,94.00000000
2018-02-27 15:39:08,0.00008792,198.00000000
2018-02-27 15:39:08,0.00008792,37.00000000
2018-02-27 15:39:22,0.00008795,591.00000000
2018-02-27 15:39:22,0.00008795,1527.00000000
2018-02-27 15:39:24,0.00008792,24.00000000
2018-02-27 15:39:26,0.00008795,113.00000000
2018-02-27 15:39:31,0.00008792,15.00000000
2018-02-27 15:39:33,0.00008792,11.00000000
2018-02-27 15:39:36,0.00008791,1029.00000000
2018-02-27 15:39:36,0.00008788,691.00000000
2018-02-27 15:39:36,0.00008784,1275.00000000
2018-02-27 15:39:37,0.00008792,220.00000000
2018-02-27 15:39:38,0.00008784,504.00000000
2018-02-27 15:39:38,0.00008781,553.00000000
2018-02-27 15:39:38,0.00008780,1512.00000000
2018-02-27 15:39:38,0.00008779,505.00000000
2018-02-27 15:39:38,0.00008777,56.00000000
2018-02-27 15:39:38,0.00008775,392.00000000
2018-02-27 15:39:38,0.00008774,150.00000000
2018-02-27 15:39:38,0.00008773,2192.00000000
2018-02-27 15:39:38,0.00008772,5573.00000000
2018-02-27 15:39:38,0.00008773,14.00000000
2018-02-27 15:39:38,0.00008773,14.00000000
2018-02-27 15:39:39,0.00008773,358.00000000
2018-02-27 15:39:39,0.00008792,28.00000000
2018-02-27 15:39:39,0.00008792,358.00000000
2018-02-27 15:39:43,0.00008791,569.00000000
2018-02-27 15:39:44,0.00008791,131.00000000
2018-02-27 15:39:44,0.00008790,411.00000000
2018-02-27 15:39:54,0.00008776,466.00000000
2018-02-27 15:39:54,0.00008773,358.00000000
2018-02-27 15:39:54,0.00008772,1531.00000000
2018-02-27 15:39:54,0.00008771,24.00000000
2018-02-27 15:39:54,0.00008770,78.00000000
2018-02-27 15:39:57,0.00008770,137.00000000
2018-02-27 15:39:57,0.00008769,868.00000000
2018-02-27 15:40:03,0.00008770,1070.00000000
2018-02-27 15:40:04,0.00008786,42.00000000
2018-02-27 15:40:05,0.00008770,106.00000000
2018-02-27 15:40:06,0.00008786,1191.00000000
2018-02-27 15:40:06,0.00008787,500.00000000
2018-02-27 15:40:06,0.00008788,583.00000000
2018-02-27 15:40:06,0.00008789,900.00000000
2018-02-27 15:40:06,0.00008790,1134.00000000
2018-02-27 15:40:07,0.00008771,21.00000000
2018-02-27 15:40:13,0.00008770,2000.00000000
2018-02-27 15:40:19,0.00008770,48.00000000
2018-02-27 15:40:19,0.00008769,60.00000000
2018-02-27 15:40:22,0.00008770,57.00000000
2018-02-27 15:40:22,0.00008770,114.00000000
2018-02-27 15:40:22,0.00008770,50.00000000
2018-02-27 15:40:24,0.00008770,114.00000000
2018-02-27 15:40:24,0.00008770,465.00000000
2018-02-27 15:40:25,0.00008770,145.00000000
2018-02-27 15:40:26,0.00008770,570.00000000
2018-02-27 15:40:27,0.00008769,79.00000000
2018-02-27 15:40:29,0.00008770,100.00000000
2018-02-27 15:40:30,0.00008770,50.00000000
2018-02-27 15:40:30,0.00008770,78.00000000
2018-02-27 15:40:30,0.00008770,819.00000000
2018-02-27 15:40:31,0.00008770,162.00000000
2018-02-27 15:40:31,0.00008770,150.00000000
2018-02-27 15:40:33,0.00008770,107.00000000
2018-02-27 15:40:36,0.00008770,246.00000000
2018-02-27 15:40:36,0.00008769,1887.00000000
2018-02-27 15:40:43,0.00008770,335.00000000
2018-02-27 15:40:43,0.00008769,4665.00000000
2018-02-27 15:40:45,0.00008769,553.00000000
2018-02-27 15:40:50,0.00008769,226.00000000
2018-02-27 15:40:50,0.00008768,515.00000000
2018-02-27 15:40:57,0.00008770,244.00000000
2018-02-27 15:41:07,0.00008770,1941.00000000
2018-02-27 15:41:09,0.00008770,2899.00000000
2018-02-27 15:41:15,0.00008783,286.00000000
2018-02-27 15:41:15,0.00008784,177.00000000
2018-02-27 15:41:17,0.00008770,312.00000000
2018-02-27 15:41:20,0.00008770,54.00000000
2018-02-27 15:41:26,0.00008770,350.00000000
2018-02-27 15:41:30,0.00008770,1000.00000000
2018-02-27 15:41:35,0.00008781,354.00000000
2018-02-27 15:41:38,0.00008770,162.00000000
2018-02-27 15:41:38,0.00008769,54.00000000
2018-02-27 15:41:38,0.00008768,1135.00000000
2018-02-27 15:41:38,0.00008765,1171.00000000
2018-02-27 15:41:38,0.00008764,1289.00000000
2018-02-27 15:41:40,0.00008764,1159.00000000
2018-02-27 15:41:40,0.00008761,960.00000000
2018-02-27 15:41:40,0.00008760,576.00000000
2018-02-27 15:41:42,0.00008770,35.00000000
2018-02-27 15:41:42,0.00008780,566.00000000
2018-02-27 15:41:54,0.00008764,884.00000000
2018-02-27 15:41:55,0.00008764,133.00000000
2018-02-27 15:41:55,0.00008764,571.00000000
2018-02-27 15:41:55,0.00008764,515.00000000
2018-02-27 15:41:56,0.00008764,55.00000000
2018-02-27 15:41:56,0.00008764,1142.00000000
2018-02-27 15:42:01,0.00008770,250.00000000
2018-02-27 15:42:02,0.00008770,76.00000000
2018-02-27 15:42:02,0.00008764,424.00000000
2018-02-27 15:42:15,0.00008770,211.00000000
2018-02-27 15:42:15,0.00008777,89.00000000
2018-02-27 15:42:16,0.00008765,35.00000000
2018-02-27 15:42:27,0.00008777,165.00000000
2018-02-27 15:42:29,0.00008765,157.00000000
2018-02-27 15:42:32,0.00008777,2356.00000000
2018-02-27 15:42:32,0.00008780,1004.00000000
2018-02-27 15:42:33,0.00008780,12.00000000
2018-02-27 15:42:34,0.00008780,89.00000000
2018-02-27 15:42:35,0.00008781,14.00000000
2018-02-27 15:42:35,0.00008780,90.00000000
2018-02-27 15:42:43,0.00008780,880.00000000
2018-02-27 15:42:45,0.00008768,117.00000000
2018-02-27 15:42:45,0.00008765,153.00000000
2018-02-27 15:42:45,0.00008764,429.00000000
2018-02-27 15:42:50,0.00008778,12.00000000
2018-02-27 15:43:06,0.00008770,69.00000000
2018-02-27 15:43:06,0.00008770,439.00000000
2018-02-27 15:43:07,0.00008770,368.00000000
2018-02-27 15:43:11,0.00008774,1451.00000000
2018-02-27 15:43:14,0.00008774,1000.00000000
2018-02-27 15:43:16,0.00008765,219.00000000
2018-02-27 15:43:19,0.00008774,222.00000000
2018-02-27 15:43:28,0.00008766,1.00000000
2018-02-27 15:43:31,0.00008773,132.00000000
2018-02-27 15:43:33,0.00008773,10.00000000
2018-02-27 15:43:35,0.00008773,389.00000000
2018-02-27 15:43:40,0.00008771,98.00000000
2018-02-27 15:43:40,0.00008766,42.00000000
2018-02-27 15:43:40,0.00008765,1293.00000000
2018-02-27 15:43:40,0.00008764,579.00000000
2018-02-27 15:43:41,0.00008765,55.00000000
2018-02-27 15:43:42,0.00008766,40.00000000
2018-02-27 15:43:43,0.00008772,171.00000000
2018-02-27 15:43:45,0.00008766,1097.00000000
2018-02-27 15:43:45,0.00008764,876.00000000
2018-02-27 15:43:51,0.00008764,956.00000000
2018-02-27 15:43:51,0.00008764,349.00000000
2018-02-27 15:43:52,0.00008764,19.00000000
2018-02-27 15:43:58,0.00008771,450.00000000
2018-02-27 15:43:58,0.00008771,85.00000000
2018-02-27 15:43:58,0.00008772,6579.00000000
2018-02-27 15:43:58,0.00008773,1290.00000000
2018-02-27 15:43:58,0.00008774,1304.00000000
2018-02-27 15:43:58,0.00008775,12.00000000
2018-02-27 15:43:58,0.00008778,734.00000000
2018-02-27 15:44:02,0.00008764,31.00000000
2018-02-27 15:44:05,0.00008770,23.00000000
2018-02-27 15:44:09,0.00008770,58.00000000
2018-02-27 15:44:10,0.00008770,22.00000000
2018-02-27 15:44:12,0.00008769,114.00000000
2018-02-27 15:44:16,0.00008769,114.00000000
2018-02-27 15:44:20,0.00008769,647.00000000
2018-02-27 15:44:20,0.00008769,129.00000000
2018-02-27 15:44:20,0.00008770,926.00000000
2018-02-27 15:44:28,0.00008770,22.00000000
2018-02-27 15:44:31,0.00008770,570.00000000
2018-02-27 15:44:38,0.00008770,26.00000000
2018-02-27 15:44:40,0.00008769,603.00000000
2018-02-27 15:44:41,0.00008770,1058.00000000
2018-02-27 15:44:41,0.00008772,26.00000000
2018-02-27 15:44:42,0.00008770,28.00000000
2018-02-27 15:44:42,0.00008769,136.00000000
2018-02-27 15:44:42,0.00008765,722.00000000
2018-02-27 15:44:42,0.00008764,714.00000000
2018-02-27 15:44:43,0.00008764,1129.00000000
2018-02-27 15:44:43,0.00008760,2871.00000000
2018-02-27 15:44:45,0.00008772,108.00000000
2018-02-27 15:44:49,0.00008760,100.00000000
2018-02-27 15:44:49,0.00008760,177.00000000
2018-02-27 15:44:49,0.00008759,599.00000000
2018-02-27 15:44:49,0.00008772,225.00000000
2018-02-27 15:44:49,0.00008772,106.00000000
2018-02-27 15:44:52,0.00008772,18.00000000
2018-02-27 15:44:53,0.00008772,31.00000000
2018-02-27 15:44:53,0.00008772,520.00000000
2018-02-27 15:44:54,0.00008772,18.00000000
2018-02-27 15:44:54,0.00008772,140.00000000
2018-02-27 15:44:54,0.00008772,478.00000000
2018-02-27 15:44:54,0.00008772,478.00000000
2018-02-27 15:45:00,0.00008771,28.00000000
2018-02-27 15:45:05,0.00008761,114.00000000
2018-02-27 15:45:05,0.00008771,440.00000000
2018-02-27 15:45:13,0.00008770,154.00000000
2018-02-27 15:45:15,0.00008769,245.00000000
2018-02-27 15:45:15,0.00008769,350.00000000
2018-02-27 15:45:18,0.00008768,36.00000000
2018-02-27 15:45:18,0.00008762,677.00000000
2018-02-27 15:45:19,0.00008768,38.00000000
2018-02-27 15:45:19,0.00008769,126.00000000
2018-02-27 15:45:24,0.00008769,86.00000000
2018-02-27 15:45:25,0.00008768,25.00000000
2018-02-27 15:45:30,0.00008769,300.00000000
2018-02-27 15:45:33,0.00008768,200.00000000
2018-02-27 15:45:34,0.00008769,938.00000000
2018-02-27 15:45:34,0.00008771,2556.00000000
2018-02-27 15:45:34,0.00008772,1000.00000000
2018-02-27 15:45:34,0.00008775,3152.00000000
2018-02-27 15:45:37,0.00008775,267.00000000
2018-02-27 15:45:42,0.00008771,200.00000000
2018-02-27 15:45:42,0.00008768,25.00000000
2018-02-27 15:45:42,0.00008763,774.00000000
2018-02-27 15:45:47,0.00008772,750.00000000
2018-02-27 15:45:52,0.00008772,100.00000000
2018-02-27 15:45:53,0.00008772,289.00000000
2018-02-27 15:45:54,0.00008772,181.00000000
2018-02-27 15:46:07,0.00008772,1141.00000000
2018-02-27 15:46:07,0.00008772,330.00000000
2018-02-27 15:46:08,0.00008772,442.00000000
2018-02-27 15:46:08,0.00008764,14.00000000
2018-02-27 15:46:09,0.00008772,22.00000000
2018-02-27 15:46:09,0.00008772,475.00000000
2018-02-27 15:46:10,0.00008772,223.00000000
2018-02-27 15:46:11,0.00008772,14.00000000
2018-02-27 15:46:12,0.00008772,334.00000000
2018-02-27 15:46:14,0.00008772,1141.00000000
2018-02-27 15:46:14,0.00008772,250.00000000
2018-02-27 15:46:15,0.00008771,18.00000000
2018-02-27 15:46:16,0.00008771,83.00000000
2018-02-27 15:46:22,0.00008771,861.00000000
2018-02-27 15:46:22,0.00008772,3451.00000000
2018-02-27 15:46:24,0.00008765,242.00000000
2018-02-27 15:46:28,0.00008770,736.00000000
2018-02-27 15:46:29,0.00008770,1.00000000
2018-02-27 15:46:29,0.00008770,22.00000000
2018-02-27 15:46:29,0.00008771,275.00000000
2018-02-27 15:46:31,0.00008771,1141.00000000
2018-02-27 15:46:31,0.00008771,722.00000000
2018-02-27 15:46:32,0.00008772,1141.00000000
2018-02-27 15:46:32,0.00008772,3806.00000000
2018-02-27 15:46:32,0.00008772,1141.00000000
2018-02-27 15:46:32,0.00008772,3703.00000000
2018-02-27 15:46:32,0.00008772,1859.00000000
2018-02-27 15:46:33,0.00008772,912.00000000
2018-02-27 15:46:33,0.00008775,88.00000000
2018-02-27 15:46:36,0.00008775,8.00000000
2018-02-27 15:46:36,0.00008775,1061.00000000
2018-02-27 15:46:40,0.00008778,1139.00000000
2018-02-27 15:46:40,0.00008778,301.00000000
2018-02-27 15:46:40,0.00008775,69.00000000
2018-02-27 15:46:50,0.00008766,50.00000000
2018-02-27 15:46:50,0.00008772,520.00000000
2018-02-27 15:46:51,0.00008772,2913.00000000
2018-02-27 15:46:52,0.00008772,570.00000000
2018-02-27 15:46:52,0.00008772,1200.00000000
2018-02-27 15:46:53,0.00008772,1072.00000000
2018-02-27 15:46:54,0.00008772,570.00000000
2018-02-27 15:46:55,0.00008772,123.00000000
2018-02-27 15:46:55,0.00008772,379.00000000
2018-02-27 15:46:59,0.00008775,1.00000000
2018-02-27 15:47:01,0.00008775,123.00000000
2018-02-27 15:47:07,0.00008778,634.00000000
2018-02-27 15:47:10,0.00008778,400.00000000
2018-02-27 15:47:11,0.00008781,408.00000000
2018-02-27 15:47:12,0.00008781,937.00000000
2018-02-27 15:47:12,0.00008784,1436.00000000
2018-02-27 15:47:12,0.00008785,1915.00000000
2018-02-27 15:47:13,0.00008790,569.00000000
2018-02-27 15:47:14,0.00008789,32.00000000
2018-02-27 15:47:14,0.00008785,712.00000000
2018-02-27 15:47:14,0.00008784,288.00000000
2018-02-27 15:47:14,0.00008789,1088.00000000
2018-02-27 15:47:14,0.00008790,174.00000000
2018-02-27 15:47:20,0.00008790,97.00000000
2018-02-27 15:47:32,0.00008790,450.00000000
2018-02-27 15:47:35,0.00008785,200.00000000
2018-02-27 15:47:36,0.00008789,69.00000000
2018-02-27 15:47:38,0.00008790,1338.00000000
2018-02-27 15:47:43,0.00008790,200.00000000
2018-02-27 15:47:44,0.00008795,189.00000000
2018-02-27 15:47:54,0.00008796,502.00000000
2018-02-27 15:47:54,0.00008796,37.00000000
2018-02-27 15:48:01,0.00008791,211.00000000
2018-02-27 15:48:01,0.00008790,2154.00000000
2018-02-27 15:48:05,0.00008795,40.00000000
2018-02-27 15:48:05,0.00008796,61.00000000
2018-02-27 15:48:05,0.00008797,32.00000000
2018-02-27 15:48:05,0.00008797,257.00000000
2018-02-27 15:48:05,0.00008797,90.00000000
2018-02-27 15:48:07,0.00008797,46.00000000
2018-02-27 15:48:11,0.00008798,1004.00000000
2018-02-27 15:48:13,0.00008797,84.00000000
2018-02-27 15:48:13,0.00008798,82.00000000
2018-02-27 15:48:13,0.00008799,2657.00000000
2018-02-27 15:48:20,0.00008799,1137.00000000
2018-02-27 15:48:20,0.00008800,3327.00000000
2018-02-27 15:48:20,0.00008798,49.00000000
2018-02-27 15:48:21,0.00008798,41.00000000
2018-02-27 15:48:30,0.00008798,837.00000000
2018-02-27 15:48:32,0.00008798,687.00000000
2018-02-27 15:48:35,0.00008798,113.00000000
2018-02-27 15:48:38,0.00008798,3665.00000000
2018-02-27 15:48:38,0.00008800,5305.00000000
2018-02-27 15:48:49,0.00008798,1796.00000000
2018-02-27 15:48:50,0.00008800,2260.00000000
2018-02-27 15:49:01,0.00008800,297.00000000
2018-02-27 15:49:03,0.00008800,201.00000000
2018-02-27 15:49:06,0.00008798,57.00000000
2018-02-27 15:49:09,0.00008798,623.00000000
2018-02-27 15:49:11,0.00008798,16.00000000
2018-02-27 15:49:15,0.00008800,159.00000000
2018-02-27 15:49:20,0.00008799,92.00000000
2018-02-27 15:49:22,0.00008800,10004.00000000
2018-02-27 15:49:22,0.00008799,107.00000000
2018-02-27 15:49:26,0.00008799,275.00000000
2018-02-27 15:49:27,0.00008800,2500.00000000
2018-02-27 15:49:30,0.00008800,1880.00000000
2018-02-27 15:49:31,0.00008799,196.00000000
2018-02-27 15:49:33,0.00008799,260.00000000
2018-02-27 15:49:33,0.00008800,676.00000000
2018-02-27 15:49:43,0.00008798,672.00000000
2018-02-27 15:49:45,0.00008798,92.00000000
2018-02-27 15:49:48,0.00008791,657.00000000
2018-02-27 15:49:49,0.00008791,392.00000000
2018-02-27 15:49:49,0.00008789,1055.00000000
2018-02-27 15:49:49,0.00008785,970.00000000
2018-02-27 15:49:49,0.00008784,1813.00000000
2018-02-27 15:49:49,0.00008772,1489.00000000
2018-02-27 15:49:55,0.00008793,330.00000000
2018-02-27 15:49:55,0.00008793,491.00000000
2018-02-27 15:49:59,0.00008793,970.00000000
2018-02-27 15:49:59,0.00008794,900.00000000
2018-02-27 15:49:59,0.00008795,154.00000000
2018-02-27 15:49:59,0.00008798,1018.00000000
2018-02-27 15:50:00,0.00008797,900.00000000
2018-02-27 15:50:00,0.00008798,282.00000000
2018-02-27 15:50:00,0.00008798,900.00000000
2018-02-27 15:50:00,0.00008798,850.00000000
2018-02-27 15:50:03,0.00008798,769.00000000
2018-02-27 15:50:05,0.00008798,621.00000000
2018-02-27 15:50:07,0.00008799,1190.00000000
2018-02-27 15:50:08,0.00008798,769.00000000
2018-02-27 15:50:10,0.00008798,11954.00000000
2018-02-27 15:50:11,0.00008798,4220.00000000
2018-02-27 15:50:12,0.00008798,589.00000000
2018-02-27 15:50:12,0.00008798,107.00000000
2018-02-27 15:50:14,0.00008798,92.00000000
2018-02-27 15:50:14,0.00008798,100.00000000
2018-02-27 15:50:14,0.00008798,100.00000000
2018-02-27 15:50:15,0.00008798,90.00000000
2018-02-27 15:50:15,0.00008798,539.00000000
2018-02-27 15:50:15,0.00008793,372.00000000
2018-02-27 15:50:16,0.00008799,482.00000000
2018-02-27 15:50:16,0.00008793,121.00000000
2018-02-27 15:50:20,0.00008777,589.00000000
2018-02-27 15:50:30,0.00008790,589.00000000
2018-02-27 15:50:31,0.00008772,21.00000000
2018-02-27 15:50:32,0.00008790,1.00000000
2018-02-27 15:50:32,0.00008772,1570.00000000
2018-02-27 15:50:32,0.00008770,30.00000000
2018-02-27 15:50:32,0.00008768,200.00000000
2018-02-27 15:50:32,0.00008765,150.00000000
2018-02-27 15:50:32,0.00008764,50.00000000
2018-02-27 15:50:48,0.00008766,91.00000000
2018-02-27 15:50:48,0.00008765,900.00000000
2018-02-27 15:50:48,0.00008764,42.00000000
2018-02-27 15:50:49,0.00008786,900.00000000
2018-02-27 15:50:49,0.00008787,75.00000000
2018-02-27 15:50:50,0.00008769,517.00000000
2018-02-27 15:50:50,0.00008768,2.00000000
2018-02-27 15:50:51,0.00008769,57.00000000
2018-02-27 15:50:51,0.00008765,458.00000000
2018-02-27 15:50:54,0.00008783,103.00000000
2018-02-27 15:50:55,0.00008765,442.00000000
2018-02-27 15:50:55,0.00008765,280.00000000
2018-02-27 15:51:00,0.00008782,929.00000000
2018-02-27 15:51:00,0.00008787,900.00000000
2018-02-27 15:51:00,0.00008789,1617.00000000
2018-02-27 15:51:00,0.00008790,47.00000000
2018-02-27 15:51:00,0.00008790,316.00000000
2018-02-27 15:51:01,0.00008768,25.00000000
2018-02-27 15:51:02,0.00008769,25.00000000
2018-02-27 15:51:04,0.00008790,25.00000000
2018-02-27 15:51:04,0.00008791,25.00000000
2018-02-27 15:51:04,0.00008792,150.00000000
2018-02-27 15:51:06,0.00008774,126.00000000
2018-02-27 15:51:12,0.00008774,19.00000000
2018-02-27 15:51:17,0.00008774,18.00000000
2018-02-27 15:51:18,0.00008792,145.00000000
2018-02-27 15:51:18,0.00008793,323.00000000
2018-02-27 15:51:18,0.00008774,13.00000000
2018-02-27 15:51:20,0.00008775,2522.00000000
2018-02-27 15:51:22,0.00008776,607.00000000
2018-02-27 15:51:23,0.00008776,16.00000000
2018-02-27 15:51:28,0.00008776,15.00000000
2018-02-27 15:51:28,0.00008790,225.00000000
2018-02-27 15:51:32,0.00008780,64.00000000
2018-02-27 15:51:33,0.00008780,14.00000000
2018-02-27 15:51:34,0.00008780,780.00000000
2018-02-27 15:51:34,0.00008780,3142.00000000
2018-02-27 15:51:35,0.00008780,178.00000000
2018-02-27 15:51:35,0.00008780,33.00000000
2018-02-27 15:51:36,0.00008779,436.00000000
2018-02-27 15:51:36,0.00008779,85.00000000
2018-02-27 15:51:37,0.00008777,110.00000000
2018-02-27 15:51:37,0.00008779,117.00000000
2018-02-27 15:51:37,0.00008780,516.00000000
2018-02-27 15:51:38,0.00008777,13.00000000
2018-02-27 15:51:42,0.00008780,209.00000000
2018-02-27 15:51:43,0.00008780,2100.00000000
2018-02-27 15:51:44,0.00008789,44.00000000
2018-02-27 15:51:48,0.00008780,2413.00000000
2018-02-27 15:51:48,0.00008779,100.00000000
2018-02-27 15:51:49,0.00008779,15.00000000
2018-02-27 15:51:52,0.00008777,12.00000000
2018-02-27 15:51:59,0.00008779,207.00000000
2018-02-27 15:51:59,0.00008779,264.00000000
2018-02-27 15:52:03,0.00008777,3081.00000000
2018-02-27 15:52:08,0.00008789,140.00000000
2018-02-27 15:52:10,0.00008789,91.00000000
2018-02-27 15:52:13,0.00008779,1050.00000000
2018-02-27 15:52:13,0.00008777,2016.00000000
2018-02-27 15:52:13,0.00008777,15.00000000
2018-02-27 15:52:15,0.00008788,374.00000000
2018-02-27 15:52:15,0.00008789,626.00000000
2018-02-27 15:52:24,0.00008789,22.00000000
2018-02-27 15:52:24,0.00008772,89.00000000
2018-02-27 15:52:24,0.00008772,103.00000000
2018-02-27 15:52:25,0.00008772,92.00000000
2018-02-27 15:52:25,0.00008772,90.00000000
2018-02-27 15:52:26,0.00008772,87.00000000
2018-02-27 15:52:26,0.00008772,100.00000000
2018-02-27 15:52:27,0.00008772,85.00000000
2018-02-27 15:52:27,0.00008772,89.00000000
2018-02-27 15:52:34,0.00008783,92.00000000
2018-02-27 15:52:34,0.00008784,91.00000000
2018-02-27 15:52:34,0.00008789,1174.00000000
2018-02-27 15:52:35,0.00008772,1001.00000000
2018-02-27 15:52:35,0.00008772,118.00000000
2018-02-27 15:52:41,0.00008789,42.00000000
2018-02-27 15:52:48,0.00008780,91.00000000
2018-02-27 15:52:52,0.00008780,80.00000000
2018-02-27 15:52:53,0.00008789,120.00000000
2018-02-27 15:53:01,0.00008780,568.00000000
2018-02-27 15:53:01,0.00008780,18.00000000
2018-02-27 15:53:02,0.00008780,174.00000000
2018-02-27 15:53:04,0.00008777,19.00000000
2018-02-27 15:53:06,0.00008777,1.00000000
2018-02-27 15:53:12,0.00008777,97.00000000
2018-02-27 15:53:13,0.00008780,2226.00000000
2018-02-27 15:53:15,0.00008780,1002.00000000
2018-02-27 15:53:15,0.00008777,100.00000000
2018-02-27 15:53:17,0.00008778,102.00000000
2018-02-27 15:53:17,0.00008778,83.00000000
2018-02-27 15:53:18,0.00008778,90.00000000
2018-02-27 15:53:18,0.00008778,87.00000000
2018-02-27 15:53:19,0.00008778,96.00000000
2018-02-27 15:53:21,0.00008778,95.00000000
2018-02-27 15:53:24,0.00008778,102.00000000
2018-02-27 15:53:26,0.00008778,103.00000000
2018-02-27 15:53:26,0.00008780,50.00000000
2018-02-27 15:53:27,0.00008778,313.00000000
2018-02-27 15:53:27,0.00008777,46.00000000
2018-02-27 15:53:28,0.00008777,550.00000000
2018-02-27 15:53:28,0.00008777,101.00000000
2018-02-27 15:53:29,0.00008780,120.00000000
2018-02-27 15:53:31,0.00008777,94.00000000
2018-02-27 15:53:32,0.00008777,17.00000000
2018-02-27 15:53:33,0.00008777,101.00000000
2018-02-27 15:53:33,0.00008777,16.00000000
2018-02-27 15:53:34,0.00008777,17.00000000
2018-02-27 15:53:35,0.00008777,93.00000000
2018-02-27 15:53:35,0.00008777,16.00000000
2018-02-27 15:53:38,0.00008777,99.00000000
2018-02-27 15:53:40,0.00008777,95.00000000
2018-02-27 15:53:42,0.00008777,96.00000000
2018-02-27 15:53:44,0.00008777,16.00000000
2018-02-27 15:53:44,0.00008777,16.00000000
2018-02-27 15:53:45,0.00008777,97.00000000
2018-02-27 15:53:45,0.00008777,16.00000000
2018-02-27 15:53:47,0.00008777,97.00000000
2018-02-27 15:53:47,0.00008777,28.00000000
2018-02-27 15:53:48,0.00008779,14.00000000
2018-02-27 15:53:48,0.00008780,128.00000000
2018-02-27 15:53:50,0.00008777,101.00000000
2018-02-27 15:53:52,0.00008777,94.00000000
2018-02-27 15:53:53,0.00008780,1111.00000000
2018-02-27 15:53:54,0.00008777,98.00000000
2018-02-27 15:53:56,0.00008777,100.00000000
2018-02-27 15:53:59,0.00008777,99.00000000
2018-02-27 15:54:01,0.00008777,96.00000000
2018-02-27 15:54:05,0.00008777,190.00000000
2018-02-27 15:54:10,0.00008780,53.00000000
2018-02-27 15:54:14,0.00008780,158.00000000
2018-02-27 15:54:15,0.00008777,2229.00000000
2018-02-27 15:54:24,0.00008776,100.00000000
2018-02-27 15:54:28,0.00008776,41.00000000
2018-02-27 15:54:29,0.00008776,48.00000000
2018-02-27 15:54:30,0.00008767,1418.00000000
2018-02-27 15:54:30,0.00008766,5656.00000000
2018-02-27 15:54:31,0.00008766,1453.00000000
2018-02-27 15:54:31,0.00008766,836.00000000
2018-02-27 15:54:31,0.00008766,7618.00000000
2018-02-27 15:54:31,0.00008766,1783.00000000
2018-02-27 15:54:31,0.00008776,128.00000000
2018-02-27 15:54:31,0.00008780,3792.00000000
2018-02-27 15:54:32,0.00008765,196.00000000
2018-02-27 15:54:32,0.00008763,115.00000000
2018-02-27 15:54:32,0.00008762,570.00000000
2018-02-27 15:54:32,0.00008761,886.00000000
2018-02-27 15:54:32,0.00008760,1354.00000000
2018-02-27 15:54:32,0.00008759,560.00000000
2018-02-27 15:54:32,0.00008758,258.00000000
2018-02-27 15:54:32,0.00008757,164.00000000
2018-02-27 15:54:38,0.00008760,27.00000000
2018-02-27 15:54:44,0.00008776,27.00000000
2018-02-27 15:54:48,0.00008776,22.00000000
2018-02-27 15:54:48,0.00008760,601.00000000
2018-02-27 15:54:48,0.00008760,299.00000000
2018-02-27 15:54:48,0.00008759,600.00000000
2018-02-27 15:54:48,0.00008777,53.00000000
2018-02-27 15:54:51,0.00008775,341.00000000
2018-02-27 15:54:51,0.00008775,176.00000000
2018-02-27 15:54:52,0.00008776,70.00000000
2018-02-27 15:54:52,0.00008780,123.00000000
2018-02-27 15:55:06,0.00008778,499.00000000
2018-02-27 15:55:06,0.00008777,440.00000000
2018-02-27 15:55:06,0.00008779,76.00000000
2018-02-27 15:55:07,0.00008779,703.00000000
2018-02-27 15:55:07,0.00008780,100.00000000
2018-02-27 15:55:11,0.00008775,23.00000000
2018-02-27 15:55:13,0.00008765,139.00000000
2018-02-27 15:55:16,0.00008765,100.00000000
2018-02-27 15:55:17,0.00008775,6.00000000
2018-02-27 15:55:22,0.00008779,20.00000000
2018-02-27 15:55:27,0.00008777,109.00000000
2018-02-27 15:55:33,0.00008777,99.00000000
2018-02-27 15:55:37,0.00008777,442.00000000
2018-02-27 15:55:38,0.00008777,80.00000000
2018-02-27 15:55:39,0.00008777,570.00000000
2018-02-27 15:55:41,0.00008777,136.00000000
2018-02-27 15:55:45,0.00008777,3482.00000000
2018-02-27 15:55:45,0.00008779,4637.00000000
2018-02-27 15:55:45,0.00008780,50.00000000
2018-02-27 15:55:47,0.00008780,187.00000000
2018-02-27 15:55:48,0.00008777,113.00000000
2018-02-27 15:55:48,0.00008777,140.00000000
2018-02-27 15:55:48,0.00008776,68.00000000
2018-02-27 15:55:51,0.00008776,182.00000000
2018-02-27 15:55:54,0.00008776,100.00000000
2018-02-27 15:55:56,0.00008777,397.00000000
2018-02-27 15:55:56,0.00008777,32.00000000
2018-02-27 15:56:05,0.00008777,7.00000000
2018-02-27 15:56:07,0.00008776,21.00000000
2018-02-27 15:56:10,0.00008776,20.00000000
2018-02-27 15:56:13,0.00008775,60.00000000
2018-02-27 15:56:16,0.00008775,163.00000000
2018-02-27 15:56:17,0.00008765,50.00000000
2018-02-27 15:56:17,0.00008761,570.00000000
2018-02-27 15:56:17,0.00008760,362.00000000
2018-02-27 15:56:17,0.00008759,780.00000000
2018-02-27 15:56:17,0.00008758,739.00000000
2018-02-27 15:56:25,0.00008759,349.00000000
2018-02-27 15:56:25,0.00008758,108.00000000
2018-02-27 15:56:25,0.00008758,53.00000000
2018-02-27 15:56:25,0.00008757,312.00000000
2018-02-27 15:56:34,0.00008773,106.00000000
2018-02-27 15:56:35,0.00008773,166.00000000
2018-02-27 15:56:36,0.00008775,113.00000000
2018-02-27 15:56:37,0.00008773,24.00000000
2018-02-27 15:56:41,0.00008773,234.00000000
2018-02-27 15:56:45,0.00008773,129.00000000
2018-02-27 15:56:47,0.00008758,900.00000000
2018-02-27 15:56:47,0.00008758,112.00000000
2018-02-27 15:56:47,0.00008758,53.00000000
2018-02-27 15:56:52,0.00008758,2144.00000000
2018-02-27 15:56:52,0.00008757,724.00000000
2018-02-27 15:56:53,0.00008757,998.00000000
2018-02-27 15:57:06,0.00008773,4476.00000000
2018-02-27 15:57:14,0.00008773,429.00000000
2018-02-27 15:57:22,0.00008772,311.00000000
2018-02-27 15:57:23,0.00008772,311.00000000
2018-02-27 15:57:24,0.00008772,1.00000000
2018-02-27 15:57:33,0.00008763,1137.00000000
2018-02-27 15:57:34,0.00008763,89.00000000
2018-02-27 15:57:34,0.00008763,90.00000000
2018-02-27 15:57:34,0.00008763,108.00000000
2018-02-27 15:57:36,0.00008763,205.00000000
2018-02-27 15:57:37,0.00008763,114.00000000
2018-02-27 15:57:37,0.00008763,189.00000000
2018-02-27 15:57:38,0.00008772,963.00000000
2018-02-27 15:57:39,0.00008758,617.00000000
2018-02-27 15:57:41,0.00008772,105.00000000
2018-02-27 15:57:41,0.00008773,1245.00000000
2018-02-27 15:57:49,0.00008772,301.00000000
2018-02-27 15:57:50,0.00008772,62.00000000
2018-02-27 15:57:52,0.00008772,779.00000000
2018-02-27 15:57:55,0.00008773,232.00000000
2018-02-27 15:57:58,0.00008773,23.00000000
2018-02-27 15:58:00,0.00008773,1141.00000000
2018-02-27 15:58:04,0.00008773,1141.00000000
2018-02-27 15:58:06,0.00008773,27.00000000
2018-02-27 15:58:07,0.00008773,12.00000000
2018-02-27 15:58:08,0.00008773,1523.00000000
2018-02-27 15:58:08,0.00008772,59.00000000
2018-02-27 15:58:08,0.00008770,300.00000000
2018-02-27 15:58:09,0.00008770,1141.00000000
2018-02-27 15:58:09,0.00008770,870.00000000
2018-02-27 15:58:10,0.00008770,46.00000000
2018-02-27 15:58:12,0.00008761,225.00000000
2018-02-27 15:58:12,0.00008770,13.00000000
2018-02-27 15:58:15,0.00008770,1943.00000000
2018-02-27 15:58:15,0.00008773,2404.00000000
2018-02-27 15:58:17,0.00008773,298.00000000
2018-02-27 15:58:19,0.00008772,21.00000000
2018-02-27 15:58:26,0.00008773,1615.00000000
2018-02-27 15:58:26,0.00008773,3072.00000000
2018-02-27 15:58:30,0.00008775,456.00000000
2018-02-27 15:58:30,0.00008775,1.00000000
2018-02-27 15:58:30,0.00008776,1038.00000000
2018-02-27 15:58:30,0.00008777,5559.00000000
2018-02-27 15:58:36,0.00008777,93.00000000
2018-02-27 15:58:37,0.00008777,363.00000000
2018-02-27 15:58:37,0.00008773,370.00000000
2018-02-27 15:58:37,0.00008772,9936.00000000
2018-02-27 15:58:52,0.00008780,475.00000000
2018-02-27 15:58:52,0.00008786,94.00000000
2018-02-27 15:58:53,0.00008773,35.00000000
2018-02-27 15:58:54,0.00008786,109.00000000
2018-02-27 15:59:08,0.00008773,85.00000000
2018-02-27 15:59:11,0.00008773,830.00000000
2018-02-27 15:59:16,0.00008774,193.00000000
2018-02-27 15:59:16,0.00008773,299.00000000
2018-02-27 15:59:16,0.00008772,183.00000000
2018-02-27 15:59:20,0.00008772,9314.00000000
2018-02-27 15:59:20,0.00008772,185.00000000
2018-02-27 15:59:29,0.00008772,212.00000000
2018-02-27 15:59:31,0.00008770,18.00000000
2018-02-27 15:59:33,0.00008770,1.00000000
2018-02-27 15:59:35,0.00008772,13.00000000
2018-02-27 15:59:39,0.00008771,42.00000000
2018-02-27 15:59:39,0.00008772,58.00000000
2018-02-27 15:59:47,0.00008770,20.00000000
2018-02-27 15:59:53,0.00008772,46.00000000
2018-02-27 15:59:54,0.00008772,55.00000000
