DATE,PRICE,VOLUME
2018-03-01 03:00:00,0.00008486,17.00000000
2018-03-01 03:00:00,0.00008475,27.00000000
2018-03-01 03:00:00,0.00008474,1165.00000000
2018-03-01 03:00:00,0.00008470,676.00000000
2018-03-01 03:00:02,0.00008486,212.00000000
2018-03-01 03:00:02,0.00008470,96.00000000
2018-03-01 03:00:04,0.00008486,37.00000000
2018-03-01 03:00:04,0.00008486,51.00000000
2018-03-01 03:00:06,0.00008471,25.00000000
2018-03-01 03:00:10,0.00008491,61.00000000
2018-03-01 03:00:10,0.00008491,106.00000000
2018-03-01 03:00:21,0.00008493,81.00000000
2018-03-01 03:00:27,0.00008491,348.00000000
2018-03-01 03:00:29,0.00008495,13.00000000
2018-03-01 03:00:29,0.00008495,37.00000000
2018-03-01 03:00:34,0.00008495,14.00000000
2018-03-01 03:00:35,0.00008495,294.00000000
2018-03-01 03:00:42,0.00008492,117.00000000
2018-03-01 03:00:46,0.00008492,55.00000000
2018-03-01 03:00:46,0.00008492,128.00000000
2018-03-01 03:00:46,0.00008491,55.00000000
2018-03-01 03:00:48,0.00008491,55.00000000
2018-03-01 03:00:48,0.00008491,81.00000000
2018-03-01 03:00:59,0.00008492,117.00000000
2018-03-01 03:01:02,0.00008493,84.00000000
2018-03-01 03:01:02,0.00008493,128.00000000
2018-03-01 03:01:11,0.00008482,3.00000000
2018-03-01 03:01:17,0.00008482,888.00000000
2018-03-01 03:01:17,0.00008480,1721.00000000
2018-03-01 03:01:17,0.00008499,264.00000000
2018-03-01 03:01:17,0.00008500,1171.00000000
2018-03-01 03:01:17,0.00008502,138.00000000
2018-03-01 03:01:33,0.00008501,301.00000000
2018-03-01 03:01:36,0.00008501,33.00000000
2018-03-01 03:01:36,0.00008502,60.00000000
2018-03-01 03:01:38,0.00008502,4.00000000
2018-03-01 03:01:39,0.00008496,18.00000000
2018-03-01 03:01:40,0.00008497,360.00000000
2018-03-01 03:01:40,0.00008497,40.00000000
2018-03-01 03:01:40,0.00008496,778.00000000
2018-03-01 03:01:40,0.00008492,23.00000000
2018-03-01 03:01:41,0.00008492,7.00000000
2018-03-01 03:01:41,0.00008483,786.00000000
2018-03-01 03:01:43,0.00008484,102.00000000
2018-03-01 03:01:43,0.00008492,6.00000000
2018-03-01 03:01:43,0.00008497,89.00000000
2018-03-01 03:01:43,0.00008501,129.00000000
2018-03-01 03:01:44,0.00008485,400.00000000
2018-03-01 03:01:44,0.00008484,169.00000000
2018-03-01 03:01:52,0.00008496,29.00000000
2018-03-01 03:01:54,0.00008484,420.00000000
2018-03-01 03:01:54,0.00008483,803.00000000
2018-03-01 03:01:54,0.00008482,135.00000000
2018-03-01 03:02:02,0.00008495,212.00000000
2018-03-01 03:02:07,0.00008484,231.00000000
2018-03-01 03:02:08,0.00008495,159.00000000
2018-03-01 03:02:08,0.00008496,9.00000000
2018-03-01 03:02:12,0.00008496,482.00000000
2018-03-01 03:02:12,0.00008499,376.00000000
2018-03-01 03:02:15,0.00008485,499.00000000
2018-03-01 03:02:21,0.00008499,1.00000000
2018-03-01 03:02:22,0.00008499,43.00000000
2018-03-01 03:02:22,0.00008500,169.00000000
2018-03-01 03:02:27,0.00008502,399.00000000
2018-03-01 03:02:28,0.00008502,1.00000000
2018-03-01 03:02:28,0.00008503,351.00000000
2018-03-01 03:02:30,0.00008503,209.00000000
2018-03-01 03:02:30,0.00008504,1014.00000000
2018-03-01 03:02:33,0.00008505,400.00000000
2018-03-01 03:02:33,0.00008504,751.00000000
2018-03-01 03:02:35,0.00008504,4.00000000
2018-03-01 03:02:37,0.00008506,276.00000000
2018-03-01 03:02:37,0.00008507,2176.00000000
2018-03-01 03:02:37,0.00008504,396.00000000
2018-03-01 03:02:39,0.00008504,176.00000000
2018-03-01 03:02:42,0.00008503,1.00000000
2018-03-01 03:02:46,0.00008490,214.00000000
2018-03-01 03:02:47,0.00008503,1024.00000000
2018-03-01 03:02:47,0.00008504,857.00000000
2018-03-01 03:02:47,0.00008504,973.00000000
2018-03-01 03:02:47,0.00008507,236.00000000
2018-03-01 03:02:47,0.00008510,641.00000000
2018-03-01 03:02:51,0.00008509,1165.00000000
2018-03-01 03:02:51,0.00008510,357.00000000
2018-03-01 03:02:51,0.00008510,2.00000000
2018-03-01 03:02:51,0.00008514,150.00000000
2018-03-01 03:02:51,0.00008515,32.00000000
2018-03-01 03:02:52,0.00008514,400.00000000
2018-03-01 03:02:52,0.00008515,468.00000000
2018-03-01 03:02:52,0.00008517,997.00000000
2018-03-01 03:02:52,0.00008520,996.00000000
2018-03-01 03:02:52,0.00008492,286.00000000
2018-03-01 03:02:54,0.00008516,1224.00000000
2018-03-01 03:02:55,0.00008516,28.00000000
2018-03-01 03:02:58,0.00008515,23.00000000
2018-03-01 03:03:19,0.00008515,40.00000000
2018-03-01 03:03:19,0.00008501,116.00000000
2018-03-01 03:03:20,0.00008515,438.00000000
2018-03-01 03:03:28,0.00008515,13.00000000
2018-03-01 03:03:28,0.00008520,4.00000000
2018-03-01 03:03:28,0.00008522,6.00000000
2018-03-01 03:03:29,0.00008519,43.00000000
2018-03-01 03:03:29,0.00008522,212.00000000
2018-03-01 03:03:30,0.00008515,82.00000000
2018-03-01 03:03:32,0.00008503,82.00000000
2018-03-01 03:03:37,0.00008520,29.00000000
2018-03-01 03:03:37,0.00008502,325.00000000
2018-03-01 03:03:37,0.00008502,181.00000000
2018-03-01 03:03:37,0.00008501,1314.00000000
2018-03-01 03:03:37,0.00008500,134.00000000
2018-03-01 03:03:37,0.00008499,108.00000000
2018-03-01 03:03:37,0.00008498,25.00000000
2018-03-01 03:03:37,0.00008496,280.00000000
2018-03-01 03:03:37,0.00008495,883.00000000
2018-03-01 03:03:40,0.00008501,179.00000000
2018-03-01 03:03:40,0.00008501,90.00000000
2018-03-01 03:03:41,0.00008501,90.00000000
2018-03-01 03:03:42,0.00008501,523.00000000
2018-03-01 03:03:42,0.00008502,116.00000000
2018-03-01 03:03:43,0.00008505,361.00000000
2018-03-01 03:03:43,0.00008500,4194.00000000
2018-03-01 03:03:59,0.00008503,15.00000000
2018-03-01 03:03:59,0.00008513,18.00000000
2018-03-01 03:03:59,0.00008515,1174.00000000
2018-03-01 03:03:59,0.00008515,261.00000000
2018-03-01 03:04:07,0.00008501,400.00000000
2018-03-01 03:04:07,0.00008500,449.00000000
2018-03-01 03:04:13,0.00008501,21.00000000
2018-03-01 03:04:20,0.00008501,627.00000000
2018-03-01 03:04:21,0.00008501,20.00000000
2018-03-01 03:04:22,0.00008513,80.00000000
2018-03-01 03:04:30,0.00008515,117.00000000
2018-03-01 03:04:32,0.00008502,94.00000000
2018-03-01 03:04:35,0.00008503,550.00000000
2018-03-01 03:04:41,0.00008513,203.00000000
2018-03-01 03:04:42,0.00008513,102.00000000
2018-03-01 03:04:42,0.00008505,100.00000000
2018-03-01 03:04:46,0.00008506,441.00000000
2018-03-01 03:04:57,0.00008513,40.00000000
2018-03-01 03:05:17,0.00008508,94.00000000
2018-03-01 03:05:17,0.00008508,940.00000000
2018-03-01 03:05:19,0.00008509,1748.00000000
2018-03-01 03:05:19,0.00008508,577.00000000
2018-03-01 03:05:19,0.00008503,1450.00000000
2018-03-01 03:05:20,0.00008502,128.00000000
2018-03-01 03:05:20,0.00008501,2127.00000000
2018-03-01 03:05:29,0.00008501,1176.00000000
2018-03-01 03:05:31,0.00008501,482.00000000
2018-03-01 03:05:32,0.00008501,496.00000000
2018-03-01 03:05:33,0.00008501,1547.00000000
2018-03-01 03:05:34,0.00008501,157.00000000
2018-03-01 03:05:34,0.00008507,51.00000000
2018-03-01 03:05:34,0.00008509,66.00000000
2018-03-01 03:05:35,0.00008501,305.00000000
2018-03-01 03:05:38,0.00008509,366.00000000
2018-03-01 03:05:41,0.00008501,1176.00000000
2018-03-01 03:05:46,0.00008509,6.00000000
2018-03-01 03:05:47,0.00008501,233.00000000
2018-03-01 03:05:47,0.00008509,366.00000000
2018-03-01 03:05:48,0.00008509,117.00000000
2018-03-01 03:05:50,0.00008513,272.00000000
2018-03-01 03:05:50,0.00008509,130.00000000
2018-03-01 03:05:51,0.00008501,1914.00000000
2018-03-01 03:05:58,0.00008501,128.00000000
2018-03-01 03:06:01,0.00008500,2352.00000000
2018-03-01 03:06:02,0.00008501,212.00000000
2018-03-01 03:06:05,0.00008500,130.00000000
2018-03-01 03:06:06,0.00008501,10.00000000
2018-03-01 03:06:07,0.00008500,941.00000000
2018-03-01 03:06:14,0.00008501,62.00000000
2018-03-01 03:06:15,0.00008501,5105.00000000
2018-03-01 03:06:19,0.00008508,285.00000000
2018-03-01 03:06:25,0.00008503,292.00000000
2018-03-01 03:06:29,0.00008503,21.00000000
2018-03-01 03:06:29,0.00008508,31.00000000
2018-03-01 03:06:29,0.00008503,3427.00000000
2018-03-01 03:06:30,0.00008501,223.00000000
2018-03-01 03:06:34,0.00008500,1411.00000000
2018-03-01 03:06:36,0.00008500,2000.00000000
2018-03-01 03:06:37,0.00008498,171.00000000
2018-03-01 03:06:37,0.00008498,63.00000000
2018-03-01 03:06:40,0.00008498,108.00000000
2018-03-01 03:06:40,0.00008496,117.00000000
2018-03-01 03:06:40,0.00008498,1014.00000000
2018-03-01 03:06:45,0.00008501,214.00000000
2018-03-01 03:06:48,0.00008500,203.00000000
2018-03-01 03:06:52,0.00008501,400.00000000
2018-03-01 03:06:55,0.00008500,126.00000000
2018-03-01 03:06:56,0.00008500,117.00000000
2018-03-01 03:07:03,0.00008501,547.00000000
2018-03-01 03:07:03,0.00008501,212.00000000
2018-03-01 03:07:07,0.00008501,600.00000000
2018-03-01 03:07:16,0.00008501,973.00000000
2018-03-01 03:07:21,0.00008500,30.00000000
2018-03-01 03:07:22,0.00008501,200.00000000
2018-03-01 03:07:25,0.00008500,99.00000000
2018-03-01 03:07:26,0.00008501,117.00000000
2018-03-01 03:07:29,0.00008501,117.00000000
2018-03-01 03:07:30,0.00008500,100.00000000
2018-03-01 03:07:31,0.00008500,94.00000000
2018-03-01 03:07:31,0.00008501,503.00000000
2018-03-01 03:07:35,0.00008501,97.00000000
2018-03-01 03:07:36,0.00008501,168.00000000
2018-03-01 03:07:36,0.00008499,67.00000000
2018-03-01 03:07:39,0.00008501,131.00000000
2018-03-01 03:07:44,0.00008509,6.00000000
2018-03-01 03:07:57,0.00008509,394.00000000
2018-03-01 03:07:57,0.00008513,86.00000000
2018-03-01 03:07:57,0.00008518,520.00000000
2018-03-01 03:07:58,0.00008518,2.00000000
2018-03-01 03:08:28,0.00008502,94.00000000
2018-03-01 03:08:33,0.00008517,42.00000000
2018-03-01 03:08:33,0.00008518,75.00000000
2018-03-01 03:08:40,0.00008518,158.00000000
2018-03-01 03:08:47,0.00008504,953.00000000
2018-03-01 03:08:48,0.00008517,36.00000000
2018-03-01 03:08:48,0.00008518,36.00000000
2018-03-01 03:08:48,0.00008520,103.00000000
2018-03-01 03:08:48,0.00008522,2318.00000000
2018-03-01 03:08:48,0.00008524,3903.00000000
2018-03-01 03:08:54,0.00008524,497.00000000
2018-03-01 03:08:54,0.00008528,208.00000000
2018-03-01 03:08:54,0.00008530,295.00000000
2018-03-01 03:08:55,0.00008530,43.00000000
2018-03-01 03:08:55,0.00008508,459.00000000
2018-03-01 03:08:57,0.00008524,45.00000000
2018-03-01 03:08:57,0.00008510,128.00000000
2018-03-01 03:08:57,0.00008509,115.00000000
2018-03-01 03:08:59,0.00008505,67.00000000
2018-03-01 03:09:01,0.00008509,47.00000000
2018-03-01 03:09:04,0.00008509,283.00000000
2018-03-01 03:09:06,0.00008518,115.00000000
2018-03-01 03:09:06,0.00008518,47.00000000
2018-03-01 03:09:07,0.00008518,217.00000000
2018-03-01 03:09:08,0.00008509,359.00000000
2018-03-01 03:09:09,0.00008510,47.00000000
2018-03-01 03:09:10,0.00008513,20.00000000
2018-03-01 03:09:10,0.00008513,87.00000000
2018-03-01 03:09:11,0.00008510,149.00000000
2018-03-01 03:09:13,0.00008510,47.00000000
2018-03-01 03:09:14,0.00008513,1040.00000000
2018-03-01 03:09:14,0.00008519,116.00000000
2018-03-01 03:09:14,0.00008524,781.00000000
2018-03-01 03:09:15,0.00008513,46.00000000
2018-03-01 03:09:16,0.00008513,79.00000000
2018-03-01 03:09:16,0.00008510,11.00000000
2018-03-01 03:09:18,0.00008510,106.00000000
2018-03-01 03:09:19,0.00008510,138.00000000
2018-03-01 03:09:19,0.00008509,291.00000000
2018-03-01 03:09:20,0.00008509,47.00000000
2018-03-01 03:09:22,0.00008510,47.00000000
2018-03-01 03:09:25,0.00008511,94.00000000
2018-03-01 03:09:25,0.00008512,46.00000000
2018-03-01 03:09:25,0.00008518,51.00000000
2018-03-01 03:09:25,0.00008524,10.00000000
2018-03-01 03:09:28,0.00008524,10.00000000
2018-03-01 03:09:35,0.00008518,40.00000000
2018-03-01 03:09:40,0.00008518,40.00000000
2018-03-01 03:09:40,0.00008524,160.00000000
2018-03-01 03:09:45,0.00008518,50.00000000
2018-03-01 03:09:56,0.00008518,1412.00000000
2018-03-01 03:09:56,0.00008518,30.00000000
2018-03-01 03:10:01,0.00008518,6.00000000
2018-03-01 03:10:02,0.00008518,24.00000000
2018-03-01 03:10:02,0.00008518,29.00000000
2018-03-01 03:10:07,0.00008519,448.00000000
2018-03-01 03:10:10,0.00008519,109.00000000
2018-03-01 03:10:10,0.00008523,22.00000000
2018-03-01 03:10:12,0.00008523,898.00000000
2018-03-01 03:10:14,0.00008523,28.00000000
2018-03-01 03:10:18,0.00008523,955.00000000
2018-03-01 03:10:29,0.00008520,440.00000000
2018-03-01 03:10:30,0.00008520,725.00000000
2018-03-01 03:10:30,0.00008519,477.00000000
2018-03-01 03:10:30,0.00008518,158.00000000
2018-03-01 03:10:35,0.00008523,51.00000000
2018-03-01 03:10:35,0.00008524,770.00000000
2018-03-01 03:10:35,0.00008527,226.00000000
2018-03-01 03:10:46,0.00008530,112.00000000
2018-03-01 03:10:47,0.00008530,117.00000000
2018-03-01 03:10:48,0.00008523,154.00000000
2018-03-01 03:10:49,0.00008523,727.00000000
2018-03-01 03:10:49,0.00008523,89.00000000
2018-03-01 03:10:49,0.00008523,40.00000000
2018-03-01 03:10:50,0.00008515,371.00000000
2018-03-01 03:10:52,0.00008515,694.00000000
2018-03-01 03:10:52,0.00008522,17.00000000
2018-03-01 03:10:53,0.00008515,271.00000000
2018-03-01 03:10:54,0.00008515,894.00000000
2018-03-01 03:10:55,0.00008515,558.00000000
2018-03-01 03:11:03,0.00008514,400.00000000
2018-03-01 03:11:03,0.00008515,371.00000000
2018-03-01 03:11:03,0.00008515,394.00000000
2018-03-01 03:11:03,0.00008507,224.00000000
2018-03-01 03:11:03,0.00008502,150.00000000
2018-03-01 03:11:03,0.00008501,388.00000000
2018-03-01 03:11:03,0.00008500,100.00000000
2018-03-01 03:11:03,0.00008499,427.00000000
2018-03-01 03:11:03,0.00008496,388.00000000
2018-03-01 03:11:03,0.00008495,100.00000000
2018-03-01 03:11:03,0.00008494,22.00000000
2018-03-01 03:11:05,0.00008518,15.00000000
2018-03-01 03:11:10,0.00008518,464.00000000
2018-03-01 03:11:19,0.00008517,587.00000000
2018-03-01 03:11:19,0.00008517,116.00000000
2018-03-01 03:11:19,0.00008517,409.00000000
2018-03-01 03:11:19,0.00008517,53.00000000
2018-03-01 03:11:20,0.00008499,72.00000000
2018-03-01 03:11:21,0.00008515,75.00000000
2018-03-01 03:11:22,0.00008517,100.00000000
2018-03-01 03:11:23,0.00008517,146.00000000
2018-03-01 03:11:24,0.00008517,280.00000000
2018-03-01 03:11:24,0.00008518,35.00000000
2018-03-01 03:11:25,0.00008517,116.00000000
2018-03-01 03:11:25,0.00008517,82.00000000
2018-03-01 03:11:25,0.00008517,117.00000000
2018-03-01 03:11:25,0.00008517,850.00000000
2018-03-01 03:11:31,0.00008517,118.00000000
2018-03-01 03:11:31,0.00008517,117.00000000
2018-03-01 03:11:31,0.00008517,16.00000000
2018-03-01 03:11:31,0.00008517,152.00000000
2018-03-01 03:11:32,0.00008517,762.00000000
2018-03-01 03:11:34,0.00008514,32.00000000
2018-03-01 03:11:34,0.00008517,156.00000000
2018-03-01 03:11:34,0.00008518,985.00000000
2018-03-01 03:11:50,0.00008502,705.00000000
2018-03-01 03:11:55,0.00008518,192.00000000
2018-03-01 03:12:00,0.00008518,23.00000000
2018-03-01 03:12:13,0.00008518,50.00000000
2018-03-01 03:12:20,0.00008518,52.00000000
2018-03-01 03:12:22,0.00008518,38.00000000
2018-03-01 03:12:33,0.00008506,47.00000000
2018-03-01 03:12:37,0.00008506,234.00000000
2018-03-01 03:12:37,0.00008507,460.00000000
2018-03-01 03:12:37,0.00008506,4094.00000000
2018-03-01 03:12:40,0.00008506,143.00000000
2018-03-01 03:12:46,0.00008506,200.00000000
2018-03-01 03:12:57,0.00008508,587.00000000
2018-03-01 03:13:04,0.00008508,374.00000000
2018-03-01 03:13:10,0.00008508,431.00000000
2018-03-01 03:13:10,0.00008506,42.00000000
2018-03-01 03:13:20,0.00008506,417.00000000
2018-03-01 03:13:22,0.00008506,303.00000000
2018-03-01 03:13:22,0.00008506,500.00000000
2018-03-01 03:13:23,0.00008508,54.00000000
2018-03-01 03:13:24,0.00008506,5000.00000000
2018-03-01 03:13:25,0.00008517,30.00000000
2018-03-01 03:13:27,0.00008506,60.00000000
2018-03-01 03:13:27,0.00008506,5000.00000000
2018-03-01 03:13:28,0.00008508,378.00000000
2018-03-01 03:13:28,0.00008506,3031.00000000
2018-03-01 03:13:30,0.00008506,5000.00000000
2018-03-01 03:13:33,0.00008507,40.00000000
2018-03-01 03:13:34,0.00008508,5759.00000000
2018-03-01 03:13:35,0.00008517,465.00000000
2018-03-01 03:13:39,0.00008508,4914.00000000
2018-03-01 03:13:39,0.00008507,86.00000000
2018-03-01 03:13:40,0.00008508,191.00000000
2018-03-01 03:13:40,0.00008507,2468.00000000
2018-03-01 03:13:40,0.00008507,8817.00000000
2018-03-01 03:13:40,0.00008506,1324.00000000
2018-03-01 03:13:43,0.00008506,5000.00000000
2018-03-01 03:13:43,0.00008506,1149.00000000
2018-03-01 03:13:43,0.00008506,1298.00000000
2018-03-01 03:13:43,0.00008506,90.00000000
2018-03-01 03:13:45,0.00008506,24.00000000
2018-03-01 03:13:47,0.00008506,2702.00000000
2018-03-01 03:13:47,0.00008502,302.00000000
2018-03-01 03:13:47,0.00008500,588.00000000
2018-03-01 03:13:47,0.00008493,4544.00000000
2018-03-01 03:13:47,0.00008492,667.00000000
2018-03-01 03:13:55,0.00008507,17.00000000
2018-03-01 03:13:55,0.00008508,383.00000000
2018-03-01 03:14:02,0.00008508,212.00000000
2018-03-01 03:14:07,0.00008507,87.00000000
2018-03-01 03:14:07,0.00008508,1719.00000000
2018-03-01 03:14:08,0.00008508,44.00000000
2018-03-01 03:14:10,0.00008508,410.00000000
2018-03-01 03:14:10,0.00008492,2777.00000000
2018-03-01 03:14:10,0.00008490,2689.00000000
2018-03-01 03:14:10,0.00008517,30.00000000
2018-03-01 03:14:10,0.00008518,115.00000000
2018-03-01 03:14:10,0.00008526,405.00000000
2018-03-01 03:14:23,0.00008508,23.00000000
2018-03-01 03:14:24,0.00008507,16.00000000
2018-03-01 03:14:27,0.00008508,26.00000000
2018-03-01 03:14:28,0.00008491,117.00000000
2018-03-01 03:14:31,0.00008506,160.00000000
2018-03-01 03:14:41,0.00008491,319.00000000
2018-03-01 03:14:44,0.00008506,187.00000000
2018-03-01 03:14:46,0.00008507,436.00000000
2018-03-01 03:14:46,0.00008508,98.00000000
2018-03-01 03:14:55,0.00008492,347.00000000
2018-03-01 03:14:55,0.00008491,265.00000000
2018-03-01 03:15:00,0.00008508,416.00000000
2018-03-01 03:15:00,0.00008522,108.00000000
2018-03-01 03:15:00,0.00008526,260.00000000
2018-03-01 03:15:00,0.00008526,419.00000000
2018-03-01 03:15:01,0.00008524,104.00000000
2018-03-01 03:15:01,0.00008526,96.00000000
2018-03-01 03:15:02,0.00008507,81.00000000
2018-03-01 03:15:02,0.00008507,265.00000000
2018-03-01 03:15:05,0.00008507,60.00000000
2018-03-01 03:15:09,0.00008507,9.00000000
2018-03-01 03:15:11,0.00008523,1020.00000000
2018-03-01 03:15:11,0.00008524,406.00000000
2018-03-01 03:15:11,0.00008525,152.00000000
2018-03-01 03:15:11,0.00008526,672.00000000
2018-03-01 03:15:11,0.00008510,284.00000000
2018-03-01 03:15:11,0.00008510,31.00000000
2018-03-01 03:15:18,0.00008510,31.00000000
2018-03-01 03:15:19,0.00008515,424.00000000
2018-03-01 03:15:19,0.00008510,366.00000000
2018-03-01 03:15:21,0.00008510,26.00000000
2018-03-01 03:15:21,0.00008510,150.00000000
2018-03-01 03:15:28,0.00008510,1.00000000
2018-03-01 03:15:29,0.00008510,129.00000000
2018-03-01 03:15:40,0.00008507,78.00000000
2018-03-01 03:15:40,0.00008506,51.00000000
2018-03-01 03:15:51,0.00008506,36.00000000
2018-03-01 03:15:52,0.00008506,317.00000000
2018-03-01 03:15:54,0.00008506,59.00000000
2018-03-01 03:16:02,0.00008506,212.00000000
2018-03-01 03:16:03,0.00008506,104.00000000
2018-03-01 03:16:03,0.00008521,104.00000000
2018-03-01 03:16:04,0.00008521,142.00000000
2018-03-01 03:16:04,0.00008522,178.00000000
2018-03-01 03:16:04,0.00008522,19.00000000
2018-03-01 03:16:06,0.00008506,208.00000000
2018-03-01 03:16:09,0.00008522,979.00000000
2018-03-01 03:16:09,0.00008523,232.00000000
2018-03-01 03:16:15,0.00008506,85.00000000
2018-03-01 03:16:24,0.00008522,79.00000000
2018-03-01 03:16:25,0.00008522,2120.00000000
2018-03-01 03:16:25,0.00008523,1761.00000000
2018-03-01 03:16:25,0.00008525,177.00000000
2018-03-01 03:16:25,0.00008526,399.00000000
2018-03-01 03:16:27,0.00008511,180.00000000
2018-03-01 03:16:27,0.00008511,712.00000000
2018-03-01 03:16:28,0.00008510,99.00000000
2018-03-01 03:16:38,0.00008511,131.00000000
2018-03-01 03:16:46,0.00008510,81.00000000
2018-03-01 03:16:46,0.00008506,735.00000000
2018-03-01 03:16:52,0.00008506,53.00000000
2018-03-01 03:16:57,0.00008506,52.00000000
2018-03-01 03:17:03,0.00008505,212.00000000
2018-03-01 03:17:08,0.00008505,27.00000000
2018-03-01 03:17:11,0.00008506,122.00000000
2018-03-01 03:17:16,0.00008506,20.00000000
2018-03-01 03:17:20,0.00008505,970.00000000
2018-03-01 03:17:23,0.00008497,24.00000000
2018-03-01 03:17:24,0.00008505,256.00000000
2018-03-01 03:17:25,0.00008505,299.00000000
2018-03-01 03:17:26,0.00008505,241.00000000
2018-03-01 03:17:27,0.00008505,185.00000000
2018-03-01 03:17:40,0.00008505,9.00000000
2018-03-01 03:17:47,0.00008505,171.00000000
2018-03-01 03:17:47,0.00008505,116.00000000
2018-03-01 03:17:50,0.00008505,55.00000000
2018-03-01 03:17:53,0.00008495,312.00000000
2018-03-01 03:17:55,0.00008495,200.00000000
2018-03-01 03:17:55,0.00008495,37.00000000
2018-03-01 03:17:55,0.00008495,37.00000000
2018-03-01 03:17:55,0.00008495,37.00000000
2018-03-01 03:17:57,0.00008495,418.00000000
2018-03-01 03:17:57,0.00008504,406.00000000
2018-03-01 03:17:57,0.00008492,85.00000000
2018-03-01 03:17:57,0.00008491,767.00000000
2018-03-01 03:17:57,0.00008490,1166.00000000
2018-03-01 03:17:59,0.00008504,388.00000000
2018-03-01 03:17:59,0.00008504,229.00000000
2018-03-01 03:18:00,0.00008505,32.00000000
2018-03-01 03:18:01,0.00008505,1069.00000000
2018-03-01 03:18:01,0.00008505,169.00000000
2018-03-01 03:18:01,0.00008505,1283.00000000
2018-03-01 03:18:02,0.00008505,212.00000000
2018-03-01 03:18:04,0.00008491,85.00000000
2018-03-01 03:18:04,0.00008490,94.00000000
2018-03-01 03:18:04,0.00008487,1023.00000000
2018-03-01 03:18:04,0.00008486,694.00000000
2018-03-01 03:18:04,0.00008485,586.00000000
2018-03-01 03:18:04,0.00008484,805.00000000
2018-03-01 03:18:04,0.00008482,1165.00000000
2018-03-01 03:18:05,0.00008504,14.00000000
2018-03-01 03:18:10,0.00008503,200.00000000
2018-03-01 03:18:17,0.00008495,16.00000000
2018-03-01 03:18:24,0.00008502,823.00000000
2018-03-01 03:18:25,0.00008502,100.00000000
2018-03-01 03:18:33,0.00008502,1561.00000000
2018-03-01 03:18:33,0.00008503,72.00000000
2018-03-01 03:18:33,0.00008504,190.00000000
2018-03-01 03:18:33,0.00008510,314.00000000
2018-03-01 03:18:33,0.00008524,240.00000000
2018-03-01 03:18:33,0.00008525,210.00000000
2018-03-01 03:18:40,0.00008522,189.00000000
2018-03-01 03:18:42,0.00008523,42.00000000
2018-03-01 03:18:46,0.00008522,1176.00000000
2018-03-01 03:18:46,0.00008522,532.00000000
2018-03-01 03:18:48,0.00008524,109.00000000
2018-03-01 03:18:55,0.00008523,743.00000000
2018-03-01 03:18:57,0.00008524,278.00000000
2018-03-01 03:19:03,0.00008524,1000.00000000
2018-03-01 03:19:12,0.00008515,31.00000000
2018-03-01 03:19:17,0.00008515,271.00000000
2018-03-01 03:19:23,0.00008513,189.00000000
2018-03-01 03:19:29,0.00008506,5.00000000
2018-03-01 03:19:37,0.00008513,43.00000000
2018-03-01 03:19:41,0.00008513,5.00000000
2018-03-01 03:19:45,0.00008513,5.00000000
2018-03-01 03:19:48,0.00008513,1036.00000000
2018-03-01 03:19:52,0.00008515,116.00000000
2018-03-01 03:19:58,0.00008513,13.00000000
2018-03-01 03:20:10,0.00008506,52.00000000
2018-03-01 03:20:21,0.00008506,107.00000000
2018-03-01 03:20:27,0.00008513,8.00000000
2018-03-01 03:20:28,0.00008506,423.00000000
2018-03-01 03:20:28,0.00008505,201.00000000
2018-03-01 03:20:28,0.00008495,6.00000000
2018-03-01 03:20:28,0.00008491,22.00000000
2018-03-01 03:20:30,0.00008511,105.00000000
2018-03-01 03:20:32,0.00008513,104.00000000
2018-03-01 03:20:32,0.00008513,14.00000000
2018-03-01 03:20:39,0.00008506,154.00000000
2018-03-01 03:20:39,0.00008490,247.00000000
2018-03-01 03:20:52,0.00008510,23.00000000
2018-03-01 03:21:01,0.00008493,130.00000000
2018-03-01 03:21:02,0.00008510,212.00000000
2018-03-01 03:21:20,0.00008505,59.00000000
2018-03-01 03:21:24,0.00008505,14.00000000
2018-03-01 03:21:25,0.00008509,276.00000000
2018-03-01 03:21:29,0.00008509,509.00000000
2018-03-01 03:21:30,0.00008509,175.00000000
2018-03-01 03:21:39,0.00008496,65.00000000
2018-03-01 03:21:52,0.00008510,311.00000000
2018-03-01 03:21:53,0.00008505,28.00000000
2018-03-01 03:21:53,0.00008500,318.00000000
2018-03-01 03:21:57,0.00008509,7.00000000
2018-03-01 03:22:02,0.00008509,136.00000000
2018-03-01 03:22:03,0.00008510,1521.00000000
2018-03-01 03:22:03,0.00008511,4902.00000000
2018-03-01 03:22:03,0.00008513,62.00000000
2018-03-01 03:22:03,0.00008515,261.00000000
2018-03-01 03:22:03,0.00008522,54.00000000
2018-03-01 03:22:04,0.00008509,76.00000000
2018-03-01 03:22:04,0.00008504,233.00000000
2018-03-01 03:22:39,0.00008509,90.00000000
2018-03-01 03:22:41,0.00008504,398.00000000
2018-03-01 03:22:51,0.00008519,388.00000000
2018-03-01 03:22:56,0.00008509,588.00000000
2018-03-01 03:22:56,0.00008504,412.00000000
2018-03-01 03:23:02,0.00008509,14.00000000
2018-03-01 03:23:07,0.00008509,198.00000000
2018-03-01 03:23:07,0.00008504,140.00000000
2018-03-01 03:23:08,0.00008504,89.00000000
2018-03-01 03:23:08,0.00008504,39.00000000
2018-03-01 03:23:09,0.00008519,12.00000000
2018-03-01 03:23:17,0.00008506,115.00000000
2018-03-01 03:23:17,0.00008504,8.00000000
2018-03-01 03:23:28,0.00008504,1234.00000000
2018-03-01 03:23:30,0.00008518,17.00000000
2018-03-01 03:23:32,0.00008504,23.00000000
2018-03-01 03:23:38,0.00008517,216.00000000
2018-03-01 03:23:39,0.00008517,241.00000000
2018-03-01 03:23:42,0.00008517,566.00000000
2018-03-01 03:23:42,0.00008518,11.00000000
2018-03-01 03:23:44,0.00008501,355.00000000
2018-03-01 03:23:44,0.00008500,145.00000000
2018-03-01 03:23:51,0.00008516,23.00000000
2018-03-01 03:23:53,0.00008504,115.00000000
2018-03-01 03:23:56,0.00008516,63.00000000
2018-03-01 03:23:58,0.00008504,11.00000000
2018-03-01 03:23:58,0.00008500,117.00000000
2018-03-01 03:24:08,0.00008501,357.00000000
2018-03-01 03:24:38,0.00008501,45.00000000
2018-03-01 03:24:58,0.00008516,36.00000000
2018-03-01 03:24:59,0.00008502,235.00000000
2018-03-01 03:24:59,0.00008502,584.00000000
2018-03-01 03:25:03,0.00008501,100.00000000
2018-03-01 03:25:12,0.00008501,235.00000000
2018-03-01 03:25:13,0.00008501,1490.00000000
2018-03-01 03:25:13,0.00008501,147.00000000
2018-03-01 03:25:14,0.00008501,1176.00000000
2018-03-01 03:25:14,0.00008501,90.00000000
2018-03-01 03:25:14,0.00008501,50.00000000
2018-03-01 03:25:15,0.00008501,207.00000000
2018-03-01 03:25:18,0.00008500,2924.00000000
2018-03-01 03:25:18,0.00008499,500.00000000
2018-03-01 03:25:20,0.00008496,127.00000000
2018-03-01 03:25:20,0.00008498,588.00000000
2018-03-01 03:25:23,0.00008498,988.00000000
2018-03-01 03:25:24,0.00008498,188.00000000
2018-03-01 03:25:24,0.00008496,1821.00000000
2018-03-01 03:25:25,0.00008496,589.00000000
2018-03-01 03:25:29,0.00008496,31.00000000
2018-03-01 03:25:29,0.00008496,220.00000000
2018-03-01 03:25:31,0.00008495,3839.00000000
2018-03-01 03:25:31,0.00008496,220.00000000
2018-03-01 03:25:32,0.00008496,62.00000000
2018-03-01 03:25:33,0.00008496,536.00000000
2018-03-01 03:25:36,0.00008496,64.00000000
2018-03-01 03:25:38,0.00008496,699.00000000
2018-03-01 03:25:46,0.00008496,333.00000000
2018-03-01 03:25:46,0.00008517,67.00000000
2018-03-01 03:25:49,0.00008496,235.00000000
2018-03-01 03:25:58,0.00008496,28.00000000
2018-03-01 03:26:01,0.00008511,28.00000000
2018-03-01 03:26:01,0.00008512,172.00000000
2018-03-01 03:26:04,0.00008517,22.00000000
2018-03-01 03:26:06,0.00008496,235.00000000
2018-03-01 03:26:19,0.00008509,234.00000000
2018-03-01 03:26:19,0.00008510,26.00000000
2018-03-01 03:26:19,0.00008511,207.00000000
2018-03-01 03:26:27,0.00008496,12.00000000
2018-03-01 03:26:27,0.00008495,138.00000000
2018-03-01 03:26:30,0.00008496,235.00000000
2018-03-01 03:26:34,0.00008497,207.00000000
2018-03-01 03:26:34,0.00008496,191.00000000
2018-03-01 03:26:35,0.00008496,101.00000000
2018-03-01 03:26:36,0.00008496,97.00000000
2018-03-01 03:26:43,0.00008496,101.00000000
2018-03-01 03:26:44,0.00008496,200.00000000
2018-03-01 03:26:51,0.00008496,101.00000000
2018-03-01 03:26:54,0.00008496,40.00000000
2018-03-01 03:26:55,0.00008496,198.00000000
2018-03-01 03:26:58,0.00008496,350.00000000
2018-03-01 03:26:59,0.00008496,55.00000000
2018-03-01 03:26:59,0.00008496,101.00000000
2018-03-01 03:27:08,0.00008496,101.00000000
2018-03-01 03:27:14,0.00008496,59.00000000
2018-03-01 03:27:14,0.00008502,316.00000000
2018-03-01 03:27:16,0.00008496,119.00000000
2018-03-01 03:27:16,0.00008495,129.00000000
2018-03-01 03:27:18,0.00008495,75.00000000
2018-03-01 03:27:20,0.00008495,8.00000000
2018-03-01 03:27:24,0.00008496,425.00000000
2018-03-01 03:27:25,0.00008496,733.00000000
2018-03-01 03:27:25,0.00008495,332.00000000
2018-03-01 03:27:29,0.00008511,13.00000000
2018-03-01 03:27:29,0.00008513,387.00000000
2018-03-01 03:27:31,0.00008514,8.00000000
2018-03-01 03:27:34,0.00008498,235.00000000
2018-03-01 03:27:34,0.00008498,165.00000000
2018-03-01 03:27:34,0.00008497,319.00000000
2018-03-01 03:27:34,0.00008496,91.00000000
2018-03-01 03:27:34,0.00008495,1269.00000000
2018-03-01 03:27:40,0.00008495,117.00000000
2018-03-01 03:27:47,0.00008508,139.00000000
2018-03-01 03:28:02,0.00008508,69.00000000
2018-03-01 03:28:02,0.00008508,212.00000000
2018-03-01 03:28:07,0.00008500,49.00000000
2018-03-01 03:28:26,0.00008508,202.00000000
2018-03-01 03:28:32,0.00008500,712.00000000
2018-03-01 03:28:36,0.00008500,201.00000000
2018-03-01 03:28:41,0.00008508,200.00000000
2018-03-01 03:28:44,0.00008508,252.00000000
2018-03-01 03:28:49,0.00008500,27.00000000
2018-03-01 03:28:49,0.00008496,197.00000000
2018-03-01 03:28:49,0.00008496,201.00000000
2018-03-01 03:28:52,0.00008508,400.00000000
2018-03-01 03:28:52,0.00008509,31.00000000
2018-03-01 03:28:52,0.00008496,27.00000000
2018-03-01 03:28:55,0.00008496,19.00000000
2018-03-01 03:29:01,0.00008510,24.00000000
2018-03-01 03:29:02,0.00008510,212.00000000
2018-03-01 03:29:03,0.00008496,568.00000000
2018-03-01 03:29:03,0.00008495,332.00000000
2018-03-01 03:29:03,0.00008495,117.00000000
2018-03-01 03:29:12,0.00008496,636.00000000
2018-03-01 03:29:16,0.00008495,1078.00000000
2018-03-01 03:29:17,0.00008495,401.00000000
2018-03-01 03:29:38,0.00008510,9.00000000
2018-03-01 03:29:47,0.00008510,35.00000000
2018-03-01 03:30:02,0.00008510,212.00000000
2018-03-01 03:30:02,0.00008510,40.00000000
2018-03-01 03:30:16,0.00008510,33.00000000
2018-03-01 03:30:26,0.00008508,45.00000000
2018-03-01 03:30:40,0.00008508,443.00000000
2018-03-01 03:30:42,0.00008508,117.00000000
2018-03-01 03:30:44,0.00008508,485.00000000
2018-03-01 03:30:48,0.00008508,470.00000000
2018-03-01 03:30:49,0.00008508,36.00000000
2018-03-01 03:30:55,0.00008508,117.00000000
2018-03-01 03:31:00,0.00008510,7.00000000
2018-03-01 03:31:01,0.00008510,2.00000000
2018-03-01 03:31:02,0.00008510,212.00000000
2018-03-01 03:31:06,0.00008508,277.00000000
2018-03-01 03:31:14,0.00008508,290.00000000
2018-03-01 03:31:31,0.00008510,50.00000000
2018-03-01 03:31:32,0.00008510,23.00000000
2018-03-01 03:31:38,0.00008508,193.00000000
2018-03-01 03:31:38,0.00008510,446.00000000
2018-03-01 03:31:38,0.00008510,12.00000000
2018-03-01 03:31:41,0.00008508,182.00000000
2018-03-01 03:31:56,0.00008509,750.00000000
2018-03-01 03:32:00,0.00008509,12.00000000
2018-03-01 03:32:01,0.00008509,180.00000000
2018-03-01 03:32:02,0.00008509,212.00000000
2018-03-01 03:32:20,0.00008508,117.00000000
2018-03-01 03:32:21,0.00008509,95.00000000
2018-03-01 03:32:25,0.00008508,93.00000000
2018-03-01 03:32:25,0.00008509,123.00000000
2018-03-01 03:32:26,0.00008508,117.00000000
2018-03-01 03:32:26,0.00008508,2994.00000000
2018-03-01 03:32:27,0.00008509,103.00000000
2018-03-01 03:32:36,0.00008508,96.00000000
2018-03-01 03:32:45,0.00008508,345.00000000
2018-03-01 03:32:47,0.00008508,359.00000000
2018-03-01 03:32:48,0.00008508,51.00000000
2018-03-01 03:33:01,0.00008508,235.00000000
2018-03-01 03:33:01,0.00008508,148.00000000
2018-03-01 03:33:02,0.00008508,179.00000000
2018-03-01 03:33:02,0.00008509,212.00000000
2018-03-01 03:33:04,0.00008508,46.00000000
2018-03-01 03:33:04,0.00008500,140.00000000
2018-03-01 03:33:06,0.00008500,250.00000000
2018-03-01 03:33:20,0.00008500,117.00000000
2018-03-01 03:33:23,0.00008500,29.00000000
2018-03-01 03:33:34,0.00008501,39.00000000
2018-03-01 03:33:38,0.00008501,961.00000000
2018-03-01 03:33:38,0.00008500,48.00000000
2018-03-01 03:33:51,0.00008502,100.00000000
2018-03-01 03:33:52,0.00008502,121.00000000
2018-03-01 03:33:52,0.00008503,116.00000000
2018-03-01 03:33:52,0.00008503,104.00000000
2018-03-01 03:33:53,0.00008505,100.00000000
2018-03-01 03:34:02,0.00008505,212.00000000
2018-03-01 03:34:09,0.00008505,1350.00000000
2018-03-01 03:34:09,0.00008508,1382.00000000
2018-03-01 03:34:14,0.00008505,1020.00000000
2018-03-01 03:34:17,0.00008503,1.00000000
2018-03-01 03:34:17,0.00008501,99.00000000
2018-03-01 03:34:24,0.00008505,2.00000000
2018-03-01 03:34:26,0.00008505,35.00000000
2018-03-01 03:34:28,0.00008502,100.00000000
2018-03-01 03:34:30,0.00008505,190.00000000
2018-03-01 03:34:30,0.00008508,410.00000000
2018-03-01 03:34:33,0.00008508,100.00000000
2018-03-01 03:34:33,0.00008509,2252.00000000
2018-03-01 03:34:36,0.00008505,23.00000000
2018-03-01 03:34:45,0.00008502,121.00000000
2018-03-01 03:34:45,0.00008501,180.00000000
2018-03-01 03:34:45,0.00008500,3068.00000000
2018-03-01 03:34:47,0.00008500,57.00000000
2018-03-01 03:34:58,0.00008503,441.00000000
2018-03-01 03:34:58,0.00008500,21.00000000
2018-03-01 03:34:59,0.00008505,72.00000000
2018-03-01 03:35:00,0.00008505,89.00000000
2018-03-01 03:35:02,0.00008505,212.00000000
2018-03-01 03:35:14,0.00008505,161.00000000
2018-03-01 03:35:14,0.00008508,151.00000000
2018-03-01 03:35:14,0.00008504,441.00000000
2018-03-01 03:35:22,0.00008500,42.00000000
2018-03-01 03:35:27,0.00008500,600.00000000
2018-03-01 03:35:29,0.00008504,197.00000000
2018-03-01 03:35:33,0.00008504,401.00000000
2018-03-01 03:35:36,0.00008500,204.00000000
2018-03-01 03:35:45,0.00008504,500.00000000
2018-03-01 03:35:47,0.00008500,93.00000000
2018-03-01 03:35:47,0.00008504,9.00000000
2018-03-01 03:36:00,0.00008501,882.00000000
2018-03-01 03:36:00,0.00008500,918.00000000
2018-03-01 03:36:02,0.00008504,212.00000000
2018-03-01 03:36:19,0.00008501,882.00000000
2018-03-01 03:36:19,0.00008500,6513.00000000
2018-03-01 03:36:19,0.00008498,1399.00000000
2018-03-01 03:36:19,0.00008497,46.00000000
2018-03-01 03:36:25,0.00008504,13.00000000
2018-03-01 03:36:28,0.00008504,1123.00000000
2018-03-01 03:36:30,0.00008504,14.00000000
2018-03-01 03:36:35,0.00008503,343.00000000
2018-03-01 03:36:39,0.00008504,21.00000000
2018-03-01 03:36:42,0.00008504,24.00000000
2018-03-01 03:36:49,0.00008510,626.00000000
2018-03-01 03:36:49,0.00008517,985.00000000
2018-03-01 03:36:49,0.00008518,44.00000000
2018-03-01 03:36:49,0.00008520,1532.00000000
2018-03-01 03:36:49,0.00008521,157.00000000
2018-03-01 03:36:49,0.00008523,1521.00000000
2018-03-01 03:36:49,0.00008525,879.00000000
2018-03-01 03:36:49,0.00008529,1022.00000000
2018-03-01 03:36:49,0.00008530,1610.00000000
2018-03-01 03:36:55,0.00008505,12.00000000
2018-03-01 03:36:57,0.00008505,300.00000000
2018-03-01 03:37:00,0.00008508,39.00000000
2018-03-01 03:37:18,0.00008510,728.00000000
2018-03-01 03:37:18,0.00008508,102.00000000
2018-03-01 03:37:33,0.00008511,108.00000000
2018-03-01 03:37:33,0.00008508,701.00000000
2018-03-01 03:37:33,0.00008519,348.00000000
2018-03-01 03:37:41,0.00008508,528.00000000
2018-03-01 03:37:55,0.00008518,814.00000000
2018-03-01 03:37:57,0.00008518,270.00000000
2018-03-01 03:38:18,0.00008518,142.00000000
2018-03-01 03:38:28,0.00008518,5.00000000
2018-03-01 03:38:31,0.00008518,117.00000000
2018-03-01 03:38:38,0.00008517,238.00000000
2018-03-01 03:38:38,0.00008517,7.00000000
2018-03-01 03:38:42,0.00008508,344.00000000
2018-03-01 03:38:46,0.00008517,25.00000000
2018-03-01 03:38:47,0.00008517,89.00000000
2018-03-01 03:38:47,0.00008517,586.00000000
2018-03-01 03:38:51,0.00008508,200.00000000
2018-03-01 03:38:56,0.00008517,1002.00000000
2018-03-01 03:38:57,0.00008508,30.00000000
2018-03-01 03:39:01,0.00008516,259.00000000
2018-03-01 03:39:03,0.00008508,577.00000000
2018-03-01 03:39:03,0.00008516,247.00000000
2018-03-01 03:39:06,0.00008516,670.00000000
2018-03-01 03:39:06,0.00008517,1740.00000000
2018-03-01 03:39:11,0.00008515,349.00000000
2018-03-01 03:39:12,0.00008515,1175.00000000
2018-03-01 03:39:12,0.00008515,95.00000000
2018-03-01 03:39:13,0.00008515,140.00000000
2018-03-01 03:39:14,0.00008515,275.00000000
2018-03-01 03:39:20,0.00008508,842.00000000
2018-03-01 03:39:20,0.00008504,58.00000000
2018-03-01 03:39:20,0.00008515,1498.00000000
2018-03-01 03:39:20,0.00008517,632.00000000
2018-03-01 03:39:24,0.00008518,2629.00000000
2018-03-01 03:39:26,0.00008518,1176.00000000
2018-03-01 03:39:27,0.00008519,327.00000000
2018-03-01 03:39:29,0.00008519,1689.00000000
2018-03-01 03:39:29,0.00008518,3168.00000000
2018-03-01 03:39:29,0.00008517,2.00000000
2018-03-01 03:39:32,0.00008517,1176.00000000
2018-03-01 03:39:38,0.00008517,1176.00000000
2018-03-01 03:39:38,0.00008517,90.00000000
2018-03-01 03:39:39,0.00008517,62.00000000
2018-03-01 03:39:40,0.00008517,87.00000000
2018-03-01 03:39:43,0.00008514,3.00000000
2018-03-01 03:39:43,0.00008515,96.00000000
2018-03-01 03:39:50,0.00008517,774.00000000
2018-03-01 03:39:52,0.00008519,59.00000000
2018-03-01 03:39:56,0.00008509,76.00000000
2018-03-01 03:39:57,0.00008509,90.00000000
2018-03-01 03:40:00,0.00008519,142.00000000
2018-03-01 03:40:06,0.00008515,100.00000000
2018-03-01 03:40:13,0.00008514,19.00000000
2018-03-01 03:40:15,0.00008514,81.00000000
2018-03-01 03:40:38,0.00008510,13.00000000
2018-03-01 03:40:42,0.00008519,67.00000000
2018-03-01 03:40:47,0.00008519,75.00000000
2018-03-01 03:40:57,0.00008519,300.00000000
2018-03-01 03:41:01,0.00008511,177.00000000
2018-03-01 03:41:27,0.00008519,50.00000000
2018-03-01 03:41:28,0.00008519,1174.00000000
2018-03-01 03:41:28,0.00008519,164.00000000
2018-03-01 03:41:38,0.00008510,100.00000000
2018-03-01 03:42:02,0.00008512,20.00000000
2018-03-01 03:42:04,0.00008520,3.00000000
2018-03-01 03:42:21,0.00008520,150.00000000
2018-03-01 03:42:45,0.00008511,12.00000000
2018-03-01 03:42:45,0.00008510,273.00000000
2018-03-01 03:42:46,0.00008510,891.00000000
2018-03-01 03:42:56,0.00008510,141.00000000
2018-03-01 03:42:56,0.00008509,24.00000000
2018-03-01 03:42:56,0.00008508,169.00000000
2018-03-01 03:42:59,0.00008518,352.00000000
2018-03-01 03:43:01,0.00008508,113.00000000
2018-03-01 03:43:09,0.00008518,397.00000000
2018-03-01 03:43:10,0.00008518,482.00000000
2018-03-01 03:43:14,0.00008508,58.00000000
2018-03-01 03:43:14,0.00008507,141.00000000
2018-03-01 03:43:15,0.00008507,146.00000000
2018-03-01 03:43:17,0.00008518,30.00000000
2018-03-01 03:43:29,0.00008517,1173.00000000
2018-03-01 03:43:35,0.00008515,1800.00000000
2018-03-01 03:43:39,0.00008515,216.00000000
2018-03-01 03:43:42,0.00008515,2017.00000000
2018-03-01 03:43:43,0.00008516,1.00000000
2018-03-01 03:43:45,0.00008515,345.00000000
2018-03-01 03:43:46,0.00008515,703.00000000
2018-03-01 03:44:02,0.00008515,211.00000000
2018-03-01 03:44:04,0.00008515,1000.00000000
2018-03-01 03:44:05,0.00008515,805.00000000
2018-03-01 03:44:05,0.00008515,222.00000000
2018-03-01 03:44:05,0.00008514,1.00000000
2018-03-01 03:44:08,0.00008514,100.00000000
2018-03-01 03:44:09,0.00008514,113.00000000
2018-03-01 03:44:11,0.00008514,58.00000000
2018-03-01 03:44:11,0.00008514,650.00000000
2018-03-01 03:44:16,0.00008514,1.00000000
2018-03-01 03:44:26,0.00008518,200.00000000
2018-03-01 03:44:41,0.00008518,400.00000000
2018-03-01 03:44:42,0.00008514,167.00000000
2018-03-01 03:44:42,0.00008510,85.00000000
2018-03-01 03:44:43,0.00008510,65.00000000
2018-03-01 03:44:43,0.00008508,522.00000000
2018-03-01 03:44:53,0.00008517,575.00000000
2018-03-01 03:44:56,0.00008517,221.00000000
2018-03-01 03:44:58,0.00008517,215.00000000
2018-03-01 03:44:58,0.00008518,372.00000000
2018-03-01 03:44:59,0.00008518,587.00000000
2018-03-01 03:45:01,0.00008516,587.00000000
2018-03-01 03:45:02,0.00008516,424.00000000
2018-03-01 03:45:02,0.00008518,163.00000000
2018-03-01 03:45:03,0.00008510,146.00000000
2018-03-01 03:45:11,0.00008519,258.00000000
2018-03-01 03:45:11,0.00008520,29.00000000
2018-03-01 03:45:12,0.00008510,76.00000000
2018-03-01 03:45:18,0.00008520,23.00000000
2018-03-01 03:45:21,0.00008510,1764.00000000
2018-03-01 03:45:22,0.00008509,117.00000000
2018-03-01 03:45:22,0.00008510,180.00000000
2018-03-01 03:45:22,0.00008510,55.00000000
2018-03-01 03:45:26,0.00008519,117.00000000
2018-03-01 03:45:26,0.00008520,95.00000000
2018-03-01 03:45:28,0.00008520,20.00000000
2018-03-01 03:45:40,0.00008519,96.00000000
2018-03-01 03:45:44,0.00008519,273.00000000
2018-03-01 03:45:59,0.00008519,187.00000000
2018-03-01 03:46:01,0.00008519,90.00000000
2018-03-01 03:46:05,0.00008519,73.00000000
2018-03-01 03:46:10,0.00008509,470.00000000
2018-03-01 03:46:18,0.00008519,22.00000000
2018-03-01 03:46:34,0.00008509,330.00000000
2018-03-01 03:46:34,0.00008508,109.00000000
2018-03-01 03:46:35,0.00008516,97.00000000
2018-03-01 03:46:38,0.00008509,117.00000000
2018-03-01 03:46:41,0.00008513,34.00000000
2018-03-01 03:46:45,0.00008512,117.00000000
2018-03-01 03:46:45,0.00008513,147.00000000
2018-03-01 03:46:47,0.00008516,542.00000000
2018-03-01 03:47:06,0.00008516,332.00000000
2018-03-01 03:47:15,0.00008515,59.00000000
2018-03-01 03:47:18,0.00008515,1117.00000000
2018-03-01 03:47:19,0.00008515,59.00000000
2018-03-01 03:47:27,0.00008516,200.00000000
2018-03-01 03:47:31,0.00008516,117.00000000
2018-03-01 03:48:00,0.00008515,1167.00000000
2018-03-01 03:48:21,0.00008516,529.00000000
2018-03-01 03:48:24,0.00008516,194.00000000
2018-03-01 03:48:39,0.00008516,575.00000000
2018-03-01 03:48:45,0.00008516,136.00000000
2018-03-01 03:48:54,0.00008516,577.00000000
2018-03-01 03:48:57,0.00008515,200.00000000
2018-03-01 03:48:59,0.00008516,219.00000000
2018-03-01 03:49:07,0.00008515,78.00000000
2018-03-01 03:49:26,0.00008516,117.00000000
2018-03-01 03:49:29,0.00008515,49.00000000
2018-03-01 03:49:34,0.00008515,100.00000000
2018-03-01 03:49:51,0.00008515,390.00000000
2018-03-01 03:50:01,0.00008515,1.00000000
2018-03-01 03:50:06,0.00008516,121.00000000
2018-03-01 03:50:08,0.00008516,13.00000000
2018-03-01 03:50:09,0.00008516,451.00000000
2018-03-01 03:50:10,0.00008516,105.00000000
2018-03-01 03:50:18,0.00008516,420.00000000
2018-03-01 03:50:20,0.00008518,25.00000000
2018-03-01 03:50:25,0.00008516,51.00000000
2018-03-01 03:50:26,0.00008518,81.00000000
2018-03-01 03:50:28,0.00008518,80.00000000
2018-03-01 03:50:35,0.00008518,100.00000000
2018-03-01 03:50:40,0.00008518,969.00000000
2018-03-01 03:50:46,0.00008518,100.00000000
2018-03-01 03:50:50,0.00008518,30.00000000
2018-03-01 03:50:55,0.00008518,303.00000000
2018-03-01 03:50:58,0.00008516,76.00000000
2018-03-01 03:50:59,0.00008516,582.00000000
2018-03-01 03:50:59,0.00008515,939.00000000
2018-03-01 03:50:59,0.00008513,673.00000000
2018-03-01 03:51:05,0.00008518,187.00000000
2018-03-01 03:51:12,0.00008518,352.00000000
2018-03-01 03:51:12,0.00008518,54.00000000
2018-03-01 03:51:20,0.00008518,25.00000000
2018-03-01 03:51:28,0.00008516,72.00000000
2018-03-01 03:51:29,0.00008516,44.00000000
2018-03-01 03:51:29,0.00008516,172.00000000
2018-03-01 03:51:31,0.00008516,62.00000000
2018-03-01 03:51:32,0.00008516,77.00000000
2018-03-01 03:51:33,0.00008516,14.00000000
2018-03-01 03:51:38,0.00008518,234.00000000
2018-03-01 03:51:43,0.00008518,43.00000000
2018-03-01 03:51:46,0.00008518,43.00000000
2018-03-01 03:51:56,0.00008516,767.00000000
2018-03-01 03:51:59,0.00008518,106.00000000
2018-03-01 03:52:06,0.00008516,28.00000000
2018-03-01 03:52:08,0.00008516,389.00000000
2018-03-01 03:52:08,0.00008515,19.00000000
2018-03-01 03:52:08,0.00008513,276.00000000
2018-03-01 03:52:10,0.00008515,28.00000000
2018-03-01 03:52:10,0.00008513,28.00000000
2018-03-01 03:52:12,0.00008518,426.00000000
2018-03-01 03:52:13,0.00008518,55.00000000
2018-03-01 03:52:13,0.00008513,28.00000000
2018-03-01 03:52:13,0.00008519,145.00000000
2018-03-01 03:52:14,0.00008519,1174.00000000
2018-03-01 03:52:14,0.00008519,781.00000000
2018-03-01 03:52:15,0.00008513,28.00000000
2018-03-01 03:52:31,0.00008518,374.00000000
2018-03-01 03:52:39,0.00008518,270.00000000
2018-03-01 03:52:40,0.00008518,334.00000000
2018-03-01 03:52:42,0.00008513,32.00000000
2018-03-01 03:52:49,0.00008513,215.00000000
2018-03-01 03:52:49,0.00008513,360.00000000
2018-03-01 03:52:50,0.00008513,781.00000000
2018-03-01 03:52:56,0.00008510,880.00000000
2018-03-01 03:53:08,0.00008513,1058.00000000
2018-03-01 03:53:20,0.00008511,1681.00000000
2018-03-01 03:53:20,0.00008510,520.00000000
2018-03-01 03:53:28,0.00008510,3007.00000000
2018-03-01 03:53:29,0.00008510,600.00000000
2018-03-01 03:53:32,0.00008513,197.00000000
2018-03-01 03:53:32,0.00008513,117.00000000
2018-03-01 03:53:37,0.00008510,500.00000000
2018-03-01 03:53:39,0.00008510,43.00000000
2018-03-01 03:53:40,0.00008513,57.00000000
2018-03-01 03:53:48,0.00008513,22.00000000
2018-03-01 03:53:51,0.00008513,496.00000000
2018-03-01 03:53:53,0.00008510,1245.00000000
2018-03-01 03:54:01,0.00008515,100.00000000
2018-03-01 03:54:26,0.00008513,1406.00000000
2018-03-01 03:54:31,0.00008513,1408.00000000
2018-03-01 03:54:31,0.00008510,233.00000000
2018-03-01 03:54:33,0.00008515,332.00000000
2018-03-01 03:54:36,0.00008516,985.00000000
2018-03-01 03:54:37,0.00008516,1092.00000000
2018-03-01 03:54:37,0.00008516,1221.00000000
2018-03-01 03:54:37,0.00008510,6443.00000000
2018-03-01 03:55:12,0.00008513,17.00000000
2018-03-01 03:55:26,0.00008513,4.00000000
2018-03-01 03:55:35,0.00008510,499.00000000
2018-03-01 03:55:36,0.00008510,852.00000000
2018-03-01 03:55:40,0.00008513,15.00000000
2018-03-01 03:55:46,0.00008511,25.00000000
2018-03-01 03:55:49,0.00008511,1211.00000000
2018-03-01 03:55:50,0.00008510,5044.00000000
2018-03-01 03:55:51,0.00008510,3019.00000000
2018-03-01 03:55:54,0.00008510,2227.00000000
2018-03-01 03:56:00,0.00008510,226.00000000
2018-03-01 03:56:05,0.00008511,23.00000000
2018-03-01 03:56:09,0.00008511,6000.00000000
2018-03-01 03:56:10,0.00008510,1097.00000000
2018-03-01 03:56:14,0.00008510,39.00000000
2018-03-01 03:56:21,0.00008510,150.00000000
2018-03-01 03:56:25,0.00008511,1000.00000000
2018-03-01 03:56:28,0.00008510,811.00000000
2018-03-01 03:56:28,0.00008510,4365.00000000
2018-03-01 03:56:28,0.00008508,402.00000000
2018-03-01 03:56:35,0.00008511,117.00000000
2018-03-01 03:56:37,0.00008510,26.00000000
2018-03-01 03:56:41,0.00008510,203.00000000
2018-03-01 03:56:41,0.00008511,11200.00000000
2018-03-01 03:56:46,0.00008508,1268.00000000
2018-03-01 03:56:48,0.00008508,93.00000000
2018-03-01 03:56:50,0.00008508,111.00000000
2018-03-01 03:56:51,0.00008508,94.00000000
2018-03-01 03:57:18,0.00008508,521.00000000
2018-03-01 03:57:20,0.00008508,93.00000000
2018-03-01 03:57:28,0.00008510,50.00000000
2018-03-01 03:57:28,0.00008511,67.00000000
2018-03-01 03:57:38,0.00008508,15.00000000
2018-03-01 03:57:53,0.00008508,501.00000000
2018-03-01 03:57:53,0.00008508,2128.00000000
2018-03-01 03:57:56,0.00008511,80.00000000
2018-03-01 03:58:00,0.00008508,300.00000000
2018-03-01 03:58:34,0.00008508,100.00000000
2018-03-01 03:58:45,0.00008510,24.00000000
2018-03-01 03:58:46,0.00008508,18.00000000
2018-03-01 03:58:47,0.00008510,19.00000000
2018-03-01 03:58:49,0.00008510,187.00000000
2018-03-01 03:58:49,0.00008511,405.00000000
2018-03-01 03:58:50,0.00008511,34.00000000
2018-03-01 03:58:55,0.00008511,25.00000000
2018-03-01 03:59:04,0.00008511,112.00000000
2018-03-01 03:59:12,0.00008511,100.00000000
2018-03-01 03:59:12,0.00008511,10.00000000
2018-03-01 03:59:20,0.00008511,334.00000000
2018-03-01 03:59:25,0.00008509,190.00000000
2018-03-01 03:59:26,0.00008509,616.00000000
2018-03-01 03:59:31,0.00008511,715.00000000
2018-03-01 03:59:40,0.00008511,170.00000000
2018-03-01 03:59:42,0.00008508,99.00000000
2018-03-01 03:59:42,0.00008511,1176.00000000
2018-03-01 03:59:45,0.00008509,1027.00000000
2018-03-01 03:59:51,0.00008509,1027.00000000
2018-03-01 03:59:52,0.00008509,60.00000000
