DATE,PRICE,VOLUME
2018-02-26 11:00:09,0.00009314,637.00000000
2018-02-26 11:00:09,0.00009298,35.00000000
2018-02-26 11:00:09,0.00009297,104.00000000
2018-02-26 11:00:09,0.00009295,148.00000000
2018-02-26 11:00:09,0.00009294,13.00000000
2018-02-26 11:00:10,0.00009314,1075.00000000
2018-02-26 11:00:10,0.00009314,255.00000000
2018-02-26 11:00:10,0.00009300,26.00000000
2018-02-26 11:00:10,0.00009316,15.00000000
2018-02-26 11:00:12,0.00009296,132.00000000
2018-02-26 11:00:12,0.00009295,8.00000000
2018-02-26 11:00:13,0.00009316,20.00000000
2018-02-26 11:00:13,0.00009316,126.00000000
2018-02-26 11:00:16,0.00009315,413.00000000
2018-02-26 11:00:20,0.00009300,11.00000000
2018-02-26 11:00:20,0.00009297,50.00000000
2018-02-26 11:00:20,0.00009294,95.00000000
2018-02-26 11:00:23,0.00009300,107.00000000
2018-02-26 11:00:26,0.00009300,50.00000000
2018-02-26 11:00:28,0.00009314,15.00000000
2018-02-26 11:00:39,0.00009314,22.00000000
2018-02-26 11:00:39,0.00009315,270.00000000
2018-02-26 11:00:44,0.00009300,43.00000000
2018-02-26 11:00:45,0.00009315,206.00000000
2018-02-26 11:00:46,0.00009300,64.00000000
2018-02-26 11:00:46,0.00009300,298.00000000
2018-02-26 11:00:46,0.00009300,90.00000000
2018-02-26 11:00:46,0.00009300,212.00000000
2018-02-26 11:00:48,0.00009315,30.00000000
2018-02-26 11:00:52,0.00009315,165.00000000
2018-02-26 11:00:53,0.00009315,1075.00000000
2018-02-26 11:00:55,0.00009315,62.00000000
2018-02-26 11:00:55,0.00009319,40.00000000
2018-02-26 11:00:56,0.00009300,791.00000000
2018-02-26 11:00:56,0.00009297,15.00000000
2018-02-26 11:00:56,0.00009294,194.00000000
2018-02-26 11:00:57,0.00009295,45.00000000
2018-02-26 11:01:00,0.00009300,519.00000000
2018-02-26 11:01:00,0.00009294,479.00000000
2018-02-26 11:01:07,0.00009312,352.00000000
2018-02-26 11:01:09,0.00009310,7.00000000
2018-02-26 11:01:10,0.00009296,4.00000000
2018-02-26 11:01:11,0.00009296,44.00000000
2018-02-26 11:01:11,0.00009295,400.00000000
2018-02-26 11:01:11,0.00009293,604.00000000
2018-02-26 11:01:11,0.00009292,952.00000000
2018-02-26 11:01:15,0.00009308,236.00000000
2018-02-26 11:01:20,0.00009309,634.00000000
2018-02-26 11:01:21,0.00009309,285.00000000
2018-02-26 11:01:22,0.00009300,51.00000000
2018-02-26 11:01:22,0.00009291,949.00000000
2018-02-26 11:01:28,0.00009307,667.00000000
2018-02-26 11:01:28,0.00009308,1253.00000000
2018-02-26 11:01:35,0.00009292,500.00000000
2018-02-26 11:01:36,0.00009308,1819.00000000
2018-02-26 11:01:36,0.00009292,200.00000000
2018-02-26 11:01:37,0.00009292,652.00000000
2018-02-26 11:01:41,0.00009292,199.00000000
2018-02-26 11:01:41,0.00009291,176.00000000
2018-02-26 11:01:48,0.00009291,25.00000000
2018-02-26 11:01:53,0.00009306,96.00000000
2018-02-26 11:01:53,0.00009292,3.00000000
2018-02-26 11:01:54,0.00009292,32.00000000
2018-02-26 11:01:54,0.00009291,6.00000000
2018-02-26 11:01:56,0.00009291,65.00000000
2018-02-26 11:01:58,0.00009306,316.00000000
2018-02-26 11:01:58,0.00009306,995.00000000
2018-02-26 11:01:59,0.00009306,334.00000000
2018-02-26 11:01:59,0.00009306,267.00000000
2018-02-26 11:02:00,0.00009306,50.00000000
2018-02-26 11:02:02,0.00009306,292.00000000
2018-02-26 11:02:04,0.00009306,661.00000000
2018-02-26 11:02:05,0.00009306,96.00000000
2018-02-26 11:02:09,0.00009292,107.00000000
2018-02-26 11:02:10,0.00009308,1139.00000000
2018-02-26 11:02:12,0.00009308,675.00000000
2018-02-26 11:02:14,0.00009309,978.00000000
2018-02-26 11:02:14,0.00009310,3967.00000000
2018-02-26 11:02:15,0.00009310,661.00000000
2018-02-26 11:02:17,0.00009309,539.00000000
2018-02-26 11:02:18,0.00009309,534.00000000
2018-02-26 11:02:18,0.00009310,605.00000000
2018-02-26 11:02:19,0.00009310,954.00000000
2018-02-26 11:02:24,0.00009293,65.00000000
2018-02-26 11:02:26,0.00009306,25.00000000
2018-02-26 11:02:26,0.00009293,12.00000000
2018-02-26 11:02:27,0.00009306,5.00000000
2018-02-26 11:02:27,0.00009309,30.00000000
2018-02-26 11:02:44,0.00009293,25.00000000
2018-02-26 11:02:52,0.00009309,1.00000000
2018-02-26 11:02:52,0.00009294,224.00000000
2018-02-26 11:02:54,0.00009294,148.00000000
2018-02-26 11:03:08,0.00009299,76.00000000
2018-02-26 11:03:08,0.00009300,12.00000000
2018-02-26 11:03:09,0.00009300,12.00000000
2018-02-26 11:03:19,0.00009295,10.00000000
2018-02-26 11:03:29,0.00009300,262.00000000
2018-02-26 11:03:29,0.00009300,107.00000000
2018-02-26 11:03:36,0.00009300,54.00000000
2018-02-26 11:03:55,0.00009300,64.00000000
2018-02-26 11:03:59,0.00009300,1.00000000
2018-02-26 11:04:03,0.00009300,40.00000000
2018-02-26 11:04:29,0.00009300,437.00000000
2018-02-26 11:04:32,0.00009300,653.00000000
2018-02-26 11:04:34,0.00009298,62.00000000
2018-02-26 11:04:35,0.00009300,292.00000000
2018-02-26 11:04:40,0.00009300,107.00000000
2018-02-26 11:04:45,0.00009293,20.00000000
2018-02-26 11:04:47,0.00009299,219.00000000
2018-02-26 11:04:55,0.00009298,39.00000000
2018-02-26 11:04:55,0.00009299,183.00000000
2018-02-26 11:04:55,0.00009299,115.00000000
2018-02-26 11:04:55,0.00009299,104.00000000
2018-02-26 11:04:55,0.00009299,77.00000000
2018-02-26 11:04:56,0.00009299,69.00000000
2018-02-26 11:04:58,0.00009299,214.00000000
2018-02-26 11:05:01,0.00009300,850.00000000
2018-02-26 11:05:03,0.00009299,1246.00000000
2018-02-26 11:05:04,0.00009298,39.00000000
2018-02-26 11:05:04,0.00009293,9.00000000
2018-02-26 11:05:05,0.00009299,132.00000000
2018-02-26 11:05:07,0.00009299,157.00000000
2018-02-26 11:05:07,0.00009300,223.00000000
2018-02-26 11:05:14,0.00009299,107.00000000
2018-02-26 11:05:16,0.00009299,296.00000000
2018-02-26 11:05:18,0.00009299,2.00000000
2018-02-26 11:05:23,0.00009299,44.00000000
2018-02-26 11:05:24,0.00009299,159.00000000
2018-02-26 11:05:27,0.00009299,42.00000000
2018-02-26 11:05:27,0.00009299,50.00000000
2018-02-26 11:05:27,0.00009299,42.00000000
2018-02-26 11:05:27,0.00009299,50.00000000
2018-02-26 11:05:27,0.00009299,50.00000000
2018-02-26 11:05:27,0.00009299,50.00000000
2018-02-26 11:05:28,0.00009299,54.00000000
2018-02-26 11:05:29,0.00009299,1156.00000000
2018-02-26 11:05:30,0.00009299,34.00000000
2018-02-26 11:05:30,0.00009300,11.00000000
2018-02-26 11:05:30,0.00009300,11.00000000
2018-02-26 11:05:30,0.00009300,107.00000000
2018-02-26 11:05:31,0.00009300,93.00000000
2018-02-26 11:05:32,0.00009300,292.00000000
2018-02-26 11:05:35,0.00009300,71.00000000
2018-02-26 11:05:35,0.00009300,70.00000000
2018-02-26 11:05:35,0.00009293,608.00000000
2018-02-26 11:05:38,0.00009293,80.00000000
2018-02-26 11:05:41,0.00009300,107.00000000
2018-02-26 11:05:53,0.00009300,149.00000000
2018-02-26 11:06:03,0.00009294,59.00000000
2018-02-26 11:06:04,0.00009294,238.00000000
2018-02-26 11:06:04,0.00009308,88.00000000
2018-02-26 11:06:04,0.00009293,120.00000000
2018-02-26 11:06:12,0.00009300,88.00000000
2018-02-26 11:06:15,0.00009300,1523.00000000
2018-02-26 11:06:15,0.00009299,22.00000000
2018-02-26 11:06:15,0.00009294,45.00000000
2018-02-26 11:06:15,0.00009293,1073.00000000
2018-02-26 11:06:15,0.00009293,737.00000000
2018-02-26 11:06:16,0.00009292,12.00000000
2018-02-26 11:06:21,0.00009292,767.00000000
2018-02-26 11:06:24,0.00009292,107.00000000
2018-02-26 11:06:27,0.00009306,70.00000000
2018-02-26 11:06:27,0.00009306,70.00000000
2018-02-26 11:06:27,0.00009306,84.00000000
2018-02-26 11:06:27,0.00009306,14.00000000
2018-02-26 11:06:27,0.00009306,15.00000000
2018-02-26 11:06:28,0.00009306,59.00000000
2018-02-26 11:06:29,0.00009292,551.00000000
2018-02-26 11:06:34,0.00009293,149.00000000
2018-02-26 11:06:35,0.00009306,107.00000000
2018-02-26 11:06:41,0.00009293,446.00000000
2018-02-26 11:06:45,0.00009306,150.00000000
2018-02-26 11:06:45,0.00009306,317.00000000
2018-02-26 11:06:47,0.00009299,955.00000000
2018-02-26 11:06:47,0.00009300,47.00000000
2018-02-26 11:06:49,0.00009300,204.00000000
2018-02-26 11:07:03,0.00009308,41.00000000
2018-02-26 11:07:08,0.00009308,62.00000000
2018-02-26 11:07:27,0.00009304,107.00000000
2018-02-26 11:07:31,0.00009304,60.00000000
2018-02-26 11:07:35,0.00009295,2044.00000000
2018-02-26 11:07:41,0.00009304,298.00000000
2018-02-26 11:07:41,0.00009304,150.00000000
2018-02-26 11:07:43,0.00009295,21.00000000
2018-02-26 11:07:49,0.00009304,804.00000000
2018-02-26 11:07:54,0.00009295,228.00000000
2018-02-26 11:08:05,0.00009295,74.00000000
2018-02-26 11:08:07,0.00009295,384.00000000
2018-02-26 11:08:07,0.00009293,17.00000000
2018-02-26 11:08:07,0.00009293,107.00000000
2018-02-26 11:08:14,0.00009295,107.00000000
2018-02-26 11:08:21,0.00009295,75.00000000
2018-02-26 11:08:25,0.00009295,74.00000000
2018-02-26 11:08:32,0.00009304,107.00000000
2018-02-26 11:08:33,0.00009304,1352.00000000
2018-02-26 11:08:35,0.00009296,74.00000000
2018-02-26 11:08:38,0.00009296,119.00000000
2018-02-26 11:08:39,0.00009296,215.00000000
2018-02-26 11:08:39,0.00009304,86.00000000
2018-02-26 11:08:39,0.00009306,21.00000000
2018-02-26 11:08:39,0.00009295,23.00000000
2018-02-26 11:08:45,0.00009296,37.00000000
2018-02-26 11:08:48,0.00009296,37.00000000
2018-02-26 11:08:50,0.00009300,107.00000000
2018-02-26 11:08:55,0.00009295,73.00000000
2018-02-26 11:09:05,0.00009295,113.00000000
2018-02-26 11:09:05,0.00009295,73.00000000
2018-02-26 11:09:06,0.00009295,537.00000000
2018-02-26 11:09:06,0.00009295,205.00000000
2018-02-26 11:09:10,0.00009295,354.00000000
2018-02-26 11:09:11,0.00009295,28.00000000
2018-02-26 11:09:12,0.00009293,77.00000000
2018-02-26 11:09:12,0.00009293,645.00000000
2018-02-26 11:09:25,0.00009295,163.00000000
2018-02-26 11:09:27,0.00009300,107.00000000
2018-02-26 11:09:28,0.00009300,181.00000000
2018-02-26 11:09:41,0.00009295,12.00000000
2018-02-26 11:09:58,0.00009295,342.00000000
2018-02-26 11:10:01,0.00009300,125.00000000
2018-02-26 11:10:07,0.00009300,15.00000000
2018-02-26 11:10:07,0.00009304,111.00000000
2018-02-26 11:10:07,0.00009306,174.00000000
2018-02-26 11:10:09,0.00009295,145.00000000
2018-02-26 11:10:26,0.00009300,21.00000000
2018-02-26 11:10:33,0.00009300,87.00000000
2018-02-26 11:10:33,0.00009295,223.00000000
2018-02-26 11:10:35,0.00009300,107.00000000
2018-02-26 11:10:35,0.00009295,587.00000000
2018-02-26 11:10:40,0.00009295,2285.00000000
2018-02-26 11:10:41,0.00009300,75.00000000
2018-02-26 11:10:41,0.00009304,592.00000000
2018-02-26 11:10:41,0.00009304,97.00000000
2018-02-26 11:10:42,0.00009304,107.00000000
2018-02-26 11:10:46,0.00009306,107.00000000
2018-02-26 11:10:46,0.00009304,202.00000000
2018-02-26 11:10:48,0.00009306,45.00000000
2018-02-26 11:10:48,0.00009306,80.00000000
2018-02-26 11:10:54,0.00009300,129.00000000
2018-02-26 11:10:54,0.00009295,15.00000000
2018-02-26 11:11:08,0.00009295,24.00000000
2018-02-26 11:11:09,0.00009303,25.00000000
2018-02-26 11:11:11,0.00009295,537.00000000
2018-02-26 11:11:19,0.00009295,906.00000000
2018-02-26 11:11:26,0.00009295,2588.00000000
2018-02-26 11:11:26,0.00009303,45.00000000
2018-02-26 11:11:26,0.00009305,62.00000000
2018-02-26 11:11:27,0.00009305,107.00000000
2018-02-26 11:11:28,0.00009295,789.00000000
2018-02-26 11:11:31,0.00009295,1800.00000000
2018-02-26 11:11:31,0.00009294,565.00000000
2018-02-26 11:11:33,0.00009295,30.00000000
2018-02-26 11:11:39,0.00009295,164.00000000
2018-02-26 11:11:41,0.00009295,3232.00000000
2018-02-26 11:11:42,0.00009295,41.00000000
2018-02-26 11:11:49,0.00009303,173.00000000
2018-02-26 11:11:50,0.00009295,17.00000000
2018-02-26 11:11:55,0.00009303,21.00000000
2018-02-26 11:11:57,0.00009295,11.00000000
2018-02-26 11:12:01,0.00009295,203.00000000
2018-02-26 11:12:09,0.00009295,206.00000000
2018-02-26 11:12:10,0.00009295,45.00000000
2018-02-26 11:12:21,0.00009295,260.00000000
2018-02-26 11:12:21,0.00009295,1010.00000000
2018-02-26 11:12:25,0.00009303,156.00000000
2018-02-26 11:12:25,0.00009303,754.00000000
2018-02-26 11:12:26,0.00009304,156.00000000
2018-02-26 11:12:26,0.00009305,2.00000000
2018-02-26 11:12:32,0.00009300,1548.00000000
2018-02-26 11:12:35,0.00009300,1510.00000000
2018-02-26 11:12:38,0.00009295,50.00000000
2018-02-26 11:12:40,0.00009300,1241.00000000
2018-02-26 11:12:40,0.00009303,31.00000000
2018-02-26 11:12:40,0.00009305,113.00000000
2018-02-26 11:12:43,0.00009295,211.00000000
2018-02-26 11:13:01,0.00009300,11.00000000
2018-02-26 11:13:01,0.00009305,41.00000000
2018-02-26 11:13:08,0.00009295,315.00000000
2018-02-26 11:13:18,0.00009300,20.00000000
2018-02-26 11:13:18,0.00009305,254.00000000
2018-02-26 11:13:23,0.00009295,572.00000000
2018-02-26 11:13:24,0.00009305,200.00000000
2018-02-26 11:13:25,0.00009295,12.00000000
2018-02-26 11:13:30,0.00009305,2170.00000000
2018-02-26 11:13:30,0.00009306,79.00000000
2018-02-26 11:13:30,0.00009308,2011.00000000
2018-02-26 11:13:30,0.00009308,90.00000000
2018-02-26 11:13:30,0.00009308,90.00000000
2018-02-26 11:13:31,0.00009308,322.00000000
2018-02-26 11:13:34,0.00009308,339.00000000
2018-02-26 11:13:34,0.00009296,251.00000000
2018-02-26 11:13:35,0.00009295,1709.00000000
2018-02-26 11:13:41,0.00009293,46.00000000
2018-02-26 11:13:45,0.00009295,322.00000000
2018-02-26 11:13:46,0.00009295,200.00000000
2018-02-26 11:13:46,0.00009294,64.00000000
2018-02-26 11:13:51,0.00009293,236.00000000
2018-02-26 11:13:54,0.00009294,297.00000000
2018-02-26 11:13:54,0.00009295,193.00000000
2018-02-26 11:13:54,0.00009293,107.00000000
2018-02-26 11:13:57,0.00009293,1357.00000000
2018-02-26 11:13:57,0.00009292,1027.00000000
2018-02-26 11:14:16,0.00009292,25.00000000
2018-02-26 11:14:26,0.00009291,107.00000000
2018-02-26 11:14:52,0.00009307,1326.00000000
2018-02-26 11:14:52,0.00009308,148.00000000
2018-02-26 11:14:52,0.00009309,180.00000000
2018-02-26 11:14:52,0.00009310,2189.00000000
2018-02-26 11:14:52,0.00009313,500.00000000
2018-02-26 11:14:52,0.00009314,560.00000000
2018-02-26 11:14:52,0.00009315,1497.00000000
2018-02-26 11:14:52,0.00009317,1094.00000000
2018-02-26 11:14:52,0.00009319,150.00000000
2018-02-26 11:14:52,0.00009320,398.00000000
2018-02-26 11:14:52,0.00009321,396.00000000
2018-02-26 11:14:52,0.00009322,1859.00000000
2018-02-26 11:14:52,0.00009325,219.00000000
2018-02-26 11:14:52,0.00009327,200.00000000
2018-02-26 11:14:52,0.00009329,3352.00000000
2018-02-26 11:14:59,0.00009302,22.00000000
2018-02-26 11:15:13,0.00009307,82.00000000
2018-02-26 11:15:15,0.00009318,27.00000000
2018-02-26 11:15:17,0.00009318,273.00000000
2018-02-26 11:15:17,0.00009319,109.00000000
2018-02-26 11:15:24,0.00009308,21.00000000
2018-02-26 11:15:24,0.00009308,109.00000000
2018-02-26 11:15:38,0.00009311,33.00000000
2018-02-26 11:15:56,0.00009309,50.00000000
2018-02-26 11:16:06,0.00009305,12.00000000
2018-02-26 11:16:13,0.00009305,24.00000000
2018-02-26 11:16:20,0.00009305,64.00000000
2018-02-26 11:16:24,0.00009309,59.00000000
2018-02-26 11:16:24,0.00009310,966.00000000
2018-02-26 11:16:25,0.00009311,1074.00000000
2018-02-26 11:16:25,0.00009311,291.00000000
2018-02-26 11:16:25,0.00009305,258.00000000
2018-02-26 11:16:26,0.00009317,130.00000000
2018-02-26 11:16:26,0.00009305,223.00000000
2018-02-26 11:16:31,0.00009307,48.00000000
2018-02-26 11:16:31,0.00009311,209.00000000
2018-02-26 11:16:32,0.00009318,108.00000000
2018-02-26 11:16:33,0.00009318,82.00000000
2018-02-26 11:16:34,0.00009318,168.00000000
2018-02-26 11:16:34,0.00009318,29.00000000
2018-02-26 11:16:34,0.00009307,143.00000000
2018-02-26 11:16:34,0.00009306,9.00000000
2018-02-26 11:16:35,0.00009308,19.00000000
2018-02-26 11:16:36,0.00009307,47.00000000
2018-02-26 11:16:36,0.00009307,26.00000000
2018-02-26 11:16:44,0.00009307,12.00000000
2018-02-26 11:16:45,0.00009307,41.00000000
2018-02-26 11:16:52,0.00009306,52.00000000
2018-02-26 11:16:56,0.00009306,73.00000000
2018-02-26 11:16:57,0.00009307,71.00000000
2018-02-26 11:17:06,0.00009306,39.00000000
2018-02-26 11:17:07,0.00009306,34.00000000
2018-02-26 11:17:09,0.00009311,60.00000000
2018-02-26 11:17:10,0.00009305,1866.00000000
2018-02-26 11:17:10,0.00009303,338.00000000
2018-02-26 11:17:11,0.00009312,107.00000000
2018-02-26 11:17:12,0.00009311,125.00000000
2018-02-26 11:17:13,0.00009315,100.00000000
2018-02-26 11:17:13,0.00009317,514.00000000
2018-02-26 11:17:14,0.00009303,138.00000000
2018-02-26 11:17:14,0.00009303,937.00000000
2018-02-26 11:17:20,0.00009302,138.00000000
2018-02-26 11:17:20,0.00009301,82.00000000
2018-02-26 11:17:20,0.00009301,855.00000000
2018-02-26 11:17:30,0.00009305,50.00000000
2018-02-26 11:17:30,0.00009304,40.00000000
2018-02-26 11:17:30,0.00009303,43.00000000
2018-02-26 11:17:30,0.00009301,366.00000000
2018-02-26 11:17:34,0.00009316,107.00000000
2018-02-26 11:17:35,0.00009316,107.00000000
2018-02-26 11:17:40,0.00009300,1075.00000000
2018-02-26 11:17:43,0.00009300,196.00000000
2018-02-26 11:17:44,0.00009311,86.00000000
2018-02-26 11:17:44,0.00009314,21.00000000
2018-02-26 11:17:45,0.00009301,403.00000000
2018-02-26 11:17:46,0.00009301,180.00000000
2018-02-26 11:17:46,0.00009300,1075.00000000
2018-02-26 11:17:51,0.00009300,749.00000000
2018-02-26 11:17:51,0.00009295,21.00000000
2018-02-26 11:17:51,0.00009292,398.00000000
2018-02-26 11:17:52,0.00009313,107.00000000
2018-02-26 11:17:53,0.00009300,365.00000000
2018-02-26 11:17:53,0.00009300,710.00000000
2018-02-26 11:17:54,0.00009309,24.00000000
2018-02-26 11:17:54,0.00009313,83.00000000
2018-02-26 11:17:56,0.00009301,90.00000000
2018-02-26 11:17:58,0.00009301,68.00000000
2018-02-26 11:17:58,0.00009313,39.00000000
2018-02-26 11:17:59,0.00009313,2.00000000
2018-02-26 11:18:01,0.00009301,107.00000000
2018-02-26 11:18:06,0.00009300,107.00000000
2018-02-26 11:18:09,0.00009291,53.00000000
2018-02-26 11:18:15,0.00009300,180.00000000
2018-02-26 11:18:18,0.00009291,910.00000000
2018-02-26 11:18:18,0.00009291,48.00000000
2018-02-26 11:18:19,0.00009291,748.00000000
2018-02-26 11:18:19,0.00009290,1539.00000000
2018-02-26 11:18:20,0.00009290,24.00000000
2018-02-26 11:18:20,0.00009290,89.00000000
2018-02-26 11:18:20,0.00009290,21.00000000
2018-02-26 11:18:20,0.00009290,57.00000000
2018-02-26 11:18:20,0.00009290,90.00000000
2018-02-26 11:18:21,0.00009290,255.00000000
2018-02-26 11:18:22,0.00009290,19.00000000
2018-02-26 11:18:22,0.00009290,30.00000000
2018-02-26 11:18:28,0.00009287,29.00000000
2018-02-26 11:18:29,0.00009287,507.00000000
2018-02-26 11:18:32,0.00009300,107.00000000
2018-02-26 11:18:38,0.00009300,262.00000000
2018-02-26 11:18:42,0.00009299,107.00000000
2018-02-26 11:18:42,0.00009299,54.00000000
2018-02-26 11:18:45,0.00009298,68.00000000
2018-02-26 11:18:52,0.00009298,12.00000000
2018-02-26 11:18:57,0.00009298,92.00000000
2018-02-26 11:18:57,0.00009299,191.00000000
2018-02-26 11:18:57,0.00009299,107.00000000
2018-02-26 11:18:57,0.00009299,155.00000000
2018-02-26 11:18:57,0.00009299,7.00000000
2018-02-26 11:18:57,0.00009300,1089.00000000
2018-02-26 11:18:58,0.00009300,290.00000000
2018-02-26 11:18:58,0.00009300,264.00000000
2018-02-26 11:18:59,0.00009300,151.00000000
2018-02-26 11:18:59,0.00009300,395.00000000
2018-02-26 11:19:01,0.00009300,1075.00000000
2018-02-26 11:19:01,0.00009300,603.00000000
2018-02-26 11:19:03,0.00009300,22.00000000
2018-02-26 11:19:04,0.00009300,85.00000000
2018-02-26 11:19:09,0.00009298,37.00000000
2018-02-26 11:19:09,0.00009287,963.00000000
2018-02-26 11:19:17,0.00009287,107.00000000
2018-02-26 11:19:21,0.00009289,53.00000000
2018-02-26 11:19:21,0.00009288,27.00000000
2018-02-26 11:19:26,0.00009299,105.00000000
2018-02-26 11:19:28,0.00009299,107.00000000
2018-02-26 11:19:28,0.00009299,107.00000000
2018-02-26 11:19:31,0.00009299,107.00000000
2018-02-26 11:19:31,0.00009299,107.00000000
2018-02-26 11:19:32,0.00009295,201.00000000
2018-02-26 11:19:32,0.00009286,799.00000000
2018-02-26 11:19:34,0.00009287,16.00000000
2018-02-26 11:19:34,0.00009287,24.00000000
2018-02-26 11:19:39,0.00009287,301.00000000
2018-02-26 11:19:40,0.00009287,103.00000000
2018-02-26 11:19:42,0.00009288,81.00000000
2018-02-26 11:19:54,0.00009288,107.00000000
2018-02-26 11:20:02,0.00009288,24.00000000
2018-02-26 11:20:24,0.00009288,988.00000000
2018-02-26 11:20:24,0.00009286,809.00000000
2018-02-26 11:20:25,0.00009299,10.00000000
2018-02-26 11:20:26,0.00009299,554.00000000
2018-02-26 11:20:28,0.00009299,760.00000000
2018-02-26 11:20:28,0.00009299,490.00000000
2018-02-26 11:20:31,0.00009299,16.00000000
2018-02-26 11:20:32,0.00009291,705.00000000
2018-02-26 11:20:32,0.00009290,402.00000000
2018-02-26 11:20:33,0.00009290,442.00000000
2018-02-26 11:20:33,0.00009290,21.00000000
2018-02-26 11:20:33,0.00009290,71.00000000
2018-02-26 11:20:34,0.00009290,282.00000000
2018-02-26 11:20:34,0.00009290,260.00000000
2018-02-26 11:20:36,0.00009290,50.00000000
2018-02-26 11:20:36,0.00009290,374.00000000
2018-02-26 11:20:59,0.00009299,16.00000000
2018-02-26 11:21:03,0.00009288,107.00000000
2018-02-26 11:21:03,0.00009287,95.00000000
2018-02-26 11:21:03,0.00009286,52.00000000
2018-02-26 11:21:05,0.00009287,107.00000000
2018-02-26 11:21:05,0.00009286,839.00000000
2018-02-26 11:21:07,0.00009290,23.00000000
2018-02-26 11:21:17,0.00009290,20.00000000
2018-02-26 11:21:17,0.00009288,73.00000000
2018-02-26 11:21:17,0.00009288,19.00000000
2018-02-26 11:21:20,0.00009288,132.00000000
2018-02-26 11:21:25,0.00009299,83.00000000
2018-02-26 11:21:27,0.00009286,260.00000000
2018-02-26 11:21:30,0.00009299,107.00000000
2018-02-26 11:21:30,0.00009286,36.00000000
2018-02-26 11:21:35,0.00009290,90.00000000
2018-02-26 11:21:36,0.00009286,18.00000000
2018-02-26 11:21:48,0.00009287,254.00000000
2018-02-26 11:21:52,0.00009299,18.00000000
2018-02-26 11:21:57,0.00009289,15.00000000
2018-02-26 11:21:57,0.00009288,106.00000000
2018-02-26 11:21:57,0.00009287,479.00000000
2018-02-26 11:21:57,0.00009286,526.00000000
2018-02-26 11:21:59,0.00009286,298.00000000
2018-02-26 11:21:59,0.00009285,75.00000000
2018-02-26 11:21:59,0.00009284,127.00000000
2018-02-26 11:22:07,0.00009298,43.00000000
2018-02-26 11:22:07,0.00009299,108.00000000
2018-02-26 11:22:25,0.00009290,53.00000000
2018-02-26 11:22:30,0.00009290,25.00000000
2018-02-26 11:22:38,0.00009290,107.00000000
2018-02-26 11:22:39,0.00009288,948.00000000
2018-02-26 11:22:45,0.00009288,1172.00000000
2018-02-26 11:22:47,0.00009290,107.00000000
2018-02-26 11:22:48,0.00009288,1109.00000000
2018-02-26 11:22:49,0.00009290,88.00000000
2018-02-26 11:22:57,0.00009290,189.00000000
2018-02-26 11:23:03,0.00009284,362.00000000
2018-02-26 11:23:03,0.00009283,172.00000000
2018-02-26 11:23:03,0.00009282,6.00000000
2018-02-26 11:23:06,0.00009282,216.00000000
2018-02-26 11:23:09,0.00009289,21.00000000
2018-02-26 11:23:09,0.00009282,292.00000000
2018-02-26 11:23:14,0.00009287,25.00000000
2018-02-26 11:23:14,0.00009282,22.00000000
2018-02-26 11:23:20,0.00009282,25.00000000
2018-02-26 11:23:21,0.00009282,110.00000000
2018-02-26 11:23:30,0.00009287,15.00000000
2018-02-26 11:23:32,0.00009282,430.00000000
2018-02-26 11:23:34,0.00009287,23.00000000
2018-02-26 11:23:34,0.00009287,22.00000000
2018-02-26 11:23:34,0.00009287,23.00000000
2018-02-26 11:23:34,0.00009282,411.00000000
2018-02-26 11:23:41,0.00009282,24.00000000
2018-02-26 11:23:43,0.00009282,80.00000000
2018-02-26 11:23:46,0.00009282,400.00000000
2018-02-26 11:23:46,0.00009282,73.00000000
2018-02-26 11:23:51,0.00009283,743.00000000
2018-02-26 11:23:51,0.00009283,628.00000000
2018-02-26 11:23:51,0.00009283,966.00000000
2018-02-26 11:23:52,0.00009283,100.00000000
2018-02-26 11:23:53,0.00009283,824.00000000
2018-02-26 11:23:53,0.00009282,458.00000000
2018-02-26 11:23:53,0.00009282,22.00000000
2018-02-26 11:24:02,0.00009282,910.00000000
2018-02-26 11:24:03,0.00009282,534.00000000
2018-02-26 11:24:07,0.00009283,16.00000000
2018-02-26 11:24:08,0.00009282,215.00000000
2018-02-26 11:24:14,0.00009282,17.00000000
2018-02-26 11:24:29,0.00009283,19.00000000
2018-02-26 11:24:29,0.00009285,88.00000000
2018-02-26 11:24:32,0.00009285,107.00000000
2018-02-26 11:24:49,0.00009282,506.00000000
2018-02-26 11:24:53,0.00009283,32.00000000
2018-02-26 11:24:59,0.00009283,977.00000000
2018-02-26 11:25:00,0.00009282,1422.00000000
2018-02-26 11:25:04,0.00009282,211.00000000
2018-02-26 11:25:07,0.00009281,42.00000000
2018-02-26 11:25:07,0.00009281,268.00000000
2018-02-26 11:25:11,0.00009282,32.00000000
2018-02-26 11:25:11,0.00009281,4366.00000000
2018-02-26 11:25:14,0.00009282,175.00000000
2018-02-26 11:25:16,0.00009282,32.00000000
2018-02-26 11:25:16,0.00009282,105.00000000
2018-02-26 11:25:17,0.00009282,260.00000000
2018-02-26 11:25:17,0.00009282,260.00000000
2018-02-26 11:25:28,0.00009281,2038.00000000
2018-02-26 11:25:29,0.00009281,107.00000000
2018-02-26 11:25:31,0.00009282,107.00000000
2018-02-26 11:25:34,0.00009281,19.00000000
2018-02-26 11:25:35,0.00009281,158.00000000
2018-02-26 11:25:36,0.00009281,19.00000000
2018-02-26 11:25:38,0.00009281,10.00000000
2018-02-26 11:25:38,0.00009281,357.00000000
2018-02-26 11:25:40,0.00009281,60.00000000
2018-02-26 11:25:40,0.00009282,283.00000000
2018-02-26 11:25:41,0.00009281,49.00000000
2018-02-26 11:25:45,0.00009282,23.00000000
2018-02-26 11:25:50,0.00009281,300.00000000
2018-02-26 11:25:52,0.00009281,55.00000000
2018-02-26 11:25:56,0.00009282,84.00000000
2018-02-26 11:25:57,0.00009281,47.00000000
2018-02-26 11:25:58,0.00009281,47.00000000
2018-02-26 11:26:04,0.00009281,1459.00000000
2018-02-26 11:26:09,0.00009282,244.00000000
2018-02-26 11:26:11,0.00009281,25.00000000
2018-02-26 11:26:22,0.00009281,107.00000000
2018-02-26 11:26:22,0.00009281,106.00000000
2018-02-26 11:26:23,0.00009281,200.00000000
2018-02-26 11:26:24,0.00009281,13.00000000
2018-02-26 11:26:24,0.00009282,33.00000000
2018-02-26 11:26:27,0.00009282,123.00000000
2018-02-26 11:26:27,0.00009282,798.00000000
2018-02-26 11:26:32,0.00009281,26.00000000
2018-02-26 11:26:32,0.00009282,1249.00000000
2018-02-26 11:26:32,0.00009281,11.00000000
2018-02-26 11:26:33,0.00009282,122.00000000
2018-02-26 11:26:38,0.00009282,83.00000000
2018-02-26 11:26:38,0.00009282,14.00000000
2018-02-26 11:26:45,0.00009281,23.00000000
2018-02-26 11:26:45,0.00009282,1000.00000000
2018-02-26 11:26:45,0.00009281,573.00000000
2018-02-26 11:26:47,0.00009282,102.00000000
2018-02-26 11:26:47,0.00009282,663.00000000
2018-02-26 11:26:47,0.00009282,499.00000000
2018-02-26 11:26:47,0.00009282,605.00000000
2018-02-26 11:26:47,0.00009281,49.00000000
2018-02-26 11:26:48,0.00009282,727.00000000
2018-02-26 11:26:48,0.00009282,85.00000000
2018-02-26 11:26:49,0.00009282,64.00000000
2018-02-26 11:26:49,0.00009282,286.00000000
2018-02-26 11:26:50,0.00009282,19.00000000
2018-02-26 11:26:51,0.00009282,31.00000000
2018-02-26 11:26:53,0.00009282,178.00000000
2018-02-26 11:26:53,0.00009282,83.00000000
2018-02-26 11:26:55,0.00009282,499.00000000
2018-02-26 11:26:55,0.00009281,2584.00000000
2018-02-26 11:26:55,0.00009281,620.00000000
2018-02-26 11:26:55,0.00009281,11.00000000
2018-02-26 11:26:56,0.00009281,64.00000000
2018-02-26 11:26:56,0.00009281,114.00000000
2018-02-26 11:26:57,0.00009281,21.00000000
2018-02-26 11:26:58,0.00009281,57.00000000
2018-02-26 11:27:01,0.00009281,1093.00000000
2018-02-26 11:27:02,0.00009280,500.00000000
2018-02-26 11:27:02,0.00009280,11.00000000
2018-02-26 11:27:04,0.00009280,49.00000000
2018-02-26 11:27:05,0.00009281,132.00000000
2018-02-26 11:27:06,0.00009281,303.00000000
2018-02-26 11:27:06,0.00009282,5076.00000000
2018-02-26 11:27:06,0.00009281,30.00000000
2018-02-26 11:27:08,0.00009280,883.00000000
2018-02-26 11:27:08,0.00009281,10.00000000
2018-02-26 11:27:08,0.00009282,142.00000000
2018-02-26 11:27:08,0.00009283,387.00000000
2018-02-26 11:27:08,0.00009280,500.00000000
2018-02-26 11:27:13,0.00009282,49.00000000
2018-02-26 11:27:15,0.00009283,511.00000000
2018-02-26 11:27:15,0.00009283,207.00000000
2018-02-26 11:27:15,0.00009282,151.00000000
2018-02-26 11:27:15,0.00009280,147.00000000
2018-02-26 11:27:16,0.00009281,147.00000000
2018-02-26 11:27:21,0.00009290,330.00000000
2018-02-26 11:27:22,0.00009281,52.00000000
2018-02-26 11:27:24,0.00009281,52.00000000
2018-02-26 11:27:26,0.00009281,200.00000000
2018-02-26 11:27:27,0.00009290,538.00000000
2018-02-26 11:27:31,0.00009282,18.00000000
2018-02-26 11:27:34,0.00009290,25.00000000
2018-02-26 11:27:37,0.00009290,165.00000000
2018-02-26 11:27:37,0.00009297,193.00000000
2018-02-26 11:27:37,0.00009298,180.00000000
2018-02-26 11:27:38,0.00009290,64.00000000
2018-02-26 11:27:40,0.00009290,200.00000000
2018-02-26 11:27:41,0.00009290,236.00000000
2018-02-26 11:27:41,0.00009298,302.00000000
2018-02-26 11:27:46,0.00009298,100.00000000
2018-02-26 11:28:05,0.00009284,21.00000000
2018-02-26 11:28:05,0.00009283,43.00000000
2018-02-26 11:28:05,0.00009282,219.00000000
2018-02-26 11:28:06,0.00009296,438.00000000
2018-02-26 11:28:06,0.00009296,538.00000000
2018-02-26 11:28:07,0.00009297,403.00000000
2018-02-26 11:28:18,0.00009297,500.00000000
2018-02-26 11:28:19,0.00009297,169.00000000
2018-02-26 11:28:20,0.00009297,26.00000000
2018-02-26 11:28:20,0.00009298,512.00000000
2018-02-26 11:28:20,0.00009298,176.00000000
2018-02-26 11:28:22,0.00009298,538.00000000
2018-02-26 11:28:23,0.00009297,105.00000000
2018-02-26 11:28:24,0.00009298,338.00000000
2018-02-26 11:28:24,0.00009298,3271.00000000
2018-02-26 11:28:24,0.00009298,1472.00000000
2018-02-26 11:28:24,0.00009298,538.00000000
2018-02-26 11:28:25,0.00009297,25.00000000
2018-02-26 11:28:26,0.00009297,150.00000000
2018-02-26 11:28:26,0.00009287,25.00000000
2018-02-26 11:28:26,0.00009287,185.00000000
2018-02-26 11:28:26,0.00009282,615.00000000
2018-02-26 11:28:27,0.00009298,146.00000000
2018-02-26 11:28:28,0.00009283,284.00000000
2018-02-26 11:28:30,0.00009298,538.00000000
2018-02-26 11:28:31,0.00009290,1076.00000000
2018-02-26 11:28:31,0.00009290,465.00000000
2018-02-26 11:28:32,0.00009290,90.00000000
2018-02-26 11:28:32,0.00009290,295.00000000
2018-02-26 11:28:32,0.00009298,243.00000000
2018-02-26 11:28:34,0.00009298,105.00000000
2018-02-26 11:28:34,0.00009299,262.00000000
2018-02-26 11:28:34,0.00009300,276.00000000
2018-02-26 11:28:35,0.00009300,249.00000000
2018-02-26 11:28:36,0.00009286,38.00000000
2018-02-26 11:28:37,0.00009300,538.00000000
2018-02-26 11:28:38,0.00009300,538.00000000
2018-02-26 11:28:39,0.00009300,477.00000000
2018-02-26 11:28:39,0.00009301,25.00000000
2018-02-26 11:28:47,0.00009300,53.00000000
2018-02-26 11:28:49,0.00009300,344.00000000
2018-02-26 11:28:52,0.00009300,281.00000000
2018-02-26 11:28:52,0.00009300,808.00000000
2018-02-26 11:28:52,0.00009301,464.00000000
2018-02-26 11:28:52,0.00009305,1175.00000000
2018-02-26 11:28:54,0.00009305,700.00000000
2018-02-26 11:28:54,0.00009306,108.00000000
2018-02-26 11:28:54,0.00009312,352.00000000
2018-02-26 11:29:03,0.00009300,108.00000000
2018-02-26 11:29:19,0.00009301,119.00000000
2018-02-26 11:29:23,0.00009302,48.00000000
2018-02-26 11:29:23,0.00009311,108.00000000
2018-02-26 11:29:24,0.00009312,315.00000000
2018-02-26 11:29:24,0.00009303,103.00000000
2018-02-26 11:29:26,0.00009313,87.00000000
2018-02-26 11:29:26,0.00009314,20.00000000
2018-02-26 11:29:28,0.00009303,17.00000000
2018-02-26 11:29:31,0.00009304,52.00000000
2018-02-26 11:29:31,0.00009303,495.00000000
2018-02-26 11:29:33,0.00009313,6.00000000
2018-02-26 11:29:36,0.00009297,100.00000000
2018-02-26 11:29:37,0.00009297,43.00000000
2018-02-26 11:29:39,0.00009311,133.00000000
2018-02-26 11:29:39,0.00009297,217.00000000
2018-02-26 11:29:40,0.00009297,25.00000000
2018-02-26 11:29:40,0.00009297,43.00000000
2018-02-26 11:29:42,0.00009300,50.00000000
2018-02-26 11:29:42,0.00009300,50.00000000
2018-02-26 11:29:44,0.00009300,95.00000000
2018-02-26 11:29:47,0.00009301,43.00000000
2018-02-26 11:29:47,0.00009301,8.00000000
2018-02-26 11:29:47,0.00009296,124.00000000
2018-02-26 11:29:47,0.00009295,8.00000000
2018-02-26 11:29:47,0.00009295,210.00000000
2018-02-26 11:29:49,0.00009296,430.00000000
2018-02-26 11:29:51,0.00009296,83.00000000
2018-02-26 11:29:51,0.00009295,114.00000000
2018-02-26 11:29:56,0.00009311,56.00000000
2018-02-26 11:29:56,0.00009313,63.00000000
2018-02-26 11:29:56,0.00009313,114.00000000
2018-02-26 11:29:56,0.00009314,5.00000000
2018-02-26 11:29:58,0.00009296,25.00000000
2018-02-26 11:29:58,0.00009310,94.00000000
2018-02-26 11:29:58,0.00009310,96.00000000
2018-02-26 11:30:05,0.00009296,25.00000000
2018-02-26 11:30:07,0.00009310,41.00000000
2018-02-26 11:30:07,0.00009310,112.00000000
2018-02-26 11:30:07,0.00009296,13.00000000
2018-02-26 11:30:07,0.00009295,967.00000000
2018-02-26 11:30:07,0.00009310,22.00000000
2018-02-26 11:30:07,0.00009311,19.00000000
2018-02-26 11:30:07,0.00009311,41.00000000
2018-02-26 11:30:08,0.00009295,43.00000000
2018-02-26 11:30:11,0.00009296,25.00000000
2018-02-26 11:30:12,0.00009307,66.00000000
2018-02-26 11:30:14,0.00009307,59.00000000
2018-02-26 11:30:14,0.00009310,104.00000000
2018-02-26 11:30:14,0.00009311,537.00000000
2018-02-26 11:30:14,0.00009311,215.00000000
2018-02-26 11:30:17,0.00009311,537.00000000
2018-02-26 11:30:17,0.00009296,25.00000000
2018-02-26 11:30:19,0.00009310,537.00000000
2018-02-26 11:30:20,0.00009311,537.00000000
2018-02-26 11:30:22,0.00009311,537.00000000
2018-02-26 11:30:23,0.00009297,25.00000000
2018-02-26 11:30:24,0.00009311,537.00000000
2018-02-26 11:30:28,0.00009311,425.00000000
2018-02-26 11:30:29,0.00009297,25.00000000
2018-02-26 11:30:30,0.00009297,17.00000000
2018-02-26 11:30:30,0.00009311,64.00000000
2018-02-26 11:30:30,0.00009313,152.00000000
2018-02-26 11:30:32,0.00009313,476.00000000
2018-02-26 11:30:32,0.00009297,203.00000000
2018-02-26 11:30:32,0.00009296,15.00000000
2018-02-26 11:30:34,0.00009297,100.00000000
2018-02-26 11:30:34,0.00009313,477.00000000
2018-02-26 11:30:34,0.00009314,60.00000000
2018-02-26 11:30:38,0.00009313,537.00000000
2018-02-26 11:30:39,0.00009313,2912.00000000
2018-02-26 11:30:39,0.00009314,2248.00000000
2018-02-26 11:30:39,0.00009314,25.00000000
2018-02-26 11:30:39,0.00009316,321.00000000
2018-02-26 11:30:39,0.00009317,216.00000000
2018-02-26 11:30:40,0.00009314,1866.00000000
2018-02-26 11:30:40,0.00009314,3014.00000000
2018-02-26 11:30:40,0.00009311,43.00000000
2018-02-26 11:30:41,0.00009311,26.00000000
2018-02-26 11:30:42,0.00009306,46.00000000
2018-02-26 11:30:44,0.00009306,64.00000000
2018-02-26 11:30:46,0.00009306,68.00000000
2018-02-26 11:30:46,0.00009311,69.00000000
2018-02-26 11:30:46,0.00009314,570.00000000
2018-02-26 11:30:46,0.00009317,293.00000000
2018-02-26 11:30:46,0.00009319,416.00000000
2018-02-26 11:30:49,0.00009311,50.00000000
2018-02-26 11:30:50,0.00009311,50.00000000
2018-02-26 11:30:50,0.00009311,116.00000000
2018-02-26 11:30:50,0.00009306,508.00000000
2018-02-26 11:30:50,0.00009306,42.00000000
2018-02-26 11:30:50,0.00009306,95.00000000
2018-02-26 11:30:52,0.00009311,316.00000000
2018-02-26 11:30:52,0.00009311,42.00000000
2018-02-26 11:30:52,0.00009311,25.00000000
2018-02-26 11:30:53,0.00009318,48.00000000
2018-02-26 11:30:54,0.00009311,260.00000000
2018-02-26 11:30:54,0.00009311,233.00000000
2018-02-26 11:30:55,0.00009306,50.00000000
2018-02-26 11:30:55,0.00009306,50.00000000
2018-02-26 11:30:57,0.00009311,128.00000000
2018-02-26 11:30:57,0.00009306,12.00000000
2018-02-26 11:30:57,0.00009306,25.00000000
2018-02-26 11:31:00,0.00009311,688.00000000
2018-02-26 11:31:02,0.00009311,125.00000000
2018-02-26 11:31:02,0.00009306,25.00000000
2018-02-26 11:31:03,0.00009306,50.00000000
2018-02-26 11:31:03,0.00009306,50.00000000
2018-02-26 11:31:03,0.00009306,50.00000000
2018-02-26 11:31:03,0.00009306,50.00000000
2018-02-26 11:31:04,0.00009306,132.00000000
2018-02-26 11:31:04,0.00009301,1003.00000000
2018-02-26 11:31:04,0.00009300,436.00000000
2018-02-26 11:31:04,0.00009299,19.00000000
2018-02-26 11:31:07,0.00009299,25.00000000
2018-02-26 11:31:08,0.00009299,50.00000000
2018-02-26 11:31:08,0.00009299,50.00000000
2018-02-26 11:31:12,0.00009300,25.00000000
2018-02-26 11:31:12,0.00009300,28.00000000
2018-02-26 11:31:12,0.00009299,84.00000000
2018-02-26 11:31:13,0.00009299,50.00000000
2018-02-26 11:31:14,0.00009299,50.00000000
2018-02-26 11:31:14,0.00009311,62.00000000
2018-02-26 11:31:15,0.00009311,631.00000000
2018-02-26 11:31:16,0.00009299,25.00000000
2018-02-26 11:31:21,0.00009299,25.00000000
2018-02-26 11:31:22,0.00009300,36.00000000
2018-02-26 11:31:22,0.00009300,36.00000000
2018-02-26 11:31:26,0.00009300,25.00000000
2018-02-26 11:31:27,0.00009318,107.00000000
2018-02-26 11:31:33,0.00009300,25.00000000
2018-02-26 11:31:34,0.00009316,18.00000000
2018-02-26 11:31:52,0.00009315,43.00000000
2018-02-26 11:31:52,0.00009316,84.00000000
2018-02-26 11:31:59,0.00009300,40.00000000
2018-02-26 11:32:01,0.00009316,943.00000000
2018-02-26 11:32:02,0.00009316,90.00000000
2018-02-26 11:32:02,0.00009316,1092.00000000
2018-02-26 11:32:14,0.00009300,196.00000000
2018-02-26 11:32:14,0.00009299,508.00000000
2018-02-26 11:32:14,0.00009296,179.00000000
2018-02-26 11:32:14,0.00009295,335.00000000
2018-02-26 11:32:16,0.00009309,537.00000000
2018-02-26 11:32:20,0.00009309,483.00000000
2018-02-26 11:32:20,0.00009316,54.00000000
2018-02-26 11:32:21,0.00009310,42.00000000
2018-02-26 11:32:22,0.00009310,8.00000000
2018-02-26 11:32:23,0.00009309,6.00000000
2018-02-26 11:32:24,0.00009311,42.00000000
2018-02-26 11:32:26,0.00009311,41.00000000
2018-02-26 11:32:27,0.00009310,1.00000000
2018-02-26 11:32:27,0.00009316,92.00000000
2018-02-26 11:32:27,0.00009319,2318.00000000
2018-02-26 11:32:31,0.00009320,107.00000000
2018-02-26 11:32:32,0.00009319,918.00000000
2018-02-26 11:32:36,0.00009319,25.00000000
2018-02-26 11:32:41,0.00009319,25.00000000
2018-02-26 11:32:42,0.00009319,512.00000000
2018-02-26 11:32:45,0.00009319,109.00000000
2018-02-26 11:32:46,0.00009319,68.00000000
2018-02-26 11:32:49,0.00009319,25.00000000
2018-02-26 11:32:53,0.00009320,22.00000000
2018-02-26 11:32:57,0.00009320,1214.00000000
2018-02-26 11:32:57,0.00009320,227.00000000
2018-02-26 11:32:59,0.00009319,182.00000000
2018-02-26 11:33:01,0.00009319,17.00000000
2018-02-26 11:33:14,0.00009316,19.00000000
2018-02-26 11:33:27,0.00009307,91.00000000
2018-02-26 11:33:35,0.00009315,91.00000000
2018-02-26 11:33:35,0.00009316,134.00000000
2018-02-26 11:33:36,0.00009306,4.00000000
2018-02-26 11:33:40,0.00009315,14.00000000
2018-02-26 11:33:48,0.00009307,200.00000000
2018-02-26 11:34:09,0.00009306,209.00000000
2018-02-26 11:34:10,0.00009306,386.00000000
2018-02-26 11:34:10,0.00009306,418.00000000
2018-02-26 11:34:16,0.00009313,51.00000000
2018-02-26 11:34:16,0.00009313,101.00000000
2018-02-26 11:34:17,0.00009313,90.00000000
2018-02-26 11:34:20,0.00009314,129.00000000
2018-02-26 11:34:23,0.00009313,190.00000000
2018-02-26 11:34:23,0.00009306,939.00000000
2018-02-26 11:34:24,0.00009314,82.00000000
2018-02-26 11:34:36,0.00009306,42.00000000
2018-02-26 11:34:38,0.00009312,199.00000000
2018-02-26 11:34:38,0.00009313,4214.00000000
2018-02-26 11:34:56,0.00009312,10.00000000
2018-02-26 11:35:29,0.00009312,255.00000000
2018-02-26 11:35:45,0.00009308,135.00000000
2018-02-26 11:35:45,0.00009306,1078.00000000
2018-02-26 11:35:51,0.00009306,51.00000000
2018-02-26 11:35:59,0.00009306,127.00000000
2018-02-26 11:36:05,0.00009306,225.00000000
2018-02-26 11:36:08,0.00009306,3621.00000000
2018-02-26 11:36:09,0.00009306,2013.00000000
2018-02-26 11:36:15,0.00009306,355.00000000
2018-02-26 11:36:16,0.00009303,346.00000000
2018-02-26 11:36:16,0.00009302,284.00000000
2018-02-26 11:36:27,0.00009305,14.00000000
2018-02-26 11:36:27,0.00009306,61.00000000
2018-02-26 11:36:30,0.00009302,927.00000000
2018-02-26 11:36:31,0.00009302,107.00000000
2018-02-26 11:36:35,0.00009301,641.00000000
2018-02-26 11:36:35,0.00009301,630.00000000
2018-02-26 11:36:39,0.00009302,1828.00000000
2018-02-26 11:36:39,0.00009306,252.00000000
2018-02-26 11:36:39,0.00009312,918.00000000
2018-02-26 11:36:42,0.00009312,302.00000000
2018-02-26 11:36:42,0.00009313,3330.00000000
2018-02-26 11:36:49,0.00009302,124.00000000
2018-02-26 11:36:52,0.00009313,452.00000000
2018-02-26 11:36:58,0.00009313,780.00000000
2018-02-26 11:36:59,0.00009303,89.00000000
2018-02-26 11:37:00,0.00009303,342.00000000
2018-02-26 11:37:00,0.00009313,426.00000000
2018-02-26 11:37:00,0.00009314,61.00000000
2018-02-26 11:37:00,0.00009301,232.00000000
2018-02-26 11:37:01,0.00009314,335.00000000
2018-02-26 11:37:09,0.00009314,80.00000000
2018-02-26 11:37:09,0.00009314,80.00000000
2018-02-26 11:37:15,0.00009301,57.00000000
2018-02-26 11:37:22,0.00009306,198.00000000
2018-02-26 11:37:26,0.00009306,107.00000000
2018-02-26 11:37:30,0.00009301,1977.00000000
2018-02-26 11:37:35,0.00009301,322.00000000
2018-02-26 11:37:36,0.00009301,101.00000000
2018-02-26 11:37:52,0.00009301,168.00000000
2018-02-26 11:37:55,0.00009305,12.00000000
2018-02-26 11:37:55,0.00009306,18.00000000
2018-02-26 11:37:56,0.00009306,200.00000000
2018-02-26 11:38:00,0.00009301,479.00000000
2018-02-26 11:38:08,0.00009301,21.00000000
2018-02-26 11:38:09,0.00009306,143.00000000
2018-02-26 11:38:12,0.00009300,49.00000000
2018-02-26 11:38:13,0.00009300,400.00000000
2018-02-26 11:38:15,0.00009300,714.00000000
2018-02-26 11:38:19,0.00009306,541.00000000
2018-02-26 11:38:20,0.00009306,133.00000000
2018-02-26 11:38:20,0.00009301,41.00000000
2018-02-26 11:38:22,0.00009306,35.00000000
2018-02-26 11:38:28,0.00009305,54.00000000
2018-02-26 11:38:31,0.00009302,1075.00000000
2018-02-26 11:38:31,0.00009301,513.00000000
2018-02-26 11:38:33,0.00009305,6.00000000
2018-02-26 11:38:34,0.00009305,107.00000000
2018-02-26 11:38:35,0.00009305,324.00000000
2018-02-26 11:38:35,0.00009306,5973.00000000
2018-02-26 11:38:37,0.00009301,1209.00000000
2018-02-26 11:38:37,0.00009300,379.00000000
2018-02-26 11:38:41,0.00009306,51.00000000
2018-02-26 11:38:42,0.00009305,1075.00000000
2018-02-26 11:38:42,0.00009301,50.00000000
2018-02-26 11:38:42,0.00009300,463.00000000
2018-02-26 11:38:48,0.00009306,702.00000000
2018-02-26 11:38:48,0.00009313,81.00000000
2018-02-26 11:38:50,0.00009306,373.00000000
2018-02-26 11:38:50,0.00009300,297.00000000
2018-02-26 11:38:54,0.00009313,20.00000000
2018-02-26 11:39:05,0.00009301,43.00000000
2018-02-26 11:39:05,0.00009313,265.00000000
2018-02-26 11:39:08,0.00009301,287.00000000
2018-02-26 11:39:08,0.00009300,377.00000000
2018-02-26 11:39:08,0.00009300,26.00000000
2018-02-26 11:39:10,0.00009313,42.00000000
2018-02-26 11:39:10,0.00009314,273.00000000
2018-02-26 11:39:11,0.00009314,124.00000000
2018-02-26 11:39:14,0.00009314,636.00000000
2018-02-26 11:39:15,0.00009301,90.00000000
2018-02-26 11:39:15,0.00009301,259.00000000
2018-02-26 11:39:16,0.00009301,1075.00000000
2018-02-26 11:39:17,0.00009301,234.00000000
2018-02-26 11:39:17,0.00009300,30.00000000
2018-02-26 11:39:23,0.00009300,89.00000000
2018-02-26 11:39:23,0.00009298,1788.00000000
2018-02-26 11:39:23,0.00009294,203.00000000
2018-02-26 11:39:23,0.00009294,438.00000000
2018-02-26 11:39:24,0.00009294,77.00000000
2018-02-26 11:39:24,0.00009294,77.00000000
2018-02-26 11:39:24,0.00009294,722.00000000
2018-02-26 11:39:24,0.00009294,77.00000000
2018-02-26 11:39:24,0.00009294,917.00000000
2018-02-26 11:39:24,0.00009294,215.00000000
2018-02-26 11:39:25,0.00009300,753.00000000
2018-02-26 11:39:26,0.00009308,203.00000000
2018-02-26 11:39:30,0.00009312,110.00000000
2018-02-26 11:39:32,0.00009306,53.00000000
2018-02-26 11:39:32,0.00009314,224.00000000
2018-02-26 11:39:32,0.00009315,243.00000000
2018-02-26 11:39:32,0.00009316,808.00000000
2018-02-26 11:39:35,0.00009317,345.00000000
2018-02-26 11:39:35,0.00009318,762.00000000
2018-02-26 11:39:35,0.00009318,2958.00000000
2018-02-26 11:39:36,0.00009318,566.00000000
2018-02-26 11:39:36,0.00009319,293.00000000
2018-02-26 11:39:36,0.00009319,6.00000000
2018-02-26 11:39:36,0.00009319,118.00000000
2018-02-26 11:39:37,0.00009319,708.00000000
2018-02-26 11:39:37,0.00009320,418.00000000
2018-02-26 11:39:38,0.00009320,866.00000000
2018-02-26 11:39:38,0.00009320,8.00000000
2018-02-26 11:39:38,0.00009322,108.00000000
2018-02-26 11:39:39,0.00009324,534.00000000
2018-02-26 11:39:47,0.00009307,66.00000000
2018-02-26 11:39:53,0.00009325,70.00000000
2018-02-26 11:40:04,0.00009318,811.00000000
2018-02-26 11:40:07,0.00009318,126.00000000
2018-02-26 11:40:12,0.00009307,200.00000000
2018-02-26 11:40:16,0.00009308,4218.00000000
2018-02-26 11:40:16,0.00009307,1094.00000000
2018-02-26 11:40:16,0.00009306,53.00000000
2018-02-26 11:40:16,0.00009305,900.00000000
2018-02-26 11:40:16,0.00009305,524.00000000
2018-02-26 11:40:26,0.00009305,39.00000000
2018-02-26 11:40:28,0.00009306,51.00000000
2018-02-26 11:40:28,0.00009302,21.00000000
2018-02-26 11:40:28,0.00009300,97.00000000
2018-02-26 11:40:29,0.00009318,153.00000000
2018-02-26 11:40:35,0.00009303,49.00000000
2018-02-26 11:40:37,0.00009318,144.00000000
2018-02-26 11:40:39,0.00009324,153.00000000
2018-02-26 11:40:39,0.00009324,816.00000000
2018-02-26 11:40:39,0.00009325,1419.00000000
2018-02-26 11:40:39,0.00009325,165.00000000
2018-02-26 11:40:40,0.00009326,200.00000000
2018-02-26 11:40:43,0.00009305,8.00000000
2018-02-26 11:40:43,0.00009315,650.00000000
2018-02-26 11:40:50,0.00009315,4.00000000
2018-02-26 11:40:53,0.00009315,262.00000000
2018-02-26 11:40:55,0.00009307,199.00000000
2018-02-26 11:40:56,0.00009326,900.00000000
2018-02-26 11:40:56,0.00009327,910.00000000
2018-02-26 11:40:56,0.00009328,2170.00000000
2018-02-26 11:40:56,0.00009330,209.00000000
2018-02-26 11:40:57,0.00009329,108.00000000
2018-02-26 11:41:05,0.00009329,91.00000000
2018-02-26 11:41:05,0.00009330,1088.00000000
2018-02-26 11:41:05,0.00009330,314.00000000
2018-02-26 11:41:05,0.00009331,1482.00000000
2018-02-26 11:41:10,0.00009313,8.00000000
2018-02-26 11:41:10,0.00009313,200.00000000
2018-02-26 11:41:11,0.00009313,391.00000000
2018-02-26 11:41:12,0.00009313,109.00000000
2018-02-26 11:41:12,0.00009329,241.00000000
2018-02-26 11:41:12,0.00009329,59.00000000
2018-02-26 11:41:14,0.00009334,109.00000000
2018-02-26 11:41:14,0.00009334,855.00000000
2018-02-26 11:41:15,0.00009334,13.00000000
2018-02-26 11:41:15,0.00009335,190.00000000
2018-02-26 11:41:17,0.00009335,58.00000000
2018-02-26 11:41:30,0.00009332,55.00000000
2018-02-26 11:41:30,0.00009335,826.00000000
2018-02-26 11:41:30,0.00009335,214.00000000
2018-02-26 11:41:34,0.00009335,25.00000000
2018-02-26 11:41:35,0.00009336,672.00000000
2018-02-26 11:41:36,0.00009335,214.00000000
2018-02-26 11:41:38,0.00009336,137.00000000
2018-02-26 11:41:38,0.00009335,1.00000000
2018-02-26 11:41:43,0.00009335,642.00000000
2018-02-26 11:41:44,0.00009335,2.00000000
2018-02-26 11:41:44,0.00009336,5.00000000
2018-02-26 11:41:45,0.00009336,305.00000000
2018-02-26 11:41:46,0.00009336,246.00000000
2018-02-26 11:41:48,0.00009335,1.00000000
2018-02-26 11:41:54,0.00009335,42.00000000
2018-02-26 11:41:55,0.00009335,1588.00000000
2018-02-26 11:41:57,0.00009335,133.00000000
2018-02-26 11:41:57,0.00009336,600.00000000
2018-02-26 11:41:58,0.00009335,162.00000000
2018-02-26 11:41:59,0.00009335,226.00000000
2018-02-26 11:41:59,0.00009335,42.00000000
2018-02-26 11:42:04,0.00009336,509.00000000
2018-02-26 11:42:04,0.00009336,68.00000000
2018-02-26 11:42:05,0.00009336,42.00000000
2018-02-26 11:42:05,0.00009336,290.00000000
2018-02-26 11:42:05,0.00009335,123.00000000
2018-02-26 11:42:05,0.00009337,1880.00000000
2018-02-26 11:42:07,0.00009335,670.00000000
2018-02-26 11:42:07,0.00009335,124.00000000
2018-02-26 11:42:09,0.00009335,42.00000000
2018-02-26 11:42:10,0.00009336,43.00000000
2018-02-26 11:42:10,0.00009337,17.00000000
2018-02-26 11:42:10,0.00009338,163.00000000
2018-02-26 11:42:11,0.00009335,42.00000000
2018-02-26 11:42:14,0.00009335,42.00000000
2018-02-26 11:42:20,0.00009335,104.00000000
2018-02-26 11:42:22,0.00009338,69.00000000
2018-02-26 11:42:22,0.00009338,68.00000000
2018-02-26 11:42:22,0.00009338,58.00000000
2018-02-26 11:42:22,0.00009335,126.00000000
2018-02-26 11:42:22,0.00009335,68.00000000
2018-02-26 11:42:24,0.00009335,1071.00000000
2018-02-26 11:42:25,0.00009338,277.00000000
2018-02-26 11:42:25,0.00009340,283.00000000
2018-02-26 11:42:25,0.00009341,1338.00000000
2018-02-26 11:42:25,0.00009335,89.00000000
2018-02-26 11:42:25,0.00009335,89.00000000
2018-02-26 11:42:28,0.00009335,116.00000000
2018-02-26 11:42:29,0.00009341,1575.00000000
2018-02-26 11:42:29,0.00009335,32.00000000
2018-02-26 11:42:29,0.00009335,64.00000000
2018-02-26 11:42:30,0.00009335,321.00000000
2018-02-26 11:42:31,0.00009335,53.00000000
2018-02-26 11:42:35,0.00009335,670.00000000
2018-02-26 11:42:36,0.00009335,897.00000000
2018-02-26 11:42:40,0.00009335,499.00000000
2018-02-26 11:42:40,0.00009335,538.00000000
2018-02-26 11:42:40,0.00009335,2500.00000000
2018-02-26 11:42:40,0.00009335,2000.00000000
2018-02-26 11:42:40,0.00009335,664.00000000
2018-02-26 11:42:40,0.00009340,107.00000000
2018-02-26 11:42:41,0.00009335,90.00000000
2018-02-26 11:42:44,0.00009335,90.00000000
2018-02-26 11:42:44,0.00009335,642.00000000
2018-02-26 11:42:44,0.00009335,158.00000000
2018-02-26 11:42:49,0.00009335,25.00000000
2018-02-26 11:42:52,0.00009335,129.00000000
2018-02-26 11:42:53,0.00009335,536.00000000
2018-02-26 11:42:53,0.00009335,2943.00000000
2018-02-26 11:42:54,0.00009320,214.00000000
2018-02-26 11:42:55,0.00009339,214.00000000
2018-02-26 11:42:55,0.00009340,1067.00000000
2018-02-26 11:43:03,0.00009322,85.00000000
2018-02-26 11:43:03,0.00009321,214.00000000
2018-02-26 11:43:03,0.00009320,322.00000000
2018-02-26 11:43:03,0.00009319,43.00000000
2018-02-26 11:43:09,0.00009320,150.00000000
2018-02-26 11:43:10,0.00009320,127.00000000
2018-02-26 11:43:17,0.00009320,26.00000000
2018-02-26 11:43:26,0.00009320,1395.00000000
2018-02-26 11:43:26,0.00009320,348.00000000
2018-02-26 11:43:27,0.00009320,682.00000000
2018-02-26 11:43:27,0.00009320,764.00000000
2018-02-26 11:43:27,0.00009320,89.00000000
2018-02-26 11:43:27,0.00009320,89.00000000
2018-02-26 11:43:27,0.00009320,63.00000000
2018-02-26 11:43:27,0.00009333,473.00000000
2018-02-26 11:43:31,0.00009320,536.00000000
2018-02-26 11:43:31,0.00009320,375.00000000
2018-02-26 11:43:31,0.00009332,536.00000000
2018-02-26 11:43:31,0.00009333,1019.00000000
2018-02-26 11:43:42,0.00009319,26.00000000
2018-02-26 11:43:43,0.00009333,419.00000000
2018-02-26 11:43:51,0.00009333,16.00000000
2018-02-26 11:43:52,0.00009321,81.00000000
2018-02-26 11:43:54,0.00009333,262.00000000
2018-02-26 11:43:58,0.00009322,53.00000000
2018-02-26 11:43:58,0.00009321,26.00000000
2018-02-26 11:43:58,0.00009319,82.00000000
2018-02-26 11:43:58,0.00009314,39.00000000
2018-02-26 11:44:04,0.00009330,118.00000000
2018-02-26 11:44:11,0.00009320,260.00000000
2018-02-26 11:44:11,0.00009320,3036.00000000
2018-02-26 11:44:11,0.00009320,1436.00000000
2018-02-26 11:44:11,0.00009320,20.00000000
2018-02-26 11:44:12,0.00009320,248.00000000
2018-02-26 11:44:21,0.00009320,94.00000000
2018-02-26 11:44:26,0.00009330,2165.00000000
2018-02-26 11:44:34,0.00009321,14.00000000
2018-02-26 11:44:34,0.00009320,41.00000000
2018-02-26 11:44:37,0.00009320,11.00000000
2018-02-26 11:44:40,0.00009330,475.00000000
2018-02-26 11:44:40,0.00009332,6.00000000
2018-02-26 11:44:43,0.00009330,14.00000000
2018-02-26 11:44:46,0.00009330,107.00000000
2018-02-26 11:44:49,0.00009321,26.00000000
2018-02-26 11:44:49,0.00009321,1702.00000000
2018-02-26 11:44:50,0.00009330,415.00000000
2018-02-26 11:44:50,0.00009332,33.00000000
2018-02-26 11:44:50,0.00009333,88.00000000
2018-02-26 11:44:51,0.00009320,133.00000000
2018-02-26 11:44:53,0.00009333,367.00000000
2018-02-26 11:44:54,0.00009316,5.00000000
2018-02-26 11:44:58,0.00009316,200.00000000
2018-02-26 11:45:08,0.00009332,1.00000000
2018-02-26 11:45:18,0.00009330,204.00000000
2018-02-26 11:45:18,0.00009331,330.00000000
2018-02-26 11:45:18,0.00009332,1070.00000000
2018-02-26 11:45:18,0.00009333,935.00000000
2018-02-26 11:45:18,0.00009335,2602.00000000
2018-02-26 11:45:27,0.00009316,536.00000000
2018-02-26 11:45:27,0.00009315,980.00000000
2018-02-26 11:45:27,0.00009314,40.00000000
2018-02-26 11:45:27,0.00009316,189.00000000
2018-02-26 11:45:32,0.00009334,461.00000000
2018-02-26 11:45:35,0.00009334,47.00000000
2018-02-26 11:45:36,0.00009316,107.00000000
2018-02-26 11:45:38,0.00009316,816.00000000
2018-02-26 11:45:38,0.00009315,536.00000000
2018-02-26 11:45:38,0.00009312,277.00000000
2018-02-26 11:45:39,0.00009334,20.00000000
2018-02-26 11:45:45,0.00009313,430.00000000
2018-02-26 11:45:46,0.00009312,174.00000000
2018-02-26 11:45:49,0.00009330,107.00000000
2018-02-26 11:46:08,0.00009330,685.00000000
2018-02-26 11:46:26,0.00009316,101.00000000
2018-02-26 11:46:26,0.00009311,899.00000000
2018-02-26 11:46:27,0.00009311,561.00000000
2018-02-26 11:46:27,0.00009310,1564.00000000
2018-02-26 11:46:30,0.00009331,1552.00000000
2018-02-26 11:46:30,0.00009332,500.00000000
2018-02-26 11:46:30,0.00009334,500.00000000
2018-02-26 11:46:30,0.00009335,448.00000000
2018-02-26 11:46:32,0.00009312,106.00000000
2018-02-26 11:46:40,0.00009330,107.00000000
2018-02-26 11:46:41,0.00009315,206.00000000
2018-02-26 11:46:41,0.00009312,499.00000000
2018-02-26 11:46:46,0.00009330,107.00000000
2018-02-26 11:46:50,0.00009316,4627.00000000
2018-02-26 11:46:50,0.00009312,612.00000000
2018-02-26 11:46:50,0.00009311,900.00000000
2018-02-26 11:46:50,0.00009310,3385.00000000
2018-02-26 11:46:52,0.00009330,222.00000000
2018-02-26 11:46:55,0.00009329,141.00000000
2018-02-26 11:47:01,0.00009315,29.00000000
2018-02-26 11:47:02,0.00009315,21.00000000
2018-02-26 11:47:05,0.00009312,141.00000000
2018-02-26 11:47:06,0.00009329,35.00000000
2018-02-26 11:47:11,0.00009312,67.00000000
2018-02-26 11:47:14,0.00009326,300.00000000
2018-02-26 11:47:14,0.00009327,900.00000000
2018-02-26 11:47:14,0.00009328,2600.00000000
2018-02-26 11:47:17,0.00009328,34.00000000
2018-02-26 11:47:25,0.00009326,107.00000000
2018-02-26 11:47:27,0.00009326,86.00000000
2018-02-26 11:47:28,0.00009312,792.00000000
2018-02-26 11:47:28,0.00009312,100.00000000
2018-02-26 11:47:30,0.00009310,49.00000000
2018-02-26 11:47:31,0.00009312,20.00000000
2018-02-26 11:47:31,0.00009312,54.00000000
2018-02-26 11:47:33,0.00009312,430.00000000
2018-02-26 11:47:34,0.00009310,2.00000000
2018-02-26 11:47:34,0.00009306,8.00000000
2018-02-26 11:47:42,0.00009306,5.00000000
2018-02-26 11:47:45,0.00009306,9.00000000
2018-02-26 11:47:45,0.00009303,1972.00000000
2018-02-26 11:47:45,0.00009302,62.00000000
2018-02-26 11:47:50,0.00009302,500.00000000
2018-02-26 11:47:52,0.00009306,21.00000000
2018-02-26 11:47:52,0.00009312,86.00000000
2018-02-26 11:47:54,0.00009302,300.00000000
2018-02-26 11:47:54,0.00009312,107.00000000
2018-02-26 11:48:02,0.00009302,430.00000000
2018-02-26 11:48:04,0.00009311,80.00000000
2018-02-26 11:48:05,0.00009311,107.00000000
2018-02-26 11:48:07,0.00009302,1551.00000000
2018-02-26 11:48:07,0.00009300,351.00000000
2018-02-26 11:48:07,0.00009299,103.00000000
2018-02-26 11:48:07,0.00009296,1075.00000000
2018-02-26 11:48:08,0.00009296,107.00000000
2018-02-26 11:48:08,0.00009296,373.00000000
2018-02-26 11:48:08,0.00009296,237.00000000
2018-02-26 11:48:08,0.00009296,90.00000000
2018-02-26 11:48:08,0.00009296,90.00000000
2018-02-26 11:48:08,0.00009296,302.00000000
2018-02-26 11:48:08,0.00009296,704.00000000
2018-02-26 11:48:10,0.00009296,1075.00000000
2018-02-26 11:48:10,0.00009296,80.00000000
2018-02-26 11:48:12,0.00009296,108.00000000
2018-02-26 11:48:14,0.00009296,156.00000000
2018-02-26 11:48:16,0.00009296,21.00000000
2018-02-26 11:48:18,0.00009296,42.00000000
2018-02-26 11:48:19,0.00009296,108.00000000
2018-02-26 11:48:20,0.00009296,269.00000000
2018-02-26 11:48:21,0.00009296,324.00000000
2018-02-26 11:48:21,0.00009296,116.00000000
2018-02-26 11:48:22,0.00009296,1212.00000000
2018-02-26 11:48:26,0.00009296,57.00000000
2018-02-26 11:48:38,0.00009310,14.00000000
2018-02-26 11:48:39,0.00009308,100.00000000
2018-02-26 11:48:49,0.00009308,107.00000000
2018-02-26 11:48:50,0.00009299,347.00000000
2018-02-26 11:48:50,0.00009296,96.00000000
2018-02-26 11:48:50,0.00009296,2563.00000000
2018-02-26 11:48:50,0.00009296,3158.00000000
2018-02-26 11:48:51,0.00009308,42.00000000
2018-02-26 11:48:51,0.00009310,300.00000000
2018-02-26 11:48:51,0.00009311,215.00000000
2018-02-26 11:48:51,0.00009316,21.00000000
2018-02-26 11:48:51,0.00009318,111.00000000
2018-02-26 11:48:52,0.00009300,43.00000000
2018-02-26 11:48:54,0.00009324,107.00000000
2018-02-26 11:49:02,0.00009321,99.00000000
2018-02-26 11:49:09,0.00009308,7.00000000
2018-02-26 11:49:12,0.00009308,204.00000000
2018-02-26 11:49:12,0.00009298,900.00000000
2018-02-26 11:49:12,0.00009298,900.00000000
2018-02-26 11:49:13,0.00009298,1027.00000000
2018-02-26 11:49:13,0.00009298,832.00000000
2018-02-26 11:49:13,0.00009298,1007.00000000
2018-02-26 11:49:13,0.00009298,1168.00000000
2018-02-26 11:49:14,0.00009296,15.00000000
2018-02-26 11:49:17,0.00009296,39.00000000
2018-02-26 11:49:22,0.00009296,200.00000000
2018-02-26 11:49:31,0.00009296,93.00000000
2018-02-26 11:49:33,0.00009296,49.00000000
2018-02-26 11:49:34,0.00009296,199.00000000
2018-02-26 11:49:35,0.00009298,101.00000000
2018-02-26 11:49:35,0.00009298,44.00000000
2018-02-26 11:49:35,0.00009298,101.00000000
2018-02-26 11:49:35,0.00009296,110.00000000
2018-02-26 11:49:36,0.00009296,73.00000000
2018-02-26 11:49:46,0.00009296,97.00000000
2018-02-26 11:49:49,0.00009296,101.00000000
2018-02-26 11:49:49,0.00009297,39.00000000
2018-02-26 11:49:51,0.00009298,500.00000000
2018-02-26 11:49:51,0.00009298,193.00000000
2018-02-26 11:49:53,0.00009298,202.00000000
2018-02-26 11:49:54,0.00009298,538.00000000
2018-02-26 11:49:56,0.00009298,27.00000000
2018-02-26 11:49:58,0.00009297,58.00000000
2018-02-26 11:49:58,0.00009296,332.00000000
2018-02-26 11:49:58,0.00009298,5666.00000000
2018-02-26 11:49:59,0.00009298,1.00000000
2018-02-26 11:49:59,0.00009308,150.00000000
2018-02-26 11:49:59,0.00009316,46.00000000
2018-02-26 11:49:59,0.00009318,341.00000000
2018-02-26 11:50:12,0.00009317,304.00000000
2018-02-26 11:50:12,0.00009318,196.00000000
2018-02-26 11:50:21,0.00009309,42.00000000
2018-02-26 11:50:22,0.00009309,108.00000000
2018-02-26 11:50:22,0.00009301,537.00000000
2018-02-26 11:50:22,0.00009298,129.00000000
2018-02-26 11:50:22,0.00009296,268.00000000
2018-02-26 11:50:22,0.00009316,40.00000000
2018-02-26 11:50:32,0.00009297,10.00000000
2018-02-26 11:50:37,0.00009297,267.00000000
2018-02-26 11:50:39,0.00009297,1000.00000000
2018-02-26 11:50:39,0.00009297,9.00000000
2018-02-26 11:50:40,0.00009311,401.00000000
2018-02-26 11:50:50,0.00009315,107.00000000
2018-02-26 11:50:51,0.00009309,96.00000000
2018-02-26 11:50:51,0.00009309,26.00000000
2018-02-26 11:50:57,0.00009316,673.00000000
2018-02-26 11:51:03,0.00009311,2123.00000000
2018-02-26 11:51:05,0.00009315,200.00000000
2018-02-26 11:51:06,0.00009315,179.00000000
2018-02-26 11:51:07,0.00009315,141.00000000
2018-02-26 11:51:07,0.00009311,73.00000000
2018-02-26 11:51:08,0.00009316,107.00000000
2018-02-26 11:51:08,0.00009316,107.00000000
2018-02-26 11:51:10,0.00009311,179.00000000
2018-02-26 11:51:13,0.00009311,42.00000000
2018-02-26 11:51:13,0.00009311,42.00000000
2018-02-26 11:51:15,0.00009311,59.00000000
2018-02-26 11:51:16,0.00009314,63.00000000
2018-02-26 11:51:17,0.00009311,42.00000000
2018-02-26 11:51:19,0.00009311,59.00000000
2018-02-26 11:51:21,0.00009311,54.00000000
2018-02-26 11:51:23,0.00009311,42.00000000
2018-02-26 11:51:23,0.00009314,107.00000000
2018-02-26 11:51:25,0.00009311,42.00000000
2018-02-26 11:51:25,0.00009314,77.00000000
2018-02-26 11:51:25,0.00009316,30.00000000
2018-02-26 11:51:40,0.00009315,107.00000000
2018-02-26 11:51:46,0.00009312,111.00000000
2018-02-26 11:51:47,0.00009315,64.00000000
2018-02-26 11:51:47,0.00009316,43.00000000
2018-02-26 11:51:47,0.00009312,524.00000000
2018-02-26 11:51:48,0.00009312,163.00000000
2018-02-26 11:51:48,0.00009311,16.00000000
2018-02-26 11:51:49,0.00009311,72.00000000
2018-02-26 11:51:51,0.00009311,89.00000000
2018-02-26 11:51:53,0.00009311,20.00000000
2018-02-26 11:51:58,0.00009312,23.00000000
2018-02-26 11:51:58,0.00009311,724.00000000
2018-02-26 11:51:58,0.00009302,107.00000000
2018-02-26 11:51:58,0.00009300,626.00000000
2018-02-26 11:51:58,0.00009296,681.00000000
2018-02-26 11:51:58,0.00009296,4481.00000000
2018-02-26 11:51:58,0.00009296,2.00000000
2018-02-26 11:52:00,0.00009314,1437.00000000
2018-02-26 11:52:00,0.00009315,684.00000000
2018-02-26 11:52:00,0.00009316,1379.00000000
2018-02-26 11:52:05,0.00009316,107.00000000
2018-02-26 11:52:10,0.00009316,21.00000000
2018-02-26 11:52:16,0.00009298,78.00000000
2018-02-26 11:52:17,0.00009298,48.00000000
2018-02-26 11:52:17,0.00009297,51.00000000
2018-02-26 11:52:19,0.00009315,51.00000000
2018-02-26 11:52:19,0.00009316,56.00000000
2018-02-26 11:52:24,0.00009316,58.00000000
2018-02-26 11:52:27,0.00009316,557.00000000
2018-02-26 11:52:29,0.00009316,74.00000000
2018-02-26 11:52:38,0.00009316,107.00000000
2018-02-26 11:52:38,0.00009316,107.00000000
2018-02-26 11:52:38,0.00009316,106.00000000
2018-02-26 11:52:38,0.00009316,1.00000000
2018-02-26 11:52:39,0.00009300,159.00000000
2018-02-26 11:52:39,0.00009299,900.00000000
2018-02-26 11:52:39,0.00009298,102.00000000
2018-02-26 11:52:39,0.00009297,1612.00000000
2018-02-26 11:52:39,0.00009296,1752.00000000
2018-02-26 11:52:39,0.00009296,900.00000000
2018-02-26 11:52:39,0.00009296,28.00000000
2018-02-26 11:52:39,0.00009296,756.00000000
2018-02-26 11:52:39,0.00009296,83.00000000
2018-02-26 11:52:39,0.00009296,99.00000000
2018-02-26 11:52:39,0.00009296,100.00000000
2018-02-26 11:52:39,0.00009296,21.00000000
2018-02-26 11:52:39,0.00009296,54.00000000
2018-02-26 11:52:39,0.00009296,79.00000000
2018-02-26 11:52:39,0.00009297,99.00000000
2018-02-26 11:52:40,0.00009315,537.00000000
2018-02-26 11:52:40,0.00009316,100.00000000
2018-02-26 11:52:40,0.00009317,900.00000000
2018-02-26 11:52:48,0.00009316,25.00000000
2018-02-26 11:52:48,0.00009311,243.00000000
2018-02-26 11:52:49,0.00009319,5.00000000
2018-02-26 11:52:58,0.00009316,538.00000000
2018-02-26 11:53:05,0.00009316,20.00000000
2018-02-26 11:53:22,0.00009298,1.00000000
2018-02-26 11:53:30,0.00009313,946.00000000
2018-02-26 11:53:32,0.00009314,64.00000000
2018-02-26 11:53:32,0.00009315,43.00000000
2018-02-26 11:53:33,0.00009311,200.00000000
2018-02-26 11:53:34,0.00009314,261.00000000
2018-02-26 11:53:36,0.00009314,33.00000000
2018-02-26 11:53:37,0.00009314,107.00000000
2018-02-26 11:53:50,0.00009315,107.00000000
2018-02-26 11:53:53,0.00009315,27.00000000
2018-02-26 11:53:58,0.00009314,107.00000000
2018-02-26 11:54:00,0.00009314,268.00000000
2018-02-26 11:54:00,0.00009315,316.00000000
2018-02-26 11:54:00,0.00009316,1527.00000000
2018-02-26 11:54:00,0.00009319,89.00000000
2018-02-26 11:54:07,0.00009315,75.00000000
2018-02-26 11:54:13,0.00009317,25.00000000
2018-02-26 11:54:18,0.00009318,1975.00000000
2018-02-26 11:54:18,0.00009319,171.00000000
2018-02-26 11:54:21,0.00009319,156.00000000
2018-02-26 11:54:21,0.00009320,180.00000000
2018-02-26 11:54:28,0.00009319,107.00000000
2018-02-26 11:54:36,0.00009319,968.00000000
2018-02-26 11:54:39,0.00009302,25.00000000
2018-02-26 11:54:39,0.00009300,159.00000000
2018-02-26 11:54:39,0.00009298,314.00000000
2018-02-26 11:54:41,0.00009317,900.00000000
2018-02-26 11:54:46,0.00009306,89.00000000
2018-02-26 11:54:46,0.00009306,179.00000000
2018-02-26 11:54:47,0.00009306,90.00000000
2018-02-26 11:54:48,0.00009300,13.00000000
2018-02-26 11:54:48,0.00009306,14.00000000
2018-02-26 11:54:50,0.00009306,294.00000000
2018-02-26 11:54:50,0.00009306,24.00000000
2018-02-26 11:54:51,0.00009306,34.00000000
2018-02-26 11:54:51,0.00009306,107.00000000
2018-02-26 11:54:52,0.00009306,53.00000000
2018-02-26 11:54:52,0.00009319,107.00000000
2018-02-26 11:54:52,0.00009320,1673.00000000
2018-02-26 11:54:52,0.00009320,107.00000000
2018-02-26 11:54:53,0.00009301,50.00000000
2018-02-26 11:54:58,0.00009319,14.00000000
2018-02-26 11:54:58,0.00009320,78.00000000
2018-02-26 11:54:58,0.00009321,15.00000000
2018-02-26 11:54:59,0.00009321,38.00000000
2018-02-26 11:54:59,0.00009322,69.00000000
2018-02-26 11:55:01,0.00009319,107.00000000
2018-02-26 11:55:04,0.00009319,107.00000000
2018-02-26 11:55:04,0.00009313,658.00000000
2018-02-26 11:55:05,0.00009312,996.00000000
2018-02-26 11:55:05,0.00009313,6.00000000
2018-02-26 11:55:10,0.00009313,1981.00000000
2018-02-26 11:55:22,0.00009316,20.00000000
2018-02-26 11:55:22,0.00009319,60.00000000
2018-02-26 11:55:22,0.00009320,1495.00000000
2018-02-26 11:55:31,0.00009320,77.00000000
2018-02-26 11:55:31,0.00009320,3.00000000
2018-02-26 11:55:31,0.00009322,74.00000000
2018-02-26 11:55:31,0.00009322,292.00000000
2018-02-26 11:55:32,0.00009322,188.00000000
2018-02-26 11:55:32,0.00009322,725.00000000
2018-02-26 11:55:32,0.00009323,467.00000000
2018-02-26 11:55:34,0.00009322,54.00000000
2018-02-26 11:55:34,0.00009320,304.00000000
2018-02-26 11:55:34,0.00009325,1501.00000000
2018-02-26 11:55:38,0.00009326,107.00000000
2018-02-26 11:55:38,0.00009326,331.00000000
2018-02-26 11:55:44,0.00009325,143.00000000
2018-02-26 11:55:53,0.00009325,1434.00000000
2018-02-26 11:55:58,0.00009325,519.00000000
2018-02-26 11:56:00,0.00009324,25.00000000
2018-02-26 11:56:01,0.00009324,1050.00000000
2018-02-26 11:56:01,0.00009325,1295.00000000
2018-02-26 11:56:02,0.00009325,104.00000000
2018-02-26 11:56:02,0.00009326,64.00000000
2018-02-26 11:56:03,0.00009326,1172.00000000
2018-02-26 11:56:05,0.00009313,191.00000000
2018-02-26 11:56:06,0.00009326,258.00000000
2018-02-26 11:56:06,0.00009327,257.00000000
2018-02-26 11:56:11,0.00009325,272.00000000
2018-02-26 11:56:11,0.00009326,16.00000000
2018-02-26 11:56:14,0.00009325,39.00000000
2018-02-26 11:56:15,0.00009314,9.00000000
2018-02-26 11:56:15,0.00009325,107.00000000
2018-02-26 11:56:17,0.00009324,900.00000000
2018-02-26 11:56:20,0.00009314,723.00000000
2018-02-26 11:56:36,0.00009324,392.00000000
2018-02-26 11:56:38,0.00009324,107.00000000
2018-02-26 11:56:40,0.00009314,57.00000000
2018-02-26 11:56:43,0.00009314,18.00000000
2018-02-26 11:56:46,0.00009324,107.00000000
2018-02-26 11:56:53,0.00009323,89.00000000
2018-02-26 11:56:53,0.00009314,220.00000000
2018-02-26 11:56:55,0.00009314,1267.00000000
2018-02-26 11:56:55,0.00009313,130.00000000
2018-02-26 11:56:58,0.00009313,37.00000000
2018-02-26 11:57:02,0.00009323,107.00000000
2018-02-26 11:57:08,0.00009314,85.00000000
2018-02-26 11:57:08,0.00009323,22.00000000
2018-02-26 11:57:10,0.00009313,55.00000000
2018-02-26 11:57:13,0.00009313,38.00000000
2018-02-26 11:57:14,0.00009313,339.00000000
2018-02-26 11:57:16,0.00009313,107.00000000
2018-02-26 11:57:19,0.00009313,130.00000000
2018-02-26 11:57:19,0.00009322,107.00000000
2018-02-26 11:57:26,0.00009305,70.00000000
2018-02-26 11:57:30,0.00009322,52.00000000
2018-02-26 11:57:30,0.00009323,55.00000000
2018-02-26 11:57:30,0.00009323,107.00000000
2018-02-26 11:57:33,0.00009323,350.00000000
2018-02-26 11:57:35,0.00009323,107.00000000
2018-02-26 11:57:36,0.00009314,53.00000000
2018-02-26 11:57:37,0.00009323,107.00000000
2018-02-26 11:57:39,0.00009314,203.00000000
2018-02-26 11:57:41,0.00009314,271.00000000
2018-02-26 11:57:43,0.00009323,107.00000000
2018-02-26 11:57:44,0.00009323,11.00000000
2018-02-26 11:57:45,0.00009323,107.00000000
2018-02-26 11:57:51,0.00009323,107.00000000
2018-02-26 11:57:52,0.00009314,144.00000000
2018-02-26 11:57:56,0.00009322,5.00000000
2018-02-26 11:58:03,0.00009322,1.00000000
2018-02-26 11:58:06,0.00009314,255.00000000
2018-02-26 11:58:09,0.00009314,275.00000000
2018-02-26 11:58:09,0.00009305,488.00000000
2018-02-26 11:58:10,0.00009305,2.00000000
2018-02-26 11:58:11,0.00009322,67.00000000
2018-02-26 11:58:16,0.00009322,35.00000000
2018-02-26 11:58:16,0.00009322,230.00000000
2018-02-26 11:58:20,0.00009306,159.00000000
2018-02-26 11:58:20,0.00009305,241.00000000
2018-02-26 11:58:29,0.00009321,140.00000000
2018-02-26 11:58:39,0.00009320,35.00000000
2018-02-26 11:58:44,0.00009306,280.00000000
2018-02-26 11:58:52,0.00009306,1543.00000000
2018-02-26 11:58:58,0.00009309,40.00000000
2018-02-26 11:58:58,0.00009319,86.00000000
2018-02-26 11:58:58,0.00009320,21.00000000
2018-02-26 11:59:00,0.00009309,201.00000000
2018-02-26 11:59:01,0.00009309,877.00000000
2018-02-26 11:59:01,0.00009306,123.00000000
2018-02-26 11:59:07,0.00009319,159.00000000
2018-02-26 11:59:07,0.00009320,1002.00000000
2018-02-26 11:59:20,0.00009306,39.00000000
2018-02-26 11:59:23,0.00009307,723.00000000
2018-02-26 11:59:23,0.00009306,747.00000000
2018-02-26 11:59:23,0.00009306,42.00000000
2018-02-26 11:59:28,0.00009308,159.00000000
2018-02-26 11:59:35,0.00009319,107.00000000
2018-02-26 11:59:48,0.00009306,245.00000000
2018-02-26 11:59:50,0.00009306,14.00000000
2018-02-26 11:59:54,0.00009306,209.00000000
2018-02-26 11:59:59,0.00009315,21.00000000
