DATE,PRICE,VOLUME
2018-02-26 00:00:05,0.00009420,300.00000000
2018-02-26 00:00:15,0.00009420,46.00000000
2018-02-26 00:00:17,0.00009420,1212.00000000
2018-02-26 00:00:32,0.00009427,108.00000000
2018-02-26 00:00:42,0.00009427,20.00000000
2018-02-26 00:01:15,0.00009420,1069.00000000
2018-02-26 00:01:16,0.00009420,1069.00000000
2018-02-26 00:01:20,0.00009420,1061.00000000
2018-02-26 00:01:26,0.00009426,106.00000000
2018-02-26 00:01:26,0.00009420,1061.00000000
2018-02-26 00:01:27,0.00009420,52.00000000
2018-02-26 00:01:27,0.00009426,22.00000000
2018-02-26 00:01:28,0.00009420,1904.00000000
2018-02-26 00:01:31,0.00009420,1687.00000000
2018-02-26 00:01:34,0.00009426,106.00000000
2018-02-26 00:01:36,0.00009426,106.00000000
2018-02-26 00:01:39,0.00009420,4199.00000000
2018-02-26 00:01:45,0.00009426,67.00000000
2018-02-26 00:01:50,0.00009425,106.00000000
2018-02-26 00:02:00,0.00009425,106.00000000
2018-02-26 00:02:02,0.00009425,114.00000000
2018-02-26 00:02:04,0.00009420,355.00000000
2018-02-26 00:02:07,0.00009425,68.00000000
2018-02-26 00:02:07,0.00009426,32.00000000
2018-02-26 00:02:11,0.00009420,1.00000000
2018-02-26 00:02:12,0.00009420,1.00000000
2018-02-26 00:02:18,0.00009426,111.00000000
2018-02-26 00:02:31,0.00009426,106.00000000
2018-02-26 00:02:33,0.00009423,12.00000000
2018-02-26 00:02:36,0.00009426,106.00000000
2018-02-26 00:02:38,0.00009426,106.00000000
2018-02-26 00:02:41,0.00009426,106.00000000
2018-02-26 00:02:46,0.00009423,261.00000000
2018-02-26 00:02:46,0.00009420,3822.00000000
2018-02-26 00:02:46,0.00009417,704.00000000
2018-02-26 00:02:46,0.00009416,394.00000000
2018-02-26 00:02:46,0.00009415,1409.00000000
2018-02-26 00:02:46,0.00009415,25.00000000
2018-02-26 00:02:46,0.00009413,1001.00000000
2018-02-26 00:02:46,0.00009412,2319.00000000
2018-02-26 00:02:46,0.00009410,534.00000000
2018-02-26 00:02:47,0.00009414,55.00000000
2018-02-26 00:02:49,0.00009414,106.00000000
2018-02-26 00:02:49,0.00009414,113.00000000
2018-02-26 00:02:49,0.00009414,26.00000000
2018-02-26 00:02:49,0.00009424,80.00000000
2018-02-26 00:02:54,0.00009422,550.00000000
2018-02-26 00:02:57,0.00009422,371.00000000
2018-02-26 00:02:57,0.00009426,9631.00000000
2018-02-26 00:02:57,0.00009427,411.00000000
2018-02-26 00:02:57,0.00009428,4958.00000000
2018-02-26 00:03:11,0.00009420,34.00000000
2018-02-26 00:03:11,0.00009410,614.00000000
2018-02-26 00:03:11,0.00009410,375.00000000
2018-02-26 00:03:11,0.00009410,18.00000000
2018-02-26 00:03:11,0.00009410,20.00000000
2018-02-26 00:03:30,0.00009410,965.00000000
2018-02-26 00:03:35,0.00009410,13.00000000
2018-02-26 00:03:35,0.00009409,12.00000000
2018-02-26 00:03:35,0.00009408,996.00000000
2018-02-26 00:03:35,0.00009407,920.00000000
2018-02-26 00:03:36,0.00009407,1080.00000000
2018-02-26 00:03:39,0.00009420,83.00000000
2018-02-26 00:03:43,0.00009406,29.00000000
2018-02-26 00:03:43,0.00009405,1032.00000000
2018-02-26 00:03:43,0.00009408,20.00000000
2018-02-26 00:03:43,0.00009405,582.00000000
2018-02-26 00:03:44,0.00009418,84.00000000
2018-02-26 00:03:45,0.00009406,105.00000000
2018-02-26 00:03:46,0.00009420,12.00000000
2018-02-26 00:03:48,0.00009405,309.00000000
2018-02-26 00:03:49,0.00009405,821.00000000
2018-02-26 00:03:50,0.00009405,240.00000000
2018-02-26 00:03:57,0.00009410,509.00000000
2018-02-26 00:03:57,0.00009402,55.00000000
2018-02-26 00:03:58,0.00009419,766.00000000
2018-02-26 00:04:11,0.00009417,89.00000000
2018-02-26 00:04:13,0.00009417,305.00000000
2018-02-26 00:04:13,0.00009418,135.00000000
2018-02-26 00:04:26,0.00009403,50.00000000
2018-02-26 00:04:26,0.00009402,3.00000000
2018-02-26 00:04:38,0.00009402,116.00000000
2018-02-26 00:04:40,0.00009418,50.00000000
2018-02-26 00:04:41,0.00009418,20.00000000
2018-02-26 00:04:41,0.00009418,491.00000000
2018-02-26 00:04:43,0.00009410,42.00000000
2018-02-26 00:04:47,0.00009410,18.00000000
2018-02-26 00:04:47,0.00009404,11.00000000
2018-02-26 00:04:51,0.00009416,84.00000000
2018-02-26 00:04:57,0.00009417,1000.00000000
2018-02-26 00:05:10,0.00009418,112.00000000
2018-02-26 00:05:13,0.00009418,106.00000000
2018-02-26 00:05:14,0.00009418,718.00000000
2018-02-26 00:05:14,0.00009420,646.00000000
2018-02-26 00:05:15,0.00009422,600.00000000
2018-02-26 00:05:15,0.00009422,501.00000000
2018-02-26 00:05:17,0.00009410,13.00000000
2018-02-26 00:05:18,0.00009410,113.00000000
2018-02-26 00:05:20,0.00009422,131.00000000
2018-02-26 00:05:32,0.00009422,70.00000000
2018-02-26 00:05:48,0.00009422,50.00000000
2018-02-26 00:05:48,0.00009424,5.00000000
2018-02-26 00:05:53,0.00009420,36.00000000
2018-02-26 00:05:53,0.00009423,587.00000000
2018-02-26 00:05:54,0.00009418,56.00000000
2018-02-26 00:06:01,0.00009411,16.00000000
2018-02-26 00:06:09,0.00009411,18.00000000
2018-02-26 00:06:16,0.00009411,300.00000000
2018-02-26 00:06:29,0.00009414,253.00000000
2018-02-26 00:06:29,0.00009412,123.00000000
2018-02-26 00:06:29,0.00009411,45.00000000
2018-02-26 00:06:29,0.00009410,210.00000000
2018-02-26 00:06:29,0.00009405,584.00000000
2018-02-26 00:06:29,0.00009404,140.00000000
2018-02-26 00:06:29,0.00009403,270.00000000
2018-02-26 00:06:29,0.00009402,1375.00000000
2018-02-26 00:06:39,0.00009423,106.00000000
2018-02-26 00:06:44,0.00009423,50.00000000
2018-02-26 00:06:51,0.00009411,188.00000000
2018-02-26 00:06:51,0.00009411,585.00000000
2018-02-26 00:06:52,0.00009411,115.00000000
2018-02-26 00:06:52,0.00009411,612.00000000
2018-02-26 00:06:55,0.00009423,154.00000000
2018-02-26 00:07:02,0.00009411,120.00000000
2018-02-26 00:07:02,0.00009423,82.00000000
2018-02-26 00:07:06,0.00009423,74.00000000
2018-02-26 00:07:09,0.00009422,231.00000000
2018-02-26 00:07:09,0.00009422,106.00000000
2018-02-26 00:07:17,0.00009411,13.00000000
2018-02-26 00:07:17,0.00009411,4.00000000
2018-02-26 00:07:17,0.00009421,574.00000000
2018-02-26 00:07:20,0.00009407,12.00000000
2018-02-26 00:07:21,0.00009422,30.00000000
2018-02-26 00:07:43,0.00009421,20.00000000
2018-02-26 00:07:43,0.00009422,199.00000000
2018-02-26 00:07:46,0.00009422,34.00000000
2018-02-26 00:08:03,0.00009422,11.00000000
2018-02-26 00:08:05,0.00009422,884.00000000
2018-02-26 00:08:07,0.00009413,562.00000000
2018-02-26 00:08:07,0.00009411,617.00000000
2018-02-26 00:08:07,0.00009405,394.00000000
2018-02-26 00:08:07,0.00009404,401.00000000
2018-02-26 00:08:07,0.00009403,17.00000000
2018-02-26 00:08:11,0.00009403,88.00000000
2018-02-26 00:08:13,0.00009421,23.00000000
2018-02-26 00:08:35,0.00009420,35.00000000
2018-02-26 00:08:37,0.00009404,50.00000000
2018-02-26 00:08:45,0.00009418,83.00000000
2018-02-26 00:08:45,0.00009418,140.00000000
2018-02-26 00:08:45,0.00009418,62.00000000
2018-02-26 00:08:46,0.00009419,106.00000000
2018-02-26 00:08:58,0.00009404,11.00000000
2018-02-26 00:09:02,0.00009418,202.00000000
2018-02-26 00:09:14,0.00009419,66.00000000
2018-02-26 00:09:14,0.00009418,471.00000000
2018-02-26 00:09:16,0.00009418,104.00000000
2018-02-26 00:09:22,0.00009404,39.00000000
2018-02-26 00:09:22,0.00009403,175.00000000
2018-02-26 00:09:23,0.00009414,63.00000000
2018-02-26 00:09:24,0.00009409,27.00000000
2018-02-26 00:09:25,0.00009413,23.00000000
2018-02-26 00:09:25,0.00009419,11.00000000
2018-02-26 00:09:30,0.00009418,71.00000000
2018-02-26 00:09:36,0.00009403,218.00000000
2018-02-26 00:09:39,0.00009418,106.00000000
2018-02-26 00:09:43,0.00009418,52.00000000
2018-02-26 00:09:47,0.00009418,5.00000000
2018-02-26 00:09:48,0.00009403,52.00000000
2018-02-26 00:09:51,0.00009403,196.00000000
2018-02-26 00:09:56,0.00009418,107.00000000
2018-02-26 00:09:56,0.00009419,201.00000000
2018-02-26 00:09:56,0.00009420,1092.00000000
2018-02-26 00:09:56,0.00009421,3600.00000000
2018-02-26 00:10:03,0.00009421,202.00000000
2018-02-26 00:10:03,0.00009421,1.00000000
2018-02-26 00:10:10,0.00009420,71.00000000
2018-02-26 00:10:13,0.00009420,3629.00000000
2018-02-26 00:10:13,0.00009421,1371.00000000
2018-02-26 00:10:17,0.00009408,23.00000000
2018-02-26 00:10:17,0.00009406,34.00000000
2018-02-26 00:10:19,0.00009406,223.00000000
2018-02-26 00:10:25,0.00009406,290.00000000
2018-02-26 00:10:27,0.00009406,11.00000000
2018-02-26 00:10:28,0.00009418,107.00000000
2018-02-26 00:10:37,0.00009418,2959.00000000
2018-02-26 00:10:37,0.00009420,128.00000000
2018-02-26 00:10:37,0.00009421,1913.00000000
2018-02-26 00:10:44,0.00009421,106.00000000
2018-02-26 00:10:46,0.00009421,1293.00000000
2018-02-26 00:10:49,0.00009406,32.00000000
2018-02-26 00:10:49,0.00009406,85.00000000
2018-02-26 00:10:51,0.00009406,12.00000000
2018-02-26 00:11:11,0.00009409,14.00000000
2018-02-26 00:11:15,0.00009417,536.00000000
2018-02-26 00:11:30,0.00009417,239.00000000
2018-02-26 00:11:34,0.00009409,33.00000000
2018-02-26 00:11:40,0.00009417,23.00000000
2018-02-26 00:11:47,0.00009417,250.00000000
2018-02-26 00:11:48,0.00009411,259.00000000
2018-02-26 00:11:49,0.00009416,200.00000000
2018-02-26 00:11:49,0.00009416,59.00000000
2018-02-26 00:11:50,0.00009416,739.00000000
2018-02-26 00:11:50,0.00009417,556.00000000
2018-02-26 00:11:51,0.00009417,34.00000000
2018-02-26 00:11:54,0.00009417,2000.00000000
2018-02-26 00:11:54,0.00009408,19.00000000
2018-02-26 00:12:02,0.00009417,2.00000000
2018-02-26 00:12:03,0.00009418,50.00000000
2018-02-26 00:12:08,0.00009417,86.00000000
2018-02-26 00:12:16,0.00009417,238.00000000
2018-02-26 00:12:17,0.00009417,529.00000000
2018-02-26 00:12:23,0.00009420,18.00000000
2018-02-26 00:12:30,0.00009417,91.00000000
2018-02-26 00:12:40,0.00009420,106.00000000
2018-02-26 00:12:40,0.00009420,242.00000000
2018-02-26 00:12:52,0.00009420,261.00000000
2018-02-26 00:13:02,0.00009417,308.00000000
2018-02-26 00:13:28,0.00009417,193.00000000
2018-02-26 00:13:28,0.00009420,106.00000000
2018-02-26 00:13:29,0.00009417,265.00000000
2018-02-26 00:13:30,0.00009420,140.00000000
2018-02-26 00:13:34,0.00009417,150.00000000
2018-02-26 00:13:39,0.00009417,20.00000000
2018-02-26 00:13:45,0.00009417,422.00000000
2018-02-26 00:13:50,0.00009417,468.00000000
2018-02-26 00:13:54,0.00009420,91.00000000
2018-02-26 00:13:56,0.00009420,11.00000000
2018-02-26 00:14:08,0.00009419,300.00000000
2018-02-26 00:14:08,0.00009420,277.00000000
2018-02-26 00:14:08,0.00009421,1136.00000000
2018-02-26 00:14:14,0.00009421,3500.00000000
2018-02-26 00:14:19,0.00009421,383.00000000
2018-02-26 00:14:21,0.00009421,15.00000000
2018-02-26 00:14:34,0.00009417,300.00000000
2018-02-26 00:14:53,0.00009417,18.00000000
2018-02-26 00:14:54,0.00009417,22.00000000
2018-02-26 00:15:20,0.00009417,59.00000000
2018-02-26 00:15:26,0.00009417,36.00000000
2018-02-26 00:15:30,0.00009417,3.00000000
2018-02-26 00:15:34,0.00009417,97.00000000
2018-02-26 00:15:35,0.00009417,8.00000000
2018-02-26 00:15:35,0.00009421,92.00000000
2018-02-26 00:15:44,0.00009421,106.00000000
2018-02-26 00:15:53,0.00009421,104.00000000
2018-02-26 00:16:34,0.00009421,106.00000000
2018-02-26 00:16:36,0.00009421,2.00000000
2018-02-26 00:16:47,0.00009417,244.00000000
2018-02-26 00:16:47,0.00009417,12.00000000
2018-02-26 00:16:55,0.00009410,132.00000000
2018-02-26 00:16:56,0.00009417,28.00000000
2018-02-26 00:16:56,0.00009421,76.00000000
2018-02-26 00:17:05,0.00009421,34.00000000
2018-02-26 00:17:09,0.00009421,100.00000000
2018-02-26 00:17:09,0.00009421,107.00000000
2018-02-26 00:17:09,0.00009421,107.00000000
2018-02-26 00:17:12,0.00009421,78.00000000
2018-02-26 00:17:27,0.00009415,61.00000000
2018-02-26 00:17:28,0.00009410,127.00000000
2018-02-26 00:17:28,0.00009409,490.00000000
2018-02-26 00:17:29,0.00009415,99.00000000
2018-02-26 00:17:35,0.00009409,32.00000000
2018-02-26 00:17:35,0.00009408,2504.00000000
2018-02-26 00:17:37,0.00009408,133.00000000
2018-02-26 00:17:37,0.00009407,183.00000000
2018-02-26 00:17:39,0.00009408,425.00000000
2018-02-26 00:17:40,0.00009408,503.00000000
2018-02-26 00:17:40,0.00009407,17.00000000
2018-02-26 00:17:40,0.00009406,178.00000000
2018-02-26 00:17:40,0.00009404,660.00000000
2018-02-26 00:17:41,0.00009420,154.00000000
2018-02-26 00:17:43,0.00009404,575.00000000
2018-02-26 00:17:43,0.00009404,254.00000000
2018-02-26 00:17:43,0.00009404,179.00000000
2018-02-26 00:17:43,0.00009404,90.00000000
2018-02-26 00:17:43,0.00009404,432.00000000
2018-02-26 00:18:14,0.00009406,279.00000000
2018-02-26 00:18:14,0.00009406,936.00000000
2018-02-26 00:18:14,0.00009405,94.00000000
2018-02-26 00:18:20,0.00009418,3.00000000
2018-02-26 00:18:28,0.00009405,1065.00000000
2018-02-26 00:18:29,0.00009405,132.00000000
2018-02-26 00:18:29,0.00009403,399.00000000
2018-02-26 00:18:35,0.00009418,106.00000000
2018-02-26 00:18:41,0.00009417,106.00000000
2018-02-26 00:18:46,0.00009417,105.00000000
2018-02-26 00:18:51,0.00009404,66.00000000
2018-02-26 00:18:54,0.00009417,27.00000000
2018-02-26 00:18:55,0.00009404,170.00000000
2018-02-26 00:19:07,0.00009417,2.00000000
2018-02-26 00:19:25,0.00009415,106.00000000
2018-02-26 00:19:29,0.00009405,23.00000000
2018-02-26 00:19:32,0.00009415,23.00000000
2018-02-26 00:19:35,0.00009408,76.00000000
2018-02-26 00:19:35,0.00009406,182.00000000
2018-02-26 00:19:40,0.00009415,183.00000000
2018-02-26 00:19:42,0.00009415,82.00000000
2018-02-26 00:19:42,0.00009417,24.00000000
2018-02-26 00:19:47,0.00009410,50.00000000
2018-02-26 00:19:47,0.00009415,89.00000000
2018-02-26 00:19:48,0.00009415,84.00000000
2018-02-26 00:19:48,0.00009415,218.00000000
2018-02-26 00:19:52,0.00009417,21.00000000
2018-02-26 00:19:54,0.00009407,212.00000000
2018-02-26 00:20:10,0.00009416,211.00000000
2018-02-26 00:20:10,0.00009417,39.00000000
2018-02-26 00:20:12,0.00009409,182.00000000
2018-02-26 00:20:12,0.00009408,879.00000000
2018-02-26 00:20:12,0.00009407,1025.00000000
2018-02-26 00:20:12,0.00009405,390.00000000
2018-02-26 00:20:17,0.00009405,550.00000000
2018-02-26 00:20:17,0.00009404,57.00000000
2018-02-26 00:20:17,0.00009403,220.00000000
2018-02-26 00:20:20,0.00009403,2209.00000000
2018-02-26 00:20:20,0.00009402,532.00000000
2018-02-26 00:20:28,0.00009404,1272.00000000
2018-02-26 00:20:28,0.00009402,3471.00000000
2018-02-26 00:20:32,0.00009417,43.00000000
2018-02-26 00:20:41,0.00009416,106.00000000
2018-02-26 00:20:44,0.00009414,21.00000000
2018-02-26 00:20:44,0.00009414,21.00000000
2018-02-26 00:20:44,0.00009416,1440.00000000
2018-02-26 00:20:44,0.00009417,334.00000000
2018-02-26 00:20:46,0.00009407,42.00000000
2018-02-26 00:20:55,0.00009409,82.00000000
2018-02-26 00:20:56,0.00009409,425.00000000
2018-02-26 00:21:02,0.00009407,705.00000000
2018-02-26 00:21:11,0.00009410,615.00000000
2018-02-26 00:21:17,0.00009410,391.00000000
2018-02-26 00:21:21,0.00009410,21.00000000
2018-02-26 00:21:21,0.00009409,118.00000000
2018-02-26 00:21:22,0.00009409,212.00000000
2018-02-26 00:21:24,0.00009409,164.00000000
2018-02-26 00:21:24,0.00009411,574.00000000
2018-02-26 00:21:30,0.00009411,4304.00000000
2018-02-26 00:21:31,0.00009410,138.00000000
2018-02-26 00:21:31,0.00009407,1061.00000000
2018-02-26 00:21:31,0.00009405,610.00000000
2018-02-26 00:21:39,0.00009410,1061.00000000
2018-02-26 00:21:44,0.00009409,42.00000000
2018-02-26 00:21:44,0.00009405,48.00000000
2018-02-26 00:21:45,0.00009410,1061.00000000
2018-02-26 00:21:51,0.00009410,1061.00000000
2018-02-26 00:21:54,0.00009405,17.00000000
2018-02-26 00:21:56,0.00009410,60.00000000
2018-02-26 00:21:57,0.00009410,1061.00000000
2018-02-26 00:22:04,0.00009410,627.00000000
2018-02-26 00:22:04,0.00009410,212.00000000
2018-02-26 00:22:04,0.00009410,222.00000000
2018-02-26 00:22:04,0.00009405,23.00000000
2018-02-26 00:22:04,0.00009404,3477.00000000
2018-02-26 00:22:09,0.00009411,98.00000000
2018-02-26 00:22:09,0.00009415,1247.00000000
2018-02-26 00:22:18,0.00009405,138.00000000
2018-02-26 00:22:19,0.00009415,99.00000000
2018-02-26 00:22:21,0.00009415,165.00000000
2018-02-26 00:22:21,0.00009415,56.00000000
2018-02-26 00:22:22,0.00009415,8.00000000
2018-02-26 00:22:36,0.00009415,73.00000000
2018-02-26 00:22:36,0.00009416,33.00000000
2018-02-26 00:22:44,0.00009407,31.00000000
2018-02-26 00:22:53,0.00009409,22.00000000
2018-02-26 00:22:53,0.00009407,59.00000000
2018-02-26 00:23:00,0.00009407,637.00000000
2018-02-26 00:23:15,0.00009408,374.00000000
2018-02-26 00:23:19,0.00009408,744.00000000
2018-02-26 00:23:24,0.00009408,329.00000000
2018-02-26 00:23:39,0.00009408,403.00000000
2018-02-26 00:23:43,0.00009408,1381.00000000
2018-02-26 00:23:47,0.00009415,94.00000000
2018-02-26 00:23:48,0.00009408,200.00000000
2018-02-26 00:23:58,0.00009415,10.00000000
2018-02-26 00:24:10,0.00009415,315.00000000
2018-02-26 00:24:10,0.00009417,422.00000000
2018-02-26 00:24:25,0.00009408,216.00000000
2018-02-26 00:24:31,0.00009408,500.00000000
2018-02-26 00:24:39,0.00009410,37.00000000
2018-02-26 00:24:46,0.00009417,5.00000000
2018-02-26 00:24:51,0.00009417,1170.00000000
2018-02-26 00:24:59,0.00009417,52.00000000
2018-02-26 00:24:59,0.00009418,96.00000000
2018-02-26 00:25:05,0.00009418,224.00000000
2018-02-26 00:25:14,0.00009410,160.00000000
2018-02-26 00:25:15,0.00009418,177.00000000
2018-02-26 00:25:21,0.00009418,100.00000000
2018-02-26 00:25:28,0.00009410,25.00000000
2018-02-26 00:25:30,0.00009409,99.00000000
2018-02-26 00:25:33,0.00009409,25.00000000
2018-02-26 00:25:35,0.00009409,14.00000000
2018-02-26 00:25:35,0.00009408,11.00000000
2018-02-26 00:25:40,0.00009417,106.00000000
2018-02-26 00:26:00,0.00009417,106.00000000
2018-02-26 00:26:11,0.00009417,21.00000000
2018-02-26 00:26:11,0.00009417,54.00000000
2018-02-26 00:26:16,0.00009417,57.00000000
2018-02-26 00:26:25,0.00009408,637.00000000
2018-02-26 00:26:29,0.00009417,48.00000000
2018-02-26 00:26:29,0.00009417,11.00000000
2018-02-26 00:26:30,0.00009417,106.00000000
2018-02-26 00:26:37,0.00009408,212.00000000
2018-02-26 00:26:52,0.00009405,60.00000000
2018-02-26 00:26:56,0.00009415,90.00000000
2018-02-26 00:26:59,0.00009415,66.00000000
2018-02-26 00:27:04,0.00009405,1.00000000
2018-02-26 00:27:07,0.00009405,236.00000000
2018-02-26 00:27:13,0.00009415,31.00000000
2018-02-26 00:27:17,0.00009405,23.00000000
2018-02-26 00:27:18,0.00009405,1169.00000000
2018-02-26 00:27:18,0.00009415,1.00000000
2018-02-26 00:27:30,0.00009408,318.00000000
2018-02-26 00:27:31,0.00009415,38.00000000
2018-02-26 00:27:31,0.00009416,102.00000000
2018-02-26 00:27:33,0.00009416,128.00000000
2018-02-26 00:27:34,0.00009415,50.00000000
2018-02-26 00:27:34,0.00009416,4.00000000
2018-02-26 00:27:34,0.00009417,52.00000000
2018-02-26 00:27:37,0.00009408,234.00000000
2018-02-26 00:27:37,0.00009405,566.00000000
2018-02-26 00:27:42,0.00009415,24.00000000
2018-02-26 00:27:47,0.00009415,37.00000000
2018-02-26 00:27:47,0.00009415,66.00000000
2018-02-26 00:27:49,0.00009415,289.00000000
2018-02-26 00:27:49,0.00009416,43.00000000
2018-02-26 00:28:07,0.00009406,43.00000000
2018-02-26 00:28:07,0.00009405,985.00000000
2018-02-26 00:28:07,0.00009404,3972.00000000
2018-02-26 00:28:08,0.00009404,936.00000000
2018-02-26 00:28:09,0.00009404,936.00000000
2018-02-26 00:28:09,0.00009404,3757.00000000
2018-02-26 00:28:09,0.00009402,1243.00000000
2018-02-26 00:28:11,0.00009402,930.00000000
2018-02-26 00:28:12,0.00009402,5000.00000000
2018-02-26 00:28:14,0.00009411,15.00000000
2018-02-26 00:28:14,0.00009402,1489.00000000
2018-02-26 00:28:19,0.00009402,109.00000000
2018-02-26 00:28:21,0.00009402,49.00000000
2018-02-26 00:28:31,0.00009402,1061.00000000
2018-02-26 00:28:33,0.00009407,106.00000000
2018-02-26 00:28:33,0.00009402,106.00000000
2018-02-26 00:28:33,0.00009407,106.00000000
2018-02-26 00:28:33,0.00009407,73.00000000
2018-02-26 00:28:33,0.00009408,179.00000000
2018-02-26 00:28:34,0.00009408,106.00000000
2018-02-26 00:28:37,0.00009402,117.00000000
2018-02-26 00:28:38,0.00009402,159.00000000
2018-02-26 00:28:40,0.00009402,106.00000000
2018-02-26 00:28:40,0.00009402,679.00000000
2018-02-26 00:28:40,0.00009408,179.00000000
2018-02-26 00:28:43,0.00009401,276.00000000
2018-02-26 00:29:02,0.00009401,25.00000000
2018-02-26 00:29:24,0.00009401,114.00000000
2018-02-26 00:29:25,0.00009401,45.00000000
2018-02-26 00:29:44,0.00009407,21.00000000
2018-02-26 00:29:45,0.00009401,250.00000000
2018-02-26 00:30:02,0.00009402,10.00000000
2018-02-26 00:30:07,0.00009402,2492.00000000
2018-02-26 00:30:08,0.00009405,65.00000000
2018-02-26 00:30:13,0.00009402,1061.00000000
2018-02-26 00:30:15,0.00009402,508.00000000
2018-02-26 00:30:19,0.00009402,925.00000000
2018-02-26 00:30:20,0.00009401,431.00000000
2018-02-26 00:30:27,0.00009401,54.00000000
2018-02-26 00:30:34,0.00009401,294.00000000
2018-02-26 00:30:39,0.00009401,109.00000000
2018-02-26 00:30:39,0.00009401,44.00000000
2018-02-26 00:30:39,0.00009400,17.00000000
2018-02-26 00:30:42,0.00009400,5318.00000000
2018-02-26 00:30:43,0.00009401,532.00000000
2018-02-26 00:30:48,0.00009401,21.00000000
2018-02-26 00:30:50,0.00009401,15.00000000
2018-02-26 00:30:51,0.00009401,23.00000000
2018-02-26 00:30:53,0.00009400,1061.00000000
2018-02-26 00:30:54,0.00009400,477.00000000
2018-02-26 00:30:59,0.00009400,656.00000000
2018-02-26 00:31:03,0.00009400,106.00000000
2018-02-26 00:31:05,0.00009399,406.00000000
2018-02-26 00:31:05,0.00009399,544.00000000
2018-02-26 00:31:08,0.00009396,541.00000000
2018-02-26 00:31:13,0.00009396,459.00000000
2018-02-26 00:31:28,0.00009396,697.00000000
2018-02-26 00:31:31,0.00009396,195.00000000
2018-02-26 00:31:32,0.00009392,22.00000000
2018-02-26 00:31:33,0.00009396,55.00000000
2018-02-26 00:31:35,0.00009392,1360.00000000
2018-02-26 00:31:35,0.00009396,36.00000000
2018-02-26 00:31:37,0.00009396,25.00000000
2018-02-26 00:31:38,0.00009392,115.00000000
2018-02-26 00:31:39,0.00009392,1095.00000000
2018-02-26 00:31:42,0.00009392,306.00000000
2018-02-26 00:31:42,0.00009392,51.00000000
2018-02-26 00:31:43,0.00009392,69.00000000
2018-02-26 00:31:49,0.00009396,32.00000000
2018-02-26 00:31:51,0.00009396,1599.00000000
2018-02-26 00:31:53,0.00009391,782.00000000
2018-02-26 00:32:04,0.00009392,165.00000000
2018-02-26 00:32:05,0.00009392,441.00000000
2018-02-26 00:32:07,0.00009399,18.00000000
2018-02-26 00:32:14,0.00009392,533.00000000
2018-02-26 00:32:21,0.00009392,595.00000000
2018-02-26 00:32:23,0.00009392,28.00000000
2018-02-26 00:32:24,0.00009392,1061.00000000
2018-02-26 00:32:29,0.00009399,64.00000000
2018-02-26 00:32:30,0.00009394,539.00000000
2018-02-26 00:32:30,0.00009392,522.00000000
2018-02-26 00:32:31,0.00009392,363.00000000
2018-02-26 00:32:32,0.00009391,68.00000000
2018-02-26 00:32:32,0.00009390,22.00000000
2018-02-26 00:32:33,0.00009392,241.00000000
2018-02-26 00:32:35,0.00009392,532.00000000
2018-02-26 00:32:36,0.00009390,797.00000000
2018-02-26 00:32:36,0.00009390,264.00000000
2018-02-26 00:32:36,0.00009392,794.00000000
2018-02-26 00:32:37,0.00009392,532.00000000
2018-02-26 00:32:37,0.00009392,13.00000000
2018-02-26 00:32:41,0.00009389,21.00000000
2018-02-26 00:32:41,0.00009389,382.00000000
2018-02-26 00:32:42,0.00009389,461.00000000
2018-02-26 00:32:42,0.00009391,72.00000000
2018-02-26 00:32:44,0.00009391,220.00000000
2018-02-26 00:32:45,0.00009391,184.00000000
2018-02-26 00:32:45,0.00009391,647.00000000
2018-02-26 00:32:48,0.00009391,141.00000000
2018-02-26 00:32:48,0.00009391,18.00000000
2018-02-26 00:32:49,0.00009391,71.00000000
2018-02-26 00:32:51,0.00009388,603.00000000
2018-02-26 00:32:53,0.00009392,1206.00000000
2018-02-26 00:33:08,0.00009392,532.00000000
2018-02-26 00:33:10,0.00009392,884.00000000
2018-02-26 00:33:11,0.00009388,51.00000000
2018-02-26 00:33:19,0.00009392,21.00000000
2018-02-26 00:33:19,0.00009392,229.00000000
2018-02-26 00:33:20,0.00009392,124.00000000
2018-02-26 00:33:21,0.00009399,10.00000000
2018-02-26 00:33:21,0.00009392,347.00000000
2018-02-26 00:33:22,0.00009391,111.00000000
2018-02-26 00:33:23,0.00009389,574.00000000
2018-02-26 00:33:23,0.00009388,459.00000000
2018-02-26 00:33:28,0.00009391,150.00000000
2018-02-26 00:33:28,0.00009391,190.00000000
2018-02-26 00:33:30,0.00009391,400.00000000
2018-02-26 00:33:30,0.00009391,218.00000000
2018-02-26 00:33:31,0.00009391,583.00000000
2018-02-26 00:33:33,0.00009391,1.00000000
2018-02-26 00:33:33,0.00009399,887.00000000
2018-02-26 00:33:33,0.00009400,897.00000000
2018-02-26 00:33:36,0.00009392,430.00000000
2018-02-26 00:33:37,0.00009392,270.00000000
2018-02-26 00:33:37,0.00009400,256.00000000
2018-02-26 00:33:37,0.00009400,765.00000000
2018-02-26 00:33:37,0.00009401,1975.00000000
2018-02-26 00:33:41,0.00009389,1000.00000000
2018-02-26 00:33:48,0.00009401,32.00000000
2018-02-26 00:33:48,0.00009401,221.00000000
2018-02-26 00:33:49,0.00009400,32.00000000
2018-02-26 00:33:50,0.00009389,32.00000000
2018-02-26 00:33:50,0.00009388,606.00000000
2018-02-26 00:33:50,0.00009388,32.00000000
2018-02-26 00:33:51,0.00009388,76.00000000
2018-02-26 00:33:52,0.00009388,109.00000000
2018-02-26 00:33:52,0.00009388,560.00000000
2018-02-26 00:33:53,0.00009388,206.00000000
2018-02-26 00:33:53,0.00009388,57.00000000
2018-02-26 00:33:54,0.00009388,936.00000000
2018-02-26 00:33:54,0.00009388,198.00000000
2018-02-26 00:33:55,0.00009388,18.00000000
2018-02-26 00:33:56,0.00009388,32.00000000
2018-02-26 00:33:56,0.00009388,57.00000000
2018-02-26 00:33:57,0.00009388,40.00000000
2018-02-26 00:33:57,0.00009388,12.00000000
2018-02-26 00:33:58,0.00009388,22.00000000
2018-02-26 00:33:58,0.00009388,90.00000000
2018-02-26 00:33:59,0.00009388,15.00000000
2018-02-26 00:33:59,0.00009386,46.00000000
2018-02-26 00:34:00,0.00009388,700.00000000
2018-02-26 00:34:00,0.00009388,42.00000000
2018-02-26 00:34:01,0.00009388,4579.00000000
2018-02-26 00:34:01,0.00009388,2290.00000000
2018-02-26 00:34:01,0.00009388,2236.00000000
2018-02-26 00:34:01,0.00009388,648.00000000
2018-02-26 00:34:01,0.00009389,3693.00000000
2018-02-26 00:34:02,0.00009386,474.00000000
2018-02-26 00:34:02,0.00009386,32.00000000
2018-02-26 00:34:07,0.00009389,1414.00000000
2018-02-26 00:34:07,0.00009400,169.00000000
2018-02-26 00:34:07,0.00009400,1104.00000000
2018-02-26 00:34:07,0.00009401,1.00000000
2018-02-26 00:34:07,0.00009404,500.00000000
2018-02-26 00:34:07,0.00009405,358.00000000
2018-02-26 00:34:07,0.00009406,591.00000000
2018-02-26 00:34:07,0.00009406,34.00000000
2018-02-26 00:34:07,0.00009407,711.00000000
2018-02-26 00:34:12,0.00009401,21.00000000
2018-02-26 00:34:23,0.00009390,47.00000000
2018-02-26 00:34:29,0.00009399,769.00000000
2018-02-26 00:34:32,0.00009399,32.00000000
2018-02-26 00:34:33,0.00009399,106.00000000
2018-02-26 00:34:36,0.00009399,106.00000000
2018-02-26 00:34:36,0.00009399,73.00000000
2018-02-26 00:34:36,0.00009400,33.00000000
2018-02-26 00:34:36,0.00009390,945.00000000
2018-02-26 00:34:43,0.00009390,691.00000000
2018-02-26 00:34:43,0.00009390,52.00000000
2018-02-26 00:34:43,0.00009390,463.00000000
2018-02-26 00:34:43,0.00009390,90.00000000
2018-02-26 00:34:44,0.00009390,98.00000000
2018-02-26 00:34:54,0.00009390,620.00000000
2018-02-26 00:34:57,0.00009390,171.00000000
2018-02-26 00:34:57,0.00009386,254.00000000
2018-02-26 00:34:57,0.00009386,100.00000000
2018-02-26 00:34:57,0.00009386,100.00000000
2018-02-26 00:35:00,0.00009386,11.00000000
2018-02-26 00:35:07,0.00009385,784.00000000
2018-02-26 00:35:07,0.00009384,153.00000000
2018-02-26 00:35:07,0.00009382,815.00000000
2018-02-26 00:35:10,0.00009382,579.00000000
2018-02-26 00:35:10,0.00009381,521.00000000
2018-02-26 00:35:10,0.00009380,175.00000000
2018-02-26 00:35:10,0.00009378,36.00000000
2018-02-26 00:35:10,0.00009377,3.00000000
2018-02-26 00:35:10,0.00009380,90.00000000
2018-02-26 00:35:12,0.00009377,981.00000000
2018-02-26 00:35:12,0.00009376,5.00000000
2018-02-26 00:35:12,0.00009377,625.00000000
2018-02-26 00:35:12,0.00009376,555.00000000
2018-02-26 00:35:12,0.00009375,233.00000000
2018-02-26 00:35:12,0.00009375,839.00000000
2018-02-26 00:35:12,0.00009374,21.00000000
2018-02-26 00:35:13,0.00009374,18.00000000
2018-02-26 00:35:13,0.00009374,34.00000000
2018-02-26 00:35:13,0.00009383,36.00000000
2018-02-26 00:35:14,0.00009386,112.00000000
2018-02-26 00:35:14,0.00009386,50.00000000
2018-02-26 00:35:14,0.00009390,100.00000000
2018-02-26 00:35:14,0.00009383,36.00000000
2018-02-26 00:35:14,0.00009373,17.00000000
2018-02-26 00:35:14,0.00009372,108.00000000
2018-02-26 00:35:14,0.00009371,72.00000000
2018-02-26 00:35:14,0.00009370,2314.00000000
2018-02-26 00:35:14,0.00009369,66.00000000
2018-02-26 00:35:14,0.00009368,125.00000000
2018-02-26 00:35:14,0.00009367,221.00000000
2018-02-26 00:35:14,0.00009367,155.00000000
2018-02-26 00:35:14,0.00009367,230.00000000
2018-02-26 00:35:15,0.00009390,16.00000000
2018-02-26 00:35:16,0.00009391,13.00000000
2018-02-26 00:35:16,0.00009391,237.00000000
2018-02-26 00:35:22,0.00009399,32.00000000
2018-02-26 00:35:32,0.00009391,3396.00000000
2018-02-26 00:35:32,0.00009373,208.00000000
2018-02-26 00:35:35,0.00009394,4.00000000
2018-02-26 00:35:35,0.00009374,18.00000000
2018-02-26 00:35:35,0.00009373,52.00000000
2018-02-26 00:35:35,0.00009394,1429.00000000
2018-02-26 00:35:35,0.00009395,560.00000000
2018-02-26 00:35:35,0.00009396,894.00000000
2018-02-26 00:35:35,0.00009400,37.00000000
2018-02-26 00:35:35,0.00009401,247.00000000
2018-02-26 00:35:36,0.00009401,8.00000000
2018-02-26 00:35:36,0.00009406,417.00000000
2018-02-26 00:35:41,0.00009404,478.00000000
2018-02-26 00:35:46,0.00009401,37.00000000
2018-02-26 00:35:51,0.00009399,32.00000000
2018-02-26 00:35:51,0.00009406,68.00000000
2018-02-26 00:36:00,0.00009401,21.00000000
2018-02-26 00:36:04,0.00009399,356.00000000
2018-02-26 00:36:09,0.00009399,54.00000000
2018-02-26 00:36:13,0.00009399,95.00000000
2018-02-26 00:36:16,0.00009401,15.00000000
2018-02-26 00:36:37,0.00009399,112.00000000
2018-02-26 00:36:38,0.00009401,3274.00000000
2018-02-26 00:36:46,0.00009390,40.00000000
2018-02-26 00:36:46,0.00009390,260.00000000
2018-02-26 00:36:54,0.00009403,18.00000000
2018-02-26 00:37:20,0.00009403,110.00000000
2018-02-26 00:37:20,0.00009404,63.00000000
2018-02-26 00:37:39,0.00009402,111.00000000
2018-02-26 00:37:56,0.00009400,15.00000000
2018-02-26 00:38:15,0.00009400,337.00000000
2018-02-26 00:38:15,0.00009397,259.00000000
2018-02-26 00:38:15,0.00009395,274.00000000
2018-02-26 00:38:15,0.00009395,241.00000000
2018-02-26 00:38:16,0.00009400,49.00000000
2018-02-26 00:38:17,0.00009400,5.00000000
2018-02-26 00:38:17,0.00009395,107.00000000
2018-02-26 00:38:18,0.00009395,50.00000000
2018-02-26 00:38:18,0.00009395,49.00000000
2018-02-26 00:38:30,0.00009396,106.00000000
2018-02-26 00:38:31,0.00009389,276.00000000
2018-02-26 00:38:31,0.00009382,57.00000000
2018-02-26 00:38:32,0.00009396,54.00000000
2018-02-26 00:38:36,0.00009396,52.00000000
2018-02-26 00:38:53,0.00009390,135.00000000
2018-02-26 00:38:54,0.00009390,3.00000000
2018-02-26 00:39:10,0.00009391,139.00000000
2018-02-26 00:39:12,0.00009391,54.00000000
2018-02-26 00:39:32,0.00009390,176.00000000
2018-02-26 00:39:33,0.00009390,532.00000000
2018-02-26 00:39:52,0.00009391,11.00000000
2018-02-26 00:39:55,0.00009390,3450.00000000
2018-02-26 00:39:56,0.00009391,22.00000000
2018-02-26 00:40:12,0.00009391,476.00000000
2018-02-26 00:40:13,0.00009391,323.00000000
2018-02-26 00:40:13,0.00009390,205.00000000
2018-02-26 00:40:20,0.00009390,1506.00000000
2018-02-26 00:40:33,0.00009390,1478.00000000
2018-02-26 00:40:39,0.00009391,49.00000000
2018-02-26 00:40:41,0.00009391,26.00000000
2018-02-26 00:40:42,0.00009390,532.00000000
2018-02-26 00:40:49,0.00009390,690.00000000
2018-02-26 00:41:03,0.00009390,65.00000000
2018-02-26 00:41:05,0.00009390,645.00000000
2018-02-26 00:41:07,0.00009386,361.00000000
2018-02-26 00:41:08,0.00009386,39.00000000
2018-02-26 00:41:12,0.00009386,504.00000000
2018-02-26 00:41:12,0.00009385,1188.00000000
2018-02-26 00:41:12,0.00009385,3000.00000000
2018-02-26 00:41:13,0.00009391,35.00000000
2018-02-26 00:41:19,0.00009385,946.00000000
2018-02-26 00:41:20,0.00009399,106.00000000
2018-02-26 00:41:28,0.00009399,106.00000000
2018-02-26 00:41:34,0.00009398,106.00000000
2018-02-26 00:41:40,0.00009386,106.00000000
2018-02-26 00:41:40,0.00009385,903.00000000
2018-02-26 00:41:43,0.00009385,1189.00000000
2018-02-26 00:41:48,0.00009385,419.00000000
2018-02-26 00:41:48,0.00009382,181.00000000
2018-02-26 00:41:51,0.00009391,322.00000000
2018-02-26 00:41:57,0.00009391,106.00000000
2018-02-26 00:41:59,0.00009391,107.00000000
2018-02-26 00:42:00,0.00009391,25.00000000
2018-02-26 00:42:03,0.00009391,251.00000000
2018-02-26 00:42:03,0.00009398,963.00000000
2018-02-26 00:42:06,0.00009397,106.00000000
2018-02-26 00:42:09,0.00009397,21.00000000
2018-02-26 00:42:15,0.00009397,48.00000000
2018-02-26 00:42:33,0.00009391,12.00000000
2018-02-26 00:42:52,0.00009397,4.00000000
2018-02-26 00:42:55,0.00009392,33.00000000
2018-02-26 00:43:14,0.00009397,209.00000000
2018-02-26 00:43:26,0.00009399,24.00000000
2018-02-26 00:43:34,0.00009399,116.00000000
2018-02-26 00:43:48,0.00009399,106.00000000
2018-02-26 00:43:53,0.00009399,63.00000000
2018-02-26 00:43:59,0.00009399,66.00000000
2018-02-26 00:44:01,0.00009399,106.00000000
2018-02-26 00:44:03,0.00009392,1576.00000000
2018-02-26 00:44:03,0.00009391,311.00000000
2018-02-26 00:44:05,0.00009399,92.00000000
2018-02-26 00:44:11,0.00009399,99.00000000
2018-02-26 00:44:12,0.00009399,106.00000000
2018-02-26 00:44:34,0.00009399,1887.00000000
2018-02-26 00:44:34,0.00009400,7717.00000000
2018-02-26 00:44:37,0.00009401,106.00000000
2018-02-26 00:44:42,0.00009401,106.00000000
2018-02-26 00:44:43,0.00009401,45.00000000
2018-02-26 00:44:44,0.00009401,959.00000000
2018-02-26 00:44:47,0.00009403,34.00000000
2018-02-26 00:44:51,0.00009401,102.00000000
2018-02-26 00:44:51,0.00009400,1038.00000000
2018-02-26 00:44:56,0.00009403,377.00000000
2018-02-26 00:44:56,0.00009404,104.00000000
2018-02-26 00:44:56,0.00009405,57.00000000
2018-02-26 00:44:56,0.00009408,11.00000000
2018-02-26 00:44:56,0.00009409,25.00000000
2018-02-26 00:44:56,0.00009410,2725.00000000
2018-02-26 00:44:56,0.00009410,462.00000000
2018-02-26 00:44:56,0.00009410,90.00000000
2018-02-26 00:44:56,0.00009410,532.00000000
2018-02-26 00:44:57,0.00009410,50.00000000
2018-02-26 00:44:58,0.00009410,532.00000000
2018-02-26 00:44:59,0.00009410,90.00000000
2018-02-26 00:45:00,0.00009410,532.00000000
2018-02-26 00:45:02,0.00009410,532.00000000
2018-02-26 00:45:02,0.00009416,16.00000000
2018-02-26 00:45:02,0.00009416,106.00000000
2018-02-26 00:45:03,0.00009410,152.00000000
2018-02-26 00:45:04,0.00009410,106.00000000
2018-02-26 00:45:08,0.00009410,532.00000000
2018-02-26 00:45:08,0.00009416,2.00000000
2018-02-26 00:45:10,0.00009410,106.00000000
2018-02-26 00:45:11,0.00009417,106.00000000
2018-02-26 00:45:12,0.00009410,106.00000000
2018-02-26 00:45:13,0.00009410,74.00000000
2018-02-26 00:45:15,0.00009410,84.00000000
2018-02-26 00:45:15,0.00009403,164.00000000
2018-02-26 00:45:20,0.00009414,1.00000000
2018-02-26 00:45:28,0.00009414,20.00000000
2018-02-26 00:45:28,0.00009415,14.00000000
2018-02-26 00:45:28,0.00009417,147.00000000
2018-02-26 00:45:28,0.00009418,2244.00000000
2018-02-26 00:45:28,0.00009419,565.00000000
2018-02-26 00:45:28,0.00009420,9010.00000000
2018-02-26 00:45:35,0.00009400,1.00000000
2018-02-26 00:45:35,0.00009413,1.00000000
2018-02-26 00:45:38,0.00009400,19.00000000
2018-02-26 00:45:39,0.00009413,106.00000000
2018-02-26 00:45:42,0.00009413,106.00000000
2018-02-26 00:45:45,0.00009413,106.00000000
2018-02-26 00:45:54,0.00009413,106.00000000
2018-02-26 00:45:56,0.00009400,59.00000000
2018-02-26 00:45:57,0.00009400,303.00000000
2018-02-26 00:45:57,0.00009413,2391.00000000
2018-02-26 00:45:57,0.00009420,2609.00000000
2018-02-26 00:45:59,0.00009420,106.00000000
2018-02-26 00:46:00,0.00009401,298.00000000
2018-02-26 00:46:02,0.00009401,941.00000000
2018-02-26 00:46:02,0.00009400,73.00000000
2018-02-26 00:46:07,0.00009394,1300.00000000
2018-02-26 00:46:07,0.00009393,1061.00000000
2018-02-26 00:46:07,0.00009391,130.00000000
2018-02-26 00:46:07,0.00009390,220.00000000
2018-02-26 00:46:07,0.00009389,963.00000000
2018-02-26 00:46:07,0.00009389,900.00000000
2018-02-26 00:46:07,0.00009389,1517.00000000
2018-02-26 00:46:07,0.00009389,731.00000000
2018-02-26 00:46:10,0.00009412,1700.00000000
2018-02-26 00:46:10,0.00009413,531.00000000
2018-02-26 00:46:10,0.00009414,708.00000000
2018-02-26 00:46:10,0.00009417,560.00000000
2018-02-26 00:46:10,0.00009420,110.00000000
2018-02-26 00:46:10,0.00009421,1834.00000000
2018-02-26 00:46:17,0.00009419,106.00000000
2018-02-26 00:46:17,0.00009419,106.00000000
2018-02-26 00:46:21,0.00009419,688.00000000
2018-02-26 00:46:21,0.00009420,1862.00000000
2018-02-26 00:46:21,0.00009421,2450.00000000
2018-02-26 00:46:25,0.00009403,111.00000000
2018-02-26 00:46:32,0.00009417,87.00000000
2018-02-26 00:46:33,0.00009401,106.00000000
2018-02-26 00:46:37,0.00009419,106.00000000
2018-02-26 00:46:38,0.00009419,106.00000000
2018-02-26 00:46:53,0.00009419,55.00000000
2018-02-26 00:47:04,0.00009418,4.00000000
2018-02-26 00:47:14,0.00009404,36.00000000
2018-02-26 00:47:14,0.00009404,590.00000000
2018-02-26 00:47:21,0.00009404,519.00000000
2018-02-26 00:47:23,0.00009404,578.00000000
2018-02-26 00:47:28,0.00009404,1061.00000000
2018-02-26 00:47:28,0.00009403,43.00000000
2018-02-26 00:47:28,0.00009401,54.00000000
2018-02-26 00:47:28,0.00009400,986.00000000
2018-02-26 00:47:28,0.00009392,25.00000000
2018-02-26 00:47:28,0.00009391,277.00000000
2018-02-26 00:47:28,0.00009390,900.00000000
2018-02-26 00:47:28,0.00009384,560.00000000
2018-02-26 00:47:28,0.00009383,910.00000000
2018-02-26 00:47:28,0.00009382,1158.00000000
2018-02-26 00:47:32,0.00009383,10.00000000
2018-02-26 00:47:41,0.00009383,522.00000000
2018-02-26 00:47:41,0.00009382,112.00000000
2018-02-26 00:47:41,0.00009381,448.00000000
2018-02-26 00:47:41,0.00009380,648.00000000
2018-02-26 00:47:41,0.00009375,150.00000000
2018-02-26 00:47:41,0.00009374,614.00000000
2018-02-26 00:47:41,0.00009373,997.00000000
2018-02-26 00:47:41,0.00009372,523.00000000
2018-02-26 00:47:41,0.00009371,1574.00000000
2018-02-26 00:47:41,0.00009370,3897.00000000
2018-02-26 00:47:41,0.00009370,1061.00000000
2018-02-26 00:47:41,0.00009403,900.00000000
2018-02-26 00:47:41,0.00009404,161.00000000
2018-02-26 00:47:41,0.00009403,900.00000000
2018-02-26 00:47:41,0.00009404,160.00000000
2018-02-26 00:47:44,0.00009400,1061.00000000
2018-02-26 00:47:51,0.00009403,1061.00000000
2018-02-26 00:47:53,0.00009385,532.00000000
2018-02-26 00:47:53,0.00009384,97.00000000
2018-02-26 00:47:53,0.00009383,433.00000000
2018-02-26 00:47:53,0.00009376,554.00000000
2018-02-26 00:47:53,0.00009375,1045.00000000
2018-02-26 00:47:53,0.00009374,2835.00000000
2018-02-26 00:47:56,0.00009399,90.00000000
2018-02-26 00:47:57,0.00009397,907.00000000
2018-02-26 00:47:57,0.00009398,154.00000000
2018-02-26 00:48:05,0.00009394,932.00000000
2018-02-26 00:48:05,0.00009403,371.00000000
2018-02-26 00:48:23,0.00009399,300.00000000
2018-02-26 00:48:30,0.00009400,300.00000000
2018-02-26 00:48:38,0.00009400,300.00000000
2018-02-26 00:48:46,0.00009400,300.00000000
2018-02-26 00:48:51,0.00009400,763.00000000
2018-02-26 00:48:51,0.00009403,800.00000000
2018-02-26 00:48:51,0.00009404,3797.00000000
2018-02-26 00:48:51,0.00009405,560.00000000
2018-02-26 00:48:51,0.00009407,150.00000000
2018-02-26 00:48:52,0.00009407,48.00000000
2018-02-26 00:48:52,0.00009407,66.00000000
2018-02-26 00:48:53,0.00009407,115.00000000
2018-02-26 00:48:55,0.00009407,939.00000000
2018-02-26 00:49:07,0.00009407,281.00000000
2018-02-26 00:49:11,0.00009407,163.00000000
2018-02-26 00:49:13,0.00009407,165.00000000
2018-02-26 00:49:22,0.00009412,108.00000000
2018-02-26 00:49:23,0.00009412,677.00000000
2018-02-26 00:49:25,0.00009407,102.00000000
2018-02-26 00:49:28,0.00009415,106.00000000
2018-02-26 00:49:30,0.00009415,106.00000000
2018-02-26 00:49:36,0.00009407,45.00000000
2018-02-26 00:49:36,0.00009407,142.00000000
2018-02-26 00:49:37,0.00009415,106.00000000
2018-02-26 00:49:38,0.00009407,44.00000000
2018-02-26 00:49:39,0.00009415,106.00000000
2018-02-26 00:49:41,0.00009415,106.00000000
2018-02-26 00:49:57,0.00009410,94.00000000
2018-02-26 00:49:58,0.00009410,106.00000000
2018-02-26 00:50:04,0.00009407,1861.00000000
2018-02-26 00:50:05,0.00009410,27.00000000
2018-02-26 00:50:21,0.00009407,14.00000000
2018-02-26 00:50:41,0.00009407,1061.00000000
2018-02-26 00:50:54,0.00009407,1000.00000000
2018-02-26 00:51:00,0.00009407,774.00000000
2018-02-26 00:51:01,0.00009407,519.00000000
2018-02-26 00:51:07,0.00009400,34.00000000
2018-02-26 00:51:13,0.00009400,57.00000000
2018-02-26 00:51:13,0.00009400,21.00000000
2018-02-26 00:51:17,0.00009400,34.00000000
2018-02-26 00:51:27,0.00009396,34.00000000
2018-02-26 00:51:34,0.00009407,200.00000000
2018-02-26 00:52:05,0.00009406,90.00000000
2018-02-26 00:52:05,0.00009407,910.00000000
2018-02-26 00:52:16,0.00009407,5786.00000000
2018-02-26 00:52:16,0.00009410,1773.00000000
2018-02-26 00:52:19,0.00009410,277.00000000
2018-02-26 00:53:02,0.00009407,91.00000000
2018-02-26 00:53:02,0.00009410,132.00000000
2018-02-26 00:53:02,0.00009413,308.00000000
2018-02-26 00:53:28,0.00009412,74.00000000
2018-02-26 00:53:28,0.00009413,32.00000000
2018-02-26 00:53:28,0.00009413,106.00000000
2018-02-26 00:53:31,0.00009413,106.00000000
2018-02-26 00:53:36,0.00009410,25.00000000
2018-02-26 00:53:40,0.00009412,983.00000000
2018-02-26 00:53:50,0.00009411,1750.00000000
2018-02-26 00:53:50,0.00009412,194.00000000
2018-02-26 00:53:50,0.00009413,158.00000000
2018-02-26 00:53:53,0.00009413,1904.00000000
2018-02-26 00:53:55,0.00009410,89.00000000
2018-02-26 00:53:56,0.00009410,4531.00000000
2018-02-26 00:53:57,0.00009410,213.00000000
2018-02-26 00:54:03,0.00009410,25.00000000
2018-02-26 00:54:03,0.00009410,390.00000000
2018-02-26 00:54:16,0.00009411,90.00000000
2018-02-26 00:54:18,0.00009411,90.00000000
2018-02-26 00:54:18,0.00009411,450.00000000
2018-02-26 00:54:24,0.00009411,89.00000000
2018-02-26 00:54:27,0.00009410,537.00000000
2018-02-26 00:54:29,0.00009410,28.00000000
2018-02-26 00:54:35,0.00009409,89.00000000
2018-02-26 00:54:35,0.00009410,631.00000000
2018-02-26 00:54:39,0.00009410,42.00000000
2018-02-26 00:54:39,0.00009410,868.00000000
2018-02-26 00:54:39,0.00009410,703.00000000
2018-02-26 00:54:39,0.00009410,141.00000000
2018-02-26 00:54:40,0.00009410,28.00000000
2018-02-26 00:54:41,0.00009410,819.00000000
2018-02-26 00:54:43,0.00009410,77.00000000
2018-02-26 00:54:44,0.00009410,106.00000000
2018-02-26 00:54:58,0.00009410,475.00000000
2018-02-26 00:55:05,0.00009410,748.00000000
2018-02-26 00:55:05,0.00009400,89.00000000
2018-02-26 00:55:05,0.00009399,10.00000000
2018-02-26 00:55:10,0.00009410,32.00000000
2018-02-26 00:55:14,0.00009410,506.00000000
2018-02-26 00:55:15,0.00009410,466.00000000
2018-02-26 00:55:15,0.00009410,467.00000000
2018-02-26 00:55:19,0.00009401,16.00000000
2018-02-26 00:55:21,0.00009410,1628.00000000
2018-02-26 00:55:30,0.00009410,265.00000000
2018-02-26 00:55:31,0.00009401,73.00000000
2018-02-26 00:55:32,0.00009407,193.00000000
2018-02-26 00:55:33,0.00009407,754.00000000
2018-02-26 00:55:33,0.00009410,1603.00000000
2018-02-26 00:55:38,0.00009410,106.00000000
2018-02-26 00:55:48,0.00009410,530.00000000
2018-02-26 00:55:48,0.00009410,106.00000000
2018-02-26 00:56:00,0.00009408,128.00000000
2018-02-26 00:56:03,0.00009408,42.00000000
2018-02-26 00:56:03,0.00009410,647.00000000
2018-02-26 00:56:03,0.00009411,1315.00000000
2018-02-26 00:56:05,0.00009408,8.00000000
2018-02-26 00:56:05,0.00009407,34.00000000
2018-02-26 00:56:05,0.00009407,1.00000000
2018-02-26 00:56:06,0.00009407,19.00000000
2018-02-26 00:56:06,0.00009400,196.00000000
2018-02-26 00:56:08,0.00009411,139.00000000
2018-02-26 00:56:10,0.00009400,6.00000000
2018-02-26 00:56:14,0.00009410,82.00000000
2018-02-26 00:56:14,0.00009401,200.00000000
2018-02-26 00:56:26,0.00009410,193.00000000
2018-02-26 00:56:26,0.00009411,338.00000000
2018-02-26 00:56:29,0.00009411,151.00000000
2018-02-26 00:56:50,0.00009411,2216.00000000
2018-02-26 00:56:54,0.00009403,5.00000000
2018-02-26 00:57:15,0.00009411,28.00000000
2018-02-26 00:57:18,0.00009411,85.00000000
2018-02-26 00:57:50,0.00009411,1270.00000000
2018-02-26 00:58:07,0.00009411,23.00000000
2018-02-26 00:58:13,0.00009411,400.00000000
2018-02-26 00:58:13,0.00009411,1990.00000000
2018-02-26 00:58:17,0.00009410,37.00000000
2018-02-26 00:58:17,0.00009411,64.00000000
2018-02-26 00:58:44,0.00009411,93.00000000
2018-02-26 00:58:47,0.00009411,600.00000000
2018-02-26 00:58:59,0.00009411,531.00000000
2018-02-26 00:59:23,0.00009409,1061.00000000
2018-02-26 00:59:30,0.00009411,106.00000000
