DATE,PRICE,VOLUME
2018-02-24 09:00:05,0.00009129,438.00000000
2018-02-24 09:00:05,0.00009129,2741.00000000
2018-02-24 09:00:10,0.00009129,32.00000000
2018-02-24 09:00:11,0.00009129,49.00000000
2018-02-24 09:00:12,0.00009129,15.00000000
2018-02-24 09:00:12,0.00009129,38.00000000
2018-02-24 09:00:13,0.00009129,72.00000000
2018-02-24 09:00:16,0.00009129,9432.00000000
2018-02-24 09:00:19,0.00009129,38.00000000
2018-02-24 09:00:28,0.00009130,85.00000000
2018-02-24 09:00:33,0.00009130,12.00000000
2018-02-24 09:00:38,0.00009129,868.00000000
2018-02-24 09:00:40,0.00009129,1500.00000000
2018-02-24 09:00:41,0.00009129,7748.00000000
2018-02-24 09:00:41,0.00009129,482.00000000
2018-02-24 09:00:42,0.00009129,158.00000000
2018-02-24 09:00:48,0.00009129,12.00000000
2018-02-24 09:00:53,0.00009130,22.00000000
2018-02-24 09:00:59,0.00009130,100.00000000
2018-02-24 09:01:00,0.00009130,18.00000000
2018-02-24 09:01:01,0.00009130,100.00000000
2018-02-24 09:01:03,0.00009130,109.00000000
2018-02-24 09:01:11,0.00009129,7.00000000
2018-02-24 09:01:11,0.00009129,15158.00000000
2018-02-24 09:01:19,0.00009130,2028.00000000
2018-02-24 09:01:22,0.00009132,438.00000000
2018-02-24 09:01:23,0.00009132,334.00000000
2018-02-24 09:01:23,0.00009131,41.00000000
2018-02-24 09:01:24,0.00009132,54.00000000
2018-02-24 09:01:24,0.00009134,11.00000000
2018-02-24 09:01:25,0.00009132,80.00000000
2018-02-24 09:01:28,0.00009134,85.00000000
2018-02-24 09:01:28,0.00009144,210.00000000
2018-02-24 09:01:28,0.00009145,127.00000000
2018-02-24 09:01:28,0.00009150,250.00000000
2018-02-24 09:01:28,0.00009155,419.00000000
2018-02-24 09:01:28,0.00009155,109.00000000
2018-02-24 09:01:31,0.00009149,109.00000000
2018-02-24 09:01:37,0.00009135,766.00000000
2018-02-24 09:01:40,0.00009135,20.00000000
2018-02-24 09:01:42,0.00009135,1110.00000000
2018-02-24 09:01:42,0.00009131,433.00000000
2018-02-24 09:01:42,0.00009131,900.00000000
2018-02-24 09:01:43,0.00009130,546.00000000
2018-02-24 09:01:43,0.00009131,848.00000000
2018-02-24 09:01:46,0.00009130,818.00000000
2018-02-24 09:01:47,0.00009130,310.00000000
2018-02-24 09:01:47,0.00009130,289.00000000
2018-02-24 09:01:50,0.00009130,2248.00000000
2018-02-24 09:01:53,0.00009131,355.00000000
2018-02-24 09:01:59,0.00009130,611.00000000
2018-02-24 09:01:59,0.00009129,1355.00000000
2018-02-24 09:01:59,0.00009127,14.00000000
2018-02-24 09:02:02,0.00009127,109.00000000
2018-02-24 09:02:06,0.00009130,14.00000000
2018-02-24 09:02:11,0.00009129,14.00000000
2018-02-24 09:02:16,0.00009127,106.00000000
2018-02-24 09:02:18,0.00009127,5.00000000
2018-02-24 09:02:18,0.00009125,51.00000000
2018-02-24 09:02:22,0.00009130,74.00000000
2018-02-24 09:02:23,0.00009125,41.00000000
2018-02-24 09:02:25,0.00009125,33.00000000
2018-02-24 09:02:25,0.00009130,74.00000000
2018-02-24 09:02:25,0.00009125,264.00000000
2018-02-24 09:02:26,0.00009124,800.00000000
2018-02-24 09:02:28,0.00009125,100.00000000
2018-02-24 09:02:29,0.00009124,800.00000000
2018-02-24 09:02:30,0.00009125,109.00000000
2018-02-24 09:02:32,0.00009125,70.00000000
2018-02-24 09:02:32,0.00009124,800.00000000
2018-02-24 09:02:33,0.00009125,36.00000000
2018-02-24 09:02:33,0.00009125,109.00000000
2018-02-24 09:02:34,0.00009124,333.00000000
2018-02-24 09:02:34,0.00009125,501.00000000
2018-02-24 09:02:34,0.00009125,100.00000000
2018-02-24 09:02:37,0.00009124,15.00000000
2018-02-24 09:02:37,0.00009124,15.00000000
2018-02-24 09:02:38,0.00009124,41.00000000
2018-02-24 09:02:40,0.00009125,83.00000000
2018-02-24 09:02:42,0.00009129,193.00000000
2018-02-24 09:02:53,0.00009126,41.00000000
2018-02-24 09:02:55,0.00009129,21.00000000
2018-02-24 09:02:55,0.00009126,33.00000000
2018-02-24 09:02:58,0.00009126,643.00000000
2018-02-24 09:02:58,0.00009124,7328.00000000
2018-02-24 09:02:58,0.00009123,1446.00000000
2018-02-24 09:03:01,0.00009127,24.00000000
2018-02-24 09:03:01,0.00009127,79.00000000
2018-02-24 09:03:02,0.00009123,12.00000000
2018-02-24 09:03:05,0.00009123,484.00000000
2018-02-24 09:03:05,0.00009122,15.00000000
2018-02-24 09:03:07,0.00009122,12.00000000
2018-02-24 09:03:08,0.00009122,41.00000000
2018-02-24 09:03:10,0.00009122,4623.00000000
2018-02-24 09:03:10,0.00009121,96.00000000
2018-02-24 09:03:10,0.00009120,3116.00000000
2018-02-24 09:03:14,0.00009120,817.00000000
2018-02-24 09:03:14,0.00009118,324.00000000
2018-02-24 09:03:14,0.00009117,2687.00000000
2018-02-24 09:03:22,0.00009120,26.00000000
2018-02-24 09:03:29,0.00009120,109.00000000
2018-02-24 09:03:29,0.00009120,33.00000000
2018-02-24 09:03:30,0.00009120,9.00000000
2018-02-24 09:03:32,0.00009117,51.00000000
2018-02-24 09:03:34,0.00009115,223.00000000
2018-02-24 09:03:34,0.00009114,18.00000000
2018-02-24 09:03:34,0.00009114,59.00000000
2018-02-24 09:03:36,0.00009120,1480.00000000
2018-02-24 09:03:38,0.00009120,32.00000000
2018-02-24 09:03:38,0.00009120,12.00000000
2018-02-24 09:03:42,0.00009120,197.00000000
2018-02-24 09:03:44,0.00009120,74.00000000
2018-02-24 09:03:46,0.00009120,470.00000000
2018-02-24 09:03:46,0.00009124,56.00000000
2018-02-24 09:03:46,0.00009128,44.00000000
2018-02-24 09:03:46,0.00009129,17.00000000
2018-02-24 09:03:46,0.00009130,40.00000000
2018-02-24 09:03:46,0.00009130,52.00000000
2018-02-24 09:03:46,0.00009121,100.00000000
2018-02-24 09:03:47,0.00009120,92.00000000
2018-02-24 09:03:53,0.00009120,50.00000000
2018-02-24 09:03:55,0.00009120,354.00000000
2018-02-24 09:03:56,0.00009121,13.00000000
2018-02-24 09:03:59,0.00009121,85.00000000
2018-02-24 09:03:59,0.00009123,15.00000000
2018-02-24 09:04:07,0.00009120,90.00000000
2018-02-24 09:04:07,0.00009120,80.00000000
2018-02-24 09:04:07,0.00009120,12.00000000
2018-02-24 09:04:07,0.00009120,90.00000000
2018-02-24 09:04:07,0.00009120,80.00000000
2018-02-24 09:04:08,0.00009121,80.00000000
2018-02-24 09:04:10,0.00009121,237.00000000
2018-02-24 09:04:11,0.00009123,100.00000000
2018-02-24 09:04:11,0.00009123,6.00000000
2018-02-24 09:04:13,0.00009121,335.00000000
2018-02-24 09:04:15,0.00009121,93.00000000
2018-02-24 09:04:21,0.00009121,80.00000000
2018-02-24 09:04:21,0.00009121,90.00000000
2018-02-24 09:04:21,0.00009121,90.00000000
2018-02-24 09:04:22,0.00009121,80.00000000
2018-02-24 09:04:22,0.00009121,90.00000000
2018-02-24 09:04:22,0.00009121,130.00000000
2018-02-24 09:04:22,0.00009120,80.00000000
2018-02-24 09:04:23,0.00009120,90.00000000
2018-02-24 09:04:23,0.00009120,80.00000000
2018-02-24 09:04:23,0.00009120,90.00000000
2018-02-24 09:04:24,0.00009120,90.00000000
2018-02-24 09:04:24,0.00009120,80.00000000
2018-02-24 09:04:24,0.00009120,80.00000000
2018-02-24 09:04:24,0.00009114,90.00000000
2018-02-24 09:04:25,0.00009114,90.00000000
2018-02-24 09:04:25,0.00009114,80.00000000
2018-02-24 09:04:28,0.00009114,150.00000000
2018-02-24 09:04:28,0.00009121,38.00000000
2018-02-24 09:04:28,0.00009114,50.00000000
2018-02-24 09:04:33,0.00009114,64.00000000
2018-02-24 09:04:37,0.00009114,94.00000000
2018-02-24 09:04:40,0.00009114,90.00000000
2018-02-24 09:04:40,0.00009114,80.00000000
2018-02-24 09:04:40,0.00009114,329.00000000
2018-02-24 09:04:41,0.00009114,90.00000000
2018-02-24 09:04:41,0.00009114,80.00000000
2018-02-24 09:04:41,0.00009114,80.00000000
2018-02-24 09:04:42,0.00009114,80.00000000
2018-02-24 09:04:43,0.00009114,80.00000000
2018-02-24 09:04:43,0.00009114,80.00000000
2018-02-24 09:04:44,0.00009120,168.00000000
2018-02-24 09:04:45,0.00009114,300.00000000
2018-02-24 09:04:47,0.00009114,109.00000000
2018-02-24 09:04:50,0.00009115,109.00000000
2018-02-24 09:04:50,0.00009115,194.00000000
2018-02-24 09:04:52,0.00009115,24.00000000
2018-02-24 09:04:52,0.00009114,55.00000000
2018-02-24 09:04:54,0.00009120,20.00000000
2018-02-24 09:04:54,0.00009121,71.00000000
2018-02-24 09:04:56,0.00009114,219.00000000
2018-02-24 09:04:57,0.00009114,22.00000000
2018-02-24 09:04:57,0.00009114,69.00000000
2018-02-24 09:04:57,0.00009123,11.00000000
2018-02-24 09:04:58,0.00009114,157.00000000
2018-02-24 09:04:58,0.00009113,485.00000000
2018-02-24 09:04:58,0.00009111,101.00000000
2018-02-24 09:04:58,0.00009110,2732.00000000
2018-02-24 09:04:58,0.00009109,799.00000000
2018-02-24 09:05:01,0.00009114,101.00000000
2018-02-24 09:05:01,0.00009115,627.00000000
2018-02-24 09:05:01,0.00009115,3968.00000000
2018-02-24 09:05:02,0.00009117,79.00000000
2018-02-24 09:05:02,0.00009117,168.00000000
2018-02-24 09:05:02,0.00009117,2306.00000000
2018-02-24 09:05:04,0.00009118,291.00000000
2018-02-24 09:05:06,0.00009123,22.00000000
2018-02-24 09:05:06,0.00009118,88.00000000
2018-02-24 09:05:06,0.00009117,1777.00000000
2018-02-24 09:05:07,0.00009117,5000.00000000
2018-02-24 09:05:08,0.00009117,877.00000000
2018-02-24 09:05:10,0.00009117,949.00000000
2018-02-24 09:05:10,0.00009109,203.00000000
2018-02-24 09:05:19,0.00009109,700.00000000
2018-02-24 09:05:41,0.00009113,50.00000000
2018-02-24 09:05:41,0.00009114,29.00000000
2018-02-24 09:05:41,0.00009109,109.00000000
2018-02-24 09:05:43,0.00009113,26.00000000
2018-02-24 09:05:47,0.00009114,105.00000000
2018-02-24 09:05:48,0.00009113,5545.00000000
2018-02-24 09:05:50,0.00009113,29.00000000
2018-02-24 09:05:53,0.00009114,66.00000000
2018-02-24 09:05:53,0.00009115,34.00000000
2018-02-24 09:05:53,0.00009113,367.00000000
2018-02-24 09:05:59,0.00009115,100.00000000
2018-02-24 09:06:05,0.00009114,35.00000000
2018-02-24 09:06:14,0.00009115,100.00000000
2018-02-24 09:06:14,0.00009114,165.00000000
2018-02-24 09:06:14,0.00009114,219.00000000
2018-02-24 09:06:19,0.00009114,128.00000000
2018-02-24 09:06:20,0.00009115,100.00000000
2018-02-24 09:06:25,0.00009114,11.00000000
2018-02-24 09:06:30,0.00009115,43.00000000
2018-02-24 09:06:30,0.00009116,379.00000000
2018-02-24 09:06:30,0.00009117,2747.00000000
2018-02-24 09:06:30,0.00009123,31.00000000
2018-02-24 09:06:30,0.00009131,1354.00000000
2018-02-24 09:06:30,0.00009137,246.00000000
2018-02-24 09:06:30,0.00009137,200.00000000
2018-02-24 09:06:31,0.00009130,109.00000000
2018-02-24 09:06:34,0.00009129,109.00000000
2018-02-24 09:06:35,0.00009129,34.00000000
2018-02-24 09:06:36,0.00009117,109.00000000
2018-02-24 09:06:38,0.00009127,51.00000000
2018-02-24 09:06:42,0.00009118,219.00000000
2018-02-24 09:06:46,0.00009127,108.00000000
2018-02-24 09:06:46,0.00009123,211.00000000
2018-02-24 09:06:46,0.00009123,4.00000000
2018-02-24 09:06:46,0.00009123,22.00000000
2018-02-24 09:06:46,0.00009123,200.00000000
2018-02-24 09:06:47,0.00009123,328.00000000
2018-02-24 09:06:47,0.00009123,150.00000000
2018-02-24 09:06:47,0.00009123,17.00000000
2018-02-24 09:06:47,0.00009123,328.00000000
2018-02-24 09:06:47,0.00009123,327.00000000
2018-02-24 09:06:47,0.00009123,327.00000000
2018-02-24 09:06:47,0.00009123,328.00000000
2018-02-24 09:06:47,0.00009123,328.00000000
2018-02-24 09:06:47,0.00009123,328.00000000
2018-02-24 09:06:47,0.00009123,101.00000000
2018-02-24 09:06:50,0.00009127,43.00000000
2018-02-24 09:06:51,0.00009123,1.00000000
2018-02-24 09:06:51,0.00009119,210.00000000
2018-02-24 09:06:51,0.00009118,66.00000000
2018-02-24 09:06:52,0.00009127,188.00000000
2018-02-24 09:06:52,0.00009128,40.00000000
2018-02-24 09:06:52,0.00009130,15.00000000
2018-02-24 09:06:52,0.00009135,328.00000000
2018-02-24 09:06:52,0.00009143,345.00000000
2018-02-24 09:06:57,0.00009119,109.00000000
2018-02-24 09:07:04,0.00009123,17.00000000
2018-02-24 09:07:05,0.00009121,16.00000000
2018-02-24 09:07:05,0.00009121,197.00000000
2018-02-24 09:07:05,0.00009121,328.00000000
2018-02-24 09:07:05,0.00009121,327.00000000
2018-02-24 09:07:18,0.00009125,483.00000000
2018-02-24 09:07:18,0.00009125,69.00000000
2018-02-24 09:07:19,0.00009125,60.00000000
2018-02-24 09:07:20,0.00009129,123.00000000
2018-02-24 09:07:21,0.00009125,72.00000000
2018-02-24 09:07:25,0.00009125,48.00000000
2018-02-24 09:07:25,0.00009129,109.00000000
2018-02-24 09:07:29,0.00009125,47.00000000
2018-02-24 09:07:30,0.00009125,2849.00000000
2018-02-24 09:07:31,0.00009126,137.00000000
2018-02-24 09:07:32,0.00009126,34.00000000
2018-02-24 09:07:32,0.00009126,43.00000000
2018-02-24 09:07:36,0.00009126,300.00000000
2018-02-24 09:07:36,0.00009126,184.00000000
2018-02-24 09:07:36,0.00009126,187.00000000
2018-02-24 09:07:39,0.00009126,354.00000000
2018-02-24 09:07:42,0.00009129,123.00000000
2018-02-24 09:07:47,0.00009126,1280.00000000
2018-02-24 09:07:47,0.00009126,200.00000000
2018-02-24 09:07:47,0.00009123,300.00000000
2018-02-24 09:07:48,0.00009123,390.00000000
2018-02-24 09:07:53,0.00009125,185.00000000
2018-02-24 09:07:53,0.00009126,2558.00000000
2018-02-24 09:08:03,0.00009125,160.00000000
2018-02-24 09:08:11,0.00009124,327.00000000
2018-02-24 09:08:11,0.00009125,1673.00000000
2018-02-24 09:08:13,0.00009123,99.00000000
2018-02-24 09:08:14,0.00009125,337.00000000
2018-02-24 09:08:16,0.00009125,161.00000000
2018-02-24 09:08:17,0.00009123,244.00000000
2018-02-24 09:08:17,0.00009126,5000.00000000
2018-02-24 09:08:22,0.00009123,39.00000000
2018-02-24 09:08:22,0.00009123,118.00000000
2018-02-24 09:08:23,0.00009123,726.00000000
2018-02-24 09:08:23,0.00009122,2000.00000000
2018-02-24 09:08:23,0.00009121,630.00000000
2018-02-24 09:08:27,0.00009123,67.00000000
2018-02-24 09:08:27,0.00009121,183.00000000
2018-02-24 09:08:30,0.00009125,10.00000000
2018-02-24 09:08:31,0.00009121,109.00000000
2018-02-24 09:08:34,0.00009123,150.00000000
2018-02-24 09:08:37,0.00009121,159.00000000
2018-02-24 09:08:37,0.00009117,290.00000000
2018-02-24 09:08:38,0.00009123,21.00000000
2018-02-24 09:08:46,0.00009123,394.00000000
2018-02-24 09:08:48,0.00009123,15.00000000
2018-02-24 09:08:50,0.00009123,11.00000000
2018-02-24 09:08:51,0.00009123,112.00000000
2018-02-24 09:08:52,0.00009120,109.00000000
2018-02-24 09:08:52,0.00009123,50.00000000
2018-02-24 09:08:59,0.00009123,403.00000000
2018-02-24 09:08:59,0.00009124,291.00000000
2018-02-24 09:08:59,0.00009125,2482.00000000
2018-02-24 09:08:59,0.00009126,1824.00000000
2018-02-24 09:09:07,0.00009126,2872.00000000
2018-02-24 09:09:12,0.00009123,109.00000000
2018-02-24 09:09:13,0.00009126,13.00000000
2018-02-24 09:09:13,0.00009126,2842.00000000
2018-02-24 09:09:17,0.00009126,54.00000000
2018-02-24 09:09:17,0.00009126,54.00000000
2018-02-24 09:09:17,0.00009126,54.00000000
2018-02-24 09:09:22,0.00009127,177.00000000
2018-02-24 09:09:23,0.00009129,12.00000000
2018-02-24 09:09:36,0.00009129,590.00000000
2018-02-24 09:09:36,0.00009130,210.00000000
2018-02-24 09:09:36,0.00009135,1196.00000000
2018-02-24 09:09:37,0.00009127,109.00000000
2018-02-24 09:09:41,0.00009127,117.00000000
2018-02-24 09:09:41,0.00009126,14336.00000000
2018-02-24 09:09:41,0.00009123,252.00000000
2018-02-24 09:09:41,0.00009122,269.00000000
2018-02-24 09:09:54,0.00009128,208.00000000
2018-02-24 09:09:54,0.00009129,4792.00000000
2018-02-24 09:09:58,0.00009129,660.00000000
2018-02-24 09:10:04,0.00009127,109.00000000
2018-02-24 09:10:04,0.00009127,3015.00000000
2018-02-24 09:10:18,0.00009129,159.00000000
2018-02-24 09:10:20,0.00009122,58.00000000
2018-02-24 09:10:23,0.00009122,219.00000000
2018-02-24 09:10:23,0.00009127,266.00000000
2018-02-24 09:10:26,0.00009127,5.00000000
2018-02-24 09:10:43,0.00009127,173.00000000
2018-02-24 09:10:45,0.00009127,1867.00000000
2018-02-24 09:10:53,0.00009127,110.00000000
2018-02-24 09:10:53,0.00009127,12.00000000
2018-02-24 09:10:57,0.00009127,248.00000000
2018-02-24 09:10:58,0.00009127,5368.00000000
2018-02-24 09:10:58,0.00009127,4659.00000000
2018-02-24 09:10:59,0.00009129,3000.00000000
2018-02-24 09:11:01,0.00009129,1.00000000
2018-02-24 09:11:03,0.00009127,54.00000000
2018-02-24 09:11:04,0.00009127,182.00000000
2018-02-24 09:11:06,0.00009127,558.00000000
2018-02-24 09:11:08,0.00009126,20.00000000
2018-02-24 09:11:08,0.00009122,7.00000000
2018-02-24 09:11:13,0.00009127,100.00000000
2018-02-24 09:11:14,0.00009127,1644.00000000
2018-02-24 09:11:30,0.00009127,97.00000000
2018-02-24 09:11:32,0.00009127,82.00000000
2018-02-24 09:11:37,0.00009126,326.00000000
2018-02-24 09:11:48,0.00009126,478.00000000
2018-02-24 09:12:20,0.00009122,906.00000000
2018-02-24 09:12:22,0.00009122,91.00000000
2018-02-24 09:12:23,0.00009122,241.00000000
2018-02-24 09:12:24,0.00009122,44.00000000
2018-02-24 09:12:24,0.00009122,196.00000000
2018-02-24 09:12:24,0.00009122,197.00000000
2018-02-24 09:12:24,0.00009120,195.00000000
2018-02-24 09:12:25,0.00009122,220.00000000
2018-02-24 09:12:31,0.00009122,109.00000000
2018-02-24 09:12:32,0.00009122,1707.00000000
2018-02-24 09:12:38,0.00009126,547.00000000
2018-02-24 09:12:44,0.00009125,729.00000000
2018-02-24 09:12:44,0.00009123,40.00000000
2018-02-24 09:12:45,0.00009123,109.00000000
2018-02-24 09:12:51,0.00009123,109.00000000
2018-02-24 09:12:56,0.00009123,1028.00000000
2018-02-24 09:12:57,0.00009123,109.00000000
2018-02-24 09:13:00,0.00009124,327.00000000
2018-02-24 09:13:03,0.00009124,19.00000000
2018-02-24 09:13:04,0.00009123,15.00000000
2018-02-24 09:13:04,0.00009124,328.00000000
2018-02-24 09:13:04,0.00009124,328.00000000
2018-02-24 09:13:04,0.00009124,328.00000000
2018-02-24 09:13:05,0.00009124,328.00000000
2018-02-24 09:13:05,0.00009124,328.00000000
2018-02-24 09:13:05,0.00009124,56.00000000
2018-02-24 09:13:05,0.00009125,272.00000000
2018-02-24 09:13:07,0.00009125,98.00000000
2018-02-24 09:13:07,0.00009123,90.00000000
2018-02-24 09:13:10,0.00009125,140.00000000
2018-02-24 09:13:11,0.00009124,328.00000000
2018-02-24 09:13:11,0.00009124,328.00000000
2018-02-24 09:13:11,0.00009124,328.00000000
2018-02-24 09:13:11,0.00009124,328.00000000
2018-02-24 09:13:11,0.00009124,328.00000000
2018-02-24 09:13:11,0.00009124,327.00000000
2018-02-24 09:13:12,0.00009124,327.00000000
2018-02-24 09:13:12,0.00009124,284.00000000
2018-02-24 09:13:12,0.00009125,284.00000000
2018-02-24 09:13:12,0.00009125,242.00000000
2018-02-24 09:13:14,0.00009123,109.00000000
2018-02-24 09:13:24,0.00009123,701.00000000
2018-02-24 09:13:33,0.00009123,37.00000000
2018-02-24 09:13:38,0.00009123,5092.00000000
2018-02-24 09:13:44,0.00009125,2822.00000000
2018-02-24 09:13:59,0.00009126,2.00000000
2018-02-24 09:14:01,0.00009126,327.00000000
2018-02-24 09:14:17,0.00009126,207.00000000
2018-02-24 09:14:21,0.00009125,717.00000000
2018-02-24 09:14:26,0.00009126,2323.00000000
2018-02-24 09:14:28,0.00009126,225.00000000
2018-02-24 09:14:42,0.00009127,1094.00000000
2018-02-24 09:14:57,0.00009127,32.00000000
2018-02-24 09:15:00,0.00009126,54.00000000
2018-02-24 09:15:00,0.00009127,316.00000000
2018-02-24 09:15:10,0.00009125,238.00000000
2018-02-24 09:15:16,0.00009126,1094.00000000
2018-02-24 09:15:17,0.00009125,881.00000000
2018-02-24 09:15:30,0.00009125,340.00000000
2018-02-24 09:15:33,0.00009125,38.00000000
2018-02-24 09:15:33,0.00009123,42.00000000
2018-02-24 09:15:37,0.00009123,105.00000000
2018-02-24 09:15:43,0.00009123,207.00000000
2018-02-24 09:15:55,0.00009124,1011.00000000
2018-02-24 09:15:55,0.00009123,3489.00000000
2018-02-24 09:15:59,0.00009123,109.00000000
2018-02-24 09:16:11,0.00009123,234.00000000
2018-02-24 09:16:12,0.00009124,712.00000000
2018-02-24 09:16:12,0.00009125,405.00000000
2018-02-24 09:16:12,0.00009126,658.00000000
2018-02-24 09:16:12,0.00009127,3832.00000000
2018-02-24 09:16:12,0.00009129,795.00000000
2018-02-24 09:16:12,0.00009135,920.00000000
2018-02-24 09:16:13,0.00009124,120.00000000
2018-02-24 09:16:13,0.00009123,367.00000000
2018-02-24 09:16:22,0.00009132,17.00000000
2018-02-24 09:16:27,0.00009124,80.00000000
2018-02-24 09:16:28,0.00009124,80.00000000
2018-02-24 09:16:28,0.00009124,80.00000000
2018-02-24 09:16:29,0.00009124,80.00000000
2018-02-24 09:16:29,0.00009124,69.00000000
2018-02-24 09:16:29,0.00009123,11.00000000
2018-02-24 09:16:30,0.00009123,80.00000000
2018-02-24 09:16:31,0.00009123,80.00000000
2018-02-24 09:16:31,0.00009123,80.00000000
2018-02-24 09:16:31,0.00009123,80.00000000
2018-02-24 09:16:32,0.00009123,80.00000000
2018-02-24 09:16:33,0.00009123,80.00000000
2018-02-24 09:16:33,0.00009123,80.00000000
2018-02-24 09:16:34,0.00009123,80.00000000
2018-02-24 09:16:41,0.00009123,80.00000000
2018-02-24 09:16:43,0.00009123,6292.00000000
2018-02-24 09:16:43,0.00009120,1751.00000000
2018-02-24 09:16:43,0.00009132,200.00000000
2018-02-24 09:16:44,0.00009120,221.00000000
2018-02-24 09:16:44,0.00009117,23.00000000
2018-02-24 09:16:44,0.00009115,761.00000000
2018-02-24 09:16:44,0.00009114,49.00000000
2018-02-24 09:16:44,0.00009114,44.00000000
2018-02-24 09:16:44,0.00009111,36.00000000
2018-02-24 09:16:55,0.00009126,83.00000000
2018-02-24 09:16:55,0.00009126,139.00000000
2018-02-24 09:16:55,0.00009126,83.00000000
2018-02-24 09:16:55,0.00009126,168.00000000
2018-02-24 09:16:56,0.00009125,54.00000000
2018-02-24 09:16:56,0.00009125,54.00000000
2018-02-24 09:16:59,0.00009115,123.00000000
2018-02-24 09:17:23,0.00009116,553.00000000
2018-02-24 09:17:30,0.00009125,12.00000000
2018-02-24 09:17:30,0.00009130,97.00000000
2018-02-24 09:17:47,0.00009129,11.00000000
2018-02-24 09:17:55,0.00009130,231.00000000
2018-02-24 09:17:55,0.00009131,35.00000000
2018-02-24 09:18:00,0.00009120,76.00000000
2018-02-24 09:18:07,0.00009130,11.00000000
2018-02-24 09:18:16,0.00009121,270.00000000
2018-02-24 09:18:19,0.00009130,15.00000000
2018-02-24 09:18:22,0.00009130,324.00000000
2018-02-24 09:18:22,0.00009131,337.00000000
2018-02-24 09:18:25,0.00009131,17.00000000
2018-02-24 09:18:25,0.00009131,328.00000000
2018-02-24 09:18:25,0.00009131,297.00000000
2018-02-24 09:18:25,0.00009131,2338.00000000
2018-02-24 09:18:27,0.00009131,100.00000000
2018-02-24 09:18:27,0.00009131,34.00000000
2018-02-24 09:18:31,0.00009132,109.00000000
2018-02-24 09:18:32,0.00009131,551.00000000
2018-02-24 09:18:34,0.00009131,80.00000000
2018-02-24 09:18:35,0.00009132,1794.00000000
2018-02-24 09:18:36,0.00009132,80.00000000
2018-02-24 09:18:37,0.00009132,80.00000000
2018-02-24 09:18:39,0.00009132,20.00000000
2018-02-24 09:18:46,0.00009132,327.00000000
2018-02-24 09:18:46,0.00009132,175.00000000
2018-02-24 09:18:48,0.00009132,11.00000000
2018-02-24 09:18:52,0.00009132,211.00000000
2018-02-24 09:18:58,0.00009132,282.00000000
2018-02-24 09:18:59,0.00009132,64.00000000
2018-02-24 09:19:02,0.00009132,26.00000000
2018-02-24 09:19:24,0.00009132,109.00000000
2018-02-24 09:19:24,0.00009134,1416.00000000
2018-02-24 09:19:29,0.00009135,109.00000000
2018-02-24 09:19:31,0.00009134,93.00000000
2018-02-24 09:19:40,0.00009134,44.00000000
2018-02-24 09:19:44,0.00009134,54.00000000
2018-02-24 09:19:44,0.00009134,215.00000000
2018-02-24 09:19:54,0.00009135,130.00000000
2018-02-24 09:20:04,0.00009135,79.00000000
2018-02-24 09:20:22,0.00009134,179.00000000
2018-02-24 09:20:22,0.00009135,979.00000000
2018-02-24 09:20:27,0.00009135,1.00000000
2018-02-24 09:20:28,0.00009134,717.00000000
2018-02-24 09:20:42,0.00009134,1114.00000000
2018-02-24 09:20:45,0.00009135,1455.00000000
2018-02-24 09:20:46,0.00009134,202.00000000
2018-02-24 09:20:49,0.00009134,43.00000000
2018-02-24 09:20:49,0.00009135,21.00000000
2018-02-24 09:20:53,0.00009134,23.00000000
2018-02-24 09:21:00,0.00009134,17327.00000000
2018-02-24 09:21:04,0.00009135,127.00000000
2018-02-24 09:21:06,0.00009135,7.00000000
2018-02-24 09:21:17,0.00009135,293.00000000
2018-02-24 09:21:23,0.00009135,12.00000000
2018-02-24 09:21:24,0.00009135,3493.00000000
2018-02-24 09:21:27,0.00009135,260.00000000
2018-02-24 09:21:28,0.00009134,45.00000000
2018-02-24 09:21:33,0.00009134,27.00000000
2018-02-24 09:21:33,0.00009134,79.00000000
2018-02-24 09:21:34,0.00009134,10.00000000
2018-02-24 09:21:37,0.00009134,70.00000000
2018-02-24 09:21:42,0.00009135,284.00000000
2018-02-24 09:21:44,0.00009134,328.00000000
2018-02-24 09:21:44,0.00009134,172.00000000
2018-02-24 09:21:45,0.00009134,24.00000000
2018-02-24 09:21:45,0.00009134,32.00000000
2018-02-24 09:21:48,0.00009134,1836.00000000
2018-02-24 09:21:49,0.00009134,860.00000000
2018-02-24 09:21:49,0.00009134,917.00000000
2018-02-24 09:21:54,0.00009134,320.00000000
2018-02-24 09:22:00,0.00009134,92.00000000
2018-02-24 09:22:08,0.00009134,10.00000000
2018-02-24 09:22:08,0.00009134,501.00000000
2018-02-24 09:22:28,0.00009133,50.00000000
2018-02-24 09:22:41,0.00009132,10.00000000
2018-02-24 09:22:46,0.00009133,12.00000000
2018-02-24 09:22:49,0.00009133,62.00000000
2018-02-24 09:22:53,0.00009133,448.00000000
2018-02-24 09:22:55,0.00009132,2469.00000000
2018-02-24 09:22:57,0.00009133,334.00000000
2018-02-24 09:23:00,0.00009133,30.00000000
2018-02-24 09:23:01,0.00009133,62.00000000
2018-02-24 09:23:08,0.00009133,90.00000000
2018-02-24 09:23:09,0.00009132,87.00000000
2018-02-24 09:23:19,0.00009132,2051.00000000
2018-02-24 09:23:31,0.00009132,45.00000000
2018-02-24 09:23:32,0.00009132,417.00000000
2018-02-24 09:23:32,0.00009133,1412.00000000
2018-02-24 09:23:32,0.00009134,412.00000000
2018-02-24 09:23:32,0.00009135,3539.00000000
2018-02-24 09:23:32,0.00009136,57.00000000
2018-02-24 09:23:32,0.00009139,440.00000000
2018-02-24 09:23:32,0.00009143,42.00000000
2018-02-24 09:23:32,0.00009146,337.00000000
2018-02-24 09:23:35,0.00009145,232.00000000
2018-02-24 09:23:37,0.00009145,112.00000000
2018-02-24 09:23:39,0.00009130,10.00000000
2018-02-24 09:23:50,0.00009132,334.00000000
2018-02-24 09:23:50,0.00009132,89.00000000
2018-02-24 09:23:51,0.00009126,109.00000000
2018-02-24 09:23:55,0.00009132,316.00000000
2018-02-24 09:23:57,0.00009132,10.00000000
2018-02-24 09:24:02,0.00009132,72.00000000
2018-02-24 09:24:02,0.00009126,109.00000000
2018-02-24 09:24:08,0.00009126,260.00000000
2018-02-24 09:24:08,0.00009126,66.00000000
2018-02-24 09:24:08,0.00009125,43.00000000
2018-02-24 09:24:13,0.00009132,109.00000000
2018-02-24 09:24:21,0.00009126,12.00000000
2018-02-24 09:24:21,0.00009132,208.00000000
2018-02-24 09:24:22,0.00009132,7106.00000000
2018-02-24 09:24:23,0.00009132,2.00000000
2018-02-24 09:24:32,0.00009125,116.00000000
2018-02-24 09:24:34,0.00009123,657.00000000
2018-02-24 09:24:37,0.00009132,161.00000000
2018-02-24 09:24:48,0.00009123,45.00000000
2018-02-24 09:25:10,0.00009132,588.00000000
2018-02-24 09:25:18,0.00009132,80.00000000
2018-02-24 09:25:39,0.00009132,36.00000000
2018-02-24 09:25:40,0.00009132,3638.00000000
2018-02-24 09:26:27,0.00009132,107.00000000
2018-02-24 09:26:29,0.00009143,20.00000000
2018-02-24 09:26:34,0.00009143,109.00000000
2018-02-24 09:26:36,0.00009132,153.00000000
2018-02-24 09:26:46,0.00009132,13.00000000
2018-02-24 09:26:52,0.00009132,156.00000000
2018-02-24 09:26:52,0.00009132,283.00000000
2018-02-24 09:26:58,0.00009127,400.00000000
2018-02-24 09:26:58,0.00009126,276.00000000
2018-02-24 09:27:04,0.00009136,52.00000000
2018-02-24 09:27:06,0.00009135,10.00000000
2018-02-24 09:27:08,0.00009125,79.00000000
2018-02-24 09:27:10,0.00009125,79.00000000
2018-02-24 09:27:11,0.00009125,5.00000000
2018-02-24 09:27:11,0.00009125,94.00000000
2018-02-24 09:27:13,0.00009125,79.00000000
2018-02-24 09:27:15,0.00009125,79.00000000
2018-02-24 09:27:17,0.00009125,79.00000000
2018-02-24 09:27:20,0.00009125,2.00000000
2018-02-24 09:27:20,0.00009123,77.00000000
2018-02-24 09:27:22,0.00009125,16.00000000
2018-02-24 09:27:22,0.00009123,63.00000000
2018-02-24 09:27:28,0.00009125,103.00000000
2018-02-24 09:27:30,0.00009125,162.00000000
2018-02-24 09:27:31,0.00009125,1.00000000
2018-02-24 09:27:31,0.00009126,114.00000000
2018-02-24 09:27:33,0.00009134,348.00000000
2018-02-24 09:27:33,0.00009136,20.00000000
2018-02-24 09:27:35,0.00009129,79.00000000
2018-02-24 09:27:37,0.00009129,56.00000000
2018-02-24 09:27:37,0.00009124,23.00000000
2018-02-24 09:27:40,0.00009124,79.00000000
2018-02-24 09:27:42,0.00009124,79.00000000
2018-02-24 09:27:44,0.00009136,86.00000000
2018-02-24 09:27:45,0.00009142,11.00000000
2018-02-24 09:27:45,0.00009143,1081.00000000
2018-02-24 09:27:45,0.00009136,137.00000000
2018-02-24 09:27:45,0.00009124,79.00000000
2018-02-24 09:27:45,0.00009124,137.00000000
2018-02-24 09:27:45,0.00009142,149.00000000
2018-02-24 09:27:47,0.00009130,79.00000000
2018-02-24 09:27:48,0.00009130,70.00000000
2018-02-24 09:27:49,0.00009128,41.00000000
2018-02-24 09:27:50,0.00009128,79.00000000
2018-02-24 09:27:52,0.00009127,79.00000000
2018-02-24 09:27:54,0.00009127,50.00000000
2018-02-24 09:27:55,0.00009127,79.00000000
2018-02-24 09:27:56,0.00009129,72.00000000
2018-02-24 09:27:56,0.00009128,64.00000000
2018-02-24 09:27:57,0.00009129,79.00000000
2018-02-24 09:27:59,0.00009129,33.00000000
2018-02-24 09:27:59,0.00009126,46.00000000
2018-02-24 09:28:09,0.00009127,5.00000000
2018-02-24 09:28:12,0.00009127,20.00000000
2018-02-24 09:28:13,0.00009127,219.00000000
2018-02-24 09:28:13,0.00009128,181.00000000
2018-02-24 09:28:13,0.00009128,300.00000000
2018-02-24 09:28:13,0.00009128,130.00000000
2018-02-24 09:28:14,0.00009126,118.00000000
2018-02-24 09:28:18,0.00009128,532.00000000
2018-02-24 09:28:27,0.00009125,29.00000000
2018-02-24 09:28:28,0.00009126,12.00000000
2018-02-24 09:28:29,0.00009128,109.00000000
2018-02-24 09:28:30,0.00009125,645.00000000
2018-02-24 09:28:30,0.00009124,1173.00000000
2018-02-24 09:28:33,0.00009128,109.00000000
2018-02-24 09:28:35,0.00009124,109.00000000
2018-02-24 09:28:36,0.00009124,6162.00000000
2018-02-24 09:28:49,0.00009124,183.00000000
2018-02-24 09:28:49,0.00009123,387.00000000
2018-02-24 09:28:53,0.00009127,33.00000000
2018-02-24 09:28:58,0.00009123,193.00000000
2018-02-24 09:28:58,0.00009121,307.00000000
2018-02-24 09:28:59,0.00009126,100.00000000
2018-02-24 09:28:59,0.00009121,9.00000000
2018-02-24 09:29:01,0.00009121,244.00000000
2018-02-24 09:29:01,0.00009120,29.00000000
2018-02-24 09:29:18,0.00009120,80.00000000
2018-02-24 09:29:19,0.00009120,80.00000000
2018-02-24 09:29:20,0.00009120,819.00000000
2018-02-24 09:29:20,0.00009117,181.00000000
2018-02-24 09:29:21,0.00009117,527.00000000
2018-02-24 09:29:22,0.00009117,90.00000000
2018-02-24 09:29:23,0.00009117,38.00000000
2018-02-24 09:29:31,0.00009117,165.00000000
2018-02-24 09:29:32,0.00009116,52.00000000
2018-02-24 09:29:34,0.00009117,6.00000000
2018-02-24 09:29:38,0.00009117,351.00000000
2018-02-24 09:29:43,0.00009117,38.00000000
2018-02-24 09:29:43,0.00009127,116.00000000
2018-02-24 09:29:51,0.00009116,2120.00000000
2018-02-24 09:29:57,0.00009116,296.00000000
2018-02-24 09:30:00,0.00009117,342.00000000
2018-02-24 09:30:00,0.00009117,1.00000000
2018-02-24 09:30:02,0.00009126,200.00000000
2018-02-24 09:30:02,0.00009121,200.00000000
2018-02-24 09:30:09,0.00009127,378.00000000
2018-02-24 09:30:13,0.00009121,108.00000000
2018-02-24 09:30:13,0.00009117,392.00000000
2018-02-24 09:30:21,0.00009117,8.00000000
2018-02-24 09:30:27,0.00009117,25.00000000
2018-02-24 09:30:29,0.00009117,4.00000000
2018-02-24 09:30:30,0.00009117,660.00000000
2018-02-24 09:30:30,0.00009117,3718.00000000
2018-02-24 09:30:32,0.00009117,803.00000000
2018-02-24 09:30:34,0.00009117,1.00000000
2018-02-24 09:30:36,0.00009117,84.00000000
2018-02-24 09:30:42,0.00009117,472.00000000
2018-02-24 09:30:44,0.00009126,2984.00000000
2018-02-24 09:30:44,0.00009127,5981.00000000
2018-02-24 09:30:45,0.00009127,7598.00000000
2018-02-24 09:30:47,0.00009127,3065.00000000
2018-02-24 09:31:18,0.00009126,88.00000000
2018-02-24 09:31:18,0.00009127,4912.00000000
2018-02-24 09:31:25,0.00009118,1784.00000000
2018-02-24 09:31:28,0.00009127,109.00000000
2018-02-24 09:31:39,0.00009127,213.00000000
2018-02-24 09:31:44,0.00009127,169.00000000
2018-02-24 09:31:52,0.00009127,2891.00000000
2018-02-24 09:31:59,0.00009127,126.00000000
2018-02-24 09:32:05,0.00009127,54.00000000
2018-02-24 09:32:09,0.00009119,109.00000000
2018-02-24 09:32:10,0.00009119,1089.00000000
2018-02-24 09:32:10,0.00009118,7545.00000000
2018-02-24 09:32:14,0.00009118,135.00000000
2018-02-24 09:32:36,0.00009126,279.00000000
2018-02-24 09:32:38,0.00009127,86.00000000
2018-02-24 09:32:40,0.00009118,1091.00000000
2018-02-24 09:32:41,0.00009127,5478.00000000
2018-02-24 09:32:50,0.00009127,1.00000000
2018-02-24 09:32:51,0.00009127,72.00000000
2018-02-24 09:32:57,0.00009127,1241.00000000
2018-02-24 09:33:05,0.00009127,11921.00000000
2018-02-24 09:33:06,0.00009127,364.00000000
2018-02-24 09:33:15,0.00009127,106.00000000
2018-02-24 09:33:27,0.00009128,836.00000000
2018-02-24 09:33:30,0.00009128,382.00000000
2018-02-24 09:33:30,0.00009128,540.00000000
2018-02-24 09:33:32,0.00009127,1219.00000000
2018-02-24 09:33:40,0.00009128,113.00000000
2018-02-24 09:33:40,0.00009128,328.00000000
2018-02-24 09:33:41,0.00009127,89.00000000
2018-02-24 09:33:43,0.00009127,89.00000000
2018-02-24 09:33:43,0.00009127,140.00000000
2018-02-24 09:33:52,0.00009128,4.00000000
2018-02-24 09:33:58,0.00009127,270.00000000
2018-02-24 09:34:14,0.00009128,100.00000000
2018-02-24 09:34:15,0.00009132,41.00000000
2018-02-24 09:34:20,0.00009133,38.00000000
2018-02-24 09:34:32,0.00009138,109.00000000
2018-02-24 09:34:43,0.00009138,391.00000000
2018-02-24 09:34:51,0.00009138,18.00000000
2018-02-24 09:34:52,0.00009144,152.00000000
2018-02-24 09:34:58,0.00009143,191.00000000
2018-02-24 09:34:58,0.00009144,12.00000000
2018-02-24 09:34:59,0.00009144,200.00000000
2018-02-24 09:34:59,0.00009144,328.00000000
2018-02-24 09:34:59,0.00009144,130.00000000
2018-02-24 09:34:59,0.00009144,328.00000000
2018-02-24 09:34:59,0.00009144,328.00000000
2018-02-24 09:34:59,0.00009144,156.00000000
2018-02-24 09:34:59,0.00009144,328.00000000
2018-02-24 09:34:59,0.00009144,328.00000000
2018-02-24 09:34:59,0.00009144,328.00000000
2018-02-24 09:34:59,0.00009144,328.00000000
2018-02-24 09:35:00,0.00009144,242.00000000
2018-02-24 09:35:00,0.00009144,327.00000000
2018-02-24 09:35:00,0.00009144,327.00000000
2018-02-24 09:35:00,0.00009144,328.00000000
2018-02-24 09:35:00,0.00009144,327.00000000
2018-02-24 09:35:00,0.00009145,77.00000000
2018-02-24 09:35:00,0.00009144,328.00000000
2018-02-24 09:35:00,0.00009144,327.00000000
2018-02-24 09:35:00,0.00009144,328.00000000
2018-02-24 09:35:00,0.00009144,327.00000000
2018-02-24 09:35:01,0.00009144,328.00000000
2018-02-24 09:35:01,0.00009144,327.00000000
2018-02-24 09:35:01,0.00009144,161.00000000
2018-02-24 09:35:01,0.00009144,328.00000000
2018-02-24 09:35:01,0.00009144,183.00000000
2018-02-24 09:35:11,0.00009145,151.00000000
2018-02-24 09:35:12,0.00009144,27.00000000
2018-02-24 09:35:20,0.00009145,43.00000000
2018-02-24 09:35:20,0.00009144,328.00000000
2018-02-24 09:35:20,0.00009144,328.00000000
2018-02-24 09:35:20,0.00009144,1093.00000000
2018-02-24 09:35:20,0.00009144,374.00000000
2018-02-24 09:35:20,0.00009144,180.00000000
2018-02-24 09:35:22,0.00009145,43.00000000
2018-02-24 09:35:24,0.00009145,43.00000000
2018-02-24 09:35:36,0.00009130,241.00000000
2018-02-24 09:35:36,0.00009127,4495.00000000
2018-02-24 09:35:37,0.00009127,157.00000000
2018-02-24 09:35:37,0.00009144,150.00000000
2018-02-24 09:35:43,0.00009141,92.00000000
2018-02-24 09:35:57,0.00009127,164.00000000
2018-02-24 09:35:57,0.00009125,108.00000000
2018-02-24 09:36:06,0.00009141,43.00000000
2018-02-24 09:36:06,0.00009141,120.00000000
2018-02-24 09:36:08,0.00009141,33.00000000
2018-02-24 09:36:08,0.00009142,10.00000000
2018-02-24 09:36:15,0.00009141,1000.00000000
2018-02-24 09:36:15,0.00009142,629.00000000
2018-02-24 09:36:20,0.00009141,15.00000000
2018-02-24 09:36:24,0.00009129,120.00000000
2018-02-24 09:36:24,0.00009127,20.00000000
2018-02-24 09:36:38,0.00009139,59.00000000
2018-02-24 09:36:43,0.00009139,84.00000000
2018-02-24 09:36:43,0.00009140,25.00000000
2018-02-24 09:36:43,0.00009141,296.00000000
2018-02-24 09:36:51,0.00009140,43.00000000
2018-02-24 09:36:53,0.00009140,43.00000000
2018-02-24 09:36:56,0.00009129,22.00000000
2018-02-24 09:37:03,0.00009129,150.00000000
2018-02-24 09:37:09,0.00009129,49.00000000
2018-02-24 09:37:11,0.00009140,37.00000000
2018-02-24 09:37:28,0.00009137,109.00000000
2018-02-24 09:37:32,0.00009129,296.00000000
2018-02-24 09:37:32,0.00009128,1704.00000000
2018-02-24 09:37:34,0.00009128,48.00000000
2018-02-24 09:37:39,0.00009130,120.00000000
2018-02-24 09:37:39,0.00009129,252.00000000
2018-02-24 09:37:48,0.00009140,69.00000000
2018-02-24 09:38:07,0.00009130,30.00000000
2018-02-24 09:38:10,0.00009138,20.00000000
2018-02-24 09:38:12,0.00009131,20.00000000
2018-02-24 09:38:12,0.00009130,174.00000000
2018-02-24 09:38:12,0.00009129,1315.00000000
2018-02-24 09:38:14,0.00009129,174.00000000
2018-02-24 09:38:18,0.00009129,102.00000000
2018-02-24 09:38:27,0.00009138,25.00000000
2018-02-24 09:38:38,0.00009129,3432.00000000
2018-02-24 09:38:48,0.00009129,905.00000000
2018-02-24 09:38:50,0.00009129,404.00000000
2018-02-24 09:38:50,0.00009128,499.00000000
2018-02-24 09:38:50,0.00009128,905.00000000
2018-02-24 09:38:54,0.00009128,1000.00000000
2018-02-24 09:38:56,0.00009128,1000.00000000
2018-02-24 09:38:59,0.00009136,1.00000000
2018-02-24 09:39:01,0.00009136,200.00000000
2018-02-24 09:39:23,0.00009128,109.00000000
2018-02-24 09:39:24,0.00009135,11.00000000
2018-02-24 09:39:31,0.00009129,109.00000000
2018-02-24 09:39:34,0.00009133,7.00000000
2018-02-24 09:39:35,0.00009133,110.00000000
2018-02-24 09:39:36,0.00009133,36.00000000
2018-02-24 09:39:36,0.00009129,122.00000000
2018-02-24 09:40:00,0.00009130,76.00000000
2018-02-24 09:40:00,0.00009129,30.00000000
2018-02-24 09:40:02,0.00009128,225.00000000
2018-02-24 09:40:10,0.00009129,1000.00000000
2018-02-24 09:40:10,0.00009129,41.00000000
2018-02-24 09:40:11,0.00009128,1964.00000000
2018-02-24 09:40:12,0.00009128,142.00000000
2018-02-24 09:40:13,0.00009129,63.00000000
2018-02-24 09:40:14,0.00009129,990.00000000
2018-02-24 09:40:17,0.00009128,15.00000000
2018-02-24 09:40:23,0.00009128,1139.00000000
2018-02-24 09:40:24,0.00009129,26.00000000
2018-02-24 09:40:27,0.00009128,21.00000000
2018-02-24 09:40:28,0.00009128,135.00000000
2018-02-24 09:40:29,0.00009129,3559.00000000
2018-02-24 09:40:30,0.00009129,16.00000000
2018-02-24 09:40:32,0.00009129,6786.00000000
2018-02-24 09:40:32,0.00009133,2924.00000000
2018-02-24 09:40:38,0.00009135,29.00000000
2018-02-24 09:40:50,0.00009133,272.00000000
2018-02-24 09:41:08,0.00009135,14.00000000
2018-02-24 09:41:11,0.00009129,438.00000000
2018-02-24 09:41:12,0.00009129,25.00000000
2018-02-24 09:41:16,0.00009135,317.00000000
2018-02-24 09:41:24,0.00009135,927.00000000
2018-02-24 09:41:25,0.00009135,180.00000000
2018-02-24 09:41:27,0.00009133,306.00000000
2018-02-24 09:41:27,0.00009133,15.00000000
2018-02-24 09:41:29,0.00009133,268.00000000
2018-02-24 09:41:29,0.00009129,136.00000000
2018-02-24 09:41:34,0.00009134,200.00000000
2018-02-24 09:41:35,0.00009134,121.00000000
2018-02-24 09:41:35,0.00009135,200.00000000
2018-02-24 09:41:38,0.00009133,126.00000000
2018-02-24 09:41:38,0.00009129,109.00000000
2018-02-24 09:41:40,0.00009135,92.00000000
2018-02-24 09:41:41,0.00009134,6144.00000000
2018-02-24 09:41:47,0.00009134,7631.00000000
2018-02-24 09:41:47,0.00009135,97.00000000
2018-02-24 09:42:01,0.00009134,237.00000000
2018-02-24 09:42:04,0.00009134,6003.00000000
2018-02-24 09:42:04,0.00009130,181.00000000
2018-02-24 09:42:04,0.00009135,164.00000000
2018-02-24 09:42:07,0.00009130,257.00000000
2018-02-24 09:42:18,0.00009130,35.00000000
2018-02-24 09:42:19,0.00009130,3627.00000000
2018-02-24 09:42:19,0.00009129,13.00000000
2018-02-24 09:42:20,0.00009129,581.00000000
2018-02-24 09:42:23,0.00009130,45.00000000
2018-02-24 09:42:24,0.00009130,500.00000000
2018-02-24 09:42:32,0.00009130,2828.00000000
2018-02-24 09:42:33,0.00009130,231.00000000
2018-02-24 09:42:35,0.00009130,317.00000000
2018-02-24 09:42:39,0.00009130,443.00000000
2018-02-24 09:42:43,0.00009130,71.00000000
2018-02-24 09:42:50,0.00009135,4.00000000
2018-02-24 09:43:00,0.00009135,20.00000000
2018-02-24 09:43:12,0.00009135,43.00000000
2018-02-24 09:43:18,0.00009135,644.00000000
2018-02-24 09:43:18,0.00009138,164.00000000
2018-02-24 09:43:18,0.00009139,2284.00000000
2018-02-24 09:43:18,0.00009140,3379.00000000
2018-02-24 09:43:18,0.00009140,550.00000000
2018-02-24 09:43:20,0.00009130,812.00000000
2018-02-24 09:43:21,0.00009134,25.00000000
2018-02-24 09:43:21,0.00009135,1.00000000
2018-02-24 09:43:21,0.00009135,53.00000000
2018-02-24 09:43:21,0.00009140,1562.00000000
2018-02-24 09:43:23,0.00009140,403.00000000
2018-02-24 09:43:23,0.00009130,657.00000000
2018-02-24 09:43:23,0.00009129,192.00000000
2018-02-24 09:43:24,0.00009140,101.00000000
2018-02-24 09:43:26,0.00009140,34.00000000
2018-02-24 09:43:31,0.00009129,1.00000000
2018-02-24 09:43:35,0.00009129,499.00000000
2018-02-24 09:43:39,0.00009129,499.00000000
2018-02-24 09:43:55,0.00009133,41.00000000
2018-02-24 09:43:56,0.00009133,79.00000000
2018-02-24 09:43:58,0.00009133,800.00000000
2018-02-24 09:44:06,0.00009140,262.00000000
2018-02-24 09:44:06,0.00009141,83.00000000
2018-02-24 09:44:07,0.00009133,800.00000000
2018-02-24 09:44:10,0.00009133,41.00000000
2018-02-24 09:44:14,0.00009133,716.00000000
2018-02-24 09:44:16,0.00009133,3467.00000000
2018-02-24 09:44:23,0.00009134,23.00000000
2018-02-24 09:44:23,0.00009140,50.00000000
2018-02-24 09:44:25,0.00009133,41.00000000
2018-02-24 09:44:32,0.00009140,9.00000000
2018-02-24 09:44:40,0.00009134,41.00000000
2018-02-24 09:44:45,0.00009134,4.00000000
2018-02-24 09:44:55,0.00009134,41.00000000
2018-02-24 09:44:58,0.00009134,746.00000000
2018-02-24 09:45:01,0.00009140,284.00000000
2018-02-24 09:45:02,0.00009140,89.00000000
2018-02-24 09:45:02,0.00009140,177.00000000
2018-02-24 09:45:02,0.00009134,5.00000000
2018-02-24 09:45:06,0.00009134,2900.00000000
2018-02-24 09:45:10,0.00009134,1.00000000
2018-02-24 09:45:11,0.00009134,40.00000000
2018-02-24 09:45:11,0.00009134,4432.00000000
2018-02-24 09:45:13,0.00009133,1162.00000000
2018-02-24 09:45:13,0.00009130,4704.00000000
2018-02-24 09:45:17,0.00009130,3954.00000000
2018-02-24 09:45:26,0.00009130,41.00000000
2018-02-24 09:45:29,0.00009130,49.00000000
2018-02-24 09:45:30,0.00009134,3742.00000000
2018-02-24 09:45:30,0.00009138,239.00000000
2018-02-24 09:45:30,0.00009141,1019.00000000
2018-02-24 09:45:37,0.00009140,1.00000000
2018-02-24 09:45:40,0.00009130,160.00000000
2018-02-24 09:45:40,0.00009130,41.00000000
2018-02-24 09:45:45,0.00009130,611.00000000
2018-02-24 09:45:45,0.00009129,855.00000000
2018-02-24 09:45:56,0.00009128,41.00000000
2018-02-24 09:45:56,0.00009129,514.00000000
2018-02-24 09:45:57,0.00009128,125.00000000
2018-02-24 09:45:58,0.00009129,55.00000000
2018-02-24 09:46:02,0.00009139,164.00000000
2018-02-24 09:46:02,0.00009140,271.00000000
2018-02-24 09:46:05,0.00009129,24.00000000
2018-02-24 09:46:09,0.00009129,109.00000000
2018-02-24 09:46:11,0.00009129,41.00000000
2018-02-24 09:46:15,0.00009129,168.00000000
2018-02-24 09:46:17,0.00009129,865.00000000
2018-02-24 09:46:24,0.00009134,12.00000000
2018-02-24 09:46:24,0.00009139,126.00000000
2018-02-24 09:46:24,0.00009140,170.00000000
2018-02-24 09:46:26,0.00009134,41.00000000
2018-02-24 09:46:37,0.00009134,47.00000000
2018-02-24 09:46:37,0.00009128,34.00000000
2018-02-24 09:46:42,0.00009134,80.00000000
2018-02-24 09:46:54,0.00009132,22.00000000
2018-02-24 09:46:56,0.00009134,176.00000000
2018-02-24 09:47:02,0.00009129,13.00000000
2018-02-24 09:47:03,0.00009129,3619.00000000
2018-02-24 09:47:26,0.00009129,35.00000000
2018-02-24 09:47:36,0.00009129,85.00000000
2018-02-24 09:47:43,0.00009129,438.00000000
2018-02-24 09:47:44,0.00009129,352.00000000
2018-02-24 09:47:51,0.00009128,86.00000000
2018-02-24 09:47:53,0.00009128,11.00000000
2018-02-24 09:48:07,0.00009129,602.00000000
2018-02-24 09:48:07,0.00009128,1312.00000000
2018-02-24 09:48:07,0.00009126,200.00000000
2018-02-24 09:48:07,0.00009125,3161.00000000
2018-02-24 09:48:07,0.00009122,164.00000000
2018-02-24 09:48:07,0.00009121,1144.00000000
2018-02-24 09:48:07,0.00009120,4271.00000000
2018-02-24 09:48:29,0.00009129,14.00000000
2018-02-24 09:48:29,0.00009121,1095.00000000
2018-02-24 09:48:29,0.00009120,326.00000000
2018-02-24 09:48:31,0.00009120,533.00000000
2018-02-24 09:48:50,0.00009120,87.00000000
2018-02-24 09:48:53,0.00009120,109.00000000
2018-02-24 09:48:58,0.00009130,417.00000000
2018-02-24 09:48:59,0.00009120,550.00000000
2018-02-24 09:49:20,0.00009120,424.00000000
2018-02-24 09:49:21,0.00009120,50.00000000
2018-02-24 09:49:33,0.00009120,530.00000000
2018-02-24 09:49:39,0.00009129,327.00000000
2018-02-24 09:49:39,0.00009129,132.00000000
2018-02-24 09:49:41,0.00009130,320.00000000
2018-02-24 09:49:44,0.00009129,327.00000000
2018-02-24 09:49:45,0.00009129,327.00000000
2018-02-24 09:49:48,0.00009129,327.00000000
2018-02-24 09:49:54,0.00009130,2.00000000
2018-02-24 09:49:55,0.00009130,298.00000000
2018-02-24 09:49:56,0.00009130,171.00000000
2018-02-24 09:49:56,0.00009130,12.00000000
2018-02-24 09:49:56,0.00009129,35.00000000
2018-02-24 09:49:56,0.00009129,327.00000000
2018-02-24 09:49:59,0.00009129,54.00000000
2018-02-24 09:50:03,0.00009129,149.00000000
2018-02-24 09:50:05,0.00009129,18.00000000
2018-02-24 09:50:05,0.00009129,112.00000000
2018-02-24 09:50:11,0.00009129,19.00000000
2018-02-24 09:50:11,0.00009129,376.00000000
2018-02-24 09:50:11,0.00009129,35.00000000
2018-02-24 09:50:12,0.00009130,95.00000000
2018-02-24 09:50:15,0.00009129,95.00000000
2018-02-24 09:50:23,0.00009129,3489.00000000
2018-02-24 09:50:28,0.00009129,128.00000000
2018-02-24 09:50:31,0.00009129,327.00000000
2018-02-24 09:50:32,0.00009129,44.00000000
2018-02-24 09:50:34,0.00009129,57.00000000
2018-02-24 09:50:34,0.00009129,327.00000000
2018-02-24 09:50:34,0.00009129,328.00000000
2018-02-24 09:50:34,0.00009129,328.00000000
2018-02-24 09:50:35,0.00009129,328.00000000
2018-02-24 09:50:36,0.00009130,10.00000000
2018-02-24 09:50:37,0.00009129,42.00000000
2018-02-24 09:50:45,0.00009130,20.00000000
2018-02-24 09:51:00,0.00009130,72.00000000
2018-02-24 09:51:01,0.00009121,626.00000000
2018-02-24 09:51:04,0.00009121,115.00000000
2018-02-24 09:51:24,0.00009121,29.00000000
2018-02-24 09:51:25,0.00009121,22.00000000
2018-02-24 09:51:43,0.00009121,504.00000000
2018-02-24 09:51:55,0.00009121,37.00000000
2018-02-24 09:52:02,0.00009130,20.00000000
2018-02-24 09:52:03,0.00009130,195.00000000
2018-02-24 09:52:03,0.00009130,113.00000000
2018-02-24 09:52:03,0.00009121,113.00000000
2018-02-24 09:52:05,0.00009125,1.00000000
2018-02-24 09:52:05,0.00009125,107.00000000
2018-02-24 09:52:24,0.00009130,23.00000000
2018-02-24 09:52:24,0.00009133,78.00000000
2018-02-24 09:52:30,0.00009133,359.00000000
2018-02-24 09:52:30,0.00009133,101.00000000
2018-02-24 09:52:35,0.00009133,836.00000000
2018-02-24 09:52:35,0.00009134,41.00000000
2018-02-24 09:52:35,0.00009135,175.00000000
2018-02-24 09:52:39,0.00009135,22.00000000
2018-02-24 09:52:39,0.00009136,460.00000000
2018-02-24 09:52:39,0.00009137,64.00000000
2018-02-24 09:52:42,0.00009137,18.00000000
2018-02-24 09:52:42,0.00009125,1.00000000
2018-02-24 09:52:47,0.00009125,258.00000000
2018-02-24 09:52:52,0.00009125,2.00000000
2018-02-24 09:52:58,0.00009126,383.00000000
2018-02-24 09:53:14,0.00009137,146.00000000
2018-02-24 09:53:21,0.00009137,59.00000000
2018-02-24 09:53:21,0.00009137,328.00000000
2018-02-24 09:53:21,0.00009137,1262.00000000
2018-02-24 09:53:21,0.00009137,328.00000000
2018-02-24 09:53:22,0.00009137,275.00000000
2018-02-24 09:53:22,0.00009137,328.00000000
2018-02-24 09:53:22,0.00009137,92.00000000
2018-02-24 09:53:22,0.00009137,10.00000000
2018-02-24 09:53:22,0.00009137,327.00000000
2018-02-24 09:53:22,0.00009137,328.00000000
2018-02-24 09:53:22,0.00009137,328.00000000
2018-02-24 09:53:22,0.00009137,179.00000000
2018-02-24 09:53:25,0.00009138,109.00000000
2018-02-24 09:53:27,0.00009137,328.00000000
2018-02-24 09:53:27,0.00009137,327.00000000
2018-02-24 09:53:27,0.00009137,301.00000000
2018-02-24 09:53:28,0.00009127,67.00000000
2018-02-24 09:53:28,0.00009126,234.00000000
2018-02-24 09:53:29,0.00009127,10.00000000
2018-02-24 09:53:52,0.00009127,315.00000000
2018-02-24 09:54:00,0.00009137,55.00000000
2018-02-24 09:54:14,0.00009137,65.00000000
2018-02-24 09:54:14,0.00009138,650.00000000
2018-02-24 09:54:16,0.00009130,38.00000000
2018-02-24 09:54:19,0.00009137,202.00000000
2018-02-24 09:54:33,0.00009138,100.00000000
2018-02-24 09:54:39,0.00009138,100.00000000
2018-02-24 09:54:43,0.00009138,109.00000000
2018-02-24 09:54:54,0.00009138,200.00000000
2018-02-24 09:54:56,0.00009138,84.00000000
2018-02-24 09:55:00,0.00009138,85.00000000
2018-02-24 09:55:00,0.00009139,15.00000000
2018-02-24 09:55:02,0.00009135,99.00000000
2018-02-24 09:55:06,0.00009135,98.00000000
2018-02-24 09:55:06,0.00009135,9028.00000000
2018-02-24 09:55:09,0.00009135,56.00000000
2018-02-24 09:55:11,0.00009135,2054.00000000
2018-02-24 09:55:16,0.00009135,1027.00000000
2018-02-24 09:55:22,0.00009135,515.00000000
2018-02-24 09:55:23,0.00009135,919.00000000
2018-02-24 09:55:25,0.00009135,1214.00000000
2018-02-24 09:55:32,0.00009135,32.00000000
2018-02-24 09:55:38,0.00009138,140.00000000
2018-02-24 09:55:38,0.00009136,70.00000000
2018-02-24 09:55:39,0.00009135,31.00000000
2018-02-24 09:55:39,0.00009135,327.00000000
2018-02-24 09:55:39,0.00009135,328.00000000
2018-02-24 09:55:39,0.00009135,328.00000000
2018-02-24 09:55:39,0.00009135,117.00000000
2018-02-24 09:55:42,0.00009135,10000.00000000
2018-02-24 09:55:45,0.00009135,7670.00000000
2018-02-24 09:55:46,0.00009135,8521.00000000
2018-02-24 09:55:52,0.00009135,79.00000000
2018-02-24 09:55:52,0.00009137,1094.00000000
2018-02-24 09:55:52,0.00009137,1067.00000000
2018-02-24 09:55:52,0.00009135,318.00000000
2018-02-24 09:55:58,0.00009135,207.00000000
2018-02-24 09:55:58,0.00009135,1000.00000000
2018-02-24 09:56:00,0.00009135,99.00000000
2018-02-24 09:56:05,0.00009135,145.00000000
2018-02-24 09:56:06,0.00009135,328.00000000
2018-02-24 09:56:07,0.00009135,1094.00000000
2018-02-24 09:56:07,0.00009135,3972.00000000
2018-02-24 09:56:07,0.00009135,328.00000000
2018-02-24 09:56:08,0.00009136,90.00000000
2018-02-24 09:56:08,0.00009135,328.00000000
2018-02-24 09:56:08,0.00009135,328.00000000
2018-02-24 09:56:09,0.00009135,213.00000000
2018-02-24 09:56:10,0.00009135,24.00000000
2018-02-24 09:56:12,0.00009135,58.00000000
2018-02-24 09:56:12,0.00009132,20.00000000
2018-02-24 09:56:15,0.00009132,361.00000000
2018-02-24 09:56:17,0.00009132,17.00000000
2018-02-24 09:56:19,0.00009135,243.00000000
2018-02-24 09:56:26,0.00009135,44.00000000
2018-02-24 09:56:26,0.00009135,35.00000000
2018-02-24 09:56:26,0.00009135,23.00000000
2018-02-24 09:56:30,0.00009135,105.00000000
2018-02-24 09:56:33,0.00009132,116.00000000
2018-02-24 09:56:33,0.00009127,1884.00000000
2018-02-24 09:56:39,0.00009135,30.00000000
2018-02-24 09:56:39,0.00009128,30.00000000
2018-02-24 09:56:52,0.00009128,168.00000000
2018-02-24 09:57:02,0.00009135,57.00000000
2018-02-24 09:57:03,0.00009128,1.00000000
2018-02-24 09:57:07,0.00009135,114.00000000
2018-02-24 09:57:26,0.00009128,23.00000000
2018-02-24 09:57:38,0.00009128,70.00000000
2018-02-24 09:57:38,0.00009127,433.00000000
2018-02-24 09:57:45,0.00009127,12.00000000
2018-02-24 09:57:46,0.00009135,349.00000000
2018-02-24 09:57:48,0.00009127,259.00000000
2018-02-24 09:57:49,0.00009135,43.00000000
2018-02-24 09:57:49,0.00009127,22.00000000
2018-02-24 09:57:51,0.00009135,43.00000000
2018-02-24 09:57:53,0.00009135,118.00000000
2018-02-24 09:57:55,0.00009135,96.00000000
2018-02-24 09:57:55,0.00009135,86.00000000
2018-02-24 09:57:58,0.00009135,43.00000000
2018-02-24 09:58:00,0.00009135,43.00000000
2018-02-24 09:58:12,0.00009127,35.00000000
2018-02-24 09:58:14,0.00009135,49.00000000
2018-02-24 09:58:14,0.00009135,1873.00000000
2018-02-24 09:58:18,0.00009135,70.00000000
2018-02-24 09:58:24,0.00009128,49.00000000
2018-02-24 09:58:26,0.00009128,35.00000000
2018-02-24 09:58:29,0.00009135,77.00000000
2018-02-24 09:58:34,0.00009135,400.00000000
2018-02-24 09:58:35,0.00009135,665.00000000
2018-02-24 09:58:35,0.00009135,43.00000000
2018-02-24 09:58:37,0.00009135,489.00000000
2018-02-24 09:58:37,0.00009135,80.00000000
2018-02-24 09:58:41,0.00009135,86.00000000
2018-02-24 09:58:41,0.00009128,35.00000000
2018-02-24 09:58:42,0.00009135,497.00000000
2018-02-24 09:58:46,0.00009135,3312.00000000
2018-02-24 09:58:46,0.00009135,383.00000000
2018-02-24 09:58:48,0.00009140,57.00000000
2018-02-24 09:58:50,0.00009140,40.00000000
2018-02-24 09:58:56,0.00009136,35.00000000
2018-02-24 09:59:10,0.00009136,8.00000000
2018-02-24 09:59:10,0.00009135,117.00000000
2018-02-24 09:59:10,0.00009128,3.00000000
2018-02-24 09:59:10,0.00009127,1172.00000000
2018-02-24 09:59:15,0.00009128,865.00000000
2018-02-24 09:59:27,0.00009128,70.00000000
2018-02-24 09:59:29,0.00009139,120.00000000
2018-02-24 09:59:29,0.00009128,44.00000000
2018-02-24 09:59:34,0.00009139,86.00000000
2018-02-24 09:59:39,0.00009139,119.00000000
2018-02-24 09:59:45,0.00009139,50.00000000
2018-02-24 09:59:49,0.00009139,188.00000000
2018-02-24 09:59:49,0.00009140,2536.00000000
2018-02-24 09:59:49,0.00009136,328.00000000
2018-02-24 09:59:50,0.00009136,102.00000000
