DATE,PRICE,VOLUME
2018-02-27 12:00:00,0.00008788,44.00000000
2018-02-27 12:00:07,0.00008790,26.00000000
2018-02-27 12:00:07,0.00008790,22.00000000
2018-02-27 12:00:07,0.00008790,47.00000000
2018-02-27 12:00:07,0.00008794,29.00000000
2018-02-27 12:00:08,0.00008794,50.00000000
2018-02-27 12:00:08,0.00008794,22.00000000
2018-02-27 12:00:09,0.00008796,89.00000000
2018-02-27 12:00:09,0.00008797,839.00000000
2018-02-27 12:00:10,0.00008797,111.00000000
2018-02-27 12:00:10,0.00008797,56.00000000
2018-02-27 12:00:11,0.00008797,179.00000000
2018-02-27 12:00:11,0.00008797,22.00000000
2018-02-27 12:00:12,0.00008797,22.00000000
2018-02-27 12:00:13,0.00008797,170.00000000
2018-02-27 12:00:15,0.00008797,55.00000000
2018-02-27 12:00:19,0.00008797,32.00000000
2018-02-27 12:00:20,0.00008797,1547.00000000
2018-02-27 12:00:20,0.00008789,81.00000000
2018-02-27 12:00:20,0.00008789,74.00000000
2018-02-27 12:00:20,0.00008789,96.00000000
2018-02-27 12:00:22,0.00008797,761.00000000
2018-02-27 12:00:23,0.00008789,81.00000000
2018-02-27 12:00:23,0.00008789,42.00000000
2018-02-27 12:00:23,0.00008788,63.00000000
2018-02-27 12:00:23,0.00008788,74.00000000
2018-02-27 12:00:25,0.00008788,75.00000000
2018-02-27 12:00:25,0.00008788,100.00000000
2018-02-27 12:00:25,0.00008788,78.00000000
2018-02-27 12:00:25,0.00008797,34.00000000
2018-02-27 12:00:30,0.00008797,1135.00000000
2018-02-27 12:00:33,0.00008797,21.00000000
2018-02-27 12:00:36,0.00008797,1135.00000000
2018-02-27 12:00:41,0.00008797,483.00000000
2018-02-27 12:00:42,0.00008789,237.00000000
2018-02-27 12:00:42,0.00008788,442.00000000
2018-02-27 12:00:42,0.00008787,3431.00000000
2018-02-27 12:00:42,0.00008786,890.00000000
2018-02-27 12:00:42,0.00008797,1032.00000000
2018-02-27 12:00:43,0.00008797,23.00000000
2018-02-27 12:00:43,0.00008797,80.00000000
2018-02-27 12:00:44,0.00008788,20.00000000
2018-02-27 12:00:48,0.00008792,88.00000000
2018-02-27 12:00:48,0.00008799,1047.00000000
2018-02-27 12:00:54,0.00008799,1135.00000000
2018-02-27 12:00:58,0.00008791,103.00000000
2018-02-27 12:01:01,0.00008799,1135.00000000
2018-02-27 12:01:04,0.00008791,100.00000000
2018-02-27 12:01:04,0.00008791,103.00000000
2018-02-27 12:01:05,0.00008791,96.00000000
2018-02-27 12:01:05,0.00008791,100.00000000
2018-02-27 12:01:05,0.00008799,556.00000000
2018-02-27 12:01:07,0.00008799,1135.00000000
2018-02-27 12:01:08,0.00008791,22.00000000
2018-02-27 12:01:10,0.00008799,230.00000000
2018-02-27 12:01:13,0.00008799,1135.00000000
2018-02-27 12:01:19,0.00008799,814.00000000
2018-02-27 12:01:20,0.00008799,56.00000000
2018-02-27 12:01:20,0.00008800,9775.00000000
2018-02-27 12:01:20,0.00008800,1966.00000000
2018-02-27 12:01:21,0.00008800,733.00000000
2018-02-27 12:01:21,0.00008800,1384.00000000
2018-02-27 12:01:22,0.00008800,182.00000000
2018-02-27 12:01:22,0.00008800,210.00000000
2018-02-27 12:01:23,0.00008800,325.00000000
2018-02-27 12:01:23,0.00008800,35.00000000
2018-02-27 12:01:24,0.00008800,382.00000000
2018-02-27 12:01:24,0.00008804,44.00000000
2018-02-27 12:01:25,0.00008804,65.00000000
2018-02-27 12:01:25,0.00008805,250.00000000
2018-02-27 12:01:26,0.00008805,100.00000000
2018-02-27 12:01:27,0.00008805,455.00000000
2018-02-27 12:01:27,0.00008805,100.00000000
2018-02-27 12:01:27,0.00008812,41.00000000
2018-02-27 12:01:32,0.00008812,264.00000000
2018-02-27 12:01:32,0.00008813,12.00000000
2018-02-27 12:01:32,0.00008814,122.00000000
2018-02-27 12:01:32,0.00008815,106.00000000
2018-02-27 12:01:33,0.00008815,102.00000000
2018-02-27 12:01:33,0.00008815,15.00000000
2018-02-27 12:01:33,0.00008815,15.00000000
2018-02-27 12:01:33,0.00008815,341.00000000
2018-02-27 12:01:33,0.00008801,160.00000000
2018-02-27 12:01:34,0.00008802,14.00000000
2018-02-27 12:01:34,0.00008802,56.00000000
2018-02-27 12:01:37,0.00008802,276.00000000
2018-02-27 12:01:40,0.00008802,188.00000000
2018-02-27 12:01:43,0.00008803,261.00000000
2018-02-27 12:01:43,0.00008802,947.00000000
2018-02-27 12:01:43,0.00008801,492.00000000
2018-02-27 12:01:46,0.00008805,1429.00000000
2018-02-27 12:01:46,0.00008805,70.00000000
2018-02-27 12:01:47,0.00008805,399.00000000
2018-02-27 12:01:47,0.00008806,34.00000000
2018-02-27 12:01:49,0.00008805,997.00000000
2018-02-27 12:01:54,0.00008805,49.00000000
2018-02-27 12:01:54,0.00008805,88.00000000
2018-02-27 12:01:55,0.00008805,1211.00000000
2018-02-27 12:02:09,0.00008803,21.00000000
2018-02-27 12:02:12,0.00008804,12.00000000
2018-02-27 12:02:12,0.00008804,129.00000000
2018-02-27 12:02:16,0.00008804,401.00000000
2018-02-27 12:02:17,0.00008803,23.00000000
2018-02-27 12:02:20,0.00008803,359.00000000
2018-02-27 12:02:20,0.00008804,19.00000000
2018-02-27 12:02:21,0.00008804,319.00000000
2018-02-27 12:02:21,0.00008805,311.00000000
2018-02-27 12:02:21,0.00008806,63.00000000
2018-02-27 12:02:21,0.00008810,802.00000000
2018-02-27 12:02:21,0.00008803,56.00000000
2018-02-27 12:02:21,0.00008803,185.00000000
2018-02-27 12:02:21,0.00008802,500.00000000
2018-02-27 12:02:21,0.00008801,81.00000000
2018-02-27 12:02:21,0.00008800,36.00000000
2018-02-27 12:02:22,0.00008800,721.00000000
2018-02-27 12:02:23,0.00008802,115.00000000
2018-02-27 12:02:24,0.00008802,58.00000000
2018-02-27 12:02:25,0.00008801,1135.00000000
2018-02-27 12:02:25,0.00008800,7875.00000000
2018-02-27 12:02:27,0.00008800,872.00000000
2018-02-27 12:02:28,0.00008800,937.00000000
2018-02-27 12:02:29,0.00008803,40.00000000
2018-02-27 12:02:47,0.00008803,2.00000000
2018-02-27 12:02:50,0.00008803,140.00000000
2018-02-27 12:03:00,0.00008803,551.00000000
2018-02-27 12:03:03,0.00008803,1.00000000
2018-02-27 12:03:03,0.00008803,158.00000000
2018-02-27 12:03:09,0.00008803,12.00000000
2018-02-27 12:03:13,0.00008803,13.00000000
2018-02-27 12:03:14,0.00008803,113.00000000
2018-02-27 12:03:21,0.00008804,43.00000000
2018-02-27 12:03:21,0.00008817,457.00000000
2018-02-27 12:03:22,0.00008803,25.00000000
2018-02-27 12:03:23,0.00008803,168.00000000
2018-02-27 12:03:24,0.00008804,33.00000000
2018-02-27 12:03:24,0.00008803,100.00000000
2018-02-27 12:03:28,0.00008803,500.00000000
2018-02-27 12:03:29,0.00008800,136.00000000
2018-02-27 12:03:29,0.00008799,290.00000000
2018-02-27 12:03:36,0.00008803,94.00000000
2018-02-27 12:03:37,0.00008803,169.00000000
2018-02-27 12:03:38,0.00008803,567.00000000
2018-02-27 12:03:43,0.00008815,148.00000000
2018-02-27 12:04:01,0.00008801,36.00000000
2018-02-27 12:04:01,0.00008800,130.00000000
2018-02-27 12:04:07,0.00008801,113.00000000
2018-02-27 12:04:10,0.00008802,12.00000000
2018-02-27 12:04:19,0.00008801,177.00000000
2018-02-27 12:04:28,0.00008800,50.00000000
2018-02-27 12:04:31,0.00008800,2426.00000000
2018-02-27 12:04:31,0.00008799,2574.00000000
2018-02-27 12:04:31,0.00008799,8.00000000
2018-02-27 12:04:32,0.00008801,15.00000000
2018-02-27 12:04:34,0.00008801,29.00000000
2018-02-27 12:04:35,0.00008801,113.00000000
2018-02-27 12:04:41,0.00008802,902.00000000
2018-02-27 12:04:41,0.00008802,8.00000000
2018-02-27 12:04:44,0.00008801,146.00000000
2018-02-27 12:04:49,0.00008801,276.00000000
2018-02-27 12:04:49,0.00008802,10.00000000
2018-02-27 12:04:50,0.00008801,376.00000000
2018-02-27 12:04:50,0.00008800,27.00000000
2018-02-27 12:04:51,0.00008800,445.00000000
2018-02-27 12:04:52,0.00008800,80.00000000
2018-02-27 12:04:52,0.00008800,1605.00000000
2018-02-27 12:04:56,0.00008802,166.00000000
2018-02-27 12:04:58,0.00008800,34.00000000
2018-02-27 12:05:07,0.00008801,54.00000000
2018-02-27 12:05:07,0.00008800,59.00000000
2018-02-27 12:05:12,0.00008800,12.00000000
2018-02-27 12:05:16,0.00008800,1104.00000000
2018-02-27 12:05:17,0.00008800,13.00000000
2018-02-27 12:05:17,0.00008800,960.00000000
2018-02-27 12:05:18,0.00008802,39.00000000
2018-02-27 12:05:18,0.00008800,19.00000000
2018-02-27 12:05:25,0.00008800,168.00000000
2018-02-27 12:05:28,0.00008800,2517.00000000
2018-02-27 12:05:28,0.00008799,4616.00000000
2018-02-27 12:05:36,0.00008799,7100.00000000
2018-02-27 12:05:39,0.00008799,85.00000000
2018-02-27 12:05:39,0.00008798,593.00000000
2018-02-27 12:05:39,0.00008787,150.00000000
2018-02-27 12:05:39,0.00008786,170.00000000
2018-02-27 12:05:50,0.00008787,67.00000000
2018-02-27 12:05:54,0.00008799,932.00000000
2018-02-27 12:05:56,0.00008799,102.00000000
2018-02-27 12:05:56,0.00008787,318.00000000
2018-02-27 12:05:58,0.00008787,620.00000000
2018-02-27 12:06:09,0.00008790,31.00000000
2018-02-27 12:06:11,0.00008800,32.00000000
2018-02-27 12:06:11,0.00008800,80.00000000
2018-02-27 12:06:20,0.00008790,300.00000000
2018-02-27 12:06:40,0.00008790,3129.00000000
2018-02-27 12:06:41,0.00008790,226.00000000
2018-02-27 12:06:46,0.00008790,109.00000000
2018-02-27 12:06:56,0.00008790,96.00000000
2018-02-27 12:07:09,0.00008797,226.00000000
2018-02-27 12:07:10,0.00008797,375.00000000
2018-02-27 12:07:14,0.00008797,376.00000000
2018-02-27 12:07:17,0.00008797,1728.00000000
2018-02-27 12:07:24,0.00008797,503.00000000
2018-02-27 12:07:27,0.00008799,48.00000000
2018-02-27 12:07:30,0.00008797,12.00000000
2018-02-27 12:07:31,0.00008799,211.00000000
2018-02-27 12:07:31,0.00008797,691.00000000
2018-02-27 12:07:34,0.00008797,113.00000000
2018-02-27 12:07:35,0.00008800,100.00000000
2018-02-27 12:07:37,0.00008797,744.00000000
2018-02-27 12:07:47,0.00008797,37.00000000
2018-02-27 12:07:50,0.00008797,220.00000000
2018-02-27 12:07:53,0.00008797,227.00000000
2018-02-27 12:08:05,0.00008798,113.00000000
2018-02-27 12:08:06,0.00008798,137.00000000
2018-02-27 12:08:06,0.00008797,777.00000000
2018-02-27 12:08:07,0.00008797,23.00000000
2018-02-27 12:08:17,0.00008797,105.00000000
2018-02-27 12:08:19,0.00008797,1547.00000000
2018-02-27 12:08:24,0.00008797,5405.00000000
2018-02-27 12:08:30,0.00008797,183.00000000
2018-02-27 12:08:32,0.00008800,19.00000000
2018-02-27 12:08:35,0.00008797,149.00000000
2018-02-27 12:08:35,0.00008797,149.00000000
2018-02-27 12:08:37,0.00008797,113.00000000
2018-02-27 12:08:39,0.00008797,48.00000000
2018-02-27 12:08:42,0.00008800,42.00000000
2018-02-27 12:08:43,0.00008797,682.00000000
2018-02-27 12:08:44,0.00008800,43.00000000
2018-02-27 12:08:45,0.00008800,30.00000000
2018-02-27 12:08:49,0.00008797,81.00000000
2018-02-27 12:08:49,0.00008797,82.00000000
2018-02-27 12:08:49,0.00008797,693.00000000
2018-02-27 12:08:49,0.00008792,100.00000000
2018-02-27 12:08:49,0.00008791,457.00000000
2018-02-27 12:08:52,0.00008797,48.00000000
2018-02-27 12:08:55,0.00008797,1302.00000000
2018-02-27 12:08:55,0.00008791,43.00000000
2018-02-27 12:08:55,0.00008790,19.00000000
2018-02-27 12:09:01,0.00008797,15.00000000
2018-02-27 12:09:10,0.00008797,358.00000000
2018-02-27 12:09:10,0.00008799,17.00000000
2018-02-27 12:09:27,0.00008798,24.00000000
2018-02-27 12:09:37,0.00008791,227.00000000
2018-02-27 12:09:45,0.00008798,132.00000000
2018-02-27 12:09:46,0.00008799,86.00000000
2018-02-27 12:09:47,0.00008799,46.00000000
2018-02-27 12:09:53,0.00008798,18.00000000
2018-02-27 12:09:53,0.00008791,92.00000000
2018-02-27 12:09:55,0.00008797,20.00000000
2018-02-27 12:09:55,0.00008799,566.00000000
2018-02-27 12:09:56,0.00008799,375.00000000
2018-02-27 12:09:56,0.00008800,2486.00000000
2018-02-27 12:09:56,0.00008800,166.00000000
2018-02-27 12:10:04,0.00008800,301.00000000
2018-02-27 12:10:06,0.00008800,6.00000000
2018-02-27 12:10:15,0.00008799,712.00000000
2018-02-27 12:10:19,0.00008800,400.00000000
2018-02-27 12:10:20,0.00008799,32.00000000
2018-02-27 12:10:20,0.00008799,46.00000000
2018-02-27 12:10:21,0.00008799,9.00000000
2018-02-27 12:10:24,0.00008800,126.00000000
2018-02-27 12:10:27,0.00008799,301.00000000
2018-02-27 12:10:27,0.00008799,227.00000000
2018-02-27 12:10:27,0.00008799,50.00000000
2018-02-27 12:10:27,0.00008799,3.00000000
2018-02-27 12:10:28,0.00008800,150.00000000
2018-02-27 12:10:29,0.00008799,152.00000000
2018-02-27 12:10:29,0.00008798,91.00000000
2018-02-27 12:10:30,0.00008799,351.00000000
2018-02-27 12:10:30,0.00008797,81.00000000
2018-02-27 12:10:32,0.00008791,13.00000000
2018-02-27 12:10:39,0.00008799,189.00000000
2018-02-27 12:10:39,0.00008800,90.00000000
2018-02-27 12:10:43,0.00008800,113.00000000
2018-02-27 12:10:45,0.00008792,227.00000000
2018-02-27 12:10:45,0.00008792,273.00000000
2018-02-27 12:10:45,0.00008791,3940.00000000
2018-02-27 12:10:45,0.00008790,2686.00000000
2018-02-27 12:10:53,0.00008799,56.00000000
2018-02-27 12:10:54,0.00008790,131.00000000
2018-02-27 12:11:00,0.00008790,769.00000000
2018-02-27 12:11:02,0.00008790,500.00000000
2018-02-27 12:11:05,0.00008799,47.00000000
2018-02-27 12:11:05,0.00008800,143.00000000
2018-02-27 12:11:06,0.00008790,126.00000000
2018-02-27 12:11:08,0.00008800,20.00000000
2018-02-27 12:11:16,0.00008799,385.00000000
2018-02-27 12:11:24,0.00008799,3.00000000
2018-02-27 12:11:26,0.00008799,111.00000000
2018-02-27 12:11:30,0.00008799,472.00000000
2018-02-27 12:11:30,0.00008799,256.00000000
2018-02-27 12:11:30,0.00008799,48.00000000
2018-02-27 12:11:31,0.00008799,258.00000000
2018-02-27 12:11:32,0.00008799,27.00000000
2018-02-27 12:11:33,0.00008799,256.00000000
2018-02-27 12:11:33,0.00008799,135.00000000
2018-02-27 12:11:35,0.00008799,1645.00000000
2018-02-27 12:11:35,0.00008799,108.00000000
2018-02-27 12:11:39,0.00008800,4833.00000000
2018-02-27 12:11:42,0.00008800,681.00000000
2018-02-27 12:11:42,0.00008802,3.00000000
2018-02-27 12:11:45,0.00008800,717.00000000
2018-02-27 12:11:45,0.00008799,1059.00000000
2018-02-27 12:11:45,0.00008798,58.00000000
2018-02-27 12:11:46,0.00008800,374.00000000
2018-02-27 12:11:46,0.00008790,86.00000000
2018-02-27 12:11:46,0.00008802,50.00000000
2018-02-27 12:11:56,0.00008802,35.00000000
2018-02-27 12:11:58,0.00008799,22.00000000
2018-02-27 12:12:08,0.00008799,113.00000000
2018-02-27 12:12:08,0.00008800,23.00000000
2018-02-27 12:12:08,0.00008799,54.00000000
2018-02-27 12:12:11,0.00008799,811.00000000
2018-02-27 12:12:12,0.00008791,106.00000000
2018-02-27 12:12:21,0.00008791,190.00000000
2018-02-27 12:12:32,0.00008797,100.00000000
2018-02-27 12:12:36,0.00008791,19.00000000
2018-02-27 12:12:42,0.00008791,1238.00000000
2018-02-27 12:12:51,0.00008790,6937.00000000
2018-02-27 12:12:55,0.00008791,290.00000000
2018-02-27 12:12:55,0.00008795,160.00000000
2018-02-27 12:13:01,0.00008795,2.00000000
2018-02-27 12:13:09,0.00008792,327.00000000
2018-02-27 12:13:09,0.00008792,18.00000000
2018-02-27 12:13:09,0.00008792,655.00000000
2018-02-27 12:13:09,0.00008791,204.00000000
2018-02-27 12:13:09,0.00008790,250.00000000
2018-02-27 12:13:11,0.00008790,382.00000000
2018-02-27 12:13:22,0.00008790,227.00000000
2018-02-27 12:13:26,0.00008798,73.00000000
2018-02-27 12:13:27,0.00008798,113.00000000
2018-02-27 12:13:28,0.00008790,113.00000000
2018-02-27 12:13:30,0.00008798,113.00000000
2018-02-27 12:13:33,0.00008790,12.00000000
2018-02-27 12:13:34,0.00008790,455.00000000
2018-02-27 12:13:34,0.00008790,222.00000000
2018-02-27 12:13:36,0.00008790,326.00000000
2018-02-27 12:13:36,0.00008790,11.00000000
2018-02-27 12:13:47,0.00008795,26.00000000
2018-02-27 12:13:54,0.00008790,1137.00000000
2018-02-27 12:13:54,0.00008790,121.00000000
2018-02-27 12:13:57,0.00008798,1136.00000000
2018-02-27 12:14:01,0.00008790,455.00000000
2018-02-27 12:14:03,0.00008790,81.00000000
2018-02-27 12:14:07,0.00008790,227.00000000
2018-02-27 12:14:12,0.00008795,83.00000000
2018-02-27 12:14:12,0.00008795,17.00000000
2018-02-27 12:14:12,0.00008790,160.00000000
2018-02-27 12:14:12,0.00008787,5.00000000
2018-02-27 12:14:14,0.00008787,338.00000000
2018-02-27 12:14:15,0.00008785,100.00000000
2018-02-27 12:14:15,0.00008784,1257.00000000
2018-02-27 12:14:24,0.00008781,283.00000000
2018-02-27 12:14:25,0.00008795,30.00000000
2018-02-27 12:14:25,0.00008797,940.00000000
2018-02-27 12:14:26,0.00008782,1138.00000000
2018-02-27 12:14:26,0.00008782,1142.00000000
2018-02-27 12:14:26,0.00008781,54.00000000
2018-02-27 12:14:35,0.00008782,17.00000000
2018-02-27 12:14:36,0.00008782,339.00000000
2018-02-27 12:14:37,0.00008782,133.00000000
2018-02-27 12:14:38,0.00008782,16.00000000
2018-02-27 12:14:39,0.00008782,1829.00000000
2018-02-27 12:14:43,0.00008781,351.00000000
2018-02-27 12:14:44,0.00008781,6.00000000
2018-02-27 12:14:48,0.00008781,1688.00000000
2018-02-27 12:14:48,0.00008781,114.00000000
2018-02-27 12:14:56,0.00008780,9.00000000
2018-02-27 12:14:59,0.00008781,569.00000000
2018-02-27 12:15:02,0.00008781,76.00000000
2018-02-27 12:15:03,0.00008781,32.00000000
2018-02-27 12:15:11,0.00008781,220.00000000
2018-02-27 12:15:12,0.00008781,569.00000000
2018-02-27 12:15:29,0.00008780,920.00000000
2018-02-27 12:15:37,0.00008781,752.00000000
2018-02-27 12:15:44,0.00008781,107.00000000
2018-02-27 12:15:52,0.00008782,4.00000000
2018-02-27 12:15:53,0.00008781,1137.00000000
2018-02-27 12:15:54,0.00008782,500.00000000
2018-02-27 12:15:58,0.00008781,113.00000000
2018-02-27 12:15:59,0.00008781,54.00000000
2018-02-27 12:15:59,0.00008781,160.00000000
2018-02-27 12:16:01,0.00008780,43.00000000
2018-02-27 12:16:01,0.00008780,559.00000000
2018-02-27 12:16:02,0.00008780,3514.00000000
2018-02-27 12:16:02,0.00008779,13.00000000
2018-02-27 12:16:02,0.00008778,87.00000000
2018-02-27 12:16:02,0.00008778,249.00000000
2018-02-27 12:16:02,0.00008777,100.00000000
2018-02-27 12:16:02,0.00008776,570.00000000
2018-02-27 12:16:02,0.00008775,150.00000000
2018-02-27 12:16:02,0.00008774,33.00000000
2018-02-27 12:16:02,0.00008773,106.00000000
2018-02-27 12:16:02,0.00008772,423.00000000
2018-02-27 12:16:02,0.00008770,530.00000000
2018-02-27 12:16:02,0.00008762,420.00000000
2018-02-27 12:16:02,0.00008760,460.00000000
2018-02-27 12:16:04,0.00008760,5105.00000000
2018-02-27 12:16:05,0.00008760,4113.00000000
2018-02-27 12:16:05,0.00008760,394.00000000
2018-02-27 12:16:06,0.00008760,126.00000000
2018-02-27 12:16:07,0.00008760,499.00000000
2018-02-27 12:16:08,0.00008760,1138.00000000
2018-02-27 12:16:09,0.00008760,499.00000000
2018-02-27 12:16:11,0.00008760,499.00000000
2018-02-27 12:16:13,0.00008761,997.00000000
2018-02-27 12:16:13,0.00008760,1261.00000000
2018-02-27 12:16:13,0.00008757,900.00000000
2018-02-27 12:16:13,0.00008755,250.00000000
2018-02-27 12:16:13,0.00008750,614.00000000
2018-02-27 12:16:13,0.00008750,117.00000000
2018-02-27 12:16:13,0.00008750,297.00000000
2018-02-27 12:16:14,0.00008761,241.00000000
2018-02-27 12:16:16,0.00008761,81.00000000
2018-02-27 12:16:16,0.00008761,89.00000000
2018-02-27 12:16:20,0.00008751,57.00000000
2018-02-27 12:16:20,0.00008750,943.00000000
2018-02-27 12:16:21,0.00008761,3.00000000
2018-02-27 12:16:32,0.00008760,18.00000000
2018-02-27 12:16:35,0.00008760,30.00000000
2018-02-27 12:16:37,0.00008758,45.00000000
2018-02-27 12:16:40,0.00008758,70.00000000
2018-02-27 12:16:45,0.00008758,1.00000000
2018-02-27 12:16:47,0.00008758,228.00000000
2018-02-27 12:16:50,0.00008758,51.00000000
2018-02-27 12:16:50,0.00008758,809.00000000
2018-02-27 12:16:52,0.00008750,1790.00000000
2018-02-27 12:16:52,0.00008750,42.00000000
2018-02-27 12:16:52,0.00008750,490.00000000
2018-02-27 12:16:53,0.00008750,1923.00000000
2018-02-27 12:16:53,0.00008750,1922.00000000
2018-02-27 12:16:53,0.00008750,715.00000000
2018-02-27 12:16:55,0.00008750,9222.00000000
2018-02-27 12:16:56,0.00008750,9217.00000000
2018-02-27 12:16:57,0.00008750,92.00000000
2018-02-27 12:16:58,0.00008750,4205.00000000
2018-02-27 12:16:58,0.00008750,2748.00000000
2018-02-27 12:16:58,0.00008752,53.00000000
2018-02-27 12:16:58,0.00008758,376.00000000
2018-02-27 12:16:59,0.00008750,203.00000000
2018-02-27 12:17:03,0.00008758,192.00000000
2018-02-27 12:17:05,0.00008758,208.00000000
2018-02-27 12:17:07,0.00008751,12.00000000
2018-02-27 12:17:07,0.00008750,36.00000000
2018-02-27 12:17:08,0.00008750,6162.00000000
2018-02-27 12:17:21,0.00008750,50.00000000
2018-02-27 12:17:29,0.00008757,30.00000000
2018-02-27 12:17:29,0.00008758,84.00000000
2018-02-27 12:17:31,0.00008758,294.00000000
2018-02-27 12:17:32,0.00008758,1106.00000000
2018-02-27 12:17:32,0.00008752,17.00000000
2018-02-27 12:17:34,0.00008752,101.00000000
2018-02-27 12:17:34,0.00008752,62.00000000
2018-02-27 12:17:36,0.00008758,508.00000000
2018-02-27 12:17:37,0.00008758,126.00000000
2018-02-27 12:17:37,0.00008758,499.00000000
2018-02-27 12:17:38,0.00008758,816.00000000
2018-02-27 12:17:42,0.00008758,268.00000000
2018-02-27 12:17:46,0.00008752,824.00000000
2018-02-27 12:17:47,0.00008758,45.00000000
2018-02-27 12:17:48,0.00008758,105.00000000
2018-02-27 12:17:48,0.00008752,1085.00000000
2018-02-27 12:17:49,0.00008752,1419.00000000
2018-02-27 12:17:51,0.00008756,95.00000000
2018-02-27 12:17:52,0.00008760,23.00000000
2018-02-27 12:17:52,0.00008760,499.00000000
2018-02-27 12:17:52,0.00008760,1067.00000000
2018-02-27 12:17:52,0.00008752,499.00000000
2018-02-27 12:17:54,0.00008752,83.00000000
2018-02-27 12:17:55,0.00008752,1033.00000000
2018-02-27 12:17:56,0.00008752,12.00000000
2018-02-27 12:17:59,0.00008752,9.00000000
2018-02-27 12:18:10,0.00008752,50.00000000
2018-02-27 12:18:16,0.00008752,499.00000000
2018-02-27 12:18:18,0.00008752,1.00000000
2018-02-27 12:18:20,0.00008761,426.00000000
2018-02-27 12:18:27,0.00008753,89.00000000
2018-02-27 12:18:27,0.00008752,511.00000000
2018-02-27 12:18:40,0.00008761,100.00000000
2018-02-27 12:18:46,0.00008761,52.00000000
2018-02-27 12:18:52,0.00008761,115.00000000
2018-02-27 12:18:59,0.00008753,22.00000000
2018-02-27 12:19:03,0.00008760,23.00000000
2018-02-27 12:19:03,0.00008761,1386.00000000
2018-02-27 12:19:03,0.00008765,106.00000000
2018-02-27 12:19:03,0.00008767,500.00000000
2018-02-27 12:19:03,0.00008768,988.00000000
2018-02-27 12:19:03,0.00008771,500.00000000
2018-02-27 12:19:03,0.00008775,560.00000000
2018-02-27 12:19:03,0.00008776,150.00000000
2018-02-27 12:19:03,0.00008777,900.00000000
2018-02-27 12:19:03,0.00008780,4073.00000000
2018-02-27 12:19:03,0.00008781,2925.00000000
2018-02-27 12:19:03,0.00008782,107.00000000
2018-02-27 12:19:03,0.00008783,1351.00000000
2018-02-27 12:19:06,0.00008761,203.00000000
2018-02-27 12:19:08,0.00008761,7.00000000
2018-02-27 12:19:15,0.00008753,500.00000000
2018-02-27 12:19:15,0.00008761,110.00000000
2018-02-27 12:19:22,0.00008761,372.00000000
2018-02-27 12:19:24,0.00008761,249.00000000
2018-02-27 12:19:26,0.00008761,35.00000000
2018-02-27 12:19:30,0.00008761,2208.00000000
2018-02-27 12:19:34,0.00008765,15.00000000
2018-02-27 12:19:35,0.00008765,105.00000000
2018-02-27 12:19:35,0.00008761,179.00000000
2018-02-27 12:19:41,0.00008762,900.00000000
2018-02-27 12:19:41,0.00008761,237.00000000
2018-02-27 12:19:47,0.00008762,300.00000000
2018-02-27 12:19:47,0.00008762,405.00000000
2018-02-27 12:19:48,0.00008761,189.00000000
2018-02-27 12:19:48,0.00008761,1.00000000
2018-02-27 12:19:49,0.00008761,115.00000000
2018-02-27 12:19:53,0.00008761,405.00000000
2018-02-27 12:19:54,0.00008762,277.00000000
2018-02-27 12:19:57,0.00008761,400.00000000
2018-02-27 12:20:01,0.00008762,10.00000000
2018-02-27 12:20:02,0.00008762,60.00000000
2018-02-27 12:20:05,0.00008762,1067.00000000
2018-02-27 12:20:06,0.00008766,30.00000000
2018-02-27 12:20:07,0.00008766,18.00000000
2018-02-27 12:20:07,0.00008766,221.00000000
2018-02-27 12:20:14,0.00008765,153.00000000
2018-02-27 12:20:21,0.00008765,247.00000000
2018-02-27 12:20:21,0.00008766,802.00000000
2018-02-27 12:20:24,0.00008781,71.00000000
2018-02-27 12:20:27,0.00008781,420.00000000
2018-02-27 12:20:29,0.00008764,114.00000000
2018-02-27 12:20:32,0.00008763,570.00000000
2018-02-27 12:20:32,0.00008762,2.00000000
2018-02-27 12:20:33,0.00008765,21.00000000
2018-02-27 12:20:35,0.00008765,52.00000000
2018-02-27 12:20:41,0.00008780,33.00000000
2018-02-27 12:20:55,0.00008765,572.00000000
2018-02-27 12:21:04,0.00008774,403.00000000
2018-02-27 12:21:08,0.00008765,185.00000000
2018-02-27 12:21:10,0.00008766,114.00000000
2018-02-27 12:21:18,0.00008766,2857.00000000
2018-02-27 12:21:20,0.00008766,277.00000000
2018-02-27 12:21:21,0.00008773,32.00000000
2018-02-27 12:21:21,0.00008774,178.00000000
2018-02-27 12:21:21,0.00008779,678.00000000
2018-02-27 12:21:22,0.00008774,48.00000000
2018-02-27 12:21:23,0.00008766,38.00000000
2018-02-27 12:21:27,0.00008773,132.00000000
2018-02-27 12:21:27,0.00008774,263.00000000
2018-02-27 12:21:27,0.00008779,459.00000000
2018-02-27 12:21:27,0.00008781,570.00000000
2018-02-27 12:21:27,0.00008782,700.00000000
2018-02-27 12:21:27,0.00008783,1169.00000000
2018-02-27 12:21:27,0.00008784,931.00000000
2018-02-27 12:21:27,0.00008788,1475.00000000
2018-02-27 12:21:31,0.00008774,493.00000000
2018-02-27 12:21:31,0.00008767,20.00000000
2018-02-27 12:21:34,0.00008774,291.00000000
2018-02-27 12:21:34,0.00008787,164.00000000
2018-02-27 12:21:36,0.00008768,526.00000000
2018-02-27 12:21:49,0.00008782,526.00000000
2018-02-27 12:21:49,0.00008783,131.00000000
2018-02-27 12:21:49,0.00008785,309.00000000
2018-02-27 12:21:55,0.00008770,499.00000000
2018-02-27 12:21:56,0.00008770,71.00000000
2018-02-27 12:21:56,0.00008768,1009.00000000
2018-02-27 12:21:56,0.00008768,3783.00000000
2018-02-27 12:22:05,0.00008784,2.00000000
2018-02-27 12:22:14,0.00008784,1135.00000000
2018-02-27 12:22:14,0.00008785,781.00000000
2018-02-27 12:22:14,0.00008787,1100.00000000
2018-02-27 12:22:21,0.00008785,740.00000000
2018-02-27 12:22:22,0.00008769,554.00000000
2018-02-27 12:22:22,0.00008768,17.00000000
2018-02-27 12:22:22,0.00008768,1935.00000000
2018-02-27 12:22:22,0.00008783,396.00000000
2018-02-27 12:22:23,0.00008782,531.00000000
2018-02-27 12:22:23,0.00008783,103.00000000
2018-02-27 12:22:23,0.00008786,1137.00000000
2018-02-27 12:22:23,0.00008787,1303.00000000
2018-02-27 12:22:32,0.00008786,53.00000000
2018-02-27 12:22:32,0.00008786,1984.00000000
2018-02-27 12:22:33,0.00008786,188.00000000
2018-02-27 12:22:34,0.00008786,21.00000000
2018-02-27 12:22:34,0.00008769,114.00000000
2018-02-27 12:22:35,0.00008769,855.00000000
2018-02-27 12:22:37,0.00008785,531.00000000
2018-02-27 12:22:37,0.00008786,438.00000000
2018-02-27 12:22:37,0.00008788,2007.00000000
2018-02-27 12:22:37,0.00008789,1008.00000000
2018-02-27 12:22:38,0.00008770,499.00000000
2018-02-27 12:22:39,0.00008770,971.00000000
2018-02-27 12:22:39,0.00008769,659.00000000
2018-02-27 12:22:39,0.00008786,278.00000000
2018-02-27 12:22:42,0.00008770,478.00000000
2018-02-27 12:22:44,0.00008769,21.00000000
2018-02-27 12:22:45,0.00008785,478.00000000
2018-02-27 12:22:45,0.00008786,318.00000000
2018-02-27 12:22:46,0.00008769,478.00000000
2018-02-27 12:22:50,0.00008786,565.00000000
2018-02-27 12:22:50,0.00008771,25.00000000
2018-02-27 12:22:51,0.00008773,245.00000000
2018-02-27 12:22:51,0.00008770,254.00000000
2018-02-27 12:22:53,0.00008769,249.00000000
2018-02-27 12:22:56,0.00008776,114.00000000
2018-02-27 12:22:56,0.00008784,254.00000000
2018-02-27 12:22:56,0.00008786,1157.00000000
2018-02-27 12:22:57,0.00008786,135.00000000
2018-02-27 12:22:57,0.00008789,4108.00000000
2018-02-27 12:22:57,0.00008790,1449.00000000
2018-02-27 12:23:02,0.00008776,38.00000000
2018-02-27 12:23:12,0.00008790,3221.00000000
2018-02-27 12:23:13,0.00008776,134.00000000
2018-02-27 12:23:14,0.00008779,2854.00000000
2018-02-27 12:23:17,0.00008779,114.00000000
2018-02-27 12:23:20,0.00008779,114.00000000
2018-02-27 12:23:22,0.00008779,114.00000000
2018-02-27 12:23:25,0.00008779,65.00000000
2018-02-27 12:23:25,0.00008776,49.00000000
2018-02-27 12:23:37,0.00008776,12.00000000
2018-02-27 12:23:40,0.00008776,227.00000000
2018-02-27 12:23:42,0.00008776,115.00000000
2018-02-27 12:23:42,0.00008790,19.00000000
2018-02-27 12:23:49,0.00008774,55.00000000
2018-02-27 12:23:49,0.00008774,265.00000000
2018-02-27 12:23:50,0.00008774,16.00000000
2018-02-27 12:23:54,0.00008790,294.00000000
2018-02-27 12:24:00,0.00008790,13.00000000
2018-02-27 12:24:12,0.00008788,66.00000000
2018-02-27 12:24:13,0.00008788,14.00000000
2018-02-27 12:24:14,0.00008788,28.00000000
2018-02-27 12:24:19,0.00008777,16.00000000
2018-02-27 12:24:19,0.00008777,480.00000000
2018-02-27 12:24:25,0.00008788,33.00000000
2018-02-27 12:24:28,0.00008788,178.00000000
2018-02-27 12:24:28,0.00008790,1044.00000000
2018-02-27 12:24:28,0.00008791,500.00000000
2018-02-27 12:24:28,0.00008795,900.00000000
2018-02-27 12:24:29,0.00008778,43.00000000
2018-02-27 12:24:29,0.00008794,199.00000000
2018-02-27 12:24:29,0.00008795,41.00000000
2018-02-27 12:24:30,0.00008777,17.00000000
2018-02-27 12:24:32,0.00008792,43.00000000
2018-02-27 12:24:32,0.00008793,70.00000000
2018-02-27 12:24:38,0.00008778,25.00000000
2018-02-27 12:24:39,0.00008793,426.00000000
2018-02-27 12:24:39,0.00008793,6173.00000000
2018-02-27 12:24:39,0.00008793,179.00000000
2018-02-27 12:24:39,0.00008793,90.00000000
2018-02-27 12:24:40,0.00008793,260.00000000
2018-02-27 12:24:40,0.00008793,457.00000000
2018-02-27 12:24:40,0.00008793,2852.00000000
2018-02-27 12:24:40,0.00008793,30.00000000
2018-02-27 12:24:40,0.00008793,30.00000000
2018-02-27 12:24:40,0.00008793,499.00000000
2018-02-27 12:24:42,0.00008793,1774.00000000
2018-02-27 12:24:42,0.00008793,499.00000000
2018-02-27 12:24:43,0.00008793,2851.00000000
2018-02-27 12:24:43,0.00008797,16.00000000
2018-02-27 12:24:44,0.00008793,499.00000000
2018-02-27 12:24:46,0.00008793,2851.00000000
2018-02-27 12:24:49,0.00008793,569.00000000
2018-02-27 12:24:52,0.00008793,390.00000000
2018-02-27 12:24:52,0.00008793,569.00000000
2018-02-27 12:24:53,0.00008793,408.00000000
2018-02-27 12:24:53,0.00008778,590.00000000
2018-02-27 12:24:54,0.00008779,114.00000000
2018-02-27 12:24:54,0.00008779,2455.00000000
2018-02-27 12:24:54,0.00008778,285.00000000
2018-02-27 12:24:54,0.00008777,624.00000000
2018-02-27 12:24:54,0.00008776,283.00000000
2018-02-27 12:24:54,0.00008774,3901.00000000
2018-02-27 12:24:56,0.00008779,500.00000000
2018-02-27 12:24:56,0.00008775,71.00000000
2018-02-27 12:25:02,0.00008776,236.00000000
2018-02-27 12:25:10,0.00008792,132.00000000
2018-02-27 12:25:18,0.00008776,45.00000000
2018-02-27 12:25:18,0.00008792,19.00000000
2018-02-27 12:25:20,0.00008776,45.00000000
2018-02-27 12:25:33,0.00008777,137.00000000
2018-02-27 12:25:34,0.00008777,10.00000000
2018-02-27 12:25:35,0.00008777,125.00000000
2018-02-27 12:25:36,0.00008790,12.00000000
2018-02-27 12:25:36,0.00008791,90.00000000
2018-02-27 12:25:36,0.00008792,51.00000000
2018-02-27 12:25:49,0.00008790,34.00000000
2018-02-27 12:25:49,0.00008791,1243.00000000
2018-02-27 12:25:49,0.00008792,2212.00000000
2018-02-27 12:25:56,0.00008792,181.00000000
2018-02-27 12:26:01,0.00008792,113.00000000
2018-02-27 12:26:01,0.00008792,21.00000000
2018-02-27 12:26:01,0.00008792,217.00000000
2018-02-27 12:26:02,0.00008792,19.00000000
2018-02-27 12:26:03,0.00008792,37.00000000
2018-02-27 12:26:06,0.00008792,19.00000000
2018-02-27 12:26:08,0.00008792,10.00000000
2018-02-27 12:26:13,0.00008791,21.00000000
2018-02-27 12:26:13,0.00008791,299.00000000
2018-02-27 12:26:23,0.00008791,69.00000000
2018-02-27 12:26:24,0.00008791,570.00000000
2018-02-27 12:26:24,0.00008791,186.00000000
2018-02-27 12:26:25,0.00008792,21.00000000
2018-02-27 12:26:25,0.00008791,758.00000000
2018-02-27 12:26:25,0.00008791,570.00000000
2018-02-27 12:26:27,0.00008791,570.00000000
2018-02-27 12:26:28,0.00008791,36.00000000
2018-02-27 12:26:29,0.00008791,570.00000000
2018-02-27 12:26:31,0.00008791,114.00000000
2018-02-27 12:26:32,0.00008791,114.00000000
2018-02-27 12:26:34,0.00008791,114.00000000
2018-02-27 12:26:36,0.00008791,114.00000000
2018-02-27 12:26:36,0.00008793,355.00000000
2018-02-27 12:26:38,0.00008791,114.00000000
2018-02-27 12:26:38,0.00008791,293.00000000
2018-02-27 12:26:38,0.00008776,149.00000000
2018-02-27 12:26:40,0.00008793,21.00000000
2018-02-27 12:26:45,0.00008791,16.00000000
2018-02-27 12:26:45,0.00008791,109.00000000
2018-02-27 12:26:48,0.00008791,114.00000000
2018-02-27 12:26:49,0.00008791,93.00000000
2018-02-27 12:26:52,0.00008793,21.00000000
2018-02-27 12:26:56,0.00008793,181.00000000
2018-02-27 12:26:56,0.00008791,45.00000000
2018-02-27 12:26:59,0.00008791,45.00000000
2018-02-27 12:27:00,0.00008793,535.00000000
2018-02-27 12:27:00,0.00008791,79.00000000
2018-02-27 12:27:03,0.00008790,21.00000000
2018-02-27 12:27:09,0.00008790,24.00000000
2018-02-27 12:27:10,0.00008791,114.00000000
2018-02-27 12:27:11,0.00008791,1114.00000000
2018-02-27 12:27:14,0.00008793,126.00000000
2018-02-27 12:27:14,0.00008793,102.00000000
2018-02-27 12:27:14,0.00008797,127.00000000
2018-02-27 12:27:15,0.00008797,113.00000000
2018-02-27 12:27:16,0.00008796,21.00000000
2018-02-27 12:27:19,0.00008779,19.00000000
2018-02-27 12:27:29,0.00008791,54.00000000
2018-02-27 12:27:30,0.00008791,110.00000000
2018-02-27 12:27:31,0.00008791,338.00000000
2018-02-27 12:27:33,0.00008791,577.00000000
2018-02-27 12:27:33,0.00008796,438.00000000
2018-02-27 12:27:42,0.00008796,21.00000000
2018-02-27 12:27:43,0.00008796,1364.00000000
2018-02-27 12:27:44,0.00008780,5.00000000
2018-02-27 12:27:49,0.00008796,227.00000000
2018-02-27 12:27:49,0.00008780,1.00000000
2018-02-27 12:27:54,0.00008796,26.00000000
2018-02-27 12:27:54,0.00008796,21.00000000
2018-02-27 12:27:55,0.00008796,113.00000000
2018-02-27 12:27:56,0.00008790,168.00000000
2018-02-27 12:27:56,0.00008780,150.00000000
2018-02-27 12:27:57,0.00008792,505.00000000
2018-02-27 12:27:57,0.00008782,32.00000000
2018-02-27 12:28:01,0.00008795,2387.00000000
2018-02-27 12:28:03,0.00008795,26.00000000
2018-02-27 12:28:07,0.00008795,795.00000000
2018-02-27 12:28:10,0.00008795,26.00000000
2018-02-27 12:28:11,0.00008782,10.00000000
2018-02-27 12:28:12,0.00008795,438.00000000
2018-02-27 12:28:15,0.00008795,11.00000000
2018-02-27 12:28:21,0.00008782,11.00000000
2018-02-27 12:28:25,0.00008795,244.00000000
2018-02-27 12:28:34,0.00008795,454.00000000
2018-02-27 12:28:40,0.00008795,3411.00000000
2018-02-27 12:28:46,0.00008795,1250.00000000
2018-02-27 12:28:52,0.00008795,682.00000000
2018-02-27 12:28:58,0.00008795,341.00000000
2018-02-27 12:29:04,0.00008795,113.00000000
2018-02-27 12:29:16,0.00008783,110.00000000
2018-02-27 12:29:16,0.00008795,21.00000000
2018-02-27 12:29:27,0.00008795,133.00000000
2018-02-27 12:29:27,0.00008796,1364.00000000
2018-02-27 12:29:28,0.00008795,271.00000000
2018-02-27 12:29:33,0.00008796,682.00000000
2018-02-27 12:29:37,0.00008796,31.00000000
2018-02-27 12:29:37,0.00008796,21.00000000
2018-02-27 12:29:40,0.00008796,115.00000000
2018-02-27 12:29:40,0.00008797,4801.00000000
2018-02-27 12:29:42,0.00008798,2001.00000000
2018-02-27 12:29:43,0.00008798,100.00000000
2018-02-27 12:29:44,0.00008798,157.00000000
2018-02-27 12:29:45,0.00008798,340.00000000
2018-02-27 12:29:48,0.00008798,360.00000000
2018-02-27 12:29:48,0.00008799,984.00000000
2018-02-27 12:29:48,0.00008800,907.00000000
2018-02-27 12:29:51,0.00008800,3863.00000000
2018-02-27 12:29:53,0.00008800,2251.00000000
2018-02-27 12:29:53,0.00008800,21.00000000
2018-02-27 12:29:55,0.00008800,715.00000000
2018-02-27 12:29:56,0.00008800,10.00000000
2018-02-27 12:30:03,0.00008800,46.00000000
2018-02-27 12:30:06,0.00008800,165.00000000
2018-02-27 12:30:06,0.00008802,3240.00000000
2018-02-27 12:30:07,0.00008802,350.00000000
2018-02-27 12:30:17,0.00008802,21.00000000
2018-02-27 12:30:22,0.00008800,872.00000000
2018-02-27 12:30:24,0.00008802,479.00000000
2018-02-27 12:30:24,0.00008803,34.00000000
2018-02-27 12:30:24,0.00008803,227.00000000
2018-02-27 12:30:29,0.00008802,52.00000000
2018-02-27 12:30:29,0.00008803,75.00000000
2018-02-27 12:30:29,0.00008803,14.00000000
2018-02-27 12:30:29,0.00008803,59.00000000
2018-02-27 12:30:30,0.00008801,158.00000000
2018-02-27 12:30:30,0.00008800,144.00000000
2018-02-27 12:30:31,0.00008800,121.00000000
2018-02-27 12:30:33,0.00008800,48.00000000
2018-02-27 12:30:36,0.00008802,681.00000000
2018-02-27 12:30:39,0.00008802,724.00000000
2018-02-27 12:30:39,0.00008803,41.00000000
2018-02-27 12:30:39,0.00008805,532.00000000
2018-02-27 12:30:44,0.00008800,21.00000000
2018-02-27 12:30:48,0.00008803,160.00000000
2018-02-27 12:30:48,0.00008800,77.00000000
2018-02-27 12:30:53,0.00008800,369.00000000
2018-02-27 12:30:54,0.00008800,21.00000000
2018-02-27 12:30:54,0.00008797,84.00000000
2018-02-27 12:30:54,0.00008795,249.00000000
2018-02-27 12:30:54,0.00008795,267.00000000
2018-02-27 12:30:54,0.00008800,73.00000000
2018-02-27 12:30:55,0.00008800,58.00000000
2018-02-27 12:30:57,0.00008792,21.00000000
2018-02-27 12:30:57,0.00008800,696.00000000
2018-02-27 12:30:58,0.00008800,76.00000000
2018-02-27 12:30:59,0.00008800,13.00000000
2018-02-27 12:30:59,0.00008792,133.00000000
2018-02-27 12:31:00,0.00008800,227.00000000
2018-02-27 12:31:00,0.00008800,236.00000000
2018-02-27 12:31:07,0.00008803,181.00000000
2018-02-27 12:31:09,0.00008803,454.00000000
2018-02-27 12:31:15,0.00008803,567.00000000
2018-02-27 12:31:21,0.00008804,227.00000000
2018-02-27 12:31:22,0.00008804,1372.00000000
2018-02-27 12:31:22,0.00008804,28.00000000
2018-02-27 12:31:23,0.00008804,354.00000000
2018-02-27 12:31:25,0.00008802,40.00000000
2018-02-27 12:31:31,0.00008804,229.00000000
2018-02-27 12:31:33,0.00008804,454.00000000
2018-02-27 12:31:34,0.00008803,95.00000000
2018-02-27 12:31:36,0.00008804,345.00000000
2018-02-27 12:31:36,0.00008810,3132.00000000
2018-02-27 12:31:47,0.00008803,293.00000000
2018-02-27 12:31:48,0.00008810,427.00000000
2018-02-27 12:31:50,0.00008810,637.00000000
2018-02-27 12:31:50,0.00008810,220.00000000
2018-02-27 12:32:01,0.00008805,123.00000000
2018-02-27 12:32:01,0.00008805,23.00000000
2018-02-27 12:32:02,0.00008805,18.00000000
2018-02-27 12:32:02,0.00008805,125.00000000
2018-02-27 12:32:04,0.00008805,521.00000000
2018-02-27 12:32:04,0.00008810,407.00000000
2018-02-27 12:32:04,0.00008812,193.00000000
2018-02-27 12:32:04,0.00008805,479.00000000
2018-02-27 12:32:05,0.00008805,22.00000000
2018-02-27 12:32:06,0.00008805,39.00000000
2018-02-27 12:32:07,0.00008805,299.00000000
2018-02-27 12:32:08,0.00008810,57.00000000
2018-02-27 12:32:12,0.00008810,141.00000000
2018-02-27 12:32:12,0.00008810,249.00000000
2018-02-27 12:32:13,0.00008812,2849.00000000
2018-02-27 12:32:14,0.00008812,215.00000000
2018-02-27 12:32:14,0.00008813,1056.00000000
2018-02-27 12:32:15,0.00008812,93.00000000
2018-02-27 12:32:19,0.00008812,37.00000000
2018-02-27 12:32:19,0.00008813,61.00000000
2018-02-27 12:32:21,0.00008811,62.00000000
2018-02-27 12:32:26,0.00008811,68.00000000
2018-02-27 12:32:27,0.00008813,19.00000000
2018-02-27 12:32:33,0.00008813,28.00000000
2018-02-27 12:32:39,0.00008811,150.00000000
2018-02-27 12:32:39,0.00008813,2.00000000
2018-02-27 12:32:42,0.00008811,1616.00000000
2018-02-27 12:32:42,0.00008810,2856.00000000
2018-02-27 12:32:42,0.00008805,355.00000000
2018-02-27 12:32:42,0.00008803,1165.00000000
2018-02-27 12:32:43,0.00008803,569.00000000
2018-02-27 12:32:45,0.00008803,569.00000000
2018-02-27 12:32:45,0.00008812,99.00000000
2018-02-27 12:32:46,0.00008813,45.00000000
2018-02-27 12:32:48,0.00008812,1797.00000000
2018-02-27 12:32:48,0.00008803,1048.00000000
2018-02-27 12:32:48,0.00008803,103.00000000
2018-02-27 12:32:49,0.00008813,55.00000000
2018-02-27 12:32:50,0.00008803,569.00000000
2018-02-27 12:32:53,0.00008803,114.00000000
2018-02-27 12:32:54,0.00008803,66.00000000
2018-02-27 12:33:13,0.00008804,81.00000000
2018-02-27 12:33:23,0.00008804,713.00000000
2018-02-27 12:33:26,0.00008812,12.00000000
2018-02-27 12:33:26,0.00008813,215.00000000
2018-02-27 12:33:29,0.00008809,130.00000000
2018-02-27 12:33:29,0.00008813,494.00000000
2018-02-27 12:33:37,0.00008804,1575.00000000
2018-02-27 12:33:37,0.00008803,5534.00000000
2018-02-27 12:33:43,0.00008808,108.00000000
2018-02-27 12:33:43,0.00008808,22.00000000
2018-02-27 12:33:44,0.00008808,90.00000000
2018-02-27 12:33:50,0.00008808,3553.00000000
2018-02-27 12:33:52,0.00008808,100.00000000
2018-02-27 12:34:00,0.00008811,355.00000000
2018-02-27 12:34:03,0.00008809,47.00000000
2018-02-27 12:34:03,0.00008808,33.00000000
2018-02-27 12:34:05,0.00008808,55.00000000
2018-02-27 12:34:12,0.00008808,34.00000000
2018-02-27 12:34:15,0.00008808,114.00000000
2018-02-27 12:34:19,0.00008811,257.00000000
2018-02-27 12:34:19,0.00008812,52.00000000
2018-02-27 12:34:19,0.00008813,3002.00000000
2018-02-27 12:34:20,0.00008813,120.00000000
2018-02-27 12:34:20,0.00008813,114.00000000
2018-02-27 12:34:21,0.00008814,716.00000000
2018-02-27 12:34:21,0.00008813,305.00000000
2018-02-27 12:34:21,0.00008808,1132.00000000
2018-02-27 12:34:21,0.00008804,954.00000000
2018-02-27 12:34:21,0.00008803,977.00000000
2018-02-27 12:34:22,0.00008803,114.00000000
2018-02-27 12:34:36,0.00008803,158.00000000
2018-02-27 12:34:49,0.00008803,90.00000000
2018-02-27 12:34:49,0.00008803,183.00000000
2018-02-27 12:34:49,0.00008802,21.00000000
2018-02-27 12:34:49,0.00008800,442.00000000
2018-02-27 12:34:49,0.00008796,367.00000000
2018-02-27 12:34:52,0.00008806,4388.00000000
2018-02-27 12:34:52,0.00008808,41.00000000
2018-02-27 12:34:53,0.00008796,201.00000000
2018-02-27 12:34:56,0.00008795,23.00000000
2018-02-27 12:34:56,0.00008794,978.00000000
2018-02-27 12:34:59,0.00008803,90.00000000
2018-02-27 12:35:00,0.00008803,90.00000000
2018-02-27 12:35:02,0.00008803,320.00000000
2018-02-27 12:35:02,0.00008811,546.00000000
2018-02-27 12:35:02,0.00008811,43.00000000
2018-02-27 12:35:15,0.00008803,402.00000000
2018-02-27 12:35:15,0.00008800,57761.00000000
2018-02-27 12:35:22,0.00008809,10.00000000
2018-02-27 12:35:34,0.00008807,1.00000000
2018-02-27 12:35:35,0.00008801,18.00000000
2018-02-27 12:35:35,0.00008800,144.00000000
2018-02-27 12:35:38,0.00008803,153.00000000
2018-02-27 12:35:38,0.00008803,340.00000000
2018-02-27 12:35:39,0.00008801,103.00000000
2018-02-27 12:35:40,0.00008803,285.00000000
2018-02-27 12:35:40,0.00008805,130.00000000
2018-02-27 12:35:40,0.00008807,257.00000000
2018-02-27 12:35:55,0.00008807,865.00000000
2018-02-27 12:35:56,0.00008807,1021.00000000
2018-02-27 12:36:00,0.00008805,100.00000000
2018-02-27 12:36:01,0.00008805,40.00000000
2018-02-27 12:36:05,0.00008801,42.00000000
2018-02-27 12:36:07,0.00008805,3256.00000000
2018-02-27 12:36:07,0.00008807,1317.00000000
2018-02-27 12:36:09,0.00008801,163.00000000
2018-02-27 12:36:14,0.00008807,205.00000000
2018-02-27 12:36:24,0.00008805,205.00000000
2018-02-27 12:36:24,0.00008801,90.00000000
2018-02-27 12:36:27,0.00008805,507.00000000
2018-02-27 12:36:30,0.00008805,1024.00000000
2018-02-27 12:36:30,0.00008805,114.00000000
2018-02-27 12:36:34,0.00008806,295.00000000
2018-02-27 12:36:37,0.00008805,2730.00000000
2018-02-27 12:36:43,0.00008801,156.00000000
2018-02-27 12:36:43,0.00008800,392.00000000
2018-02-27 12:36:44,0.00008806,1034.00000000
2018-02-27 12:36:46,0.00008800,101.00000000
2018-02-27 12:36:46,0.00008795,4.00000000
2018-02-27 12:36:53,0.00008800,150.00000000
2018-02-27 12:36:55,0.00008805,35.00000000
2018-02-27 12:36:58,0.00008800,987.00000000
2018-02-27 12:36:58,0.00008795,18.00000000
2018-02-27 12:36:59,0.00008795,150.00000000
2018-02-27 12:37:07,0.00008795,1061.00000000
2018-02-27 12:37:08,0.00008795,76.00000000
2018-02-27 12:37:10,0.00008795,56.00000000
2018-02-27 12:37:13,0.00008805,1137.00000000
2018-02-27 12:37:14,0.00008792,54.00000000
2018-02-27 12:37:14,0.00008790,381.00000000
2018-02-27 12:37:19,0.00008804,858.00000000
2018-02-27 12:37:23,0.00008805,339.00000000
2018-02-27 12:37:23,0.00008805,55.00000000
2018-02-27 12:37:24,0.00008805,45.00000000
2018-02-27 12:37:24,0.00008804,21.00000000
2018-02-27 12:37:26,0.00008805,722.00000000
2018-02-27 12:37:28,0.00008806,350.00000000
2018-02-27 12:37:33,0.00008806,150.00000000
2018-02-27 12:37:34,0.00008806,950.00000000
2018-02-27 12:37:34,0.00008806,743.00000000
2018-02-27 12:37:38,0.00008806,1262.00000000
2018-02-27 12:37:39,0.00008806,56.00000000
2018-02-27 12:37:39,0.00008806,30.00000000
2018-02-27 12:37:40,0.00008806,111.00000000
2018-02-27 12:37:40,0.00008806,568.00000000
2018-02-27 12:37:44,0.00008806,568.00000000
2018-02-27 12:37:44,0.00008807,1001.00000000
2018-02-27 12:37:52,0.00008807,1137.00000000
2018-02-27 12:37:58,0.00008807,645.00000000
2018-02-27 12:37:58,0.00008807,1137.00000000
2018-02-27 12:37:59,0.00008807,1135.00000000
2018-02-27 12:38:05,0.00008807,1137.00000000
2018-02-27 12:38:08,0.00008806,140.00000000
2018-02-27 12:38:09,0.00008807,2236.00000000
2018-02-27 12:38:11,0.00008807,1137.00000000
2018-02-27 12:38:16,0.00008792,509.00000000
2018-02-27 12:38:21,0.00008794,156.00000000
2018-02-27 12:38:21,0.00008792,1069.00000000
2018-02-27 12:38:22,0.00008792,68.00000000
2018-02-27 12:38:22,0.00008791,93.00000000
2018-02-27 12:38:23,0.00008791,326.00000000
2018-02-27 12:38:23,0.00008801,509.00000000
2018-02-27 12:38:23,0.00008802,147.00000000
2018-02-27 12:38:24,0.00008802,413.00000000
2018-02-27 12:38:25,0.00008803,12.00000000
2018-02-27 12:38:30,0.00008791,381.00000000
2018-02-27 12:38:30,0.00008790,3451.00000000
2018-02-27 12:38:30,0.00008784,560.00000000
2018-02-27 12:38:30,0.00008783,1466.00000000
2018-02-27 12:38:30,0.00008782,560.00000000
2018-02-27 12:38:30,0.00008780,356.00000000
2018-02-27 12:38:30,0.00008779,250.00000000
2018-02-27 12:38:30,0.00008778,25.00000000
2018-02-27 12:38:30,0.00008776,900.00000000
2018-02-27 12:38:30,0.00008775,995.00000000
2018-02-27 12:38:30,0.00008770,63.00000000
2018-02-27 12:38:30,0.00008768,359.00000000
2018-02-27 12:38:30,0.00008766,462.00000000
2018-02-27 12:38:30,0.00008764,224.00000000
2018-02-27 12:38:30,0.00008762,1317.00000000
2018-02-27 12:38:30,0.00008761,73.00000000
2018-02-27 12:38:30,0.00008760,2113.00000000
2018-02-27 12:38:34,0.00008801,113.00000000
2018-02-27 12:38:37,0.00008803,2.00000000
2018-02-27 12:38:39,0.00008791,53.00000000
2018-02-27 12:38:40,0.00008803,28.00000000
2018-02-27 12:38:41,0.00008791,1084.00000000
2018-02-27 12:38:42,0.00008790,915.00000000
2018-02-27 12:38:42,0.00008803,6.00000000
2018-02-27 12:38:42,0.00008803,631.00000000
2018-02-27 12:38:43,0.00008792,49.00000000
2018-02-27 12:38:50,0.00008800,454.00000000
2018-02-27 12:38:55,0.00008792,15.00000000
2018-02-27 12:38:55,0.00008792,39.00000000
2018-02-27 12:38:57,0.00008801,900.00000000
2018-02-27 12:38:57,0.00008802,100.00000000
2018-02-27 12:39:00,0.00008801,900.00000000
2018-02-27 12:39:00,0.00008801,214.00000000
2018-02-27 12:39:01,0.00008801,23.00000000
2018-02-27 12:39:06,0.00008801,117.00000000
2018-02-27 12:39:06,0.00008802,1065.00000000
2018-02-27 12:39:09,0.00008802,12.00000000
2018-02-27 12:39:13,0.00008792,55.00000000
2018-02-27 12:39:13,0.00008776,45.00000000
2018-02-27 12:39:21,0.00008792,525.00000000
2018-02-27 12:39:24,0.00008792,50.00000000
2018-02-27 12:40:06,0.00008792,61.00000000
2018-02-27 12:40:08,0.00008792,61.00000000
2018-02-27 12:40:08,0.00008801,18.00000000
2018-02-27 12:40:21,0.00008792,32.00000000
2018-02-27 12:40:21,0.00008801,113.00000000
2018-02-27 12:40:25,0.00008792,50.00000000
2018-02-27 12:40:33,0.00008801,105.00000000
2018-02-27 12:40:35,0.00008792,26.00000000
2018-02-27 12:40:41,0.00008792,25.00000000
2018-02-27 12:40:42,0.00008801,99.00000000
2018-02-27 12:40:54,0.00008792,32.00000000
2018-02-27 12:40:56,0.00008801,46.00000000
2018-02-27 12:40:57,0.00008801,369.00000000
2018-02-27 12:40:57,0.00008801,123.00000000
2018-02-27 12:40:58,0.00008801,488.00000000
2018-02-27 12:40:59,0.00008801,379.00000000
2018-02-27 12:40:59,0.00008801,394.00000000
2018-02-27 12:41:01,0.00008802,795.00000000
2018-02-27 12:41:01,0.00008801,56.00000000
2018-02-27 12:41:02,0.00008801,19.00000000
2018-02-27 12:41:02,0.00008801,153.00000000
2018-02-27 12:41:02,0.00008801,231.00000000
2018-02-27 12:41:04,0.00008801,102.00000000
2018-02-27 12:41:07,0.00008801,590.00000000
2018-02-27 12:41:08,0.00008801,173.00000000
2018-02-27 12:41:10,0.00008801,423.00000000
2018-02-27 12:41:12,0.00008802,1136.00000000
2018-02-27 12:41:15,0.00008802,740.00000000
2018-02-27 12:41:18,0.00008802,227.00000000
2018-02-27 12:41:19,0.00008801,300.00000000
2018-02-27 12:41:19,0.00008801,675.00000000
2018-02-27 12:41:23,0.00008801,7.00000000
2018-02-27 12:41:25,0.00008801,472.00000000
2018-02-27 12:41:25,0.00008801,252.00000000
2018-02-27 12:41:26,0.00008801,113.00000000
2018-02-27 12:41:37,0.00008801,56.00000000
2018-02-27 12:41:39,0.00008801,16.00000000
2018-02-27 12:41:39,0.00008802,166.00000000
2018-02-27 12:41:39,0.00008803,2384.00000000
2018-02-27 12:41:39,0.00008805,34.00000000
2018-02-27 12:41:45,0.00008805,190.00000000
2018-02-27 12:41:46,0.00008805,632.00000000
2018-02-27 12:41:46,0.00008805,521.00000000
2018-02-27 12:41:47,0.00008805,568.00000000
2018-02-27 12:41:58,0.00008805,204.00000000
2018-02-27 12:41:59,0.00008805,1135.00000000
2018-02-27 12:41:59,0.00008805,174.00000000
2018-02-27 12:42:01,0.00008805,2028.00000000
2018-02-27 12:42:01,0.00008806,1.00000000
2018-02-27 12:42:02,0.00008805,1085.00000000
2018-02-27 12:42:15,0.00008801,4582.00000000
2018-02-27 12:42:21,0.00008801,177.00000000
2018-02-27 12:42:22,0.00008804,30.00000000
2018-02-27 12:42:26,0.00008804,25.00000000
2018-02-27 12:42:37,0.00008804,50.00000000
2018-02-27 12:42:50,0.00008801,4171.00000000
2018-02-27 12:42:56,0.00008803,50.00000000
2018-02-27 12:43:05,0.00008801,1116.00000000
2018-02-27 12:43:13,0.00008801,25.00000000
2018-02-27 12:43:13,0.00008801,1550.00000000
2018-02-27 12:43:14,0.00008801,175.00000000
2018-02-27 12:43:14,0.00008801,471.00000000
2018-02-27 12:43:14,0.00008801,1452.00000000
2018-02-27 12:43:21,0.00008801,67.00000000
2018-02-27 12:43:21,0.00008801,1086.00000000
2018-02-27 12:43:22,0.00008801,1970.00000000
2018-02-27 12:43:23,0.00008801,1965.00000000
2018-02-27 12:43:25,0.00008801,21.00000000
2018-02-27 12:43:30,0.00008802,33.00000000
2018-02-27 12:43:32,0.00008801,1628.00000000
2018-02-27 12:43:41,0.00008801,53.00000000
2018-02-27 12:43:46,0.00008803,2269.00000000
2018-02-27 12:43:58,0.00008802,939.00000000
2018-02-27 12:44:17,0.00008803,110.00000000
2018-02-27 12:44:18,0.00008802,11.00000000
2018-02-27 12:44:20,0.00008802,181.00000000
2018-02-27 12:44:21,0.00008802,794.00000000
2018-02-27 12:44:52,0.00008803,1.00000000
2018-02-27 12:44:53,0.00008802,3295.00000000
2018-02-27 12:44:53,0.00008801,708.00000000
2018-02-27 12:44:55,0.00008801,499.00000000
2018-02-27 12:44:56,0.00008801,471.00000000
2018-02-27 12:44:57,0.00008801,80.00000000
2018-02-27 12:44:59,0.00008801,499.00000000
2018-02-27 12:45:00,0.00008803,440.00000000
2018-02-27 12:45:04,0.00008803,1.00000000
2018-02-27 12:45:17,0.00008802,81.00000000
2018-02-27 12:45:25,0.00008801,67.00000000
2018-02-27 12:45:32,0.00008802,227.00000000
2018-02-27 12:45:38,0.00008801,61.00000000
2018-02-27 12:45:38,0.00008801,6721.00000000
2018-02-27 12:45:54,0.00008795,71.00000000
2018-02-27 12:45:55,0.00008801,167.00000000
2018-02-27 12:45:57,0.00008795,675.00000000
2018-02-27 12:46:03,0.00008799,13.00000000
2018-02-27 12:46:07,0.00008799,266.00000000
2018-02-27 12:46:07,0.00008800,51.00000000
2018-02-27 12:46:07,0.00008800,6.00000000
2018-02-27 12:46:07,0.00008801,56.00000000
2018-02-27 12:46:14,0.00008799,182.00000000
2018-02-27 12:46:14,0.00008795,341.00000000
2018-02-27 12:46:16,0.00008795,55.00000000
2018-02-27 12:46:19,0.00008799,55.00000000
2018-02-27 12:46:25,0.00008799,51.00000000
2018-02-27 12:46:26,0.00008795,39.00000000
2018-02-27 12:46:26,0.00008795,513.00000000
2018-02-27 12:46:26,0.00008794,123.00000000
2018-02-27 12:46:29,0.00008794,56.00000000
2018-02-27 12:46:33,0.00008795,41.00000000
2018-02-27 12:46:33,0.00008794,4.00000000
2018-02-27 12:46:39,0.00008798,113.00000000
2018-02-27 12:46:39,0.00008798,1136.00000000
2018-02-27 12:46:44,0.00008798,173.00000000
2018-02-27 12:46:45,0.00008798,454.00000000
2018-02-27 12:46:45,0.00008798,366.00000000
2018-02-27 12:46:45,0.00008799,1030.00000000
2018-02-27 12:46:51,0.00008799,98.00000000
2018-02-27 12:46:51,0.00008801,3976.00000000
2018-02-27 12:46:57,0.00008801,5681.00000000
2018-02-27 12:47:10,0.00008797,2.00000000
2018-02-27 12:47:11,0.00008801,265.00000000
2018-02-27 12:47:12,0.00008797,195.00000000
2018-02-27 12:47:15,0.00008801,5453.00000000
2018-02-27 12:47:19,0.00008801,434.00000000
2018-02-27 12:47:21,0.00008801,3863.00000000
2018-02-27 12:47:21,0.00008801,50.00000000
2018-02-27 12:47:27,0.00008801,2613.00000000
2018-02-27 12:47:28,0.00008801,91.00000000
2018-02-27 12:47:29,0.00008801,113.00000000
2018-02-27 12:47:34,0.00008798,21.00000000
2018-02-27 12:47:34,0.00008797,79.00000000
2018-02-27 12:47:44,0.00008801,80.00000000
2018-02-27 12:47:45,0.00008797,544.00000000
2018-02-27 12:47:53,0.00008797,1349.00000000
2018-02-27 12:47:55,0.00008797,396.00000000
2018-02-27 12:47:58,0.00008797,491.00000000
2018-02-27 12:47:59,0.00008797,535.00000000
2018-02-27 12:48:00,0.00008797,102.00000000
2018-02-27 12:48:00,0.00008801,30.00000000
2018-02-27 12:48:03,0.00008801,1006.00000000
2018-02-27 12:48:03,0.00008801,1136.00000000
2018-02-27 12:48:09,0.00008801,159.00000000
2018-02-27 12:48:09,0.00008797,113.00000000
2018-02-27 12:48:10,0.00008801,398.00000000
2018-02-27 12:48:14,0.00008801,100.00000000
2018-02-27 12:48:15,0.00008797,300.00000000
2018-02-27 12:48:15,0.00008801,26.00000000
2018-02-27 12:48:16,0.00008801,89.00000000
2018-02-27 12:48:18,0.00008801,27.00000000
2018-02-27 12:48:21,0.00008797,343.00000000
2018-02-27 12:48:21,0.00008797,12.00000000
2018-02-27 12:48:21,0.00008801,15.00000000
2018-02-27 12:48:23,0.00008799,50.00000000
2018-02-27 12:48:23,0.00008797,39.00000000
2018-02-27 12:48:24,0.00008801,292.00000000
2018-02-27 12:48:26,0.00008801,81.00000000
2018-02-27 12:48:27,0.00008801,1022.00000000
2018-02-27 12:48:28,0.00008800,51.00000000
2018-02-27 12:48:28,0.00008795,307.00000000
2018-02-27 12:48:28,0.00008794,285.00000000
2018-02-27 12:48:29,0.00008801,27.00000000
2018-02-27 12:48:29,0.00008801,114.00000000
2018-02-27 12:48:31,0.00008801,339.00000000
2018-02-27 12:48:33,0.00008801,94.00000000
2018-02-27 12:48:35,0.00008801,113.00000000
2018-02-27 12:48:36,0.00008801,27.00000000
2018-02-27 12:48:39,0.00008801,27.00000000
2018-02-27 12:48:44,0.00008801,25.00000000
2018-02-27 12:48:46,0.00008798,127.00000000
2018-02-27 12:48:49,0.00008798,822.00000000
2018-02-27 12:48:49,0.00008801,23.00000000
2018-02-27 12:48:50,0.00008798,1136.00000000
2018-02-27 12:48:50,0.00008798,938.00000000
2018-02-27 12:48:50,0.00008801,25.00000000
2018-02-27 12:48:52,0.00008801,1.00000000
2018-02-27 12:48:54,0.00008801,25.00000000
2018-02-27 12:48:54,0.00008801,185.00000000
2018-02-27 12:48:54,0.00008802,4.00000000
2018-02-27 12:48:57,0.00008802,149.00000000
2018-02-27 12:48:58,0.00008802,17.00000000
2018-02-27 12:48:59,0.00008803,275.00000000
2018-02-27 12:49:00,0.00008803,163.00000000
2018-02-27 12:49:06,0.00008801,190.00000000
2018-02-27 12:49:07,0.00008801,25.00000000
2018-02-27 12:49:07,0.00008801,28.00000000
2018-02-27 12:49:09,0.00008801,198.00000000
2018-02-27 12:49:09,0.00008802,28.00000000
2018-02-27 12:49:10,0.00008797,200.00000000
2018-02-27 12:49:11,0.00008802,25.00000000
2018-02-27 12:49:15,0.00008802,25.00000000
2018-02-27 12:49:18,0.00008802,25.00000000
2018-02-27 12:49:20,0.00008801,30.00000000
2018-02-27 12:49:21,0.00008802,113.00000000
2018-02-27 12:49:22,0.00008802,25.00000000
2018-02-27 12:49:22,0.00008802,145.00000000
2018-02-27 12:49:23,0.00008801,53.00000000
2018-02-27 12:49:26,0.00008802,25.00000000
2018-02-27 12:49:29,0.00008802,113.00000000
2018-02-27 12:49:30,0.00008802,200.00000000
2018-02-27 12:49:30,0.00008802,257.00000000
2018-02-27 12:49:30,0.00008802,25.00000000
2018-02-27 12:49:33,0.00008802,14.00000000
2018-02-27 12:49:33,0.00008803,93.00000000
2018-02-27 12:49:34,0.00008803,4.00000000
2018-02-27 12:49:37,0.00008803,189.00000000
2018-02-27 12:49:38,0.00008804,125.00000000
2018-02-27 12:49:40,0.00008802,162.00000000
2018-02-27 12:49:40,0.00008801,1169.00000000
2018-02-27 12:49:40,0.00008797,195.00000000
2018-02-27 12:49:40,0.00008794,232.00000000
2018-02-27 12:49:40,0.00008793,1083.00000000
2018-02-27 12:49:55,0.00008798,107.00000000
2018-02-27 12:49:55,0.00008793,1372.00000000
2018-02-27 12:49:55,0.00008792,200.00000000
2018-02-27 12:49:55,0.00008786,569.00000000
2018-02-27 12:49:55,0.00008785,593.00000000
2018-02-27 12:49:56,0.00008800,18.00000000
2018-02-27 12:49:56,0.00008800,34.00000000
2018-02-27 12:49:56,0.00008800,93.00000000
2018-02-27 12:49:56,0.00008803,475.00000000
2018-02-27 12:49:57,0.00008802,90.00000000
2018-02-27 12:49:57,0.00008803,25.00000000
2018-02-27 12:50:03,0.00008803,25.00000000
2018-02-27 12:50:08,0.00008803,25.00000000
2018-02-27 12:50:09,0.00008803,129.00000000
2018-02-27 12:50:09,0.00008804,119.00000000
2018-02-27 12:50:15,0.00008804,446.00000000
2018-02-27 12:50:20,0.00008805,6971.00000000
2018-02-27 12:50:31,0.00008805,25.00000000
2018-02-27 12:50:41,0.00008805,89.00000000
2018-02-27 12:50:44,0.00008805,15.00000000
2018-02-27 12:50:44,0.00008804,37.00000000
2018-02-27 12:50:44,0.00008802,42.00000000
2018-02-27 12:50:45,0.00008805,113.00000000
2018-02-27 12:50:45,0.00008805,25.00000000
2018-02-27 12:50:45,0.00008805,5363.00000000
2018-02-27 12:50:46,0.00008806,240.00000000
2018-02-27 12:50:47,0.00008806,113.00000000
2018-02-27 12:50:49,0.00008805,1434.00000000
2018-02-27 12:50:51,0.00008802,2.00000000
2018-02-27 12:50:51,0.00008800,25.00000000
2018-02-27 12:50:53,0.00008800,232.00000000
2018-02-27 12:50:54,0.00008800,25.00000000
2018-02-27 12:50:55,0.00008800,20.00000000
2018-02-27 12:50:57,0.00008800,35.00000000
2018-02-27 12:51:00,0.00008800,224.00000000
2018-02-27 12:51:00,0.00008800,25.00000000
2018-02-27 12:51:07,0.00008800,25.00000000
2018-02-27 12:51:08,0.00008800,1.00000000
2018-02-27 12:51:08,0.00008800,216.00000000
2018-02-27 12:51:11,0.00008800,25.00000000
2018-02-27 12:51:13,0.00008795,25.00000000
2018-02-27 12:51:13,0.00008795,1.00000000
2018-02-27 12:51:14,0.00008800,25.00000000
2018-02-27 12:51:15,0.00008800,208.00000000
2018-02-27 12:51:18,0.00008800,25.00000000
2018-02-27 12:51:21,0.00008789,299.00000000
2018-02-27 12:51:21,0.00008788,121.00000000
2018-02-27 12:51:22,0.00008800,25.00000000
2018-02-27 12:51:23,0.00008800,5221.00000000
2018-02-27 12:51:24,0.00008790,90.00000000
2018-02-27 12:51:24,0.00008800,42.00000000
2018-02-27 12:51:26,0.00008800,113.00000000
2018-02-27 12:51:26,0.00008800,25.00000000
2018-02-27 12:51:27,0.00008800,182.00000000
2018-02-27 12:51:28,0.00008800,214.00000000
2018-02-27 12:51:28,0.00008800,66.00000000
2018-02-27 12:51:29,0.00008800,209.00000000
2018-02-27 12:51:29,0.00008800,204.00000000
2018-02-27 12:51:30,0.00008792,200.00000000
2018-02-27 12:51:30,0.00008792,300.00000000
2018-02-27 12:51:30,0.00008800,200.00000000
2018-02-27 12:51:30,0.00008800,568.00000000
2018-02-27 12:51:30,0.00008800,195.00000000
2018-02-27 12:51:31,0.00008800,196.00000000
2018-02-27 12:51:32,0.00008800,25.00000000
2018-02-27 12:51:32,0.00008800,193.00000000
2018-02-27 12:51:37,0.00008800,801.00000000
2018-02-27 12:51:37,0.00008800,25.00000000
2018-02-27 12:51:41,0.00008800,25.00000000
2018-02-27 12:51:41,0.00008800,315.00000000
2018-02-27 12:51:44,0.00008800,20.00000000
2018-02-27 12:51:52,0.00008800,465.00000000
2018-02-27 12:52:13,0.00008799,262.00000000
2018-02-27 12:52:13,0.00008800,452.00000000
2018-02-27 12:52:20,0.00008790,10.00000000
2018-02-27 12:52:20,0.00008790,525.00000000
2018-02-27 12:52:20,0.00008790,90.00000000
2018-02-27 12:52:23,0.00008790,20.00000000
2018-02-27 12:52:24,0.00008790,365.00000000
2018-02-27 12:52:24,0.00008800,168.00000000
2018-02-27 12:52:26,0.00008788,150.00000000
2018-02-27 12:52:30,0.00008800,100.00000000
2018-02-27 12:52:32,0.00008800,848.00000000
2018-02-27 12:52:32,0.00008800,60.00000000
2018-02-27 12:52:36,0.00008800,1437.00000000
2018-02-27 12:52:41,0.00008800,11.00000000
2018-02-27 12:52:42,0.00008788,113.00000000
2018-02-27 12:52:46,0.00008788,69.00000000
2018-02-27 12:52:55,0.00008788,30.00000000
2018-02-27 12:52:57,0.00008800,90.00000000
2018-02-27 12:53:04,0.00008789,4.00000000
2018-02-27 12:53:05,0.00008789,28.00000000
2018-02-27 12:53:05,0.00008788,27.00000000
2018-02-27 12:53:07,0.00008789,514.00000000
2018-02-27 12:53:08,0.00008789,71.00000000
2018-02-27 12:53:16,0.00008800,216.00000000
2018-02-27 12:53:18,0.00008800,40.00000000
2018-02-27 12:53:19,0.00008800,177.00000000
2018-02-27 12:53:24,0.00008790,470.00000000
2018-02-27 12:53:24,0.00008789,71.00000000
2018-02-27 12:53:24,0.00008788,11.00000000
2018-02-27 12:53:24,0.00008785,67.00000000
2018-02-27 12:53:24,0.00008799,44.00000000
2018-02-27 12:53:25,0.00008799,193.00000000
2018-02-27 12:53:29,0.00008799,12.00000000
2018-02-27 12:53:34,0.00008785,2483.00000000
2018-02-27 12:53:49,0.00008789,26.00000000
2018-02-27 12:53:49,0.00008785,1269.00000000
2018-02-27 12:53:57,0.00008798,104.00000000
2018-02-27 12:54:07,0.00008785,846.00000000
2018-02-27 12:54:16,0.00008785,113.00000000
2018-02-27 12:54:17,0.00008785,498.00000000
2018-02-27 12:54:22,0.00008786,113.00000000
2018-02-27 12:54:24,0.00008788,239.00000000
2018-02-27 12:54:26,0.00008788,79.00000000
2018-02-27 12:54:29,0.00008787,83.00000000
2018-02-27 12:54:40,0.00008787,17.00000000
2018-02-27 12:54:40,0.00008788,191.00000000
2018-02-27 12:54:41,0.00008788,1067.00000000
2018-02-27 12:54:52,0.00008789,14.00000000
2018-02-27 12:54:52,0.00008789,77.00000000
2018-02-27 12:55:03,0.00008789,114.00000000
2018-02-27 12:55:04,0.00008798,1137.00000000
2018-02-27 12:55:12,0.00008789,200.00000000
2018-02-27 12:55:19,0.00008798,25.00000000
2018-02-27 12:55:24,0.00008789,47.00000000
2018-02-27 12:55:24,0.00008786,627.00000000
2018-02-27 12:55:24,0.00008785,1197.00000000
2018-02-27 12:55:29,0.00008785,129.00000000
2018-02-27 12:55:32,0.00008785,404.00000000
2018-02-27 12:55:38,0.00008785,3123.00000000
2018-02-27 12:55:40,0.00008798,347.00000000
2018-02-27 12:55:41,0.00008786,110.00000000
2018-02-27 12:56:03,0.00008798,100.00000000
2018-02-27 12:56:04,0.00008798,12.00000000
2018-02-27 12:56:10,0.00008786,36.00000000
2018-02-27 12:56:18,0.00008798,176.00000000
2018-02-27 12:56:20,0.00008786,402.00000000
2018-02-27 12:56:21,0.00008786,83.00000000
2018-02-27 12:56:23,0.00008786,64.00000000
2018-02-27 12:56:30,0.00008786,216.00000000
2018-02-27 12:56:36,0.00008795,19.00000000
2018-02-27 12:56:41,0.00008798,113.00000000
2018-02-27 12:56:45,0.00008798,21.00000000
2018-02-27 12:56:59,0.00008790,17.00000000
2018-02-27 12:57:28,0.00008790,507.00000000
2018-02-27 12:57:32,0.00008790,802.00000000
2018-02-27 12:57:33,0.00008790,179.00000000
2018-02-27 12:57:41,0.00008790,300.00000000
2018-02-27 12:57:49,0.00008790,4.00000000
2018-02-27 12:57:49,0.00008789,25.00000000
2018-02-27 12:57:55,0.00008791,21.00000000
2018-02-27 12:57:57,0.00008797,1137.00000000
2018-02-27 12:57:57,0.00008798,463.00000000
2018-02-27 12:57:58,0.00008791,979.00000000
2018-02-27 12:58:01,0.00008790,27.00000000
2018-02-27 12:58:01,0.00008791,456.00000000
2018-02-27 12:58:07,0.00008791,34.00000000
2018-02-27 12:58:08,0.00008791,130.00000000
2018-02-27 12:58:16,0.00008790,39.00000000
2018-02-27 12:58:22,0.00008791,71.00000000
2018-02-27 12:58:25,0.00008790,1000.00000000
2018-02-27 12:58:30,0.00008791,34.00000000
2018-02-27 12:58:34,0.00008791,113.00000000
2018-02-27 12:58:38,0.00008790,520.00000000
2018-02-27 12:58:40,0.00008791,248.00000000
2018-02-27 12:58:46,0.00008790,876.00000000
2018-02-27 12:58:46,0.00008789,168.00000000
2018-02-27 12:58:46,0.00008786,1057.00000000
2018-02-27 12:58:54,0.00008791,199.00000000
2018-02-27 12:58:58,0.00008786,493.00000000
2018-02-27 12:59:13,0.00008786,501.00000000
2018-02-27 12:59:14,0.00008791,67.00000000
2018-02-27 12:59:17,0.00008791,227.00000000
2018-02-27 12:59:17,0.00008786,761.00000000
2018-02-27 12:59:21,0.00008791,325.00000000
2018-02-27 12:59:27,0.00008791,18.00000000
2018-02-27 12:59:30,0.00008791,868.00000000
2018-02-27 12:59:30,0.00008786,66.00000000
2018-02-27 12:59:31,0.00008786,62.00000000
2018-02-27 12:59:31,0.00008791,264.00000000
2018-02-27 12:59:35,0.00008791,367.00000000
2018-02-27 12:59:43,0.00008791,1260.00000000
2018-02-27 12:59:44,0.00008791,40.00000000
2018-02-27 12:59:44,0.00008798,40.00000000
2018-02-27 12:59:46,0.00008798,2630.00000000
2018-02-27 12:59:46,0.00008798,40.00000000
2018-02-27 12:59:47,0.00008799,669.00000000
2018-02-27 12:59:47,0.00008798,540.00000000
2018-02-27 12:59:47,0.00008800,3105.00000000
2018-02-27 12:59:48,0.00008798,624.00000000
2018-02-27 12:59:48,0.00008798,30.00000000
2018-02-27 12:59:48,0.00008798,90.00000000
2018-02-27 12:59:49,0.00008798,810.00000000
2018-02-27 12:59:52,0.00008798,743.00000000
2018-02-27 12:59:53,0.00008801,18.00000000
2018-02-27 12:59:57,0.00008801,1.00000000
2018-02-27 12:59:57,0.00008805,41.00000000
