DATE,PRICE,VOLUME
2018-02-23 00:00:00,0.00009037,22.00000000
2018-02-23 00:00:01,0.00009037,90.00000000
2018-02-23 00:00:02,0.00009047,112.00000000
2018-02-23 00:00:02,0.00009048,98.00000000
2018-02-23 00:00:03,0.00009038,160.00000000
2018-02-23 00:00:04,0.00009038,330.00000000
2018-02-23 00:00:04,0.00009039,112.00000000
2018-02-23 00:00:04,0.00009040,111.00000000
2018-02-23 00:00:05,0.00009040,48.00000000
2018-02-23 00:00:05,0.00009040,553.00000000
2018-02-23 00:00:07,0.00009040,111.00000000
2018-02-23 00:00:08,0.00009040,3814.00000000
2018-02-23 00:00:08,0.00009040,63.00000000
2018-02-23 00:00:09,0.00009040,553.00000000
2018-02-23 00:00:09,0.00009040,98.00000000
2018-02-23 00:00:14,0.00009034,716.00000000
2018-02-23 00:00:14,0.00009034,111.00000000
2018-02-23 00:00:15,0.00009034,102.00000000
2018-02-23 00:00:16,0.00009029,100.00000000
2018-02-23 00:00:16,0.00009034,94.00000000
2018-02-23 00:00:16,0.00009040,17.00000000
2018-02-23 00:00:18,0.00009040,212.00000000
2018-02-23 00:00:18,0.00009040,111.00000000
2018-02-23 00:00:20,0.00009029,1473.00000000
2018-02-23 00:00:20,0.00009040,111.00000000
2018-02-23 00:00:22,0.00009040,2529.00000000
2018-02-23 00:00:22,0.00009042,14.00000000
2018-02-23 00:00:22,0.00009044,97.00000000
2018-02-23 00:00:24,0.00009032,120.00000000
2018-02-23 00:00:24,0.00009031,146.00000000
2018-02-23 00:00:24,0.00009042,50.00000000
2018-02-23 00:00:29,0.00009035,62.00000000
2018-02-23 00:00:29,0.00009036,28.00000000
2018-02-23 00:00:29,0.00009036,62.00000000
2018-02-23 00:00:31,0.00009041,202.00000000
2018-02-23 00:00:35,0.00009035,14.00000000
2018-02-23 00:00:39,0.00009036,100.00000000
2018-02-23 00:00:43,0.00009036,2461.00000000
2018-02-23 00:00:45,0.00009036,1223.00000000
2018-02-23 00:00:47,0.00009035,594.00000000
2018-02-23 00:00:47,0.00009034,799.00000000
2018-02-23 00:00:51,0.00009036,111.00000000
2018-02-23 00:00:52,0.00009036,564.00000000
2018-02-23 00:00:53,0.00009036,111.00000000
2018-02-23 00:00:53,0.00009036,20.00000000
2018-02-23 00:00:54,0.00009036,111.00000000
2018-02-23 00:00:56,0.00009036,323.00000000
2018-02-23 00:00:56,0.00009037,36.00000000
2018-02-23 00:00:56,0.00009041,250.00000000
2018-02-23 00:01:02,0.00009040,110.00000000
2018-02-23 00:01:02,0.00009040,166.00000000
2018-02-23 00:01:02,0.00009041,193.00000000
2018-02-23 00:01:03,0.00009041,40.00000000
2018-02-23 00:01:04,0.00009041,230.00000000
2018-02-23 00:01:05,0.00009041,217.00000000
2018-02-23 00:01:05,0.00009043,336.00000000
2018-02-23 00:01:05,0.00009043,154.00000000
2018-02-23 00:01:05,0.00009043,110.00000000
2018-02-23 00:01:05,0.00009043,118.00000000
2018-02-23 00:01:05,0.00009050,369.00000000
2018-02-23 00:01:08,0.00009048,6.00000000
2018-02-23 00:01:08,0.00009048,111.00000000
2018-02-23 00:01:10,0.00009049,223.00000000
2018-02-23 00:01:18,0.00009049,231.00000000
2018-02-23 00:01:21,0.00009049,60.00000000
2018-02-23 00:01:21,0.00009049,3620.00000000
2018-02-23 00:01:25,0.00009049,44.00000000
2018-02-23 00:01:26,0.00009049,646.00000000
2018-02-23 00:01:28,0.00009050,598.00000000
2018-02-23 00:01:41,0.00009054,92.00000000
2018-02-23 00:01:50,0.00009055,525.00000000
2018-02-23 00:01:53,0.00009055,13.00000000
2018-02-23 00:01:55,0.00009058,27.00000000
2018-02-23 00:02:02,0.00009056,210.00000000
2018-02-23 00:02:05,0.00009055,546.00000000
2018-02-23 00:02:06,0.00009055,165.00000000
2018-02-23 00:02:07,0.00009055,1183.00000000
2018-02-23 00:02:07,0.00009054,3817.00000000
2018-02-23 00:02:07,0.00009056,445.00000000
2018-02-23 00:02:12,0.00009056,750.00000000
2018-02-23 00:02:12,0.00009055,250.00000000
2018-02-23 00:02:12,0.00009059,527.00000000
2018-02-23 00:02:13,0.00009059,43.00000000
2018-02-23 00:02:18,0.00009055,110.00000000
2018-02-23 00:02:19,0.00009055,148.00000000
2018-02-23 00:02:19,0.00009054,93.00000000
2018-02-23 00:02:22,0.00009058,21.00000000
2018-02-23 00:02:23,0.00009058,486.00000000
2018-02-23 00:02:23,0.00009058,1.00000000
2018-02-23 00:02:23,0.00009059,487.00000000
2018-02-23 00:02:23,0.00009059,1055.00000000
2018-02-23 00:02:23,0.00009058,330.00000000
2018-02-23 00:02:23,0.00009059,883.00000000
2018-02-23 00:02:24,0.00009068,235.00000000
2018-02-23 00:02:24,0.00009070,944.00000000
2018-02-23 00:02:24,0.00009068,235.00000000
2018-02-23 00:02:24,0.00009067,330.00000000
2018-02-23 00:02:24,0.00009067,117.00000000
2018-02-23 00:02:24,0.00009067,30.00000000
2018-02-23 00:02:24,0.00009067,80.00000000
2018-02-23 00:02:25,0.00009067,45.00000000
2018-02-23 00:02:25,0.00009067,757.00000000
2018-02-23 00:02:27,0.00009071,329.00000000
2018-02-23 00:02:28,0.00009071,329.00000000
2018-02-23 00:02:28,0.00009068,238.00000000
2018-02-23 00:02:28,0.00009067,45.00000000
2018-02-23 00:02:28,0.00009064,820.00000000
2018-02-23 00:02:28,0.00009067,152.00000000
2018-02-23 00:02:28,0.00009067,131.00000000
2018-02-23 00:02:30,0.00009071,122.00000000
2018-02-23 00:02:30,0.00009071,23.00000000
2018-02-23 00:02:30,0.00009071,153.00000000
2018-02-23 00:02:30,0.00009071,68.00000000
2018-02-23 00:02:30,0.00009071,68.00000000
2018-02-23 00:02:30,0.00009071,329.00000000
2018-02-23 00:02:31,0.00009071,110.00000000
2018-02-23 00:02:31,0.00009071,328.00000000
2018-02-23 00:02:31,0.00009071,329.00000000
2018-02-23 00:02:31,0.00009071,1100.00000000
2018-02-23 00:02:31,0.00009071,329.00000000
2018-02-23 00:02:31,0.00009071,102.00000000
2018-02-23 00:02:31,0.00009071,103.00000000
2018-02-23 00:02:31,0.00009071,846.00000000
2018-02-23 00:02:31,0.00009072,240.00000000
2018-02-23 00:02:32,0.00009072,1100.00000000
2018-02-23 00:02:33,0.00009071,120.00000000
2018-02-23 00:02:33,0.00009072,110.00000000
2018-02-23 00:02:33,0.00009072,550.00000000
2018-02-23 00:02:33,0.00009073,550.00000000
2018-02-23 00:02:35,0.00009073,55.00000000
2018-02-23 00:02:35,0.00009074,690.00000000
2018-02-23 00:02:35,0.00009076,336.00000000
2018-02-23 00:02:39,0.00009071,120.00000000
2018-02-23 00:02:39,0.00009068,120.00000000
2018-02-23 00:02:39,0.00009067,416.00000000
2018-02-23 00:02:39,0.00009076,176.00000000
2018-02-23 00:02:40,0.00009076,44.00000000
2018-02-23 00:02:41,0.00009077,239.00000000
2018-02-23 00:02:42,0.00009072,101.00000000
2018-02-23 00:02:42,0.00009076,28.00000000
2018-02-23 00:02:42,0.00009069,120.00000000
2018-02-23 00:02:42,0.00009067,69.00000000
2018-02-23 00:02:42,0.00009065,556.00000000
2018-02-23 00:02:42,0.00009064,1464.00000000
2018-02-23 00:02:51,0.00009065,18.00000000
2018-02-23 00:02:53,0.00009070,282.00000000
2018-02-23 00:02:56,0.00009065,1737.00000000
2018-02-23 00:03:01,0.00009074,92.00000000
2018-02-23 00:03:02,0.00009074,117.00000000
2018-02-23 00:03:03,0.00009065,301.00000000
2018-02-23 00:03:03,0.00009064,9.00000000
2018-02-23 00:03:06,0.00009065,469.00000000
2018-02-23 00:03:06,0.00009065,329.00000000
2018-02-23 00:03:06,0.00009065,46.00000000
2018-02-23 00:03:07,0.00009065,474.00000000
2018-02-23 00:03:15,0.00009074,168.00000000
2018-02-23 00:03:17,0.00009066,336.00000000
2018-02-23 00:03:17,0.00009065,82.00000000
2018-02-23 00:03:17,0.00009065,265.00000000
2018-02-23 00:03:17,0.00009064,122.00000000
2018-02-23 00:03:18,0.00009064,103.00000000
2018-02-23 00:03:21,0.00009064,35.00000000
2018-02-23 00:03:21,0.00009062,31.00000000
2018-02-23 00:03:21,0.00009069,74.00000000
2018-02-23 00:03:23,0.00009065,21.00000000
2018-02-23 00:03:23,0.00009062,232.00000000
2018-02-23 00:03:23,0.00009062,72.00000000
2018-02-23 00:03:23,0.00009059,607.00000000
2018-02-23 00:03:23,0.00009058,321.00000000
2018-02-23 00:03:27,0.00009058,66.00000000
2018-02-23 00:03:34,0.00009056,440.00000000
2018-02-23 00:03:34,0.00009055,1826.00000000
2018-02-23 00:03:34,0.00009054,273.00000000
2018-02-23 00:03:36,0.00009058,15.00000000
2018-02-23 00:03:37,0.00009054,1596.00000000
2018-02-23 00:03:38,0.00009054,36.00000000
2018-02-23 00:03:38,0.00009054,297.00000000
2018-02-23 00:03:39,0.00009053,98.00000000
2018-02-23 00:03:42,0.00009053,12.00000000
2018-02-23 00:03:42,0.00009050,118.00000000
2018-02-23 00:03:42,0.00009046,370.00000000
2018-02-23 00:03:43,0.00009047,775.00000000
2018-02-23 00:03:43,0.00009045,322.00000000
2018-02-23 00:03:43,0.00009053,370.00000000
2018-02-23 00:03:43,0.00009054,3304.00000000
2018-02-23 00:03:43,0.00009054,482.00000000
2018-02-23 00:03:45,0.00009056,167.00000000
2018-02-23 00:03:47,0.00009057,992.00000000
2018-02-23 00:03:49,0.00009056,120.00000000
2018-02-23 00:03:50,0.00009056,1189.00000000
2018-02-23 00:03:56,0.00009055,100.00000000
2018-02-23 00:04:00,0.00009055,617.00000000
2018-02-23 00:04:00,0.00009055,55.00000000
2018-02-23 00:04:00,0.00009055,330.00000000
2018-02-23 00:04:00,0.00009055,101.00000000
2018-02-23 00:04:01,0.00009055,331.00000000
2018-02-23 00:04:01,0.00009055,331.00000000
2018-02-23 00:04:01,0.00009055,331.00000000
2018-02-23 00:04:02,0.00009055,331.00000000
2018-02-23 00:04:02,0.00009055,330.00000000
2018-02-23 00:04:02,0.00009055,225.00000000
2018-02-23 00:04:06,0.00009055,210.00000000
2018-02-23 00:04:09,0.00009054,40.00000000
2018-02-23 00:04:09,0.00009055,893.00000000
2018-02-23 00:04:09,0.00009058,1283.00000000
2018-02-23 00:04:09,0.00009058,330.00000000
2018-02-23 00:04:09,0.00009058,552.00000000
2018-02-23 00:04:10,0.00009054,4728.00000000
2018-02-23 00:04:11,0.00009055,548.00000000
2018-02-23 00:04:11,0.00009054,613.00000000
2018-02-23 00:04:11,0.00009054,8742.00000000
2018-02-23 00:04:11,0.00009058,110.00000000
2018-02-23 00:04:11,0.00009058,110.00000000
2018-02-23 00:04:11,0.00009058,110.00000000
2018-02-23 00:04:12,0.00009058,330.00000000
2018-02-23 00:04:13,0.00009054,210.00000000
2018-02-23 00:04:15,0.00009054,26639.00000000
2018-02-23 00:04:18,0.00009050,985.00000000
2018-02-23 00:04:20,0.00009045,40.00000000
2018-02-23 00:04:21,0.00009050,330.00000000
2018-02-23 00:04:22,0.00009049,330.00000000
2018-02-23 00:04:26,0.00009045,400.00000000
2018-02-23 00:04:27,0.00009045,3194.00000000
2018-02-23 00:04:31,0.00009044,90.00000000
2018-02-23 00:04:31,0.00009044,90.00000000
2018-02-23 00:04:32,0.00009044,27.00000000
2018-02-23 00:04:32,0.00009040,44.00000000
2018-02-23 00:04:32,0.00009036,2760.00000000
2018-02-23 00:04:34,0.00009044,109.00000000
2018-02-23 00:04:36,0.00009037,3.00000000
2018-02-23 00:04:39,0.00009037,897.00000000
2018-02-23 00:04:39,0.00009036,3833.00000000
2018-02-23 00:04:39,0.00009034,14.00000000
2018-02-23 00:04:39,0.00009030,900.00000000
2018-02-23 00:04:39,0.00009030,2523.00000000
2018-02-23 00:04:39,0.00009030,900.00000000
2018-02-23 00:04:39,0.00009030,2555.00000000
2018-02-23 00:04:39,0.00009043,85.00000000
2018-02-23 00:04:39,0.00009045,306.00000000
2018-02-23 00:04:39,0.00009050,1103.00000000
2018-02-23 00:04:39,0.00009054,1000.00000000
2018-02-23 00:04:39,0.00009058,175.00000000
2018-02-23 00:04:39,0.00009060,992.00000000
2018-02-23 00:04:39,0.00009063,576.00000000
2018-02-23 00:04:39,0.00009067,187.00000000
2018-02-23 00:04:39,0.00009030,20.00000000
2018-02-23 00:04:40,0.00009065,331.00000000
2018-02-23 00:04:45,0.00009044,12.00000000
2018-02-23 00:04:51,0.00009051,196.00000000
2018-02-23 00:04:51,0.00009052,433.00000000
2018-02-23 00:05:02,0.00009049,210.00000000
2018-02-23 00:05:03,0.00009049,690.00000000
2018-02-23 00:05:03,0.00009050,7311.00000000
2018-02-23 00:05:04,0.00009049,900.00000000
2018-02-23 00:05:04,0.00009050,6337.00000000
2018-02-23 00:05:05,0.00009045,331.00000000
2018-02-23 00:05:05,0.00009045,330.00000000
2018-02-23 00:05:06,0.00009050,903.00000000
2018-02-23 00:05:06,0.00009051,1103.00000000
2018-02-23 00:05:06,0.00009051,218.00000000
2018-02-23 00:05:09,0.00009050,110.00000000
2018-02-23 00:05:18,0.00009049,103.00000000
2018-02-23 00:05:46,0.00009049,115.00000000
2018-02-23 00:05:46,0.00009050,385.00000000
2018-02-23 00:06:02,0.00009050,210.00000000
2018-02-23 00:06:08,0.00009046,324.00000000
2018-02-23 00:06:08,0.00009046,324.00000000
2018-02-23 00:06:09,0.00009046,72.00000000
2018-02-23 00:06:09,0.00009037,288.00000000
2018-02-23 00:06:09,0.00009032,528.00000000
2018-02-23 00:06:09,0.00009031,1202.00000000
2018-02-23 00:06:09,0.00009030,4445.00000000
2018-02-23 00:06:09,0.00009029,716.00000000
2018-02-23 00:06:09,0.00009028,930.00000000
2018-02-23 00:06:09,0.00009025,551.00000000
2018-02-23 00:06:09,0.00009024,268.00000000
2018-02-23 00:06:21,0.00009036,160.00000000
2018-02-23 00:06:22,0.00009027,46.00000000
2018-02-23 00:06:22,0.00009027,113.00000000
2018-02-23 00:06:22,0.00009028,113.00000000
2018-02-23 00:06:22,0.00009036,48.00000000
2018-02-23 00:06:22,0.00009028,113.00000000
2018-02-23 00:06:23,0.00009028,112.00000000
2018-02-23 00:06:25,0.00009034,45.00000000
2018-02-23 00:06:25,0.00009034,45.00000000
2018-02-23 00:06:25,0.00009034,218.00000000
2018-02-23 00:06:28,0.00009034,92.00000000
2018-02-23 00:06:28,0.00009034,1.00000000
2018-02-23 00:06:28,0.00009037,92.00000000
2018-02-23 00:06:28,0.00009037,23.00000000
2018-02-23 00:06:29,0.00009037,41.00000000
2018-02-23 00:06:32,0.00009037,131.00000000
2018-02-23 00:06:33,0.00009037,48.00000000
2018-02-23 00:06:35,0.00009037,113.00000000
2018-02-23 00:06:35,0.00009037,113.00000000
2018-02-23 00:06:41,0.00009034,92.00000000
2018-02-23 00:06:41,0.00009029,1116.00000000
2018-02-23 00:06:41,0.00009027,111.00000000
2018-02-23 00:06:41,0.00009026,1646.00000000
2018-02-23 00:06:41,0.00009024,10035.00000000
2018-02-23 00:06:44,0.00009033,52.00000000
2018-02-23 00:06:46,0.00009033,26.00000000
2018-02-23 00:06:49,0.00009033,32.00000000
2018-02-23 00:06:50,0.00009029,216.00000000
2018-02-23 00:06:53,0.00009030,48.00000000
2018-02-23 00:06:54,0.00009030,186.00000000
2018-02-23 00:06:54,0.00009024,1042.00000000
2018-02-23 00:06:54,0.00009022,50.00000000
2018-02-23 00:06:54,0.00009021,579.00000000
2018-02-23 00:06:54,0.00009020,1248.00000000
2018-02-23 00:06:54,0.00009020,322.00000000
2018-02-23 00:06:55,0.00009019,16.00000000
2018-02-23 00:06:55,0.00009019,602.00000000
2018-02-23 00:06:55,0.00009019,55.00000000
2018-02-23 00:06:55,0.00009019,238.00000000
2018-02-23 00:06:56,0.00009029,900.00000000
2018-02-23 00:06:56,0.00009030,573.00000000
2018-02-23 00:06:56,0.00009029,500.00000000
2018-02-23 00:06:58,0.00009029,400.00000000
2018-02-23 00:07:02,0.00009029,210.00000000
2018-02-23 00:07:03,0.00009029,443.00000000
2018-02-23 00:07:05,0.00009025,604.00000000
2018-02-23 00:07:05,0.00009029,78.00000000
2018-02-23 00:07:05,0.00009029,48.00000000
2018-02-23 00:07:06,0.00009029,126.00000000
2018-02-23 00:07:06,0.00009030,2375.00000000
2018-02-23 00:07:08,0.00009030,900.00000000
2018-02-23 00:07:08,0.00009020,16.00000000
2018-02-23 00:07:08,0.00009020,554.00000000
2018-02-23 00:07:09,0.00009020,499.00000000
2018-02-23 00:07:09,0.00009020,554.00000000
2018-02-23 00:07:09,0.00009020,274.00000000
2018-02-23 00:07:09,0.00009020,101.00000000
2018-02-23 00:07:09,0.00009020,101.00000000
2018-02-23 00:07:09,0.00009020,554.00000000
2018-02-23 00:07:10,0.00009020,252.00000000
2018-02-23 00:07:10,0.00009032,413.00000000
2018-02-23 00:07:11,0.00009030,572.00000000
2018-02-23 00:07:11,0.00009031,211.00000000
2018-02-23 00:07:12,0.00009020,332.00000000
2018-02-23 00:07:13,0.00009020,1127.00000000
2018-02-23 00:07:13,0.00009020,331.00000000
2018-02-23 00:07:14,0.00009020,554.00000000
2018-02-23 00:07:14,0.00009020,510.00000000
2018-02-23 00:07:15,0.00009020,554.00000000
2018-02-23 00:07:15,0.00009020,1361.00000000
2018-02-23 00:07:16,0.00009020,1019.00000000
2018-02-23 00:07:16,0.00009020,554.00000000
2018-02-23 00:07:16,0.00009020,118.00000000
2018-02-23 00:07:16,0.00009020,349.00000000
2018-02-23 00:07:16,0.00009030,48.00000000
2018-02-23 00:07:17,0.00009029,776.00000000
2018-02-23 00:07:19,0.00009020,122.00000000
2018-02-23 00:07:20,0.00009025,111.00000000
2018-02-23 00:07:21,0.00009025,12.00000000
2018-02-23 00:07:24,0.00009025,1008.00000000
2018-02-23 00:07:26,0.00009025,110.00000000
2018-02-23 00:07:28,0.00009020,32.00000000
2018-02-23 00:07:28,0.00009025,12.00000000
2018-02-23 00:07:29,0.00009020,366.00000000
2018-02-23 00:07:29,0.00009019,156.00000000
2018-02-23 00:07:29,0.00009016,447.00000000
2018-02-23 00:07:29,0.00009013,549.00000000
2018-02-23 00:07:29,0.00009012,725.00000000
2018-02-23 00:07:29,0.00009011,650.00000000
2018-02-23 00:07:29,0.00009010,557.00000000
2018-02-23 00:07:29,0.00009024,110.00000000
2018-02-23 00:07:30,0.00009024,703.00000000
2018-02-23 00:07:30,0.00009025,887.00000000
2018-02-23 00:07:31,0.00009026,40.00000000
2018-02-23 00:07:37,0.00009029,163.00000000
2018-02-23 00:07:44,0.00009026,446.00000000
2018-02-23 00:07:44,0.00009025,122.00000000
2018-02-23 00:08:04,0.00009028,1148.00000000
2018-02-23 00:08:04,0.00009029,12.00000000
2018-02-23 00:08:04,0.00009030,675.00000000
2018-02-23 00:08:04,0.00009031,945.00000000
2018-02-23 00:08:04,0.00009031,2517.00000000
2018-02-23 00:08:06,0.00009031,1103.00000000
2018-02-23 00:08:12,0.00009031,1103.00000000
2018-02-23 00:08:15,0.00009031,33.00000000
2018-02-23 00:08:17,0.00009031,219.00000000
2018-02-23 00:08:17,0.00009026,553.00000000
2018-02-23 00:08:17,0.00009025,478.00000000
2018-02-23 00:08:18,0.00009031,365.00000000
2018-02-23 00:08:26,0.00009025,222.00000000
2018-02-23 00:08:26,0.00009025,850.00000000
2018-02-23 00:08:28,0.00009024,60.00000000
2018-02-23 00:08:28,0.00009018,162.00000000
2018-02-23 00:08:30,0.00009025,106.00000000
2018-02-23 00:08:32,0.00009019,25.00000000
2018-02-23 00:08:34,0.00009020,1128.00000000
2018-02-23 00:08:34,0.00009019,268.00000000
2018-02-23 00:08:34,0.00009024,50.00000000
2018-02-23 00:08:34,0.00009024,959.00000000
2018-02-23 00:08:34,0.00009024,58.00000000
2018-02-23 00:08:34,0.00009024,1060.00000000
2018-02-23 00:08:34,0.00009024,961.00000000
2018-02-23 00:08:34,0.00009024,363.00000000
2018-02-23 00:08:34,0.00009024,100.00000000
2018-02-23 00:08:34,0.00009024,50.00000000
2018-02-23 00:08:35,0.00009024,664.00000000
2018-02-23 00:08:36,0.00009015,41.00000000
2018-02-23 00:08:38,0.00009024,500.00000000
2018-02-23 00:08:39,0.00009024,599.00000000
2018-02-23 00:08:41,0.00009024,1451.00000000
2018-02-23 00:08:41,0.00009012,900.00000000
2018-02-23 00:08:41,0.00009011,930.00000000
2018-02-23 00:08:42,0.00009015,808.00000000
2018-02-23 00:08:52,0.00009027,350.00000000
2018-02-23 00:08:55,0.00009017,589.00000000
2018-02-23 00:08:55,0.00009016,308.00000000
2018-02-23 00:08:55,0.00009015,12.00000000
2018-02-23 00:08:55,0.00009015,155.00000000
2018-02-23 00:08:57,0.00009024,997.00000000
2018-02-23 00:09:00,0.00009018,17.00000000
2018-02-23 00:09:00,0.00009015,110.00000000
2018-02-23 00:09:00,0.00009011,419.00000000
2018-02-23 00:09:00,0.00009010,1670.00000000
2018-02-23 00:09:00,0.00009011,72.00000000
2018-02-23 00:09:00,0.00009011,191.00000000
2018-02-23 00:09:00,0.00009011,72.00000000
2018-02-23 00:09:00,0.00009011,144.00000000
2018-02-23 00:09:00,0.00009011,609.00000000
2018-02-23 00:09:00,0.00009022,555.00000000
2018-02-23 00:09:01,0.00009022,194.00000000
2018-02-23 00:09:02,0.00009023,211.00000000
2018-02-23 00:09:02,0.00009021,378.00000000
2018-02-23 00:09:03,0.00009023,1410.00000000
2018-02-23 00:09:03,0.00009023,14.00000000
2018-02-23 00:09:03,0.00009024,1403.00000000
2018-02-23 00:09:04,0.00009027,443.00000000
2018-02-23 00:09:05,0.00009024,74.00000000
2018-02-23 00:09:06,0.00009027,557.00000000
2018-02-23 00:09:06,0.00009029,553.00000000
2018-02-23 00:09:07,0.00009029,616.00000000
2018-02-23 00:09:08,0.00009029,419.00000000
2018-02-23 00:09:08,0.00009027,557.00000000
2018-02-23 00:09:08,0.00009024,127.00000000
2018-02-23 00:09:11,0.00009030,442.00000000
2018-02-23 00:09:16,0.00009030,4516.00000000
2018-02-23 00:09:17,0.00009030,431.00000000
2018-02-23 00:09:18,0.00009030,5000.00000000
2018-02-23 00:09:20,0.00009029,110.00000000
2018-02-23 00:09:20,0.00009029,292.00000000
2018-02-23 00:09:20,0.00009030,58.00000000
2018-02-23 00:09:20,0.00009030,649.00000000
2018-02-23 00:09:20,0.00009030,8.00000000
2018-02-23 00:09:22,0.00009030,293.00000000
2018-02-23 00:09:24,0.00009024,332.00000000
2018-02-23 00:09:24,0.00009024,2.00000000
2018-02-23 00:09:24,0.00009024,86.00000000
2018-02-23 00:09:25,0.00009024,169.00000000
2018-02-23 00:09:25,0.00009030,677.00000000
2018-02-23 00:09:25,0.00009030,678.00000000
2018-02-23 00:09:26,0.00009031,70.00000000
2018-02-23 00:09:26,0.00009033,40.00000000
2018-02-23 00:09:27,0.00009033,74.00000000
2018-02-23 00:09:27,0.00009034,12.00000000
2018-02-23 00:09:27,0.00009035,4914.00000000
2018-02-23 00:09:27,0.00009030,33.00000000
2018-02-23 00:09:27,0.00009035,12.00000000
2018-02-23 00:09:28,0.00009030,289.00000000
2018-02-23 00:09:28,0.00009024,235.00000000
2018-02-23 00:09:35,0.00009033,110.00000000
2018-02-23 00:09:40,0.00009033,350.00000000
2018-02-23 00:09:40,0.00009033,261.00000000
2018-02-23 00:09:41,0.00009026,84.00000000
2018-02-23 00:09:49,0.00009029,271.00000000
2018-02-23 00:09:49,0.00009028,1423.00000000
2018-02-23 00:09:49,0.00009026,504.00000000
2018-02-23 00:09:49,0.00009025,1000.00000000
2018-02-23 00:09:49,0.00009024,3701.00000000
2018-02-23 00:09:49,0.00009022,51.00000000
2018-02-23 00:09:49,0.00009021,2188.00000000
2018-02-23 00:09:51,0.00009019,451.00000000
2018-02-23 00:09:55,0.00009025,271.00000000
2018-02-23 00:09:55,0.00009026,2825.00000000
2018-02-23 00:09:55,0.00009032,588.00000000
2018-02-23 00:09:58,0.00009021,271.00000000
2018-02-23 00:09:58,0.00009019,1243.00000000
2018-02-23 00:09:58,0.00009018,554.00000000
2018-02-23 00:09:58,0.00009015,28.00000000
2018-02-23 00:09:58,0.00009011,586.00000000
2018-02-23 00:09:58,0.00009010,115.00000000
2018-02-23 00:09:59,0.00009018,30.00000000
2018-02-23 00:09:59,0.00009024,271.00000000
2018-02-23 00:09:59,0.00009018,30.00000000
2018-02-23 00:09:59,0.00009011,970.00000000
2018-02-23 00:10:00,0.00009025,562.00000000
2018-02-23 00:10:00,0.00009030,100.00000000
2018-02-23 00:10:01,0.00009029,970.00000000
2018-02-23 00:10:01,0.00009029,411.00000000
2018-02-23 00:10:01,0.00009030,210.00000000
2018-02-23 00:10:01,0.00009029,2.00000000
2018-02-23 00:10:05,0.00009014,21.00000000
2018-02-23 00:10:08,0.00009026,19.00000000
2018-02-23 00:10:10,0.00009026,17.00000000
2018-02-23 00:10:24,0.00009023,1486.00000000
2018-02-23 00:10:25,0.00009023,643.00000000
2018-02-23 00:10:26,0.00009021,173.00000000
2018-02-23 00:10:37,0.00009021,361.00000000
2018-02-23 00:10:41,0.00009020,490.00000000
2018-02-23 00:10:41,0.00009020,57.00000000
2018-02-23 00:10:41,0.00009021,442.00000000
2018-02-23 00:10:43,0.00009021,270.00000000
2018-02-23 00:10:43,0.00009021,110.00000000
2018-02-23 00:10:49,0.00009020,403.00000000
2018-02-23 00:10:49,0.00009021,6229.00000000
2018-02-23 00:10:49,0.00009021,5000.00000000
2018-02-23 00:10:54,0.00009021,1219.00000000
2018-02-23 00:10:55,0.00009021,1595.00000000
2018-02-23 00:10:57,0.00009021,29.00000000
2018-02-23 00:10:59,0.00009021,671.00000000
2018-02-23 00:10:59,0.00009022,26.00000000
2018-02-23 00:11:01,0.00009022,209.00000000
2018-02-23 00:11:02,0.00009027,210.00000000
2018-02-23 00:11:03,0.00009027,320.00000000
2018-02-23 00:11:03,0.00009027,3.00000000
2018-02-23 00:11:03,0.00009028,1000.00000000
2018-02-23 00:11:04,0.00009030,26.00000000
2018-02-23 00:11:06,0.00009030,82.00000000
2018-02-23 00:11:07,0.00009030,411.00000000
2018-02-23 00:11:07,0.00009030,82.00000000
2018-02-23 00:11:07,0.00009029,331.00000000
2018-02-23 00:11:08,0.00009033,110.00000000
2018-02-23 00:11:08,0.00009029,188.00000000
2018-02-23 00:11:09,0.00009033,26.00000000
2018-02-23 00:11:09,0.00009033,967.00000000
2018-02-23 00:11:09,0.00009034,1144.00000000
2018-02-23 00:11:09,0.00009035,2889.00000000
2018-02-23 00:11:12,0.00009035,212.00000000
2018-02-23 00:11:15,0.00009035,5312.00000000
2018-02-23 00:11:18,0.00009035,5000.00000000
2018-02-23 00:11:22,0.00009035,4205.00000000
2018-02-23 00:11:27,0.00009034,115.00000000
2018-02-23 00:11:27,0.00009035,4885.00000000
2018-02-23 00:11:28,0.00009035,90.00000000
2018-02-23 00:11:28,0.00009035,89.00000000
2018-02-23 00:11:28,0.00009028,216.00000000
2018-02-23 00:11:28,0.00009027,198.00000000
2018-02-23 00:11:30,0.00009035,442.00000000
2018-02-23 00:11:34,0.00009035,760.00000000
2018-02-23 00:11:34,0.00009035,8.00000000
2018-02-23 00:11:34,0.00009035,73.00000000
2018-02-23 00:11:36,0.00009030,700.00000000
2018-02-23 00:11:36,0.00009035,4300.00000000
2018-02-23 00:11:39,0.00009035,110.00000000
2018-02-23 00:11:39,0.00009035,5000.00000000
2018-02-23 00:11:42,0.00009035,514.00000000
2018-02-23 00:11:42,0.00009035,4844.00000000
2018-02-23 00:11:42,0.00009036,156.00000000
2018-02-23 00:11:44,0.00009036,442.00000000
2018-02-23 00:11:47,0.00009036,2.00000000
2018-02-23 00:11:47,0.00009040,135.00000000
2018-02-23 00:11:51,0.00009040,4438.00000000
2018-02-23 00:11:51,0.00009040,562.00000000
2018-02-23 00:11:51,0.00009029,140.00000000
2018-02-23 00:11:52,0.00009026,33.00000000
2018-02-23 00:11:55,0.00009035,91.00000000
2018-02-23 00:11:56,0.00009035,218.00000000
2018-02-23 00:11:56,0.00009034,217.00000000
2018-02-23 00:11:57,0.00009036,58.00000000
2018-02-23 00:11:57,0.00009037,53.00000000
2018-02-23 00:11:58,0.00009036,144.00000000
2018-02-23 00:12:02,0.00009047,210.00000000
2018-02-23 00:12:02,0.00009037,271.00000000
2018-02-23 00:12:02,0.00009036,207.00000000
2018-02-23 00:12:04,0.00009047,60.00000000
2018-02-23 00:12:04,0.00009048,65.00000000
2018-02-23 00:12:05,0.00009047,50.00000000
2018-02-23 00:12:05,0.00009037,37.00000000
2018-02-23 00:12:14,0.00009044,10.00000000
2018-02-23 00:12:15,0.00009043,340.00000000
2018-02-23 00:12:15,0.00009049,309.00000000
2018-02-23 00:12:15,0.00009049,500.00000000
2018-02-23 00:12:15,0.00009049,150.00000000
2018-02-23 00:12:16,0.00009049,162.00000000
2018-02-23 00:12:16,0.00009049,89.00000000
2018-02-23 00:12:17,0.00009050,994.00000000
2018-02-23 00:12:17,0.00009049,1527.00000000
2018-02-23 00:12:18,0.00009038,89.00000000
2018-02-23 00:12:19,0.00009039,353.00000000
2018-02-23 00:12:19,0.00009038,1174.00000000
2018-02-23 00:12:23,0.00009042,322.00000000
2018-02-23 00:12:24,0.00009040,399.00000000
2018-02-23 00:12:24,0.00009042,331.00000000
2018-02-23 00:12:27,0.00009042,455.00000000
2018-02-23 00:12:27,0.00009048,330.00000000
2018-02-23 00:12:27,0.00009048,135.00000000
2018-02-23 00:12:28,0.00009048,322.00000000
2018-02-23 00:12:29,0.00009048,800.00000000
2018-02-23 00:12:29,0.00009048,20.00000000
2018-02-23 00:12:29,0.00009040,99.00000000
2018-02-23 00:12:29,0.00009036,179.00000000
2018-02-23 00:12:30,0.00009037,224.00000000
2018-02-23 00:12:32,0.00009049,1989.00000000
2018-02-23 00:12:32,0.00009048,85.00000000
2018-02-23 00:12:32,0.00009048,413.00000000
2018-02-23 00:12:32,0.00009050,471.00000000
2018-02-23 00:12:39,0.00009049,374.00000000
2018-02-23 00:12:42,0.00009049,4934.00000000
2018-02-23 00:12:45,0.00009049,66.00000000
2018-02-23 00:12:47,0.00009049,149.00000000
2018-02-23 00:13:03,0.00009048,33.00000000
2018-02-23 00:13:05,0.00009048,177.00000000
2018-02-23 00:13:05,0.00009041,152.00000000
2018-02-23 00:13:06,0.00009041,14.00000000
2018-02-23 00:13:07,0.00009041,162.00000000
2018-02-23 00:13:07,0.00009041,546.00000000
2018-02-23 00:13:07,0.00009041,442.00000000
2018-02-23 00:13:07,0.00009041,186.00000000
2018-02-23 00:13:13,0.00009042,75.00000000
2018-02-23 00:13:18,0.00009048,212.00000000
2018-02-23 00:13:18,0.00009049,576.00000000
2018-02-23 00:13:18,0.00009049,1073.00000000
2018-02-23 00:13:24,0.00009049,127.00000000
2018-02-23 00:13:28,0.00009042,439.00000000
2018-02-23 00:13:29,0.00009042,442.00000000
2018-02-23 00:13:29,0.00009042,425.00000000
2018-02-23 00:13:30,0.00009041,353.00000000
2018-02-23 00:13:30,0.00009042,3543.00000000
2018-02-23 00:13:34,0.00009045,212.00000000
2018-02-23 00:13:34,0.00009044,1104.00000000
2018-02-23 00:13:35,0.00009042,145.00000000
2018-02-23 00:13:37,0.00009042,16.00000000
2018-02-23 00:13:41,0.00009048,212.00000000
2018-02-23 00:13:41,0.00009049,158.00000000
2018-02-23 00:13:43,0.00009049,788.00000000
2018-02-23 00:13:52,0.00009048,174.00000000
2018-02-23 00:13:54,0.00009043,100.00000000
2018-02-23 00:13:55,0.00009048,38.00000000
2018-02-23 00:13:55,0.00009049,255.00000000
2018-02-23 00:13:58,0.00009049,131.00000000
2018-02-23 00:14:00,0.00009043,91.00000000
2018-02-23 00:14:02,0.00009049,210.00000000
2018-02-23 00:14:08,0.00009049,421.00000000
2018-02-23 00:14:15,0.00009049,118.00000000
2018-02-23 00:14:29,0.00009046,382.00000000
2018-02-23 00:14:29,0.00009045,7735.00000000
2018-02-23 00:14:31,0.00009048,50.00000000
2018-02-23 00:14:31,0.00009049,229.00000000
2018-02-23 00:14:36,0.00009043,21.00000000
2018-02-23 00:14:36,0.00009042,375.00000000
2018-02-23 00:14:41,0.00009042,1.00000000
2018-02-23 00:14:41,0.00009040,40.00000000
2018-02-23 00:14:41,0.00009039,60.00000000
2018-02-23 00:14:41,0.00009042,110.00000000
2018-02-23 00:14:42,0.00009042,110.00000000
2018-02-23 00:14:45,0.00009042,110.00000000
2018-02-23 00:14:46,0.00009040,55.00000000
2018-02-23 00:14:52,0.00009042,165.00000000
2018-02-23 00:14:53,0.00009042,24.00000000
2018-02-23 00:14:57,0.00009041,250.00000000
2018-02-23 00:15:00,0.00009040,15.00000000
2018-02-23 00:15:02,0.00009039,51.00000000
2018-02-23 00:15:03,0.00009040,210.00000000
2018-02-23 00:15:04,0.00009039,291.00000000
2018-02-23 00:15:11,0.00009038,258.00000000
2018-02-23 00:15:14,0.00009038,69.00000000
2018-02-23 00:15:22,0.00009039,43.00000000
2018-02-23 00:15:22,0.00009039,483.00000000
2018-02-23 00:15:26,0.00009038,261.00000000
2018-02-23 00:15:29,0.00009039,580.00000000
2018-02-23 00:15:29,0.00009039,27.00000000
2018-02-23 00:15:35,0.00009039,208.00000000
2018-02-23 00:15:37,0.00009038,836.00000000
2018-02-23 00:15:37,0.00009037,1367.00000000
2018-02-23 00:15:38,0.00009039,31.00000000
2018-02-23 00:15:39,0.00009038,1000.00000000
2018-02-23 00:15:39,0.00009037,13839.00000000
2018-02-23 00:15:43,0.00009039,516.00000000
2018-02-23 00:15:43,0.00009039,88.00000000
2018-02-23 00:15:45,0.00009039,331.00000000
2018-02-23 00:15:45,0.00009039,91.00000000
2018-02-23 00:15:45,0.00009039,90.00000000
2018-02-23 00:15:45,0.00009039,262.00000000
2018-02-23 00:15:45,0.00009039,594.00000000
2018-02-23 00:15:45,0.00009039,82.00000000
2018-02-23 00:15:45,0.00009037,262.00000000
2018-02-23 00:15:45,0.00009037,82.00000000
2018-02-23 00:15:45,0.00009038,900.00000000
2018-02-23 00:15:45,0.00009037,916.00000000
2018-02-23 00:15:46,0.00009037,908.00000000
2018-02-23 00:15:49,0.00009037,9012.00000000
2018-02-23 00:15:50,0.00009037,2308.00000000
2018-02-23 00:15:51,0.00009037,1154.00000000
2018-02-23 00:15:52,0.00009038,12.00000000
2018-02-23 00:15:52,0.00009037,4685.00000000
2018-02-23 00:15:52,0.00009036,1059.00000000
2018-02-23 00:15:52,0.00009035,45.00000000
2018-02-23 00:15:52,0.00009026,12.00000000
2018-02-23 00:15:52,0.00009023,183.00000000
2018-02-23 00:15:52,0.00009022,48.00000000
2018-02-23 00:15:52,0.00009021,103.00000000
2018-02-23 00:15:52,0.00009020,163.00000000
2018-02-23 00:15:52,0.00009020,212.00000000
2018-02-23 00:16:01,0.00009037,50.00000000
2018-02-23 00:16:01,0.00009025,1228.00000000
2018-02-23 00:16:01,0.00009024,554.00000000
2018-02-23 00:16:01,0.00009020,1220.00000000
2018-02-23 00:16:09,0.00009022,380.00000000
2018-02-23 00:16:09,0.00009033,20.00000000
2018-02-23 00:16:10,0.00009022,461.00000000
2018-02-23 00:16:12,0.00009022,577.00000000
2018-02-23 00:16:12,0.00009022,332.00000000
2018-02-23 00:16:13,0.00009022,331.00000000
2018-02-23 00:16:13,0.00009022,332.00000000
2018-02-23 00:16:13,0.00009022,332.00000000
2018-02-23 00:16:13,0.00009022,45.00000000
2018-02-23 00:16:13,0.00009022,332.00000000
2018-02-23 00:16:13,0.00009022,1509.00000000
2018-02-23 00:16:13,0.00009019,61.00000000
2018-02-23 00:16:13,0.00009022,332.00000000
2018-02-23 00:16:13,0.00009022,332.00000000
2018-02-23 00:16:13,0.00009021,135.00000000
2018-02-23 00:16:13,0.00009022,332.00000000
2018-02-23 00:16:13,0.00009020,107.00000000
2018-02-23 00:16:13,0.00009022,26.00000000
2018-02-23 00:16:14,0.00009033,50.00000000
2018-02-23 00:16:14,0.00009034,410.00000000
2018-02-23 00:16:14,0.00009035,94.00000000
2018-02-23 00:16:14,0.00009022,137.00000000
2018-02-23 00:16:14,0.00009022,118.00000000
2018-02-23 00:16:20,0.00009022,395.00000000
2018-02-23 00:16:20,0.00009020,2868.00000000
2018-02-23 00:16:23,0.00009030,12.00000000
2018-02-23 00:16:26,0.00009023,129.00000000
2018-02-23 00:16:31,0.00009023,261.00000000
2018-02-23 00:16:31,0.00009020,45.00000000
2018-02-23 00:16:31,0.00009018,25.00000000
2018-02-23 00:16:33,0.00009023,680.00000000
2018-02-23 00:16:38,0.00009023,55.00000000
2018-02-23 00:16:38,0.00009023,402.00000000
2018-02-23 00:16:40,0.00009025,61.00000000
2018-02-23 00:16:40,0.00009028,49.00000000
2018-02-23 00:16:40,0.00009028,110.00000000
2018-02-23 00:16:42,0.00009028,110.00000000
2018-02-23 00:16:52,0.00009028,181.00000000
2018-02-23 00:16:52,0.00009028,331.00000000
2018-02-23 00:16:52,0.00009028,331.00000000
2018-02-23 00:16:52,0.00009028,277.00000000
2018-02-23 00:16:52,0.00009032,213.00000000
2018-02-23 00:16:52,0.00009023,55.00000000
2018-02-23 00:16:53,0.00009032,108.00000000
2018-02-23 00:16:58,0.00009021,2778.00000000
2018-02-23 00:17:01,0.00009029,55.00000000
2018-02-23 00:17:02,0.00009029,331.00000000
2018-02-23 00:17:02,0.00009022,556.00000000
2018-02-23 00:17:05,0.00009019,1.00000000
2018-02-23 00:17:09,0.00009022,221.00000000
2018-02-23 00:17:18,0.00009021,150.00000000
2018-02-23 00:17:19,0.00009021,3562.00000000
2018-02-23 00:17:19,0.00009022,389.00000000
2018-02-23 00:17:19,0.00009032,146.00000000
2018-02-23 00:17:21,0.00009028,2000.00000000
2018-02-23 00:17:21,0.00009029,394.00000000
2018-02-23 00:17:21,0.00009032,742.00000000
2018-02-23 00:17:21,0.00009032,4.00000000
2018-02-23 00:17:21,0.00009033,6.00000000
2018-02-23 00:17:39,0.00009031,110.00000000
2018-02-23 00:17:50,0.00009031,55.00000000
2018-02-23 00:17:51,0.00009031,110.00000000
2018-02-23 00:17:51,0.00009031,35.00000000
2018-02-23 00:17:51,0.00009032,20.00000000
2018-02-23 00:18:03,0.00009025,37.00000000
2018-02-23 00:18:03,0.00009025,332.00000000
2018-02-23 00:18:04,0.00009032,25.00000000
2018-02-23 00:18:06,0.00009025,134.00000000
2018-02-23 00:18:08,0.00009026,119.00000000
2018-02-23 00:18:12,0.00009025,37.00000000
2018-02-23 00:18:12,0.00009024,50.00000000
2018-02-23 00:18:18,0.00009023,37.00000000
2018-02-23 00:18:20,0.00009023,332.00000000
2018-02-23 00:18:20,0.00009023,33.00000000
2018-02-23 00:18:20,0.00009022,331.00000000
2018-02-23 00:18:26,0.00009023,363.00000000
2018-02-23 00:18:26,0.00009022,65.00000000
2018-02-23 00:18:26,0.00009021,198.00000000
2018-02-23 00:18:27,0.00009023,83.00000000
2018-02-23 00:18:30,0.00009023,110.00000000
2018-02-23 00:18:30,0.00009023,110.00000000
2018-02-23 00:18:33,0.00009020,692.00000000
2018-02-23 00:18:35,0.00009020,303.00000000
2018-02-23 00:18:37,0.00009018,79.00000000
2018-02-23 00:18:38,0.00009016,332.00000000
2018-02-23 00:18:38,0.00009016,332.00000000
2018-02-23 00:18:38,0.00009016,332.00000000
2018-02-23 00:18:38,0.00009016,112.00000000
2018-02-23 00:18:38,0.00009015,332.00000000
2018-02-23 00:18:38,0.00009015,299.00000000
2018-02-23 00:18:38,0.00009015,299.00000000
2018-02-23 00:18:38,0.00009015,548.00000000
2018-02-23 00:18:38,0.00009015,331.00000000
2018-02-23 00:18:39,0.00009015,331.00000000
2018-02-23 00:18:40,0.00009020,85.00000000
2018-02-23 00:18:40,0.00009023,25.00000000
2018-02-23 00:18:42,0.00009015,773.00000000
2018-02-23 00:18:44,0.00009019,35.00000000
2018-02-23 00:18:46,0.00009019,110.00000000
2018-02-23 00:18:51,0.00009015,131.00000000
2018-02-23 00:18:58,0.00009015,219.00000000
2018-02-23 00:19:03,0.00009015,580.00000000
2018-02-23 00:19:04,0.00009015,309.00000000
2018-02-23 00:19:05,0.00009015,93.00000000
2018-02-23 00:19:05,0.00009018,21.00000000
2018-02-23 00:19:06,0.00009018,280.00000000
2018-02-23 00:19:08,0.00009019,1412.00000000
2018-02-23 00:19:08,0.00009020,2434.00000000
2018-02-23 00:19:08,0.00009020,218.00000000
2018-02-23 00:19:09,0.00009020,106.00000000
2018-02-23 00:19:13,0.00009020,150.00000000
2018-02-23 00:19:21,0.00009021,15.00000000
2018-02-23 00:19:23,0.00009022,66.00000000
2018-02-23 00:19:23,0.00009023,792.00000000
2018-02-23 00:19:23,0.00009029,120.00000000
2018-02-23 00:19:23,0.00009030,874.00000000
2018-02-23 00:19:25,0.00009021,137.00000000
2018-02-23 00:19:26,0.00009029,110.00000000
2018-02-23 00:19:26,0.00009022,51.00000000
2018-02-23 00:19:27,0.00009030,319.00000000
2018-02-23 00:19:27,0.00009032,777.00000000
2018-02-23 00:19:27,0.00009022,69.00000000
2018-02-23 00:19:27,0.00009021,301.00000000
2018-02-23 00:19:27,0.00009020,414.00000000
2018-02-23 00:19:30,0.00009021,120.00000000
2018-02-23 00:19:30,0.00009020,3946.00000000
2018-02-23 00:19:30,0.00009029,110.00000000
2018-02-23 00:19:34,0.00009019,318.00000000
2018-02-23 00:19:36,0.00009029,19.00000000
2018-02-23 00:19:36,0.00009030,91.00000000
2018-02-23 00:19:41,0.00009024,120.00000000
2018-02-23 00:19:41,0.00009023,45.00000000
2018-02-23 00:19:41,0.00009021,108.00000000
2018-02-23 00:19:41,0.00009021,30.00000000
2018-02-23 00:19:41,0.00009019,20.00000000
2018-02-23 00:19:43,0.00009019,599.00000000
2018-02-23 00:19:43,0.00009018,101.00000000
2018-02-23 00:19:44,0.00009020,216.00000000
2018-02-23 00:19:45,0.00009020,260.00000000
2018-02-23 00:19:45,0.00009020,557.00000000
2018-02-23 00:19:45,0.00009020,75.00000000
2018-02-23 00:19:48,0.00009020,46.00000000
2018-02-23 00:19:48,0.00009018,556.00000000
2018-02-23 00:19:50,0.00009020,228.00000000
2018-02-23 00:19:50,0.00009020,165.00000000
2018-02-23 00:19:51,0.00009020,556.00000000
2018-02-23 00:19:51,0.00009020,143.00000000
2018-02-23 00:19:52,0.00009020,16.00000000
2018-02-23 00:19:54,0.00009018,44.00000000
2018-02-23 00:19:56,0.00009018,4566.00000000
2018-02-23 00:19:56,0.00009018,44.00000000
2018-02-23 00:19:57,0.00009019,28.00000000
2018-02-23 00:19:58,0.00009027,14.00000000
2018-02-23 00:19:59,0.00009019,13.00000000
2018-02-23 00:20:01,0.00009019,50.00000000
2018-02-23 00:20:01,0.00009019,49.00000000
2018-02-23 00:20:04,0.00009026,21.00000000
2018-02-23 00:20:04,0.00009019,112.00000000
2018-02-23 00:20:07,0.00009018,157.00000000
2018-02-23 00:20:07,0.00009026,5500.00000000
2018-02-23 00:20:08,0.00009015,13.00000000
2018-02-23 00:20:11,0.00009016,32.00000000
2018-02-23 00:20:12,0.00009019,443.00000000
2018-02-23 00:20:12,0.00009016,186.00000000
2018-02-23 00:20:12,0.00009015,962.00000000
2018-02-23 00:20:12,0.00009013,402.00000000
2018-02-23 00:20:12,0.00009012,3017.00000000
2018-02-23 00:20:13,0.00009019,1412.00000000
2018-02-23 00:20:15,0.00009012,1789.00000000
2018-02-23 00:20:15,0.00009012,701.00000000
2018-02-23 00:20:15,0.00009012,72.00000000
2018-02-23 00:20:16,0.00009012,191.00000000
2018-02-23 00:20:16,0.00009011,53.00000000
2018-02-23 00:20:16,0.00009012,218.00000000
2018-02-23 00:20:16,0.00009012,332.00000000
2018-02-23 00:20:18,0.00009012,480.00000000
2018-02-23 00:20:18,0.00009011,53.00000000
2018-02-23 00:20:18,0.00009012,63.00000000
2018-02-23 00:20:19,0.00009012,64.00000000
2018-02-23 00:20:19,0.00009012,89.00000000
2018-02-23 00:20:20,0.00009011,44.00000000
2018-02-23 00:20:23,0.00009012,116.00000000
2018-02-23 00:20:24,0.00009012,89.00000000
2018-02-23 00:20:26,0.00009011,453.00000000
2018-02-23 00:20:27,0.00009011,247.00000000
2018-02-23 00:20:27,0.00009011,594.00000000
2018-02-23 00:20:27,0.00009010,406.00000000
2018-02-23 00:20:28,0.00009010,700.00000000
2018-02-23 00:20:29,0.00009010,700.00000000
2018-02-23 00:20:29,0.00009010,162.00000000
2018-02-23 00:20:29,0.00009008,938.00000000
2018-02-23 00:20:30,0.00009008,799.00000000
2018-02-23 00:20:30,0.00009006,301.00000000
2018-02-23 00:20:30,0.00009006,558.00000000
2018-02-23 00:20:30,0.00009010,62.00000000
2018-02-23 00:20:31,0.00009010,38.00000000
2018-02-23 00:20:31,0.00009006,624.00000000
2018-02-23 00:20:32,0.00009005,351.00000000
2018-02-23 00:20:32,0.00009006,44.00000000
2018-02-23 00:20:32,0.00009008,14.00000000
2018-02-23 00:20:32,0.00009011,71.00000000
2018-02-23 00:20:32,0.00009011,37.00000000
2018-02-23 00:20:33,0.00009012,34.00000000
2018-02-23 00:20:33,0.00009011,269.00000000
2018-02-23 00:20:33,0.00009005,15.00000000
2018-02-23 00:20:33,0.00009010,1000.00000000
2018-02-23 00:20:33,0.00009010,205.00000000
2018-02-23 00:20:34,0.00009010,188.00000000
2018-02-23 00:20:35,0.00009010,188.00000000
2018-02-23 00:20:35,0.00009012,51.00000000
2018-02-23 00:20:35,0.00009013,49.00000000
2018-02-23 00:20:36,0.00009010,1100.00000000
2018-02-23 00:20:37,0.00009012,110.00000000
2018-02-23 00:20:37,0.00009010,586.00000000
2018-02-23 00:20:43,0.00009013,9.00000000
2018-02-23 00:20:45,0.00009012,52.00000000
2018-02-23 00:20:46,0.00009010,283.00000000
2018-02-23 00:20:46,0.00009010,730.00000000
2018-02-23 00:20:46,0.00009010,90.00000000
2018-02-23 00:20:47,0.00009010,265.00000000
2018-02-23 00:20:47,0.00009010,409.00000000
2018-02-23 00:20:47,0.00009005,589.00000000
2018-02-23 00:20:47,0.00009004,50.00000000
2018-02-23 00:20:47,0.00009003,574.00000000
2018-02-23 00:20:48,0.00009003,229.00000000
2018-02-23 00:20:48,0.00009003,694.00000000
2018-02-23 00:20:48,0.00009003,428.00000000
2018-02-23 00:20:48,0.00009002,50.00000000
2018-02-23 00:20:48,0.00009001,522.00000000
2018-02-23 00:20:48,0.00009006,20.00000000
2018-02-23 00:20:48,0.00009006,20.00000000
2018-02-23 00:20:48,0.00009001,6.00000000
2018-02-23 00:20:48,0.00009006,14.00000000
2018-02-23 00:20:49,0.00009010,155.00000000
2018-02-23 00:20:49,0.00009006,6.00000000
2018-02-23 00:20:49,0.00009001,539.00000000
2018-02-23 00:21:00,0.00009008,19.00000000
2018-02-23 00:21:02,0.00009008,95.00000000
2018-02-23 00:21:05,0.00009003,378.00000000
2018-02-23 00:21:05,0.00009002,322.00000000
2018-02-23 00:21:05,0.00009002,72.00000000
2018-02-23 00:21:05,0.00009002,41.00000000
2018-02-23 00:21:05,0.00009001,158.00000000
2018-02-23 00:21:05,0.00009007,248.00000000
2018-02-23 00:21:07,0.00009006,16.00000000
2018-02-23 00:21:08,0.00009006,61.00000000
2018-02-23 00:21:09,0.00009005,325.00000000
2018-02-23 00:21:10,0.00009001,111.00000000
2018-02-23 00:21:10,0.00009005,69.00000000
2018-02-23 00:21:12,0.00009005,209.00000000
2018-02-23 00:21:13,0.00009005,157.00000000
2018-02-23 00:21:23,0.00009003,930.00000000
2018-02-23 00:21:25,0.00009003,289.00000000
2018-02-23 00:21:26,0.00009003,1108.00000000
2018-02-23 00:21:27,0.00009003,3543.00000000
2018-02-23 00:21:27,0.00009001,2792.00000000
2018-02-23 00:21:27,0.00009000,227.00000000
2018-02-23 00:21:27,0.00009000,4948.00000000
2018-02-23 00:21:29,0.00009004,350.00000000
2018-02-23 00:21:30,0.00009003,50.00000000
2018-02-23 00:21:30,0.00009004,61.00000000
2018-02-23 00:21:33,0.00009004,27.00000000
2018-02-23 00:21:41,0.00009003,59.00000000
2018-02-23 00:21:42,0.00009004,930.00000000
2018-02-23 00:21:42,0.00009005,179.00000000
2018-02-23 00:21:46,0.00009005,132.00000000
2018-02-23 00:21:48,0.00009005,2500.00000000
2018-02-23 00:21:48,0.00009005,108.00000000
2018-02-23 00:21:48,0.00009007,96.00000000
2018-02-23 00:21:53,0.00009007,34.00000000
2018-02-23 00:21:53,0.00009008,48.00000000
2018-02-23 00:21:53,0.00009007,1108.00000000
2018-02-23 00:21:54,0.00009008,48.00000000
2018-02-23 00:21:57,0.00009007,1327.00000000
2018-02-23 00:21:58,0.00009007,2700.00000000
2018-02-23 00:21:58,0.00009005,922.00000000
2018-02-23 00:21:59,0.00009008,3326.00000000
2018-02-23 00:21:59,0.00009010,74.00000000
2018-02-23 00:21:59,0.00009011,262.00000000
2018-02-23 00:22:07,0.00009006,378.00000000
2018-02-23 00:22:07,0.00009004,62.00000000
2018-02-23 00:22:07,0.00009001,546.00000000
2018-02-23 00:22:07,0.00009000,2474.00000000
2018-02-23 00:22:09,0.00009008,180.00000000
2018-02-23 00:22:11,0.00009008,48.00000000
2018-02-23 00:22:14,0.00009007,236.00000000
2018-02-23 00:22:17,0.00009007,50.00000000
2018-02-23 00:22:17,0.00009007,23.00000000
2018-02-23 00:22:23,0.00009007,237.00000000
2018-02-23 00:22:23,0.00009008,2180.00000000
2018-02-23 00:22:33,0.00009002,119.00000000
2018-02-23 00:22:33,0.00009000,1967.00000000
2018-02-23 00:22:33,0.00008992,271.00000000
2018-02-23 00:22:33,0.00008991,453.00000000
2018-02-23 00:22:33,0.00008990,2886.00000000
2018-02-23 00:22:33,0.00009007,2041.00000000
2018-02-23 00:22:33,0.00009008,1263.00000000
2018-02-23 00:22:34,0.00009006,111.00000000
2018-02-23 00:22:36,0.00009006,2221.00000000
2018-02-23 00:22:37,0.00009005,55.00000000
2018-02-23 00:22:39,0.00009006,332.00000000
2018-02-23 00:22:42,0.00009006,332.00000000
2018-02-23 00:22:43,0.00009006,521.00000000
2018-02-23 00:22:43,0.00009006,29.00000000
2018-02-23 00:22:46,0.00009003,670.00000000
2018-02-23 00:22:46,0.00009003,252.00000000
2018-02-23 00:22:47,0.00009003,83.00000000
2018-02-23 00:22:49,0.00009006,29.00000000
2018-02-23 00:22:50,0.00009006,332.00000000
2018-02-23 00:22:52,0.00009006,332.00000000
2018-02-23 00:22:55,0.00009006,225.00000000
2018-02-23 00:22:56,0.00009004,162.00000000
2018-02-23 00:22:56,0.00009004,241.00000000
2018-02-23 00:22:56,0.00009005,332.00000000
2018-02-23 00:22:56,0.00009005,145.00000000
2018-02-23 00:22:56,0.00009006,26.00000000
2018-02-23 00:22:56,0.00009006,2.00000000
2018-02-23 00:22:57,0.00009006,331.00000000
2018-02-23 00:22:57,0.00009006,555.00000000
2018-02-23 00:22:57,0.00009006,331.00000000
2018-02-23 00:22:57,0.00009006,332.00000000
2018-02-23 00:22:57,0.00009006,831.00000000
2018-02-23 00:22:57,0.00009006,470.00000000
2018-02-23 00:22:58,0.00009006,2291.00000000
2018-02-23 00:22:59,0.00009006,25.00000000
2018-02-23 00:23:00,0.00009005,90.00000000
2018-02-23 00:23:01,0.00009006,1844.00000000
2018-02-23 00:23:01,0.00009005,380.00000000
2018-02-23 00:23:03,0.00009005,191.00000000
2018-02-23 00:23:05,0.00009005,81.00000000
2018-02-23 00:23:07,0.00009001,392.00000000
2018-02-23 00:23:07,0.00009005,140.00000000
2018-02-23 00:23:07,0.00009005,120.00000000
2018-02-23 00:23:07,0.00009005,103.00000000
2018-02-23 00:23:07,0.00009005,140.00000000
2018-02-23 00:23:11,0.00009005,20.00000000
2018-02-23 00:23:12,0.00008998,128.00000000
2018-02-23 00:23:14,0.00009004,188.00000000
2018-02-23 00:23:16,0.00009004,147.00000000
2018-02-23 00:23:16,0.00008999,380.00000000
2018-02-23 00:23:23,0.00008998,1716.00000000
2018-02-23 00:23:24,0.00008998,332.00000000
2018-02-23 00:23:26,0.00008994,284.00000000
2018-02-23 00:23:26,0.00008994,11.00000000
2018-02-23 00:23:29,0.00008998,871.00000000
2018-02-23 00:23:30,0.00009003,215.00000000
2018-02-23 00:23:30,0.00009004,335.00000000
2018-02-23 00:23:33,0.00009004,500.00000000
2018-02-23 00:23:34,0.00009004,31.00000000
2018-02-23 00:23:34,0.00009005,219.00000000
2018-02-23 00:23:35,0.00009003,25.00000000
2018-02-23 00:23:35,0.00008999,8442.00000000
2018-02-23 00:23:37,0.00009003,111.00000000
2018-02-23 00:23:38,0.00009003,99.00000000
2018-02-23 00:23:38,0.00009003,119.00000000
2018-02-23 00:23:48,0.00009001,114.00000000
2018-02-23 00:23:53,0.00009001,86.00000000
2018-02-23 00:23:53,0.00009002,561.00000000
2018-02-23 00:23:53,0.00009002,50.00000000
2018-02-23 00:23:54,0.00009002,376.00000000
2018-02-23 00:23:55,0.00008998,31.00000000
2018-02-23 00:23:56,0.00009001,213.00000000
2018-02-23 00:24:02,0.00009001,102.00000000
2018-02-23 00:24:05,0.00009001,50.00000000
2018-02-23 00:24:08,0.00009000,56.00000000
2018-02-23 00:24:09,0.00009000,771.00000000
2018-02-23 00:24:09,0.00009001,10339.00000000
2018-02-23 00:24:14,0.00009000,58.00000000
2018-02-23 00:24:15,0.00009000,14.00000000
2018-02-23 00:24:16,0.00009000,444.00000000
2018-02-23 00:24:16,0.00009000,193.00000000
2018-02-23 00:24:17,0.00008998,459.00000000
2018-02-23 00:24:18,0.00009000,105.00000000
2018-02-23 00:24:19,0.00009000,154.00000000
2018-02-23 00:24:21,0.00009000,272.00000000
2018-02-23 00:24:21,0.00009001,817.00000000
2018-02-23 00:24:22,0.00009000,20.00000000
2018-02-23 00:24:23,0.00009000,64.00000000
2018-02-23 00:24:24,0.00009000,333.00000000
2018-02-23 00:24:24,0.00009000,313.00000000
2018-02-23 00:24:24,0.00009001,332.00000000
2018-02-23 00:24:24,0.00009001,333.00000000
2018-02-23 00:24:24,0.00009001,1780.00000000
2018-02-23 00:24:24,0.00009001,333.00000000
2018-02-23 00:24:24,0.00009001,555.00000000
2018-02-23 00:24:24,0.00009001,333.00000000
2018-02-23 00:24:24,0.00009001,333.00000000
2018-02-23 00:24:24,0.00009001,88.00000000
2018-02-23 00:24:25,0.00009002,1225.00000000
2018-02-23 00:24:25,0.00009002,70.00000000
2018-02-23 00:24:27,0.00009000,576.00000000
2018-02-23 00:24:27,0.00009000,556.00000000
2018-02-23 00:24:28,0.00009000,1372.00000000
2018-02-23 00:24:28,0.00009000,556.00000000
2018-02-23 00:24:28,0.00009000,556.00000000
2018-02-23 00:24:28,0.00009000,333.00000000
2018-02-23 00:24:28,0.00008999,162.00000000
2018-02-23 00:24:28,0.00008999,946.00000000
2018-02-23 00:24:28,0.00009000,426.00000000
2018-02-23 00:24:28,0.00009000,333.00000000
2018-02-23 00:24:28,0.00009000,345.00000000
2018-02-23 00:24:28,0.00009000,333.00000000
2018-02-23 00:24:28,0.00009000,332.00000000
2018-02-23 00:24:28,0.00009000,333.00000000
2018-02-23 00:24:28,0.00009000,1373.00000000
2018-02-23 00:24:28,0.00008998,2165.00000000
2018-02-23 00:24:28,0.00008998,1446.00000000
2018-02-23 00:24:28,0.00009000,333.00000000
2018-02-23 00:24:28,0.00009000,332.00000000
2018-02-23 00:24:28,0.00009000,333.00000000
2018-02-23 00:24:29,0.00008998,79.00000000
2018-02-23 00:24:29,0.00008993,254.00000000
2018-02-23 00:24:29,0.00008993,556.00000000
2018-02-23 00:24:32,0.00008999,301.00000000
2018-02-23 00:24:32,0.00008993,178.00000000
2018-02-23 00:24:32,0.00008992,77.00000000
2018-02-23 00:24:33,0.00009000,102.00000000
2018-02-23 00:24:33,0.00008992,479.00000000
2018-02-23 00:24:33,0.00008991,77.00000000
2018-02-23 00:24:34,0.00008991,326.00000000
2018-02-23 00:24:34,0.00008990,3285.00000000
2018-02-23 00:24:36,0.00008998,50.00000000
2018-02-23 00:24:36,0.00008990,3637.00000000
2018-02-23 00:24:36,0.00009000,113.00000000
2018-02-23 00:24:38,0.00009000,999.00000000
2018-02-23 00:24:38,0.00009000,500.00000000
2018-02-23 00:24:38,0.00009000,1122.00000000
2018-02-23 00:24:41,0.00009000,2152.00000000
2018-02-23 00:24:42,0.00008998,60.00000000
2018-02-23 00:24:44,0.00008998,95.00000000
2018-02-23 00:24:45,0.00008998,72.00000000
2018-02-23 00:24:46,0.00008998,777.00000000
2018-02-23 00:24:53,0.00008997,111.00000000
2018-02-23 00:24:57,0.00008991,75.00000000
2018-02-23 00:25:00,0.00008997,373.00000000
2018-02-23 00:25:00,0.00008998,1501.00000000
2018-02-23 00:25:01,0.00008999,15.00000000
2018-02-23 00:25:02,0.00008999,444.00000000
2018-02-23 00:25:04,0.00008999,656.00000000
2018-02-23 00:25:04,0.00009000,4344.00000000
2018-02-23 00:25:04,0.00008998,52.00000000
2018-02-23 00:25:04,0.00008998,713.00000000
2018-02-23 00:25:07,0.00009000,391.00000000
2018-02-23 00:25:07,0.00009000,333.00000000
2018-02-23 00:25:07,0.00009000,333.00000000
2018-02-23 00:25:07,0.00009000,148.00000000
2018-02-23 00:25:08,0.00009000,147.00000000
2018-02-23 00:25:08,0.00008998,442.00000000
2018-02-23 00:25:09,0.00008998,632.00000000
2018-02-23 00:25:09,0.00008992,90.00000000
2018-02-23 00:25:09,0.00008991,1625.00000000
2018-02-23 00:25:09,0.00008990,7385.00000000
2018-02-23 00:25:11,0.00008998,27.00000000
2018-02-23 00:25:13,0.00008998,135.00000000
2018-02-23 00:25:15,0.00008998,2228.00000000
2018-02-23 00:25:15,0.00009000,2772.00000000
2018-02-23 00:25:18,0.00009000,1110.00000000
2018-02-23 00:25:19,0.00008998,240.00000000
2018-02-23 00:25:20,0.00008998,222.00000000
2018-02-23 00:25:21,0.00008998,232.00000000
2018-02-23 00:25:21,0.00009000,565.00000000
2018-02-23 00:25:21,0.00009000,1085.00000000
2018-02-23 00:25:21,0.00009002,1131.00000000
2018-02-23 00:25:21,0.00009003,643.00000000
2018-02-23 00:25:21,0.00009004,2141.00000000
2018-02-23 00:25:21,0.00009004,56.00000000
2018-02-23 00:25:21,0.00009004,56.00000000
2018-02-23 00:25:23,0.00009003,186.00000000
2018-02-23 00:25:26,0.00009000,90.00000000
2018-02-23 00:25:26,0.00009000,13.00000000
2018-02-23 00:25:27,0.00009000,8.00000000
2018-02-23 00:25:27,0.00008998,82.00000000
2018-02-23 00:25:31,0.00009003,555.00000000
2018-02-23 00:25:33,0.00008993,357.00000000
2018-02-23 00:25:33,0.00008993,335.00000000
2018-02-23 00:25:33,0.00008993,91.00000000
2018-02-23 00:25:34,0.00008993,91.00000000
2018-02-23 00:25:34,0.00008993,809.00000000
2018-02-23 00:25:34,0.00008993,897.00000000
2018-02-23 00:25:34,0.00008993,6.00000000
2018-02-23 00:25:36,0.00008993,771.00000000
2018-02-23 00:25:38,0.00009002,43.00000000
2018-02-23 00:25:48,0.00009003,403.00000000
2018-02-23 00:25:48,0.00009004,2847.00000000
2018-02-23 00:25:52,0.00008993,366.00000000
2018-02-23 00:25:54,0.00008993,133.00000000
2018-02-23 00:25:56,0.00008994,15.00000000
2018-02-23 00:25:56,0.00008993,29.00000000
2018-02-23 00:25:57,0.00009002,123.00000000
2018-02-23 00:25:58,0.00008993,44.00000000
2018-02-23 00:26:01,0.00008993,131.00000000
2018-02-23 00:26:01,0.00008999,429.00000000
2018-02-23 00:26:03,0.00008999,108.00000000
2018-02-23 00:26:03,0.00008993,44.00000000
2018-02-23 00:26:05,0.00008999,44.00000000
2018-02-23 00:26:06,0.00008999,64.00000000
2018-02-23 00:26:07,0.00008998,44.00000000
2018-02-23 00:26:07,0.00008999,211.00000000
2018-02-23 00:26:08,0.00008999,1621.00000000
2018-02-23 00:26:08,0.00009000,1109.00000000
2018-02-23 00:26:09,0.00008993,4202.00000000
2018-02-23 00:26:09,0.00008993,211.00000000
2018-02-23 00:26:11,0.00008994,260.00000000
2018-02-23 00:26:12,0.00009000,350.00000000
2018-02-23 00:26:14,0.00008994,187.00000000
2018-02-23 00:26:19,0.00008995,50.00000000
2018-02-23 00:26:19,0.00008994,90.00000000
2018-02-23 00:26:19,0.00008994,245.00000000
2018-02-23 00:26:19,0.00008999,122.00000000
2018-02-23 00:26:20,0.00008999,44.00000000
2018-02-23 00:26:33,0.00008999,111.00000000
2018-02-23 00:26:35,0.00008998,651.00000000
2018-02-23 00:26:36,0.00008998,349.00000000
2018-02-23 00:26:40,0.00008993,3624.00000000
2018-02-23 00:26:42,0.00008999,27.00000000
2018-02-23 00:26:42,0.00008999,391.00000000
2018-02-23 00:26:45,0.00008993,50.00000000
2018-02-23 00:26:55,0.00008993,112.00000000
2018-02-23 00:26:56,0.00008993,302.00000000
2018-02-23 00:26:56,0.00008993,299.00000000
2018-02-23 00:26:57,0.00008998,89.00000000
2018-02-23 00:26:59,0.00008993,13.00000000
2018-02-23 00:27:01,0.00008993,728.00000000
2018-02-23 00:27:01,0.00008993,121.00000000
2018-02-23 00:27:01,0.00008993,333.00000000
2018-02-23 00:27:01,0.00008993,810.00000000
2018-02-23 00:27:01,0.00008993,198.00000000
2018-02-23 00:27:01,0.00008992,15.00000000
2018-02-23 00:27:01,0.00008991,1088.00000000
2018-02-23 00:27:01,0.00008990,889.00000000
2018-02-23 00:27:01,0.00008990,333.00000000
2018-02-23 00:27:01,0.00008990,1279.00000000
2018-02-23 00:27:01,0.00008990,380.00000000
2018-02-23 00:27:01,0.00008990,333.00000000
2018-02-23 00:27:01,0.00008990,333.00000000
2018-02-23 00:27:03,0.00008993,223.00000000
2018-02-23 00:27:04,0.00008990,4700.00000000
2018-02-23 00:27:06,0.00008990,142.00000000
2018-02-23 00:27:07,0.00008992,1483.00000000
2018-02-23 00:27:09,0.00008990,60.00000000
2018-02-23 00:27:10,0.00008990,9390.00000000
2018-02-23 00:27:11,0.00008990,3732.00000000
2018-02-23 00:27:11,0.00008990,250.00000000
2018-02-23 00:27:11,0.00008988,614.00000000
2018-02-23 00:27:12,0.00008989,114.00000000
2018-02-23 00:27:17,0.00008988,20.00000000
2018-02-23 00:27:17,0.00008986,558.00000000
2018-02-23 00:27:19,0.00008989,534.00000000
2018-02-23 00:27:20,0.00008988,404.00000000
2018-02-23 00:27:21,0.00008989,1596.00000000
2018-02-23 00:27:21,0.00008989,2.00000000
2018-02-23 00:27:22,0.00008988,596.00000000
2018-02-23 00:27:22,0.00008986,505.00000000
2018-02-23 00:27:23,0.00008988,98.00000000
2018-02-23 00:27:23,0.00008986,947.00000000
2018-02-23 00:27:26,0.00008988,1004.00000000
2018-02-23 00:27:26,0.00008990,12.00000000
2018-02-23 00:27:28,0.00008987,1698.00000000
2018-02-23 00:27:28,0.00008990,2534.00000000
2018-02-23 00:27:29,0.00008990,59.00000000
2018-02-23 00:27:29,0.00008989,244.00000000
2018-02-23 00:27:29,0.00008988,805.00000000
2018-02-23 00:27:29,0.00008986,80.00000000
2018-02-23 00:27:30,0.00008986,1028.00000000
2018-02-23 00:27:31,0.00008986,1840.00000000
2018-02-23 00:27:31,0.00008990,3160.00000000
2018-02-23 00:27:32,0.00008990,1486.00000000
2018-02-23 00:27:32,0.00008990,800.00000000
2018-02-23 00:27:35,0.00008988,68.00000000
2018-02-23 00:27:35,0.00008988,127.00000000
2018-02-23 00:27:39,0.00008988,374.00000000
2018-02-23 00:27:39,0.00008988,48.00000000
2018-02-23 00:27:40,0.00008988,382.00000000
2018-02-23 00:27:40,0.00008990,4659.00000000
2018-02-23 00:27:51,0.00008988,96.00000000
2018-02-23 00:27:51,0.00008990,15.00000000
2018-02-23 00:27:55,0.00008990,92.00000000
2018-02-23 00:27:59,0.00008988,1460.00000000
2018-02-23 00:28:00,0.00008988,2359.00000000
2018-02-23 00:28:00,0.00008988,867.00000000
2018-02-23 00:28:01,0.00008988,20.00000000
2018-02-23 00:28:01,0.00008990,28.00000000
2018-02-23 00:28:01,0.00008990,212.00000000
2018-02-23 00:28:04,0.00008990,20.00000000
2018-02-23 00:28:06,0.00008990,562.00000000
2018-02-23 00:28:08,0.00008991,140.00000000
2018-02-23 00:28:08,0.00008993,73.00000000
2018-02-23 00:28:08,0.00008993,16.00000000
2018-02-23 00:28:09,0.00008993,15.00000000
2018-02-23 00:28:15,0.00008991,573.00000000
2018-02-23 00:28:21,0.00008993,40.00000000
2018-02-23 00:28:21,0.00008991,423.00000000
2018-02-23 00:28:22,0.00008991,1044.00000000
2018-02-23 00:28:23,0.00008993,100.00000000
2018-02-23 00:28:24,0.00008991,62.00000000
2018-02-23 00:28:25,0.00008993,41.00000000
2018-02-23 00:28:28,0.00008991,118.00000000
2018-02-23 00:28:29,0.00008991,1.00000000
2018-02-23 00:28:29,0.00008991,280.00000000
2018-02-23 00:28:29,0.00008991,103.00000000
2018-02-23 00:28:29,0.00008991,290.00000000
2018-02-23 00:28:29,0.00008991,664.00000000
2018-02-23 00:28:29,0.00008990,321.00000000
2018-02-23 00:28:31,0.00008991,332.00000000
2018-02-23 00:28:31,0.00008991,333.00000000
2018-02-23 00:28:31,0.00008991,333.00000000
2018-02-23 00:28:32,0.00008991,332.00000000
2018-02-23 00:28:32,0.00008993,111.00000000
2018-02-23 00:28:32,0.00008991,121.00000000
2018-02-23 00:28:33,0.00008991,333.00000000
2018-02-23 00:28:33,0.00008991,333.00000000
2018-02-23 00:28:33,0.00008991,333.00000000
2018-02-23 00:28:33,0.00008991,913.00000000
2018-02-23 00:28:33,0.00008991,333.00000000
2018-02-23 00:28:33,0.00008991,333.00000000
2018-02-23 00:28:33,0.00008991,333.00000000
2018-02-23 00:28:34,0.00008991,162.00000000
2018-02-23 00:28:34,0.00008990,333.00000000
2018-02-23 00:28:34,0.00008990,1285.00000000
2018-02-23 00:28:34,0.00008990,333.00000000
2018-02-23 00:28:34,0.00008990,333.00000000
2018-02-23 00:28:34,0.00008990,333.00000000
2018-02-23 00:28:35,0.00008993,48.00000000
2018-02-23 00:28:37,0.00008990,49.00000000
2018-02-23 00:28:37,0.00008992,35.00000000
2018-02-23 00:28:38,0.00008990,1185.00000000
2018-02-23 00:28:38,0.00008990,569.00000000
2018-02-23 00:28:39,0.00008990,3250.00000000
2018-02-23 00:28:39,0.00008992,111.00000000
2018-02-23 00:28:39,0.00008990,52.00000000
2018-02-23 00:28:39,0.00008992,36.00000000
2018-02-23 00:28:39,0.00008993,809.00000000
2018-02-23 00:28:39,0.00008999,631.00000000
2018-02-23 00:28:39,0.00009000,171.00000000
2018-02-23 00:28:39,0.00009003,583.00000000
2018-02-23 00:28:39,0.00009004,93.00000000
2018-02-23 00:28:40,0.00009003,15.00000000
2018-02-23 00:28:41,0.00009002,15.00000000
2018-02-23 00:28:41,0.00009002,111.00000000
2018-02-23 00:28:43,0.00008990,19.00000000
2018-02-23 00:28:43,0.00008990,211.00000000
2018-02-23 00:28:43,0.00008986,89.00000000
2018-02-23 00:28:45,0.00009000,89.00000000
2018-02-23 00:28:45,0.00009001,188.00000000
2018-02-23 00:28:45,0.00008991,304.00000000
2018-02-23 00:28:45,0.00008988,333.00000000
2018-02-23 00:28:46,0.00008999,43.00000000
2018-02-23 00:28:47,0.00008988,136.00000000
2018-02-23 00:28:47,0.00008987,17.00000000
2018-02-23 00:28:47,0.00008986,488.00000000
2018-02-23 00:28:47,0.00008985,100.00000000
2018-02-23 00:28:47,0.00008981,251.00000000
2018-02-23 00:28:47,0.00008980,512.00000000
2018-02-23 00:28:47,0.00008979,138.00000000
2018-02-23 00:28:47,0.00008982,180.00000000
2018-02-23 00:28:47,0.00008982,180.00000000
2018-02-23 00:28:48,0.00008980,48.00000000
2018-02-23 00:28:48,0.00008979,18.00000000
2018-02-23 00:28:49,0.00008979,488.00000000
2018-02-23 00:28:49,0.00008980,109.00000000
2018-02-23 00:28:50,0.00008980,221.00000000
2018-02-23 00:28:51,0.00008980,728.00000000
2018-02-23 00:28:54,0.00008981,390.00000000
2018-02-23 00:28:58,0.00008982,39.00000000
2018-02-23 00:28:58,0.00008990,72.00000000
2018-02-23 00:28:58,0.00008990,39.00000000
2018-02-23 00:29:00,0.00008982,333.00000000
2018-02-23 00:29:00,0.00008982,32.00000000
2018-02-23 00:29:01,0.00008991,332.00000000
2018-02-23 00:29:02,0.00008992,111.00000000
2018-02-23 00:29:04,0.00008991,30.00000000
2018-02-23 00:29:04,0.00008981,126.00000000
2018-02-23 00:29:04,0.00008981,450.00000000
2018-02-23 00:29:04,0.00008980,51.00000000
2018-02-23 00:29:04,0.00008980,16.00000000
2018-02-23 00:29:05,0.00008980,333.00000000
2018-02-23 00:29:05,0.00008980,333.00000000
2018-02-23 00:29:05,0.00008980,65.00000000
2018-02-23 00:29:05,0.00008994,182.00000000
2018-02-23 00:29:05,0.00008995,151.00000000
2018-02-23 00:29:05,0.00008979,576.00000000
2018-02-23 00:29:06,0.00008993,45.00000000
2018-02-23 00:29:07,0.00008991,6.00000000
2018-02-23 00:29:08,0.00008993,111.00000000
2018-02-23 00:29:09,0.00008995,314.00000000
2018-02-23 00:29:11,0.00008995,22.00000000
2018-02-23 00:29:15,0.00008993,19.00000000
2018-02-23 00:29:16,0.00008995,91.00000000
2018-02-23 00:29:17,0.00008995,94.00000000
2018-02-23 00:29:17,0.00008993,19.00000000
2018-02-23 00:29:23,0.00008993,7.00000000
2018-02-23 00:29:23,0.00008991,25.00000000
2018-02-23 00:29:23,0.00008982,50.00000000
2018-02-23 00:29:23,0.00008982,499.00000000
2018-02-23 00:29:25,0.00008994,111.00000000
2018-02-23 00:29:25,0.00008982,86.00000000
2018-02-23 00:29:34,0.00008994,372.00000000
2018-02-23 00:29:36,0.00008985,50.00000000
2018-02-23 00:29:40,0.00008985,302.00000000
2018-02-23 00:29:40,0.00008985,1.00000000
2018-02-23 00:29:40,0.00008983,301.00000000
2018-02-23 00:29:44,0.00008983,1576.00000000
2018-02-23 00:29:46,0.00008992,58.00000000
2018-02-23 00:29:56,0.00008983,4.00000000
2018-02-23 00:29:56,0.00008981,399.00000000
2018-02-23 00:29:56,0.00008980,57.00000000
2018-02-23 00:29:56,0.00008985,111.00000000
2018-02-23 00:30:00,0.00008985,152.00000000
2018-02-23 00:30:01,0.00008981,85.00000000
2018-02-23 00:30:02,0.00008981,87.00000000
2018-02-23 00:30:03,0.00008985,222.00000000
2018-02-23 00:30:04,0.00008981,628.00000000
2018-02-23 00:30:04,0.00008985,15.00000000
2018-02-23 00:30:05,0.00008985,92.00000000
2018-02-23 00:30:08,0.00008982,1108.00000000
2018-02-23 00:30:08,0.00008981,1100.00000000
2018-02-23 00:30:08,0.00008980,227.00000000
2018-02-23 00:30:08,0.00008979,165.00000000
2018-02-23 00:30:10,0.00008985,62.00000000
2018-02-23 00:30:10,0.00008985,288.00000000
2018-02-23 00:30:10,0.00008990,212.00000000
2018-02-23 00:30:11,0.00008978,194.00000000
2018-02-23 00:30:11,0.00008990,444.00000000
2018-02-23 00:30:12,0.00008985,88.00000000
2018-02-23 00:30:12,0.00008982,1495.00000000
2018-02-23 00:30:12,0.00008978,88.00000000
2018-02-23 00:30:12,0.00008979,520.00000000
2018-02-23 00:30:12,0.00008987,333.00000000
2018-02-23 00:30:12,0.00008987,406.00000000
2018-02-23 00:30:12,0.00008987,480.00000000
2018-02-23 00:30:15,0.00008978,4.00000000
2018-02-23 00:30:16,0.00008978,1212.00000000
2018-02-23 00:30:16,0.00008977,1440.00000000
2018-02-23 00:30:16,0.00008982,31.00000000
2018-02-23 00:30:18,0.00008982,222.00000000
2018-02-23 00:30:19,0.00008982,197.00000000
2018-02-23 00:30:19,0.00008987,72.00000000
2018-02-23 00:30:19,0.00008991,411.00000000
2018-02-23 00:30:19,0.00008992,940.00000000
2018-02-23 00:30:26,0.00008989,98.00000000
2018-02-23 00:30:32,0.00008987,22.00000000
2018-02-23 00:30:32,0.00008988,78.00000000
2018-02-23 00:30:33,0.00008988,111.00000000
2018-02-23 00:30:35,0.00008988,215.00000000
2018-02-23 00:30:35,0.00008992,653.00000000
2018-02-23 00:30:35,0.00008992,108.00000000
2018-02-23 00:30:35,0.00008984,26.00000000
2018-02-23 00:30:36,0.00008994,977.00000000
2018-02-23 00:30:36,0.00008995,211.00000000
2018-02-23 00:30:36,0.00008995,87.00000000
2018-02-23 00:30:36,0.00008995,333.00000000
2018-02-23 00:30:37,0.00008995,180.00000000
2018-02-23 00:30:37,0.00008984,333.00000000
2018-02-23 00:30:38,0.00008992,94.00000000
2018-02-23 00:30:38,0.00008984,93.00000000
2018-02-23 00:30:40,0.00008996,222.00000000
2018-02-23 00:30:40,0.00008992,333.00000000
2018-02-23 00:30:40,0.00008992,199.00000000
2018-02-23 00:30:40,0.00008984,199.00000000
2018-02-23 00:30:41,0.00008996,378.00000000
2018-02-23 00:30:44,0.00008999,126.00000000
2018-02-23 00:30:52,0.00008992,333.00000000
2018-02-23 00:30:52,0.00008992,333.00000000
2018-02-23 00:30:52,0.00008992,333.00000000
2018-02-23 00:30:52,0.00008992,333.00000000
2018-02-23 00:30:52,0.00008992,333.00000000
2018-02-23 00:30:53,0.00008992,186.00000000
2018-02-23 00:30:57,0.00008999,479.00000000
2018-02-23 00:31:00,0.00008993,100.00000000
2018-02-23 00:31:01,0.00008993,21.00000000
2018-02-23 00:31:02,0.00008999,69.00000000
2018-02-23 00:31:02,0.00009001,42.00000000
2018-02-23 00:31:04,0.00008993,12282.00000000
2018-02-23 00:31:06,0.00008995,2236.00000000
2018-02-23 00:31:06,0.00008993,542.00000000
2018-02-23 00:31:06,0.00008999,766.00000000
2018-02-23 00:31:07,0.00008999,24.00000000
2018-02-23 00:31:07,0.00008999,48.00000000
2018-02-23 00:31:10,0.00008993,542.00000000
2018-02-23 00:31:10,0.00008994,155.00000000
2018-02-23 00:31:10,0.00008994,57.00000000
2018-02-23 00:31:10,0.00008999,111.00000000
2018-02-23 00:31:12,0.00008994,356.00000000
2018-02-23 00:31:12,0.00008993,186.00000000
2018-02-23 00:31:14,0.00008999,76.00000000
2018-02-23 00:31:14,0.00008993,542.00000000
2018-02-23 00:31:16,0.00008993,305.00000000
2018-02-23 00:31:16,0.00008993,1.00000000
2018-02-23 00:31:16,0.00008991,120.00000000
2018-02-23 00:31:16,0.00008990,421.00000000
2018-02-23 00:31:17,0.00008990,356.00000000
2018-02-23 00:31:18,0.00008990,205.00000000
2018-02-23 00:31:18,0.00008990,104.00000000
2018-02-23 00:31:18,0.00008990,542.00000000
2018-02-23 00:31:20,0.00008990,853.00000000
2018-02-23 00:31:21,0.00008991,178.00000000
2018-02-23 00:31:21,0.00009001,258.00000000
2018-02-23 00:31:21,0.00009003,1515.00000000
2018-02-23 00:31:21,0.00009004,15318.00000000
2018-02-23 00:31:22,0.00008990,122.00000000
2018-02-23 00:31:24,0.00009004,76.00000000
2018-02-23 00:31:24,0.00008991,217.00000000
2018-02-23 00:31:30,0.00008990,1627.00000000
2018-02-23 00:31:32,0.00008990,129.00000000
2018-02-23 00:31:32,0.00008990,333.00000000
2018-02-23 00:31:32,0.00008990,333.00000000
2018-02-23 00:31:39,0.00008996,217.00000000
2018-02-23 00:31:39,0.00008998,82.00000000
2018-02-23 00:31:39,0.00008991,544.00000000
2018-02-23 00:31:39,0.00008990,246.00000000
2018-02-23 00:31:41,0.00008995,39.00000000
2018-02-23 00:31:41,0.00008990,1650.00000000
2018-02-23 00:31:42,0.00008990,377.00000000
2018-02-23 00:31:45,0.00008990,89.00000000
2018-02-23 00:31:50,0.00008998,507.00000000
2018-02-23 00:31:56,0.00009000,71.00000000
2018-02-23 00:31:56,0.00008991,100.00000000
2018-02-23 00:31:56,0.00008990,699.00000000
2018-02-23 00:31:57,0.00008990,2000.00000000
2018-02-23 00:32:00,0.00009000,770.00000000
2018-02-23 00:32:01,0.00008990,24.00000000
2018-02-23 00:32:05,0.00009000,99.00000000
2018-02-23 00:32:07,0.00008990,6657.00000000
2018-02-23 00:32:07,0.00008990,936.00000000
2018-02-23 00:32:08,0.00008990,667.00000000
2018-02-23 00:32:08,0.00009000,232.00000000
2018-02-23 00:32:14,0.00008990,2189.00000000
2018-02-23 00:32:16,0.00009000,450.00000000
2018-02-23 00:32:32,0.00008991,13.00000000
2018-02-23 00:32:34,0.00008991,30.00000000
2018-02-23 00:32:39,0.00008991,382.00000000
2018-02-23 00:32:42,0.00008999,111.00000000
2018-02-23 00:32:45,0.00008992,2135.00000000
2018-02-23 00:32:46,0.00008992,4119.00000000
2018-02-23 00:32:46,0.00008992,90.00000000
2018-02-23 00:32:48,0.00008992,406.00000000
2018-02-23 00:32:51,0.00008992,77.00000000
2018-02-23 00:32:55,0.00008993,404.00000000
2018-02-23 00:33:03,0.00008996,111.00000000
2018-02-23 00:33:06,0.00008991,81.00000000
2018-02-23 00:33:15,0.00008992,49.00000000
2018-02-23 00:33:16,0.00008991,52.00000000
2018-02-23 00:33:18,0.00008992,6.00000000
2018-02-23 00:33:18,0.00008993,40.00000000
2018-02-23 00:33:18,0.00008996,293.00000000
2018-02-23 00:33:18,0.00009002,544.00000000
2018-02-23 00:33:18,0.00009003,2584.00000000
2018-02-23 00:33:18,0.00009004,5223.00000000
2018-02-23 00:33:24,0.00009003,1108.00000000
2018-02-23 00:33:24,0.00009004,438.00000000
2018-02-23 00:33:26,0.00009004,137.00000000
2018-02-23 00:33:30,0.00009002,58.00000000
2018-02-23 00:33:34,0.00009000,15.00000000
2018-02-23 00:33:37,0.00008993,24.00000000
2018-02-23 00:33:39,0.00008998,528.00000000
2018-02-23 00:33:39,0.00008999,2033.00000000
2018-02-23 00:33:39,0.00009000,1160.00000000
2018-02-23 00:33:41,0.00009000,27.00000000
2018-02-23 00:33:46,0.00009000,13.00000000
2018-02-23 00:33:51,0.00008999,1414.00000000
2018-02-23 00:33:51,0.00008993,826.00000000
2018-02-23 00:33:53,0.00008999,333.00000000
2018-02-23 00:33:53,0.00008999,796.00000000
2018-02-23 00:33:56,0.00008999,331.00000000
2018-02-23 00:33:59,0.00008993,12.00000000
2018-02-23 00:34:00,0.00008999,134.00000000
2018-02-23 00:34:00,0.00008999,134.00000000
2018-02-23 00:34:03,0.00008993,112.00000000
2018-02-23 00:34:04,0.00008993,176.00000000
2018-02-23 00:34:05,0.00008993,112.00000000
2018-02-23 00:34:07,0.00008993,98.00000000
2018-02-23 00:34:13,0.00008995,586.00000000
2018-02-23 00:34:13,0.00008994,2625.00000000
2018-02-23 00:34:13,0.00008994,207.00000000
2018-02-23 00:34:13,0.00008993,350.00000000
2018-02-23 00:34:15,0.00008993,711.00000000
2018-02-23 00:34:15,0.00008993,427.00000000
2018-02-23 00:34:15,0.00008992,130.00000000
2018-02-23 00:34:17,0.00008993,50.00000000
2018-02-23 00:34:33,0.00008996,13.00000000
2018-02-23 00:34:34,0.00008996,97.00000000
2018-02-23 00:34:35,0.00008996,1216.00000000
2018-02-23 00:34:36,0.00008995,89.00000000
2018-02-23 00:34:37,0.00008995,215.00000000
2018-02-23 00:34:37,0.00008996,780.00000000
2018-02-23 00:34:40,0.00008996,113.00000000
2018-02-23 00:34:43,0.00008995,333.00000000
2018-02-23 00:34:43,0.00008995,264.00000000
2018-02-23 00:34:43,0.00008994,68.00000000
2018-02-23 00:34:43,0.00008996,769.00000000
2018-02-23 00:34:43,0.00008996,332.00000000
2018-02-23 00:34:44,0.00008996,28.00000000
2018-02-23 00:34:44,0.00008994,184.00000000
2018-02-23 00:34:44,0.00008994,27.00000000
2018-02-23 00:34:45,0.00008995,87.00000000
2018-02-23 00:34:46,0.00008994,333.00000000
2018-02-23 00:34:46,0.00008994,146.00000000
2018-02-23 00:34:46,0.00008994,207.00000000
2018-02-23 00:34:46,0.00008993,332.00000000
2018-02-23 00:34:47,0.00008998,22.00000000
2018-02-23 00:34:57,0.00008993,207.00000000
2018-02-23 00:35:03,0.00008993,12.00000000
2018-02-23 00:35:04,0.00008993,12.00000000
2018-02-23 00:35:08,0.00008993,120.00000000
2018-02-23 00:35:09,0.00008993,352.00000000
2018-02-23 00:35:14,0.00008993,779.00000000
2018-02-23 00:35:16,0.00008993,2602.00000000
2018-02-23 00:35:17,0.00008993,632.00000000
2018-02-23 00:35:17,0.00008998,397.00000000
2018-02-23 00:35:18,0.00008993,251.00000000
2018-02-23 00:35:19,0.00008993,2294.00000000
2018-02-23 00:35:19,0.00008993,3601.00000000
2018-02-23 00:35:19,0.00008993,987.00000000
2018-02-23 00:35:20,0.00009000,225.00000000
2018-02-23 00:35:20,0.00008993,283.00000000
2018-02-23 00:35:22,0.00008993,1000.00000000
2018-02-23 00:35:22,0.00008993,1089.00000000
2018-02-23 00:35:22,0.00008993,33.00000000
2018-02-23 00:35:23,0.00008992,310.00000000
2018-02-23 00:35:23,0.00008991,3505.00000000
2018-02-23 00:35:23,0.00008990,789.00000000
2018-02-23 00:35:23,0.00008989,191.00000000
2018-02-23 00:35:25,0.00008996,143.00000000
2018-02-23 00:35:26,0.00008994,435.00000000
2018-02-23 00:35:27,0.00008984,153.00000000
2018-02-23 00:35:33,0.00008984,89.00000000
2018-02-23 00:35:37,0.00008984,36.00000000
2018-02-23 00:35:40,0.00008991,91.00000000
2018-02-23 00:35:43,0.00008991,597.00000000
2018-02-23 00:35:43,0.00008992,2832.00000000
2018-02-23 00:35:43,0.00008994,60.00000000
2018-02-23 00:35:43,0.00008997,556.00000000
2018-02-23 00:35:43,0.00008998,96.00000000
2018-02-23 00:35:43,0.00008998,96.00000000
2018-02-23 00:35:43,0.00008998,96.00000000
2018-02-23 00:35:43,0.00008998,437.00000000
2018-02-23 00:35:43,0.00008998,333.00000000
2018-02-23 00:35:43,0.00008998,333.00000000
2018-02-23 00:35:44,0.00008998,333.00000000
2018-02-23 00:35:44,0.00008998,332.00000000
2018-02-23 00:35:44,0.00008998,333.00000000
2018-02-23 00:35:44,0.00008998,332.00000000
2018-02-23 00:35:44,0.00008998,333.00000000
2018-02-23 00:35:44,0.00008998,332.00000000
2018-02-23 00:35:44,0.00008998,333.00000000
2018-02-23 00:35:44,0.00008998,333.00000000
2018-02-23 00:35:45,0.00008998,1791.00000000
2018-02-23 00:35:45,0.00008998,5372.00000000
2018-02-23 00:35:45,0.00008998,90.00000000
2018-02-23 00:35:47,0.00009000,111.00000000
2018-02-23 00:35:54,0.00008999,2830.00000000
2018-02-23 00:35:55,0.00008998,1659.00000000
2018-02-23 00:35:55,0.00008998,9364.00000000
2018-02-23 00:35:58,0.00008998,3381.00000000
2018-02-23 00:35:59,0.00008993,60.00000000
2018-02-23 00:35:59,0.00008993,246.00000000
2018-02-23 00:35:59,0.00008984,768.00000000
2018-02-23 00:35:59,0.00008998,38.00000000
2018-02-23 00:36:01,0.00008984,13.00000000
2018-02-23 00:36:16,0.00008997,70.00000000
2018-02-23 00:36:19,0.00008997,637.00000000
2018-02-23 00:36:19,0.00008998,1128.00000000
2018-02-23 00:36:19,0.00008990,185.00000000
2018-02-23 00:36:20,0.00008990,333.00000000
2018-02-23 00:36:20,0.00008990,1438.00000000
2018-02-23 00:36:25,0.00008998,5.00000000
2018-02-23 00:36:25,0.00008998,65.00000000
2018-02-23 00:36:28,0.00008998,66.00000000
2018-02-23 00:36:31,0.00008997,8.00000000
2018-02-23 00:36:32,0.00008997,891.00000000
2018-02-23 00:36:35,0.00008998,30.00000000
2018-02-23 00:36:36,0.00008998,1115.00000000
2018-02-23 00:36:37,0.00008998,111.00000000
2018-02-23 00:36:43,0.00008992,12.00000000
2018-02-23 00:36:47,0.00008992,12.00000000
2018-02-23 00:36:49,0.00008992,246.00000000
2018-02-23 00:36:49,0.00008991,428.00000000
2018-02-23 00:36:49,0.00008990,107.00000000
2018-02-23 00:36:49,0.00008989,262.00000000
2018-02-23 00:36:49,0.00008985,44.00000000
2018-02-23 00:36:50,0.00008986,379.00000000
2018-02-23 00:36:52,0.00008995,2.00000000
2018-02-23 00:36:56,0.00008992,91.00000000
2018-02-23 00:37:03,0.00008997,50.00000000
2018-02-23 00:37:21,0.00008996,500.00000000
2018-02-23 00:37:23,0.00008996,730.00000000
2018-02-23 00:37:24,0.00008996,314.00000000
2018-02-23 00:37:31,0.00008995,466.00000000
2018-02-23 00:37:31,0.00008996,642.00000000
2018-02-23 00:37:31,0.00008996,111.00000000
2018-02-23 00:37:37,0.00008994,466.00000000
2018-02-23 00:37:38,0.00008994,466.00000000
2018-02-23 00:37:39,0.00008996,902.00000000
2018-02-23 00:37:39,0.00008997,300.00000000
2018-02-23 00:37:39,0.00008998,4342.00000000
2018-02-23 00:37:49,0.00008998,749.00000000
2018-02-23 00:38:02,0.00008998,3280.00000000
2018-02-23 00:38:02,0.00008999,16.00000000
2018-02-23 00:38:02,0.00009000,2059.00000000
2018-02-23 00:38:03,0.00008995,728.00000000
2018-02-23 00:38:03,0.00008995,271.00000000
2018-02-23 00:38:03,0.00008995,13.00000000
2018-02-23 00:38:04,0.00008996,110.00000000
2018-02-23 00:38:06,0.00008996,66.00000000
2018-02-23 00:38:06,0.00008995,376.00000000
2018-02-23 00:38:07,0.00008996,66.00000000
2018-02-23 00:38:09,0.00008996,778.00000000
2018-02-23 00:38:09,0.00008996,87.00000000
2018-02-23 00:38:09,0.00008995,66.00000000
2018-02-23 00:38:09,0.00008994,625.00000000
2018-02-23 00:38:09,0.00008994,993.00000000
2018-02-23 00:38:09,0.00008992,182.00000000
2018-02-23 00:38:09,0.00008985,2834.00000000
2018-02-23 00:38:09,0.00008984,816.00000000
2018-02-23 00:38:09,0.00008983,973.00000000
2018-02-23 00:38:09,0.00008982,1734.00000000
2018-02-23 00:38:10,0.00008983,78.00000000
2018-02-23 00:38:10,0.00008983,12.00000000
2018-02-23 00:38:11,0.00008984,120.00000000
2018-02-23 00:38:11,0.00008982,4579.00000000
2018-02-23 00:38:11,0.00008980,777.00000000
2018-02-23 00:38:11,0.00008979,2938.00000000
2018-02-23 00:38:12,0.00008981,150.00000000
2018-02-23 00:38:13,0.00008980,126.00000000
2018-02-23 00:38:16,0.00008984,405.00000000
2018-02-23 00:38:16,0.00008980,41.00000000
2018-02-23 00:38:16,0.00008988,734.00000000
2018-02-23 00:38:17,0.00008987,119.00000000
2018-02-23 00:38:21,0.00008984,80.00000000
2018-02-23 00:38:22,0.00008984,36.00000000
2018-02-23 00:38:27,0.00008987,60.00000000
2018-02-23 00:38:29,0.00008987,32.00000000
2018-02-23 00:38:31,0.00008987,29.00000000
2018-02-23 00:38:31,0.00008990,82.00000000
2018-02-23 00:38:39,0.00008990,49.00000000
2018-02-23 00:38:45,0.00008989,3130.00000000
2018-02-23 00:38:51,0.00008985,1046.00000000
2018-02-23 00:38:57,0.00008984,475.00000000
2018-02-23 00:38:58,0.00008984,284.00000000
2018-02-23 00:39:03,0.00008984,356.00000000
2018-02-23 00:39:03,0.00008983,25.00000000
2018-02-23 00:39:04,0.00008983,95.00000000
2018-02-23 00:39:04,0.00008981,308.00000000
2018-02-23 00:39:04,0.00008980,1965.00000000
2018-02-23 00:39:04,0.00008979,2014.00000000
2018-02-23 00:39:14,0.00008982,578.00000000
2018-02-23 00:39:15,0.00008983,10.00000000
2018-02-23 00:39:15,0.00008983,110.00000000
2018-02-23 00:39:15,0.00008984,207.00000000
2018-02-23 00:39:16,0.00008984,3.00000000
2018-02-23 00:39:16,0.00008986,294.00000000
2018-02-23 00:39:16,0.00008982,294.00000000
2018-02-23 00:39:17,0.00008989,799.00000000
2018-02-23 00:39:17,0.00008990,840.00000000
2018-02-23 00:39:17,0.00008990,66.00000000
2018-02-23 00:39:17,0.00008990,66.00000000
2018-02-23 00:39:17,0.00008990,31.00000000
2018-02-23 00:39:18,0.00008990,1290.00000000
2018-02-23 00:39:20,0.00008991,578.00000000
2018-02-23 00:39:20,0.00008992,2108.00000000
2018-02-23 00:39:20,0.00008995,1441.00000000
2018-02-23 00:39:20,0.00008998,110.00000000
2018-02-23 00:39:20,0.00008998,325.00000000
2018-02-23 00:39:20,0.00008998,86.00000000
2018-02-23 00:39:20,0.00008998,86.00000000
2018-02-23 00:39:21,0.00008998,284.00000000
2018-02-23 00:39:21,0.00008998,2761.00000000
2018-02-23 00:39:22,0.00008997,71.00000000
2018-02-23 00:39:23,0.00008998,187.00000000
2018-02-23 00:39:23,0.00008998,140.00000000
2018-02-23 00:39:23,0.00008998,1100.00000000
2018-02-23 00:39:23,0.00008998,90.00000000
2018-02-23 00:39:24,0.00008998,50.00000000
2018-02-23 00:39:26,0.00008994,110.00000000
2018-02-23 00:39:27,0.00008998,111.00000000
2018-02-23 00:39:32,0.00008986,13.00000000
2018-02-23 00:39:34,0.00008994,65.00000000
2018-02-23 00:39:38,0.00008987,1736.00000000
2018-02-23 00:39:38,0.00008986,421.00000000
2018-02-23 00:39:38,0.00008983,487.00000000
2018-02-23 00:39:38,0.00008982,829.00000000
2018-02-23 00:39:48,0.00008989,487.00000000
2018-02-23 00:39:48,0.00008990,3515.00000000
2018-02-23 00:39:50,0.00008990,37.00000000
2018-02-23 00:39:50,0.00008982,493.00000000
2018-02-23 00:39:50,0.00008981,470.00000000
2018-02-23 00:39:52,0.00008982,37.00000000
2018-02-23 00:39:55,0.00008990,335.00000000
2018-02-23 00:39:57,0.00008993,165.00000000
2018-02-23 00:39:59,0.00008992,1018.00000000
2018-02-23 00:39:59,0.00008992,778.00000000
2018-02-23 00:40:03,0.00008985,100.00000000
2018-02-23 00:40:05,0.00008989,38.00000000
2018-02-23 00:40:07,0.00008988,48.00000000
2018-02-23 00:40:08,0.00008984,74.00000000
2018-02-23 00:40:08,0.00008984,40.00000000
2018-02-23 00:40:09,0.00008984,35.00000000
2018-02-23 00:40:09,0.00008985,74.00000000
2018-02-23 00:40:09,0.00008988,357.00000000
2018-02-23 00:40:09,0.00008989,1223.00000000
2018-02-23 00:40:09,0.00008993,319.00000000
2018-02-23 00:40:11,0.00008993,620.00000000
2018-02-23 00:40:16,0.00008991,600.00000000
2018-02-23 00:40:16,0.00008991,90.00000000
2018-02-23 00:40:17,0.00008991,2.00000000
2018-02-23 00:40:32,0.00008994,10.00000000
2018-02-23 00:40:33,0.00008991,74.00000000
2018-02-23 00:40:37,0.00008994,27.00000000
2018-02-23 00:40:37,0.00008996,84.00000000
2018-02-23 00:40:48,0.00008999,12.00000000
2018-02-23 00:40:49,0.00009000,102.00000000
2018-02-23 00:40:51,0.00009000,303.00000000
2018-02-23 00:40:56,0.00009000,884.00000000
2018-02-23 00:40:56,0.00009001,600.00000000
2018-02-23 00:40:59,0.00009002,42.00000000
2018-02-23 00:40:59,0.00009003,141.00000000
2018-02-23 00:41:05,0.00009001,80.00000000
2018-02-23 00:41:10,0.00009001,66.00000000
2018-02-23 00:41:10,0.00008999,23.00000000
2018-02-23 00:41:16,0.00009000,471.00000000
2018-02-23 00:41:16,0.00008999,184.00000000
2018-02-23 00:41:18,0.00008999,23.00000000
2018-02-23 00:41:19,0.00009000,304.00000000
2018-02-23 00:41:20,0.00009000,500.00000000
2018-02-23 00:41:23,0.00008999,2137.00000000
2018-02-23 00:41:35,0.00009000,111.00000000
2018-02-23 00:41:36,0.00008999,168.00000000
2018-02-23 00:41:51,0.00008998,12.00000000
2018-02-23 00:41:51,0.00008998,60.00000000
2018-02-23 00:41:52,0.00008996,38.00000000
2018-02-23 00:41:53,0.00008996,149.00000000
2018-02-23 00:41:53,0.00008997,214.00000000
2018-02-23 00:41:54,0.00008997,333.00000000
2018-02-23 00:41:54,0.00008997,159.00000000
2018-02-23 00:41:54,0.00008988,194.00000000
2018-02-23 00:42:01,0.00008989,100.00000000
2018-02-23 00:42:03,0.00008989,606.00000000
2018-02-23 00:42:07,0.00008989,241.00000000
2018-02-23 00:42:07,0.00008998,75.00000000
2018-02-23 00:42:13,0.00008988,333.00000000
2018-02-23 00:42:14,0.00008988,333.00000000
2018-02-23 00:42:18,0.00008996,174.00000000
2018-02-23 00:42:18,0.00008998,326.00000000
2018-02-23 00:42:21,0.00008998,120.00000000
2018-02-23 00:42:22,0.00008987,332.00000000
2018-02-23 00:42:29,0.00008987,225.00000000
2018-02-23 00:42:31,0.00008987,332.00000000
2018-02-23 00:42:31,0.00008987,333.00000000
2018-02-23 00:42:31,0.00008987,156.00000000
2018-02-23 00:42:36,0.00008987,1.00000000
2018-02-23 00:42:37,0.00008987,429.00000000
2018-02-23 00:42:37,0.00008988,1379.00000000
2018-02-23 00:42:39,0.00008988,429.00000000
2018-02-23 00:42:39,0.00008989,333.00000000
2018-02-23 00:42:39,0.00008989,13.00000000
2018-02-23 00:42:39,0.00008989,332.00000000
2018-02-23 00:42:39,0.00008989,144.00000000
2018-02-23 00:42:39,0.00008989,77.00000000
2018-02-23 00:42:39,0.00008989,114.00000000
2018-02-23 00:42:39,0.00008987,200.00000000
2018-02-23 00:42:40,0.00008986,625.00000000
2018-02-23 00:42:42,0.00008987,332.00000000
2018-02-23 00:42:44,0.00008988,15.00000000
2018-02-23 00:42:47,0.00008988,1.00000000
2018-02-23 00:42:47,0.00008987,29.00000000
2018-02-23 00:42:54,0.00008987,110.00000000
2018-02-23 00:42:58,0.00008987,91.00000000
2018-02-23 00:42:59,0.00008990,81.00000000
2018-02-23 00:42:59,0.00008990,1.00000000
2018-02-23 00:42:59,0.00008986,81.00000000
2018-02-23 00:43:03,0.00008986,13.00000000
2018-02-23 00:43:08,0.00008996,211.00000000
2018-02-23 00:43:08,0.00008997,189.00000000
2018-02-23 00:43:13,0.00008997,555.00000000
2018-02-23 00:43:16,0.00008996,471.00000000
2018-02-23 00:43:16,0.00008997,879.00000000
2018-02-23 00:43:18,0.00008987,74.00000000
2018-02-23 00:43:19,0.00008997,66.00000000
2018-02-23 00:43:19,0.00008997,12.00000000
2018-02-23 00:43:19,0.00008997,144.00000000
2018-02-23 00:43:23,0.00008997,124.00000000
2018-02-23 00:43:24,0.00008997,235.00000000
2018-02-23 00:43:28,0.00008998,111.00000000
2018-02-23 00:43:29,0.00008998,111.00000000
2018-02-23 00:43:32,0.00008998,111.00000000
2018-02-23 00:43:37,0.00008998,1415.00000000
2018-02-23 00:43:37,0.00008998,2550.00000000
2018-02-23 00:43:46,0.00008998,284.00000000
2018-02-23 00:43:48,0.00008999,589.00000000
2018-02-23 00:43:50,0.00008998,10.00000000
2018-02-23 00:43:52,0.00008999,102.00000000
2018-02-23 00:43:52,0.00008999,102.00000000
2018-02-23 00:43:52,0.00008999,102.00000000
2018-02-23 00:43:53,0.00008998,56.00000000
2018-02-23 00:43:56,0.00008999,167.00000000
2018-02-23 00:44:04,0.00008998,24.00000000
2018-02-23 00:44:08,0.00008999,3805.00000000
2018-02-23 00:44:16,0.00008999,222.00000000
2018-02-23 00:44:19,0.00009000,1317.00000000
2018-02-23 00:44:19,0.00009004,401.00000000
2018-02-23 00:44:19,0.00009005,1380.00000000
2018-02-23 00:44:21,0.00009006,120.00000000
2018-02-23 00:44:22,0.00009005,14.00000000
2018-02-23 00:44:22,0.00009006,194.00000000
2018-02-23 00:44:23,0.00009006,222.00000000
2018-02-23 00:44:29,0.00009007,111.00000000
2018-02-23 00:44:30,0.00009007,389.00000000
2018-02-23 00:44:31,0.00009007,222.00000000
2018-02-23 00:44:34,0.00009007,36.00000000
2018-02-23 00:44:37,0.00009007,460.00000000
2018-02-23 00:44:42,0.00009007,819.00000000
2018-02-23 00:44:43,0.00009007,12.00000000
2018-02-23 00:44:44,0.00009007,2304.00000000
2018-02-23 00:44:45,0.00009008,109.00000000
2018-02-23 00:44:45,0.00009010,354.00000000
2018-02-23 00:44:45,0.00009011,900.00000000
2018-02-23 00:44:45,0.00009012,323.00000000
2018-02-23 00:44:45,0.00009017,600.00000000
2018-02-23 00:44:45,0.00009021,82.00000000
2018-02-23 00:44:45,0.00009022,110.00000000
2018-02-23 00:44:45,0.00009026,103.00000000
2018-02-23 00:44:45,0.00009026,319.00000000
2018-02-23 00:44:45,0.00009026,320.00000000
2018-02-23 00:44:45,0.00009026,320.00000000
2018-02-23 00:44:45,0.00009026,198.00000000
2018-02-23 00:44:45,0.00009027,29.00000000
2018-02-23 00:44:45,0.00009027,6.00000000
2018-02-23 00:44:45,0.00009026,39.00000000
2018-02-23 00:44:45,0.00009026,421.00000000
2018-02-23 00:44:45,0.00009026,88.00000000
2018-02-23 00:44:45,0.00009026,88.00000000
2018-02-23 00:44:45,0.00009026,88.00000000
2018-02-23 00:44:45,0.00009026,775.00000000
2018-02-23 00:44:45,0.00009026,87.00000000
2018-02-23 00:44:45,0.00009026,1112.00000000
2018-02-23 00:44:45,0.00009026,332.00000000
2018-02-23 00:44:45,0.00009026,4920.00000000
2018-02-23 00:44:45,0.00009006,1107.00000000
2018-02-23 00:44:45,0.00009005,72.00000000
2018-02-23 00:44:45,0.00008999,1108.00000000
2018-02-23 00:44:45,0.00008998,1687.00000000
2018-02-23 00:44:46,0.00009000,15.00000000
2018-02-23 00:44:46,0.00009000,111.00000000
2018-02-23 00:44:46,0.00009024,110.00000000
2018-02-23 00:44:49,0.00009019,13.00000000
2018-02-23 00:44:49,0.00009007,126.00000000
2018-02-23 00:44:49,0.00009006,148.00000000
2018-02-23 00:44:49,0.00009006,836.00000000
2018-02-23 00:44:49,0.00009007,960.00000000
2018-02-23 00:44:51,0.00009007,3541.00000000
2018-02-23 00:44:53,0.00009004,1455.00000000
2018-02-23 00:44:53,0.00009003,1488.00000000
2018-02-23 00:44:55,0.00009013,120.00000000
2018-02-23 00:44:55,0.00009014,534.00000000
2018-02-23 00:45:00,0.00009009,120.00000000
2018-02-23 00:45:00,0.00009010,15.00000000
2018-02-23 00:45:07,0.00009000,13.00000000
2018-02-23 00:45:16,0.00009001,286.00000000
2018-02-23 00:45:17,0.00009002,107.00000000
2018-02-23 00:45:17,0.00009001,746.00000000
2018-02-23 00:45:17,0.00009000,52.00000000
2018-02-23 00:45:17,0.00009000,838.00000000
2018-02-23 00:45:17,0.00009006,20.00000000
2018-02-23 00:45:21,0.00009001,200.00000000
2018-02-23 00:45:35,0.00009001,226.00000000
2018-02-23 00:45:37,0.00009001,12.00000000
2018-02-23 00:45:38,0.00009001,141.00000000
2018-02-23 00:45:39,0.00009001,36.00000000
2018-02-23 00:45:43,0.00009001,881.00000000
2018-02-23 00:45:43,0.00009000,577.00000000
2018-02-23 00:45:44,0.00009001,378.00000000
2018-02-23 00:45:52,0.00009001,57.00000000
2018-02-23 00:45:53,0.00009001,1032.00000000
2018-02-23 00:45:57,0.00009001,74.00000000
2018-02-23 00:45:57,0.00009001,75.00000000
2018-02-23 00:45:57,0.00009001,75.00000000
2018-02-23 00:45:57,0.00009001,75.00000000
2018-02-23 00:45:59,0.00009000,800.00000000
2018-02-23 00:46:00,0.00009001,7.00000000
2018-02-23 00:46:01,0.00009000,451.00000000
2018-02-23 00:46:03,0.00009001,3019.00000000
2018-02-23 00:46:04,0.00009001,2500.00000000
2018-02-23 00:46:04,0.00009001,100.00000000
2018-02-23 00:46:07,0.00009003,215.00000000
2018-02-23 00:46:09,0.00009001,36.00000000
2018-02-23 00:46:10,0.00009001,12.00000000
2018-02-23 00:46:13,0.00009001,1204.00000000
2018-02-23 00:46:14,0.00009001,908.00000000
2018-02-23 00:46:22,0.00009001,909.00000000
2018-02-23 00:46:24,0.00009001,36.00000000
2018-02-23 00:46:27,0.00009001,434.00000000
2018-02-23 00:46:28,0.00009001,2077.00000000
2018-02-23 00:46:28,0.00009000,41.00000000
2018-02-23 00:46:35,0.00009002,5.00000000
2018-02-23 00:46:37,0.00009001,13.00000000
2018-02-23 00:46:39,0.00009001,36.00000000
2018-02-23 00:46:41,0.00009002,345.00000000
2018-02-23 00:46:41,0.00009001,404.00000000
2018-02-23 00:46:41,0.00009000,1080.00000000
2018-02-23 00:46:41,0.00009000,1183.00000000
2018-02-23 00:46:43,0.00009002,66.00000000
2018-02-23 00:46:45,0.00009002,1273.00000000
2018-02-23 00:46:48,0.00009002,370.00000000
2018-02-23 00:46:48,0.00009001,231.00000000
2018-02-23 00:46:48,0.00009000,3143.00000000
2018-02-23 00:46:52,0.00009003,248.00000000
2018-02-23 00:46:53,0.00009003,157.00000000
2018-02-23 00:46:53,0.00009004,1.00000000
2018-02-23 00:46:53,0.00009004,28.00000000
2018-02-23 00:46:53,0.00009004,182.00000000
2018-02-23 00:46:54,0.00009004,38.00000000
2018-02-23 00:46:54,0.00009003,36.00000000
2018-02-23 00:46:54,0.00009004,18.00000000
2018-02-23 00:46:56,0.00009003,675.00000000
2018-02-23 00:46:56,0.00009002,116.00000000
2018-02-23 00:46:56,0.00009002,55.00000000
2018-02-23 00:46:56,0.00009002,116.00000000
2018-02-23 00:46:56,0.00009002,176.00000000
2018-02-23 00:47:00,0.00009002,176.00000000
2018-02-23 00:47:00,0.00009000,75.00000000
2018-02-23 00:47:03,0.00009002,27.00000000
2018-02-23 00:47:03,0.00009002,27.00000000
2018-02-23 00:47:09,0.00009000,36.00000000
2018-02-23 00:47:11,0.00009001,453.00000000
2018-02-23 00:47:11,0.00009002,2014.00000000
2018-02-23 00:47:11,0.00009004,714.00000000
2018-02-23 00:47:16,0.00009001,52.00000000
2018-02-23 00:47:26,0.00009001,1073.00000000
2018-02-23 00:47:37,0.00009000,336.00000000
2018-02-23 00:47:40,0.00009001,45.00000000
2018-02-23 00:47:41,0.00009000,24.00000000
2018-02-23 00:47:46,0.00009000,199.00000000
2018-02-23 00:47:47,0.00009000,292.00000000
2018-02-23 00:47:48,0.00009000,227.00000000
2018-02-23 00:47:53,0.00009000,191.00000000
2018-02-23 00:47:55,0.00009001,309.00000000
2018-02-23 00:47:56,0.00009004,456.00000000
2018-02-23 00:47:56,0.00009005,389.00000000
2018-02-23 00:47:56,0.00009007,68.00000000
2018-02-23 00:47:56,0.00009010,209.00000000
2018-02-23 00:47:56,0.00009010,331.00000000
2018-02-23 00:47:56,0.00009009,425.00000000
2018-02-23 00:48:10,0.00009002,13.00000000
2018-02-23 00:48:24,0.00009003,259.00000000
2018-02-23 00:48:28,0.00009003,410.00000000
2018-02-23 00:48:29,0.00009005,111.00000000
2018-02-23 00:48:31,0.00009003,400.00000000
2018-02-23 00:48:31,0.00009002,200.00000000
2018-02-23 00:48:34,0.00009002,1316.00000000
2018-02-23 00:48:34,0.00009002,546.00000000
2018-02-23 00:48:37,0.00009002,315.00000000
2018-02-23 00:48:37,0.00009001,555.00000000
2018-02-23 00:48:37,0.00009000,755.00000000
2018-02-23 00:48:39,0.00009001,405.00000000
2018-02-23 00:48:39,0.00009000,9442.00000000
2018-02-23 00:48:41,0.00009000,400.00000000
2018-02-23 00:48:41,0.00009000,57.00000000
2018-02-23 00:48:41,0.00009000,1564.00000000
2018-02-23 00:48:43,0.00009000,90.00000000
2018-02-23 00:48:46,0.00009000,332.00000000
2018-02-23 00:48:46,0.00009000,158.00000000
2018-02-23 00:48:46,0.00009000,90.00000000
2018-02-23 00:48:47,0.00009000,185.00000000
2018-02-23 00:48:48,0.00009000,582.00000000
2018-02-23 00:48:52,0.00009000,228.00000000
2018-02-23 00:48:58,0.00008990,518.00000000
2018-02-23 00:49:02,0.00008999,36.00000000
2018-02-23 00:49:11,0.00008999,291.00000000
2018-02-23 00:49:11,0.00009000,177.00000000
2018-02-23 00:49:11,0.00009002,300.00000000
2018-02-23 00:49:11,0.00009002,3.00000000
2018-02-23 00:49:11,0.00009002,114.00000000
2018-02-23 00:49:12,0.00008990,24.00000000
2018-02-23 00:49:19,0.00008999,145.00000000
2018-02-23 00:49:19,0.00008990,829.00000000
2018-02-23 00:49:29,0.00008999,105.00000000
2018-02-23 00:49:29,0.00008990,95.00000000
2018-02-23 00:49:31,0.00009000,227.00000000
2018-02-23 00:49:32,0.00009002,333.00000000
2018-02-23 00:49:32,0.00009002,62.00000000
2018-02-23 00:49:32,0.00009003,641.00000000
2018-02-23 00:49:35,0.00009000,17.00000000
2018-02-23 00:49:35,0.00009003,386.00000000
2018-02-23 00:49:39,0.00009003,92.00000000
2018-02-23 00:49:40,0.00008990,12.00000000
2018-02-23 00:49:48,0.00009003,15.00000000
2018-02-23 00:49:55,0.00009003,39.00000000
2018-02-23 00:49:57,0.00009003,69.00000000
2018-02-23 00:49:59,0.00009003,50.00000000
2018-02-23 00:50:07,0.00009003,48.00000000
2018-02-23 00:50:07,0.00009003,95.00000000
2018-02-23 00:50:10,0.00009000,54.00000000
2018-02-23 00:50:10,0.00008991,13.00000000
2018-02-23 00:50:11,0.00008991,12.00000000
2018-02-23 00:50:12,0.00009000,100.00000000
2018-02-23 00:50:12,0.00009000,100.00000000
2018-02-23 00:50:12,0.00009000,56.00000000
2018-02-23 00:50:12,0.00009000,164.00000000
2018-02-23 00:50:12,0.00009003,742.00000000
2018-02-23 00:50:12,0.00009004,1.00000000
2018-02-23 00:50:13,0.00009004,23.00000000
2018-02-23 00:50:13,0.00009004,1.00000000
2018-02-23 00:50:14,0.00009005,148.00000000
2018-02-23 00:50:14,0.00009006,332.00000000
2018-02-23 00:50:14,0.00009006,59.00000000
2018-02-23 00:50:16,0.00009007,275.00000000
2018-02-23 00:50:20,0.00009005,48.00000000
2018-02-23 00:50:27,0.00009005,44.00000000
2018-02-23 00:50:34,0.00009006,361.00000000
2018-02-23 00:50:35,0.00009006,18.00000000
2018-02-23 00:50:39,0.00009008,111.00000000
2018-02-23 00:50:47,0.00009006,12.00000000
2018-02-23 00:50:48,0.00009008,56.00000000
2018-02-23 00:51:03,0.00009008,1108.00000000
2018-02-23 00:51:03,0.00009009,90.00000000
2018-02-23 00:51:03,0.00009008,39.00000000
2018-02-23 00:51:05,0.00009008,50.00000000
2018-02-23 00:51:06,0.00009008,632.00000000
2018-02-23 00:51:09,0.00009006,231.00000000
2018-02-23 00:51:12,0.00009006,25.00000000
2018-02-23 00:51:12,0.00009006,148.00000000
2018-02-23 00:51:13,0.00009005,28.00000000
2018-02-23 00:51:13,0.00009004,51.00000000
2018-02-23 00:51:13,0.00009009,287.00000000
2018-02-23 00:51:13,0.00009010,109.00000000
2018-02-23 00:51:13,0.00009014,28.00000000
2018-02-23 00:51:13,0.00009015,74.00000000
2018-02-23 00:51:13,0.00009021,110.00000000
2018-02-23 00:51:13,0.00009026,36.00000000
2018-02-23 00:51:13,0.00009027,64.00000000
2018-02-23 00:51:13,0.00009029,560.00000000
2018-02-23 00:51:13,0.00009030,1012.00000000
2018-02-23 00:51:13,0.00009030,269.00000000
2018-02-23 00:51:13,0.00009030,127.00000000
2018-02-23 00:51:13,0.00009030,522.00000000
2018-02-23 00:51:13,0.00009030,58.00000000
2018-02-23 00:51:13,0.00009030,45.00000000
2018-02-23 00:51:13,0.00009030,12.00000000
2018-02-23 00:51:13,0.00009030,8376.00000000
2018-02-23 00:51:13,0.00009030,146.00000000
2018-02-23 00:51:13,0.00009030,280.00000000
2018-02-23 00:51:13,0.00009030,281.00000000
2018-02-23 00:51:13,0.00009030,200.00000000
2018-02-23 00:51:13,0.00009030,115.00000000
2018-02-23 00:51:13,0.00009030,116.00000000
2018-02-23 00:51:13,0.00009030,21.00000000
2018-02-23 00:51:13,0.00009030,35.00000000
2018-02-23 00:51:13,0.00009030,23.00000000
2018-02-23 00:51:13,0.00009030,35.00000000
2018-02-23 00:51:13,0.00009030,181.00000000
2018-02-23 00:51:14,0.00009030,181.00000000
2018-02-23 00:51:14,0.00009030,260.00000000
2018-02-23 00:51:14,0.00009030,13.00000000
2018-02-23 00:51:14,0.00009030,340.00000000
2018-02-23 00:51:14,0.00009030,118.00000000
2018-02-23 00:51:14,0.00009030,484.00000000
2018-02-23 00:51:14,0.00009030,90.00000000
2018-02-23 00:51:14,0.00009030,192.00000000
2018-02-23 00:51:14,0.00009005,575.00000000
2018-02-23 00:51:14,0.00009005,140.00000000
2018-02-23 00:51:14,0.00009005,215.00000000
2018-02-23 00:51:14,0.00009005,78.00000000
2018-02-23 00:51:14,0.00009005,101.00000000
2018-02-23 00:51:14,0.00009004,10.00000000
2018-02-23 00:51:14,0.00009027,1.00000000
2018-02-23 00:51:15,0.00009009,118.00000000
2018-02-23 00:51:15,0.00009009,117.00000000
2018-02-23 00:51:15,0.00009009,181.00000000
2018-02-23 00:51:15,0.00009009,181.00000000
2018-02-23 00:51:17,0.00009008,1109.00000000
2018-02-23 00:51:17,0.00009008,129.00000000
2018-02-23 00:51:17,0.00009009,90.00000000
2018-02-23 00:51:17,0.00009009,103.00000000
2018-02-23 00:51:18,0.00009008,791.00000000
2018-02-23 00:51:19,0.00009008,544.00000000
2018-02-23 00:51:20,0.00009008,25.00000000
2018-02-23 00:51:23,0.00009008,302.00000000
2018-02-23 00:51:24,0.00009009,155.00000000
2018-02-23 00:51:27,0.00009008,1255.00000000
2018-02-23 00:51:31,0.00009006,50.00000000
2018-02-23 00:51:32,0.00009005,120.00000000
2018-02-23 00:51:35,0.00009005,462.00000000
2018-02-23 00:51:35,0.00009006,101.00000000
2018-02-23 00:51:38,0.00009006,1000.00000000
2018-02-23 00:51:39,0.00009006,78.00000000
2018-02-23 00:51:44,0.00009003,658.00000000
2018-02-23 00:51:44,0.00009000,136.00000000
2018-02-23 00:51:44,0.00008993,272.00000000
2018-02-23 00:51:48,0.00009005,71.00000000
2018-02-23 00:51:52,0.00009000,24.00000000
2018-02-23 00:51:52,0.00009000,25.00000000
2018-02-23 00:51:55,0.00009005,627.00000000
2018-02-23 00:51:55,0.00009005,89.00000000
2018-02-23 00:51:56,0.00009006,52.00000000
2018-02-23 00:51:57,0.00009005,42.00000000
2018-02-23 00:51:57,0.00009006,2132.00000000
2018-02-23 00:51:57,0.00009005,25.00000000
2018-02-23 00:51:58,0.00009005,257.00000000
2018-02-23 00:52:01,0.00009001,25.00000000
2018-02-23 00:52:02,0.00009005,100.00000000
2018-02-23 00:52:02,0.00009006,290.00000000
2018-02-23 00:52:02,0.00009007,1936.00000000
2018-02-23 00:52:02,0.00009009,732.00000000
2018-02-23 00:52:02,0.00009015,1737.00000000
2018-02-23 00:52:04,0.00009001,25.00000000
2018-02-23 00:52:05,0.00009005,25.00000000
2018-02-23 00:52:08,0.00009001,70.00000000
2018-02-23 00:52:08,0.00009001,21.00000000
2018-02-23 00:52:08,0.00009000,25.00000000
2018-02-23 00:52:10,0.00009001,12.00000000
2018-02-23 00:52:10,0.00009005,197.00000000
2018-02-23 00:52:11,0.00009001,336.00000000
2018-02-23 00:52:11,0.00009001,1415.00000000
2018-02-23 00:52:11,0.00009004,336.00000000
2018-02-23 00:52:11,0.00009005,50.00000000
2018-02-23 00:52:13,0.00009006,13.00000000
2018-02-23 00:52:14,0.00009007,336.00000000
2018-02-23 00:52:14,0.00009005,1996.00000000
2018-02-23 00:52:25,0.00009007,1269.00000000
2018-02-23 00:52:25,0.00009007,25.00000000
2018-02-23 00:52:28,0.00009010,111.00000000
2018-02-23 00:52:33,0.00009010,225.00000000
2018-02-23 00:52:34,0.00009010,25.00000000
2018-02-23 00:52:34,0.00009010,667.00000000
2018-02-23 00:52:34,0.00009009,441.00000000
2018-02-23 00:52:37,0.00009009,283.00000000
2018-02-23 00:52:37,0.00009009,25.00000000
2018-02-23 00:52:42,0.00009010,28.00000000
2018-02-23 00:52:44,0.00009012,216.00000000
2018-02-23 00:52:44,0.00009013,336.00000000
2018-02-23 00:52:44,0.00009015,227.00000000
2018-02-23 00:52:44,0.00009026,43.00000000
2018-02-23 00:52:44,0.00009028,178.00000000
2018-02-23 00:52:44,0.00009012,25.00000000
2018-02-23 00:52:45,0.00009012,273.00000000
2018-02-23 00:52:45,0.00009013,67.00000000
2018-02-23 00:52:46,0.00009013,481.00000000
2018-02-23 00:52:46,0.00009013,73.00000000
2018-02-23 00:52:46,0.00009011,1035.00000000
2018-02-23 00:52:46,0.00009010,73.00000000
2018-02-23 00:52:47,0.00009010,92.00000000
2018-02-23 00:52:47,0.00009011,89.00000000
2018-02-23 00:52:48,0.00009010,228.00000000
2018-02-23 00:52:50,0.00009010,479.00000000
2018-02-23 00:52:51,0.00009011,78.00000000
2018-02-23 00:52:54,0.00009011,25.00000000
2018-02-23 00:52:58,0.00009021,1041.00000000
2018-02-23 00:52:58,0.00009022,482.00000000
2018-02-23 00:52:58,0.00009024,554.00000000
2018-02-23 00:52:58,0.00009026,929.00000000
2018-02-23 00:52:58,0.00009028,358.00000000
2018-02-23 00:52:58,0.00009033,560.00000000
2018-02-23 00:52:58,0.00009035,58.00000000
2018-02-23 00:52:58,0.00009036,150.00000000
2018-02-23 00:52:58,0.00009037,5556.00000000
2018-02-23 00:52:58,0.00009038,3546.00000000
2018-02-23 00:52:58,0.00009040,29066.00000000
2018-02-23 00:52:58,0.00009041,1542.00000000
2018-02-23 00:52:58,0.00009041,900.00000000
2018-02-23 00:52:58,0.00009041,18.00000000
2018-02-23 00:52:58,0.00009041,900.00000000
2018-02-23 00:52:58,0.00009041,54.00000000
2018-02-23 00:52:58,0.00009041,900.00000000
2018-02-23 00:52:58,0.00009041,900.00000000
2018-02-23 00:52:58,0.00009041,671.00000000
2018-02-23 00:52:58,0.00009041,244.00000000
2018-02-23 00:52:58,0.00009044,39.00000000
2018-02-23 00:52:58,0.00009041,520.00000000
2018-02-23 00:52:58,0.00009041,97.00000000
2018-02-23 00:52:58,0.00009041,1035.00000000
2018-02-23 00:52:58,0.00009041,95.00000000
2018-02-23 00:52:58,0.00009041,1079.00000000
2018-02-23 00:52:58,0.00009042,63.00000000
2018-02-23 00:52:58,0.00009042,714.00000000
2018-02-23 00:52:58,0.00009042,123.00000000
2018-02-23 00:52:58,0.00009041,1958.00000000
2018-02-23 00:52:58,0.00009041,485.00000000
2018-02-23 00:52:58,0.00009041,12.00000000
2018-02-23 00:52:58,0.00009041,537.00000000
2018-02-23 00:52:58,0.00009041,20.00000000
2018-02-23 00:52:58,0.00009041,1381.00000000
