DATE,PRICE,VOLUME
2018-02-23 13:00:01,0.00009449,26.00000000
2018-02-23 13:00:03,0.00009452,2.00000000
2018-02-23 13:00:03,0.00009452,223.00000000
2018-02-23 13:00:05,0.00009452,2.00000000
2018-02-23 13:00:07,0.00009453,15.00000000
2018-02-23 13:00:12,0.00009453,68.00000000
2018-02-23 13:00:13,0.00009453,200.00000000
2018-02-23 13:00:13,0.00009449,341.00000000
2018-02-23 13:00:15,0.00009449,1397.00000000
2018-02-23 13:00:15,0.00009449,1396.00000000
2018-02-23 13:00:16,0.00009449,645.00000000
2018-02-23 13:00:21,0.00009449,431.00000000
2018-02-23 13:00:23,0.00009449,424.00000000
2018-02-23 13:00:23,0.00009449,317.00000000
2018-02-23 13:00:24,0.00009449,317.00000000
2018-02-23 13:00:26,0.00009449,493.00000000
2018-02-23 13:00:26,0.00009448,566.00000000
2018-02-23 13:00:28,0.00009453,200.00000000
2018-02-23 13:00:28,0.00009448,317.00000000
2018-02-23 13:00:28,0.00009448,1317.00000000
2018-02-23 13:00:29,0.00009450,50.00000000
2018-02-23 13:00:29,0.00009448,317.00000000
2018-02-23 13:00:31,0.00009448,208.00000000
2018-02-23 13:00:33,0.00009448,317.00000000
2018-02-23 13:00:33,0.00009448,766.00000000
2018-02-23 13:00:33,0.00009448,127.00000000
2018-02-23 13:00:33,0.00009446,317.00000000
2018-02-23 13:00:34,0.00009447,200.00000000
2018-02-23 13:00:40,0.00009446,1124.00000000
2018-02-23 13:00:42,0.00009445,1056.00000000
2018-02-23 13:00:46,0.00009447,189.00000000
2018-02-23 13:00:46,0.00009448,257.00000000
2018-02-23 13:00:47,0.00009445,181.00000000
2018-02-23 13:00:47,0.00009445,134.00000000
2018-02-23 13:00:47,0.00009443,316.00000000
2018-02-23 13:00:47,0.00009443,134.00000000
2018-02-23 13:00:49,0.00009445,315.00000000
2018-02-23 13:00:49,0.00009448,685.00000000
2018-02-23 13:00:49,0.00009448,36.00000000
2018-02-23 13:00:49,0.00009450,60.00000000
2018-02-23 13:00:49,0.00009452,59.00000000
2018-02-23 13:00:49,0.00009453,45.00000000
2018-02-23 13:00:55,0.00009453,200.00000000
2018-02-23 13:01:00,0.00009443,1148.00000000
2018-02-23 13:01:02,0.00009443,50.00000000
2018-02-23 13:01:18,0.00009444,35.00000000
2018-02-23 13:01:19,0.00009449,200.00000000
2018-02-23 13:01:24,0.00009444,445.00000000
2018-02-23 13:01:24,0.00009444,200.00000000
2018-02-23 13:01:25,0.00009444,200.00000000
2018-02-23 13:01:30,0.00009444,43.00000000
2018-02-23 13:01:30,0.00009446,200.00000000
2018-02-23 13:01:30,0.00009448,800.00000000
2018-02-23 13:01:31,0.00009443,1750.00000000
2018-02-23 13:01:32,0.00009443,80.00000000
2018-02-23 13:01:37,0.00009443,87.00000000
2018-02-23 13:01:37,0.00009443,100.00000000
2018-02-23 13:01:39,0.00009443,272.00000000
2018-02-23 13:01:40,0.00009447,186.00000000
2018-02-23 13:01:40,0.00009448,9.00000000
2018-02-23 13:01:40,0.00009449,5.00000000
2018-02-23 13:01:42,0.00009444,186.00000000
2018-02-23 13:01:42,0.00009443,214.00000000
2018-02-23 13:01:44,0.00009448,10.00000000
2018-02-23 13:01:46,0.00009448,8.00000000
2018-02-23 13:01:46,0.00009449,392.00000000
2018-02-23 13:01:48,0.00009448,33.00000000
2018-02-23 13:01:48,0.00009448,1.00000000
2018-02-23 13:01:50,0.00009443,1222.00000000
2018-02-23 13:01:59,0.00009448,517.00000000
2018-02-23 13:02:00,0.00009444,186.00000000
2018-02-23 13:02:00,0.00009443,186.00000000
2018-02-23 13:02:01,0.00009447,186.00000000
2018-02-23 13:02:01,0.00009448,214.00000000
2018-02-23 13:02:03,0.00009448,191.00000000
2018-02-23 13:02:03,0.00009443,178.00000000
2018-02-23 13:02:06,0.00009448,330.00000000
2018-02-23 13:02:06,0.00009449,670.00000000
2018-02-23 13:02:07,0.00009448,38.00000000
2018-02-23 13:02:07,0.00009450,162.00000000
2018-02-23 13:02:08,0.00009445,287.00000000
2018-02-23 13:02:09,0.00009443,317.00000000
2018-02-23 13:02:12,0.00009448,53.00000000
2018-02-23 13:02:17,0.00009444,26.00000000
2018-02-23 13:02:17,0.00009444,93.00000000
2018-02-23 13:02:18,0.00009444,1.00000000
2018-02-23 13:02:18,0.00009443,320.00000000
2018-02-23 13:02:19,0.00009443,1673.00000000
2018-02-23 13:02:19,0.00009443,317.00000000
2018-02-23 13:02:19,0.00009443,316.00000000
2018-02-23 13:02:19,0.00009443,317.00000000
2018-02-23 13:02:19,0.00009443,317.00000000
2018-02-23 13:02:19,0.00009443,316.00000000
2018-02-23 13:02:19,0.00009443,316.00000000
2018-02-23 13:02:20,0.00009443,316.00000000
2018-02-23 13:02:20,0.00009443,193.00000000
2018-02-23 13:02:20,0.00009443,99.00000000
2018-02-23 13:02:22,0.00009444,400.00000000
2018-02-23 13:02:25,0.00009443,1551.00000000
2018-02-23 13:02:25,0.00009440,1649.00000000
2018-02-23 13:02:29,0.00009444,191.00000000
2018-02-23 13:02:34,0.00009442,176.00000000
2018-02-23 13:02:34,0.00009440,75.00000000
2018-02-23 13:02:35,0.00009440,318.00000000
2018-02-23 13:02:36,0.00009440,25.00000000
2018-02-23 13:02:36,0.00009440,15.00000000
2018-02-23 13:02:37,0.00009440,92.00000000
2018-02-23 13:02:37,0.00009441,243.00000000
2018-02-23 13:02:37,0.00009443,34.00000000
2018-02-23 13:02:37,0.00009444,123.00000000
2018-02-23 13:02:38,0.00009440,278.00000000
2018-02-23 13:02:38,0.00009437,11.00000000
2018-02-23 13:02:39,0.00009437,118.00000000
2018-02-23 13:02:40,0.00009436,25.00000000
2018-02-23 13:02:41,0.00009436,260.00000000
2018-02-23 13:02:42,0.00009437,139.00000000
2018-02-23 13:02:42,0.00009440,131.00000000
2018-02-23 13:02:43,0.00009444,200.00000000
2018-02-23 13:02:43,0.00009441,139.00000000
2018-02-23 13:02:43,0.00009441,90.00000000
2018-02-23 13:02:43,0.00009441,318.00000000
2018-02-23 13:02:44,0.00009441,25.00000000
2018-02-23 13:02:44,0.00009441,2.00000000
2018-02-23 13:02:44,0.00009440,19.00000000
2018-02-23 13:02:45,0.00009441,1063.00000000
2018-02-23 13:02:45,0.00009444,6.00000000
2018-02-23 13:02:46,0.00009440,24.00000000
2018-02-23 13:02:47,0.00009440,25.00000000
2018-02-23 13:02:48,0.00009440,34.00000000
2018-02-23 13:02:50,0.00009440,271.00000000
2018-02-23 13:02:51,0.00009440,30.00000000
2018-02-23 13:02:51,0.00009440,47.00000000
2018-02-23 13:02:52,0.00009440,25.00000000
2018-02-23 13:02:53,0.00009441,308.00000000
2018-02-23 13:02:54,0.00009440,755.00000000
2018-02-23 13:02:54,0.00009438,51.00000000
2018-02-23 13:02:58,0.00009439,256.00000000
2018-02-23 13:02:58,0.00009440,121.00000000
2018-02-23 13:02:58,0.00009440,200.00000000
2018-02-23 13:02:59,0.00009440,320.00000000
2018-02-23 13:02:59,0.00009440,7587.00000000
2018-02-23 13:02:59,0.00009444,933.00000000
2018-02-23 13:02:59,0.00009445,6469.00000000
2018-02-23 13:02:59,0.00009437,832.00000000
2018-02-23 13:02:59,0.00009445,1750.00000000
2018-02-23 13:03:00,0.00009445,712.00000000
2018-02-23 13:03:00,0.00009447,120.00000000
2018-02-23 13:03:00,0.00009448,834.00000000
2018-02-23 13:03:00,0.00009450,15.00000000
2018-02-23 13:03:01,0.00009451,700.00000000
2018-02-23 13:03:01,0.00009451,354.00000000
2018-02-23 13:03:03,0.00009440,461.00000000
2018-02-23 13:03:04,0.00009449,32.00000000
2018-02-23 13:03:05,0.00009440,472.00000000
2018-02-23 13:03:05,0.00009438,596.00000000
2018-02-23 13:03:14,0.00009448,12.00000000
2018-02-23 13:03:15,0.00009440,271.00000000
2018-02-23 13:03:20,0.00009440,119.00000000
2018-02-23 13:03:20,0.00009437,464.00000000
2018-02-23 13:03:26,0.00009446,52.00000000
2018-02-23 13:03:28,0.00009440,1324.00000000
2018-02-23 13:03:28,0.00009437,65.00000000
2018-02-23 13:03:28,0.00009436,406.00000000
2018-02-23 13:03:28,0.00009435,17836.00000000
2018-02-23 13:03:28,0.00009435,317.00000000
2018-02-23 13:03:28,0.00009435,252.00000000
2018-02-23 13:03:29,0.00009446,105.00000000
2018-02-23 13:03:31,0.00009446,1919.00000000
2018-02-23 13:03:31,0.00009448,65.00000000
2018-02-23 13:03:31,0.00009449,932.00000000
2018-02-23 13:03:31,0.00009450,305.00000000
2018-02-23 13:03:31,0.00009447,105.00000000
2018-02-23 13:03:33,0.00009438,135.00000000
2018-02-23 13:03:33,0.00009438,358.00000000
2018-02-23 13:03:35,0.00009450,1401.00000000
2018-02-23 13:03:39,0.00009448,700.00000000
2018-02-23 13:03:40,0.00009448,232.00000000
2018-02-23 13:03:40,0.00009446,63.00000000
2018-02-23 13:03:41,0.00009446,62.00000000
2018-02-23 13:03:42,0.00009448,391.00000000
2018-02-23 13:03:45,0.00009448,110.00000000
2018-02-23 13:03:48,0.00009446,205.00000000
2018-02-23 13:03:51,0.00009448,100.00000000
2018-02-23 13:03:56,0.00009447,55.00000000
2018-02-23 13:03:57,0.00009446,593.00000000
2018-02-23 13:03:57,0.00009446,343.00000000
2018-02-23 13:04:01,0.00009439,456.00000000
2018-02-23 13:04:04,0.00009442,191.00000000
2018-02-23 13:04:07,0.00009442,187.00000000
2018-02-23 13:04:07,0.00009443,499.00000000
2018-02-23 13:04:09,0.00009444,403.00000000
2018-02-23 13:04:11,0.00009444,1377.00000000
2018-02-23 13:04:13,0.00009438,334.00000000
2018-02-23 13:04:13,0.00009434,266.00000000
2018-02-23 13:04:16,0.00009438,114.00000000
2018-02-23 13:04:19,0.00009439,390.00000000
2018-02-23 13:04:19,0.00009438,1170.00000000
2018-02-23 13:04:25,0.00009438,6.00000000
2018-02-23 13:04:32,0.00009437,106.00000000
2018-02-23 13:04:32,0.00009438,16.00000000
2018-02-23 13:04:32,0.00009438,317.00000000
2018-02-23 13:04:32,0.00009438,317.00000000
2018-02-23 13:04:33,0.00009437,106.00000000
2018-02-23 13:04:33,0.00009437,110.00000000
2018-02-23 13:04:34,0.00009437,52.00000000
2018-02-23 13:04:36,0.00009437,248.00000000
2018-02-23 13:04:36,0.00009437,38.00000000
2018-02-23 13:04:36,0.00009438,159.00000000
2018-02-23 13:04:37,0.00009437,317.00000000
2018-02-23 13:04:37,0.00009437,91.00000000
2018-02-23 13:04:37,0.00009438,195.00000000
2018-02-23 13:04:38,0.00009438,4426.00000000
2018-02-23 13:04:38,0.00009438,207.00000000
2018-02-23 13:04:39,0.00009438,25.00000000
2018-02-23 13:04:44,0.00009437,28.00000000
2018-02-23 13:04:44,0.00009437,11.00000000
2018-02-23 13:04:45,0.00009437,93.00000000
2018-02-23 13:04:45,0.00009438,83.00000000
2018-02-23 13:04:46,0.00009438,4.00000000
2018-02-23 13:04:48,0.00009438,34.00000000
2018-02-23 13:04:50,0.00009435,97.00000000
2018-02-23 13:04:50,0.00009434,538.00000000
2018-02-23 13:04:50,0.00009430,330.00000000
2018-02-23 13:04:50,0.00009426,24.00000000
2018-02-23 13:04:50,0.00009425,181.00000000
2018-02-23 13:04:52,0.00009437,35.00000000
2018-02-23 13:04:59,0.00009437,317.00000000
2018-02-23 13:05:04,0.00009436,900.00000000
2018-02-23 13:05:04,0.00009436,316.00000000
2018-02-23 13:05:04,0.00009436,317.00000000
2018-02-23 13:05:04,0.00009436,267.00000000
2018-02-23 13:05:04,0.00009436,317.00000000
2018-02-23 13:05:05,0.00009436,276.00000000
2018-02-23 13:05:06,0.00009437,317.00000000
2018-02-23 13:05:06,0.00009437,634.00000000
2018-02-23 13:05:07,0.00009437,634.00000000
2018-02-23 13:05:07,0.00009437,317.00000000
2018-02-23 13:05:07,0.00009437,186.00000000
2018-02-23 13:05:07,0.00009437,108.00000000
2018-02-23 13:05:07,0.00009428,47.00000000
2018-02-23 13:05:07,0.00009437,904.00000000
2018-02-23 13:05:07,0.00009438,168.00000000
2018-02-23 13:05:07,0.00009437,270.00000000
2018-02-23 13:05:07,0.00009438,316.00000000
2018-02-23 13:05:07,0.00009437,186.00000000
2018-02-23 13:05:07,0.00009438,186.00000000
2018-02-23 13:05:07,0.00009438,317.00000000
2018-02-23 13:05:07,0.00009438,316.00000000
2018-02-23 13:05:07,0.00009438,317.00000000
2018-02-23 13:05:08,0.00009438,317.00000000
2018-02-23 13:05:08,0.00009438,217.00000000
2018-02-23 13:05:08,0.00009438,257.00000000
2018-02-23 13:05:08,0.00009438,256.00000000
2018-02-23 13:05:08,0.00009438,1955.00000000
2018-02-23 13:05:08,0.00009442,18.00000000
2018-02-23 13:05:08,0.00009443,390.00000000
2018-02-23 13:05:08,0.00009444,500.00000000
2018-02-23 13:05:08,0.00009445,135.00000000
2018-02-23 13:05:08,0.00009447,4000.00000000
2018-02-23 13:05:08,0.00009448,4.00000000
2018-02-23 13:05:08,0.00009449,1060.00000000
2018-02-23 13:05:08,0.00009450,4889.00000000
2018-02-23 13:05:08,0.00009450,256.00000000
2018-02-23 13:05:08,0.00009450,56.00000000
2018-02-23 13:05:08,0.00009450,316.00000000
2018-02-23 13:05:08,0.00009450,317.00000000
2018-02-23 13:05:09,0.00009450,317.00000000
2018-02-23 13:05:09,0.00009450,317.00000000
2018-02-23 13:05:09,0.00009450,31.00000000
2018-02-23 13:05:09,0.00009450,21.00000000
2018-02-23 13:05:09,0.00009452,1.00000000
2018-02-23 13:05:12,0.00009450,227.00000000
2018-02-23 13:05:13,0.00009446,32.00000000
2018-02-23 13:05:13,0.00009438,73.00000000
2018-02-23 13:05:23,0.00009447,164.00000000
2018-02-23 13:05:24,0.00009439,530.00000000
2018-02-23 13:05:26,0.00009440,179.00000000
2018-02-23 13:05:26,0.00009438,351.00000000
2018-02-23 13:05:30,0.00009438,296.00000000
2018-02-23 13:05:30,0.00009438,213.00000000
2018-02-23 13:05:30,0.00009438,266.00000000
2018-02-23 13:05:30,0.00009438,266.00000000
2018-02-23 13:05:31,0.00009438,266.00000000
2018-02-23 13:05:31,0.00009438,53.00000000
2018-02-23 13:05:31,0.00009438,11.00000000
2018-02-23 13:05:34,0.00009448,116.00000000
2018-02-23 13:05:46,0.00009440,12.00000000
2018-02-23 13:05:46,0.00009439,554.00000000
2018-02-23 13:05:46,0.00009438,2405.00000000
2018-02-23 13:05:48,0.00009438,11.00000000
2018-02-23 13:05:54,0.00009448,100.00000000
2018-02-23 13:05:55,0.00009438,3656.00000000
2018-02-23 13:05:56,0.00009438,147.00000000
2018-02-23 13:05:59,0.00009443,25.00000000
2018-02-23 13:06:03,0.00009443,529.00000000
2018-02-23 13:06:06,0.00009443,286.00000000
2018-02-23 13:06:06,0.00009443,935.00000000
2018-02-23 13:06:08,0.00009443,4431.00000000
2018-02-23 13:06:09,0.00009443,847.00000000
2018-02-23 13:06:09,0.00009443,6472.00000000
2018-02-23 13:06:10,0.00009439,471.00000000
2018-02-23 13:06:10,0.00009438,515.00000000
2018-02-23 13:06:13,0.00009438,1156.00000000
2018-02-23 13:06:17,0.00009438,6615.00000000
2018-02-23 13:06:17,0.00009438,400.00000000
2018-02-23 13:06:19,0.00009438,700.00000000
2018-02-23 13:06:19,0.00009438,19.00000000
2018-02-23 13:06:19,0.00009438,8998.00000000
2018-02-23 13:06:20,0.00009437,641.00000000
2018-02-23 13:06:20,0.00009432,352.00000000
2018-02-23 13:06:22,0.00009429,200.00000000
2018-02-23 13:06:26,0.00009428,1419.00000000
2018-02-23 13:06:26,0.00009428,751.00000000
2018-02-23 13:06:28,0.00009428,764.00000000
2018-02-23 13:06:30,0.00009428,36.00000000
2018-02-23 13:06:33,0.00009437,530.00000000
2018-02-23 13:06:33,0.00009428,305.00000000
2018-02-23 13:06:37,0.00009427,149.00000000
2018-02-23 13:06:43,0.00009435,19.00000000
2018-02-23 13:06:45,0.00009428,393.00000000
2018-02-23 13:06:45,0.00009427,2341.00000000
2018-02-23 13:06:47,0.00009434,2.00000000
2018-02-23 13:06:50,0.00009427,508.00000000
2018-02-23 13:06:57,0.00009427,1.00000000
2018-02-23 13:07:00,0.00009430,50.00000000
2018-02-23 13:07:02,0.00009430,2216.00000000
2018-02-23 13:07:02,0.00009434,1465.00000000
2018-02-23 13:07:02,0.00009435,461.00000000
2018-02-23 13:07:02,0.00009437,891.00000000
2018-02-23 13:07:02,0.00009440,377.00000000
2018-02-23 13:07:02,0.00009442,882.00000000
2018-02-23 13:07:02,0.00009443,872.00000000
2018-02-23 13:07:02,0.00009446,932.00000000
2018-02-23 13:07:02,0.00009447,841.00000000
2018-02-23 13:07:02,0.00009448,3307.00000000
2018-02-23 13:07:02,0.00009449,1617.00000000
2018-02-23 13:07:02,0.00009450,6139.00000000
2018-02-23 13:07:03,0.00009431,400.00000000
2018-02-23 13:07:03,0.00009430,1832.00000000
2018-02-23 13:07:03,0.00009429,900.00000000
2018-02-23 13:07:03,0.00009429,418.00000000
2018-02-23 13:07:06,0.00009431,117.00000000
2018-02-23 13:07:06,0.00009427,676.00000000
2018-02-23 13:07:07,0.00009425,319.00000000
2018-02-23 13:07:07,0.00009426,33.00000000
2018-02-23 13:07:08,0.00009426,48.00000000
2018-02-23 13:07:08,0.00009427,106.00000000
2018-02-23 13:07:11,0.00009428,900.00000000
2018-02-23 13:07:11,0.00009427,5234.00000000
2018-02-23 13:07:26,0.00009427,115.00000000
2018-02-23 13:07:28,0.00009433,307.00000000
2018-02-23 13:07:28,0.00009434,464.00000000
2018-02-23 13:07:28,0.00009438,52.00000000
2018-02-23 13:07:28,0.00009444,120.00000000
2018-02-23 13:07:28,0.00009446,930.00000000
2018-02-23 13:07:28,0.00009448,932.00000000
2018-02-23 13:07:28,0.00009449,473.00000000
2018-02-23 13:07:28,0.00009450,3680.00000000
2018-02-23 13:07:28,0.00009450,597.00000000
2018-02-23 13:07:28,0.00009450,113.00000000
2018-02-23 13:07:29,0.00009450,18.00000000
2018-02-23 13:07:29,0.00009450,154.00000000
2018-02-23 13:07:29,0.00009450,317.00000000
2018-02-23 13:07:29,0.00009450,224.00000000
2018-02-23 13:07:29,0.00009450,317.00000000
2018-02-23 13:07:29,0.00009450,1000.00000000
2018-02-23 13:07:29,0.00009450,302.00000000
2018-02-23 13:07:29,0.00009433,317.00000000
2018-02-23 13:07:29,0.00009427,258.00000000
2018-02-23 13:07:30,0.00009434,531.00000000
2018-02-23 13:07:31,0.00009449,106.00000000
2018-02-23 13:07:31,0.00009435,116.00000000
2018-02-23 13:07:31,0.00009434,104.00000000
2018-02-23 13:07:40,0.00009443,401.00000000
2018-02-23 13:07:42,0.00009428,19.00000000
2018-02-23 13:07:45,0.00009438,124.00000000
2018-02-23 13:07:48,0.00009438,34.00000000
2018-02-23 13:07:50,0.00009441,506.00000000
2018-02-23 13:07:54,0.00009449,157.00000000
2018-02-23 13:07:57,0.00009441,464.00000000
2018-02-23 13:08:00,0.00009441,154.00000000
2018-02-23 13:08:00,0.00009449,27.00000000
2018-02-23 13:08:01,0.00009441,1670.00000000
2018-02-23 13:08:03,0.00009442,34.00000000
2018-02-23 13:08:09,0.00009442,439.00000000
2018-02-23 13:08:10,0.00009441,9.00000000
2018-02-23 13:08:11,0.00009442,15.00000000
2018-02-23 13:08:12,0.00009441,135.00000000
2018-02-23 13:08:15,0.00009442,267.00000000
2018-02-23 13:08:15,0.00009441,742.00000000
2018-02-23 13:08:15,0.00009442,1512.00000000
2018-02-23 13:08:16,0.00009442,76.00000000
2018-02-23 13:08:20,0.00009442,968.00000000
2018-02-23 13:08:21,0.00009442,188.00000000
2018-02-23 13:08:27,0.00009442,2140.00000000
2018-02-23 13:08:28,0.00009441,785.00000000
2018-02-23 13:08:28,0.00009438,247.00000000
2018-02-23 13:08:30,0.00009438,21.00000000
2018-02-23 13:08:33,0.00009438,909.00000000
2018-02-23 13:08:38,0.00009440,47.00000000
2018-02-23 13:08:41,0.00009438,271.00000000
2018-02-23 13:08:41,0.00009439,99.00000000
2018-02-23 13:08:43,0.00009437,33.00000000
2018-02-23 13:08:48,0.00009437,12.00000000
2018-02-23 13:08:48,0.00009432,22.00000000
2018-02-23 13:08:54,0.00009437,2353.00000000
2018-02-23 13:08:55,0.00009437,1177.00000000
2018-02-23 13:08:55,0.00009437,90.00000000
2018-02-23 13:08:55,0.00009437,800.00000000
2018-02-23 13:08:56,0.00009437,288.00000000
2018-02-23 13:08:58,0.00009437,102.00000000
2018-02-23 13:08:58,0.00009437,35.00000000
2018-02-23 13:09:01,0.00009432,52.00000000
2018-02-23 13:09:01,0.00009432,415.00000000
2018-02-23 13:09:01,0.00009430,511.00000000
2018-02-23 13:09:04,0.00009430,51.00000000
2018-02-23 13:09:16,0.00009432,110.00000000
2018-02-23 13:09:17,0.00009435,755.00000000
2018-02-23 13:09:18,0.00009432,34.00000000
2018-02-23 13:09:22,0.00009435,1068.00000000
2018-02-23 13:09:33,0.00009432,135.00000000
2018-02-23 13:09:33,0.00009434,54.00000000
2018-02-23 13:09:33,0.00009434,34.00000000
2018-02-23 13:09:34,0.00009434,522.00000000
2018-02-23 13:09:35,0.00009434,348.00000000
2018-02-23 13:09:35,0.00009434,40.00000000
2018-02-23 13:09:37,0.00009434,348.00000000
2018-02-23 13:09:38,0.00009435,150.00000000
2018-02-23 13:09:39,0.00009434,371.00000000
2018-02-23 13:09:40,0.00009432,15.00000000
2018-02-23 13:09:40,0.00009431,100.00000000
2018-02-23 13:09:40,0.00009430,841.00000000
2018-02-23 13:09:42,0.00009430,101.00000000
2018-02-23 13:09:42,0.00009427,39.00000000
2018-02-23 13:09:42,0.00009421,882.00000000
2018-02-23 13:09:42,0.00009417,554.00000000
2018-02-23 13:09:42,0.00009434,1514.00000000
2018-02-23 13:09:42,0.00009435,569.00000000
2018-02-23 13:09:44,0.00009433,123.00000000
2018-02-23 13:09:44,0.00009435,839.00000000
2018-02-23 13:09:48,0.00009430,53.00000000
2018-02-23 13:09:49,0.00009430,551.00000000
2018-02-23 13:09:49,0.00009430,317.00000000
2018-02-23 13:09:49,0.00009430,1086.00000000
2018-02-23 13:09:49,0.00009430,316.00000000
2018-02-23 13:09:49,0.00009420,316.00000000
2018-02-23 13:09:55,0.00009430,511.00000000
2018-02-23 13:09:55,0.00009430,489.00000000
2018-02-23 13:09:55,0.00009420,616.00000000
2018-02-23 13:09:55,0.00009419,100.00000000
2018-02-23 13:09:56,0.00009429,184.00000000
2018-02-23 13:09:56,0.00009433,37.00000000
2018-02-23 13:09:59,0.00009421,184.00000000
2018-02-23 13:09:59,0.00009419,255.00000000
2018-02-23 13:10:03,0.00009431,52.00000000
2018-02-23 13:10:03,0.00009420,204.00000000
2018-02-23 13:10:09,0.00009420,696.00000000
2018-02-23 13:10:11,0.00009422,52.00000000
2018-02-23 13:10:11,0.00009420,1119.00000000
2018-02-23 13:10:11,0.00009420,90.00000000
2018-02-23 13:10:11,0.00009420,32.00000000
2018-02-23 13:10:11,0.00009420,32.00000000
2018-02-23 13:10:11,0.00009420,1111.00000000
2018-02-23 13:10:11,0.00009420,82.00000000
2018-02-23 13:10:11,0.00009420,82.00000000
2018-02-23 13:10:11,0.00009420,158.00000000
2018-02-23 13:10:11,0.00009420,127.00000000
2018-02-23 13:10:11,0.00009420,236.00000000
2018-02-23 13:10:11,0.00009420,6.00000000
2018-02-23 13:10:11,0.00009420,126.00000000
2018-02-23 13:10:18,0.00009423,184.00000000
2018-02-23 13:10:27,0.00009420,328.00000000
2018-02-23 13:10:29,0.00009420,76.00000000
2018-02-23 13:10:29,0.00009420,27.00000000
2018-02-23 13:10:35,0.00009420,24.00000000
2018-02-23 13:10:35,0.00009422,151.00000000
2018-02-23 13:10:36,0.00009420,75.00000000
2018-02-23 13:10:37,0.00009420,505.00000000
2018-02-23 13:10:38,0.00009420,629.00000000
2018-02-23 13:10:39,0.00009422,42.00000000
2018-02-23 13:10:39,0.00009420,299.00000000
2018-02-23 13:10:39,0.00009419,518.00000000
2018-02-23 13:10:44,0.00009419,520.00000000
2018-02-23 13:10:44,0.00009419,58.00000000
2018-02-23 13:10:46,0.00009415,13.00000000
2018-02-23 13:10:49,0.00009419,118.00000000
2018-02-23 13:10:57,0.00009413,157.00000000
2018-02-23 13:10:57,0.00009411,3.00000000
2018-02-23 13:10:57,0.00009411,1080.00000000
2018-02-23 13:10:57,0.00009410,1523.00000000
2018-02-23 13:10:57,0.00009405,50.00000000
2018-02-23 13:10:57,0.00009403,17.00000000
2018-02-23 13:10:57,0.00009403,106.00000000
2018-02-23 13:10:57,0.00009403,73.00000000
2018-02-23 13:10:57,0.00009403,73.00000000
2018-02-23 13:10:57,0.00009403,21.00000000
2018-02-23 13:10:58,0.00009403,21.00000000
2018-02-23 13:10:58,0.00009403,63.00000000
2018-02-23 13:10:58,0.00009401,73.00000000
2018-02-23 13:10:58,0.00009403,101.00000000
2018-02-23 13:10:59,0.00009417,1843.00000000
2018-02-23 13:10:59,0.00009418,1361.00000000
2018-02-23 13:10:59,0.00009420,615.00000000
2018-02-23 13:11:06,0.00009414,113.00000000
2018-02-23 13:11:11,0.00009410,343.00000000
2018-02-23 13:11:14,0.00009416,27.00000000
2018-02-23 13:11:17,0.00009410,120.00000000
2018-02-23 13:11:18,0.00009409,354.00000000
2018-02-23 13:11:20,0.00009416,4276.00000000
2018-02-23 13:11:20,0.00009418,102.00000000
2018-02-23 13:11:20,0.00009419,537.00000000
2018-02-23 13:11:25,0.00009409,235.00000000
2018-02-23 13:11:25,0.00009408,289.00000000
2018-02-23 13:11:26,0.00009408,149.00000000
2018-02-23 13:11:26,0.00009415,53.00000000
2018-02-23 13:11:27,0.00009415,197.00000000
2018-02-23 13:11:29,0.00009419,117.00000000
2018-02-23 13:11:29,0.00009419,818.00000000
2018-02-23 13:11:37,0.00009416,55.00000000
2018-02-23 13:11:38,0.00009418,259.00000000
2018-02-23 13:11:38,0.00009409,54.00000000
2018-02-23 13:11:38,0.00009418,1.00000000
2018-02-23 13:11:39,0.00009416,102.00000000
2018-02-23 13:11:39,0.00009416,23.00000000
2018-02-23 13:11:39,0.00009409,101.00000000
2018-02-23 13:11:41,0.00009416,20.00000000
2018-02-23 13:11:42,0.00009409,877.00000000
2018-02-23 13:11:42,0.00009408,335.00000000
2018-02-23 13:11:42,0.00009406,65.00000000
2018-02-23 13:11:42,0.00009405,653.00000000
2018-02-23 13:11:42,0.00009404,507.00000000
2018-02-23 13:11:42,0.00009403,4097.00000000
2018-02-23 13:11:42,0.00009401,900.00000000
2018-02-23 13:11:42,0.00009400,1368.00000000
2018-02-23 13:11:42,0.00009400,755.00000000
2018-02-23 13:11:42,0.00009400,379.00000000
2018-02-23 13:11:42,0.00009400,1070.00000000
2018-02-23 13:11:43,0.00009409,58.00000000
2018-02-23 13:11:51,0.00009409,104.00000000
2018-02-23 13:11:53,0.00009403,15.00000000
2018-02-23 13:11:56,0.00009408,15.00000000
2018-02-23 13:11:56,0.00009409,36.00000000
2018-02-23 13:11:56,0.00009403,202.00000000
2018-02-23 13:11:59,0.00009405,352.00000000
2018-02-23 13:12:01,0.00009405,75.00000000
2018-02-23 13:12:03,0.00009405,225.00000000
2018-02-23 13:12:03,0.00009403,1062.00000000
2018-02-23 13:12:03,0.00009401,484.00000000
2018-02-23 13:12:03,0.00009400,27295.00000000
2018-02-23 13:12:03,0.00009400,225.00000000
2018-02-23 13:12:03,0.00009400,5801.00000000
2018-02-23 13:12:04,0.00009407,184.00000000
2018-02-23 13:12:04,0.00009408,43.00000000
2018-02-23 13:12:04,0.00009409,305.00000000
2018-02-23 13:12:05,0.00009409,70.00000000
2018-02-23 13:12:06,0.00009400,362.00000000
2018-02-23 13:12:06,0.00009399,531.00000000
2018-02-23 13:12:06,0.00009399,236.00000000
2018-02-23 13:12:06,0.00009399,130.00000000
2018-02-23 13:12:07,0.00009400,90.00000000
2018-02-23 13:12:07,0.00009400,20.00000000
2018-02-23 13:12:10,0.00009400,1041.00000000
2018-02-23 13:12:11,0.00009404,19.00000000
2018-02-23 13:12:11,0.00009410,512.00000000
2018-02-23 13:12:12,0.00009400,206.00000000
2018-02-23 13:12:12,0.00009403,320.00000000
2018-02-23 13:12:12,0.00009410,212.00000000
2018-02-23 13:12:15,0.00009410,19.00000000
2018-02-23 13:12:15,0.00009414,531.00000000
2018-02-23 13:12:15,0.00009415,273.00000000
2018-02-23 13:12:15,0.00009416,85.00000000
2018-02-23 13:12:17,0.00009415,32.00000000
2018-02-23 13:12:17,0.00009415,6.00000000
2018-02-23 13:12:19,0.00009409,36.00000000
2018-02-23 13:12:20,0.00009403,117.00000000
2018-02-23 13:12:20,0.00009402,298.00000000
2018-02-23 13:12:21,0.00009415,46.00000000
2018-02-23 13:12:22,0.00009414,3.00000000
2018-02-23 13:12:23,0.00009414,27.00000000
2018-02-23 13:12:28,0.00009414,67.00000000
2018-02-23 13:12:32,0.00009412,106.00000000
2018-02-23 13:12:34,0.00009412,62.00000000
2018-02-23 13:12:44,0.00009407,20.00000000
2018-02-23 13:12:44,0.00009408,237.00000000
2018-02-23 13:12:44,0.00009408,84.00000000
2018-02-23 13:12:45,0.00009405,83.00000000
2018-02-23 13:12:45,0.00009405,84.00000000
2018-02-23 13:12:46,0.00009407,11.00000000
2018-02-23 13:12:46,0.00009408,42.00000000
2018-02-23 13:12:47,0.00009408,126.00000000
2018-02-23 13:12:47,0.00009411,23.00000000
2018-02-23 13:12:49,0.00009405,341.00000000
2018-02-23 13:12:49,0.00009405,70.00000000
2018-02-23 13:12:52,0.00009404,237.00000000
2018-02-23 13:12:58,0.00009404,38.00000000
2018-02-23 13:12:59,0.00009401,531.00000000
2018-02-23 13:12:59,0.00009400,537.00000000
2018-02-23 13:12:59,0.00009404,981.00000000
2018-02-23 13:13:01,0.00009400,20.00000000
2018-02-23 13:13:11,0.00009400,58.00000000
2018-02-23 13:13:12,0.00009400,190.00000000
2018-02-23 13:13:13,0.00009401,148.00000000
2018-02-23 13:13:15,0.00009400,15.00000000
2018-02-23 13:13:16,0.00009400,37.00000000
2018-02-23 13:13:16,0.00009399,238.00000000
2018-02-23 13:13:16,0.00009401,80.00000000
2018-02-23 13:13:19,0.00009401,99.00000000
2018-02-23 13:13:22,0.00009401,28.00000000
2018-02-23 13:13:23,0.00009400,27.00000000
2018-02-23 13:13:25,0.00009400,20.00000000
2018-02-23 13:13:26,0.00009400,656.00000000
2018-02-23 13:13:29,0.00009401,532.00000000
2018-02-23 13:13:30,0.00009401,46.00000000
2018-02-23 13:13:31,0.00009401,353.00000000
2018-02-23 13:13:31,0.00009403,179.00000000
2018-02-23 13:13:31,0.00009403,11.00000000
2018-02-23 13:13:33,0.00009400,738.00000000
2018-02-23 13:13:35,0.00009402,148.00000000
2018-02-23 13:13:36,0.00009402,532.00000000
2018-02-23 13:13:37,0.00009402,100.00000000
2018-02-23 13:13:39,0.00009402,106.00000000
2018-02-23 13:13:46,0.00009400,13.00000000
2018-02-23 13:13:46,0.00009399,2625.00000000
2018-02-23 13:13:51,0.00009399,948.00000000
2018-02-23 13:13:51,0.00009400,64.00000000
2018-02-23 13:13:53,0.00009400,23.00000000
2018-02-23 13:13:53,0.00009400,113.00000000
2018-02-23 13:13:53,0.00009400,882.00000000
2018-02-23 13:13:53,0.00009399,1743.00000000
2018-02-23 13:13:53,0.00009401,454.00000000
2018-02-23 13:13:54,0.00009401,75.00000000
2018-02-23 13:13:57,0.00009399,76.00000000
2018-02-23 13:13:57,0.00009400,184.00000000
2018-02-23 13:13:59,0.00009400,113.00000000
2018-02-23 13:13:59,0.00009398,302.00000000
2018-02-23 13:14:00,0.00009395,60.00000000
2018-02-23 13:14:01,0.00009396,321.00000000
2018-02-23 13:14:02,0.00009399,69.00000000
2018-02-23 13:14:02,0.00009400,784.00000000
2018-02-23 13:14:03,0.00009400,226.00000000
2018-02-23 13:14:04,0.00009400,259.00000000
2018-02-23 13:14:09,0.00009400,870.00000000
2018-02-23 13:14:12,0.00009398,10.00000000
2018-02-23 13:14:15,0.00009398,70.00000000
2018-02-23 13:14:15,0.00009398,355.00000000
2018-02-23 13:14:17,0.00009398,100.00000000
2018-02-23 13:14:17,0.00009399,53.00000000
2018-02-23 13:14:20,0.00009398,312.00000000
2018-02-23 13:14:22,0.00009399,32.00000000
2018-02-23 13:14:22,0.00009398,1123.00000000
2018-02-23 13:14:26,0.00009398,28.00000000
2018-02-23 13:14:26,0.00009398,88.00000000
2018-02-23 13:14:28,0.00009398,1007.00000000
2018-02-23 13:14:28,0.00009399,1758.00000000
2018-02-23 13:14:28,0.00009399,79.00000000
2018-02-23 13:14:29,0.00009398,23.00000000
2018-02-23 13:14:31,0.00009399,23.00000000
2018-02-23 13:14:31,0.00009399,170.00000000
2018-02-23 13:14:33,0.00009398,514.00000000
2018-02-23 13:14:35,0.00009398,3742.00000000
2018-02-23 13:14:35,0.00009398,7538.00000000
2018-02-23 13:14:36,0.00009399,2143.00000000
2018-02-23 13:14:40,0.00009399,23.00000000
2018-02-23 13:14:40,0.00009398,491.00000000
2018-02-23 13:14:41,0.00009399,3735.00000000
2018-02-23 13:14:42,0.00009398,76.00000000
2018-02-23 13:14:43,0.00009398,1258.00000000
2018-02-23 13:14:43,0.00009396,84.00000000
2018-02-23 13:14:43,0.00009395,544.00000000
2018-02-23 13:14:43,0.00009394,158.00000000
2018-02-23 13:14:43,0.00009394,63.00000000
2018-02-23 13:14:45,0.00009398,76.00000000
2018-02-23 13:14:45,0.00009398,23.00000000
2018-02-23 13:14:45,0.00009395,7.00000000
2018-02-23 13:14:48,0.00009398,31.00000000
2018-02-23 13:14:53,0.00009395,134.00000000
2018-02-23 13:14:54,0.00009394,90.00000000
2018-02-23 13:15:03,0.00009395,47.00000000
2018-02-23 13:15:03,0.00009395,27.00000000
2018-02-23 13:15:04,0.00009395,13.00000000
2018-02-23 13:15:05,0.00009394,15.00000000
2018-02-23 13:15:05,0.00009392,40.00000000
2018-02-23 13:15:07,0.00009394,122.00000000
2018-02-23 13:15:10,0.00009392,296.00000000
2018-02-23 13:15:10,0.00009390,3704.00000000
2018-02-23 13:15:10,0.00009390,73.00000000
2018-02-23 13:15:14,0.00009390,952.00000000
2018-02-23 13:15:14,0.00009390,46.00000000
2018-02-23 13:15:15,0.00009394,163.00000000
2018-02-23 13:15:18,0.00009394,44.00000000
2018-02-23 13:15:19,0.00009390,97.00000000
2018-02-23 13:15:20,0.00009391,100.00000000
2018-02-23 13:15:20,0.00009390,200.00000000
2018-02-23 13:15:20,0.00009395,109.00000000
2018-02-23 13:15:24,0.00009398,201.00000000
2018-02-23 13:15:26,0.00009395,82.00000000
2018-02-23 13:15:31,0.00009395,184.00000000
2018-02-23 13:15:31,0.00009398,957.00000000
2018-02-23 13:15:31,0.00009399,1062.00000000
2018-02-23 13:15:31,0.00009398,31.00000000
2018-02-23 13:15:33,0.00009395,1005.00000000
2018-02-23 13:15:35,0.00009394,336.00000000
2018-02-23 13:15:35,0.00009395,414.00000000
2018-02-23 13:15:37,0.00009391,500.00000000
2018-02-23 13:15:42,0.00009395,29.00000000
2018-02-23 13:15:44,0.00009395,2395.00000000
2018-02-23 13:15:46,0.00009392,45.00000000
2018-02-23 13:15:46,0.00009391,551.00000000
2018-02-23 13:15:48,0.00009392,280.00000000
2018-02-23 13:15:49,0.00009395,16854.00000000
2018-02-23 13:15:52,0.00009395,96.00000000
2018-02-23 13:15:53,0.00009392,120.00000000
2018-02-23 13:15:53,0.00009392,120.00000000
2018-02-23 13:15:53,0.00009392,319.00000000
2018-02-23 13:15:53,0.00009392,319.00000000
2018-02-23 13:15:53,0.00009391,120.00000000
2018-02-23 13:15:53,0.00009392,1105.00000000
2018-02-23 13:15:53,0.00009392,318.00000000
2018-02-23 13:15:55,0.00009392,70.00000000
2018-02-23 13:15:55,0.00009391,787.00000000
2018-02-23 13:15:55,0.00009392,745.00000000
2018-02-23 13:15:55,0.00009392,657.00000000
2018-02-23 13:15:55,0.00009395,1546.00000000
2018-02-23 13:15:57,0.00009391,390.00000000
2018-02-23 13:15:58,0.00009395,2203.00000000
2018-02-23 13:16:00,0.00009395,1446.00000000
2018-02-23 13:16:02,0.00009395,141.00000000
2018-02-23 13:16:04,0.00009395,26.00000000
2018-02-23 13:16:05,0.00009395,70.00000000
2018-02-23 13:16:06,0.00009395,14.00000000
2018-02-23 13:16:09,0.00009395,2463.00000000
2018-02-23 13:16:11,0.00009395,358.00000000
2018-02-23 13:16:12,0.00009392,504.00000000
2018-02-23 13:16:21,0.00009392,218.00000000
2018-02-23 13:16:25,0.00009392,665.00000000
2018-02-23 13:16:25,0.00009392,3761.00000000
2018-02-23 13:16:25,0.00009391,928.00000000
2018-02-23 13:16:27,0.00009391,759.00000000
2018-02-23 13:16:28,0.00009391,401.00000000
2018-02-23 13:16:30,0.00009391,67.00000000
2018-02-23 13:16:35,0.00009392,21.00000000
2018-02-23 13:16:37,0.00009392,40.00000000
2018-02-23 13:16:37,0.00009394,41.00000000
2018-02-23 13:16:38,0.00009394,200.00000000
2018-02-23 13:16:40,0.00009391,424.00000000
2018-02-23 13:16:41,0.00009391,300.00000000
2018-02-23 13:16:50,0.00009392,466.00000000
2018-02-23 13:16:50,0.00009391,1209.00000000
2018-02-23 13:16:52,0.00009393,54.00000000
2018-02-23 13:16:52,0.00009393,319.00000000
2018-02-23 13:16:52,0.00009393,172.00000000
2018-02-23 13:16:54,0.00009391,91.00000000
2018-02-23 13:16:54,0.00009391,439.00000000
2018-02-23 13:16:54,0.00009390,5964.00000000
2018-02-23 13:16:54,0.00009390,1071.00000000
2018-02-23 13:16:57,0.00009393,61.00000000
2018-02-23 13:16:57,0.00009394,99.00000000
2018-02-23 13:16:59,0.00009391,90.00000000
2018-02-23 13:17:03,0.00009391,73.00000000
2018-02-23 13:17:05,0.00009394,895.00000000
2018-02-23 13:17:06,0.00009394,90.00000000
2018-02-23 13:17:06,0.00009391,341.00000000
2018-02-23 13:17:07,0.00009391,75.00000000
2018-02-23 13:17:10,0.00009391,2367.00000000
2018-02-23 13:17:16,0.00009391,11.00000000
2018-02-23 13:17:17,0.00009394,28.00000000
2018-02-23 13:17:17,0.00009395,333.00000000
2018-02-23 13:17:19,0.00009391,233.00000000
2018-02-23 13:17:22,0.00009391,333.00000000
2018-02-23 13:17:27,0.00009395,106.00000000
2018-02-23 13:17:27,0.00009391,267.00000000
2018-02-23 13:17:30,0.00009395,21.00000000
2018-02-23 13:17:33,0.00009395,532.00000000
2018-02-23 13:17:33,0.00009391,398.00000000
2018-02-23 13:17:36,0.00009395,532.00000000
2018-02-23 13:17:36,0.00009395,32.00000000
2018-02-23 13:17:41,0.00009395,532.00000000
2018-02-23 13:17:44,0.00009395,532.00000000
2018-02-23 13:17:45,0.00009395,532.00000000
2018-02-23 13:17:47,0.00009395,532.00000000
2018-02-23 13:17:47,0.00009392,501.00000000
2018-02-23 13:17:50,0.00009395,2954.00000000
2018-02-23 13:17:50,0.00009395,257.00000000
2018-02-23 13:17:50,0.00009392,361.00000000
2018-02-23 13:17:51,0.00009396,939.00000000
2018-02-23 13:17:51,0.00009397,4000.00000000
2018-02-23 13:17:51,0.00009398,2550.00000000
2018-02-23 13:17:51,0.00009399,4055.00000000
2018-02-23 13:17:51,0.00009399,2999.00000000
2018-02-23 13:17:51,0.00009399,1354.00000000
2018-02-23 13:17:52,0.00009400,335.00000000
2018-02-23 13:17:52,0.00009400,233.00000000
2018-02-23 13:17:54,0.00009399,16.00000000
2018-02-23 13:17:58,0.00009394,532.00000000
2018-02-23 13:17:58,0.00009399,27.00000000
2018-02-23 13:17:59,0.00009399,30.00000000
2018-02-23 13:18:00,0.00009394,407.00000000
2018-02-23 13:18:00,0.00009393,125.00000000
2018-02-23 13:18:02,0.00009399,212.00000000
2018-02-23 13:18:08,0.00009399,448.00000000
2018-02-23 13:18:09,0.00009396,34.00000000
2018-02-23 13:18:10,0.00009396,235.00000000
2018-02-23 13:18:10,0.00009395,365.00000000
2018-02-23 13:18:15,0.00009396,49.00000000
2018-02-23 13:18:16,0.00009396,185.00000000
2018-02-23 13:18:16,0.00009396,185.00000000
2018-02-23 13:18:16,0.00009395,397.00000000
2018-02-23 13:18:16,0.00009395,185.00000000
2018-02-23 13:18:16,0.00009394,83.00000000
2018-02-23 13:18:19,0.00009395,95.00000000
2018-02-23 13:18:19,0.00009395,851.00000000
2018-02-23 13:18:23,0.00009395,319.00000000
2018-02-23 13:18:23,0.00009395,323.00000000
2018-02-23 13:18:23,0.00009395,46.00000000
2018-02-23 13:18:23,0.00009396,21.00000000
2018-02-23 13:18:23,0.00009394,30.00000000
2018-02-23 13:18:24,0.00009399,59.00000000
2018-02-23 13:18:24,0.00009398,77.00000000
2018-02-23 13:18:28,0.00009396,115.00000000
2018-02-23 13:18:30,0.00009396,532.00000000
2018-02-23 13:18:32,0.00009396,300.00000000
2018-02-23 13:18:37,0.00009396,95.00000000
2018-02-23 13:18:39,0.00009395,533.00000000
2018-02-23 13:18:43,0.00009396,192.00000000
2018-02-23 13:18:48,0.00009398,32.00000000
2018-02-23 13:18:49,0.00009398,10.00000000
2018-02-23 13:18:51,0.00009396,23.00000000
2018-02-23 13:18:52,0.00009396,229.00000000
2018-02-23 13:18:54,0.00009396,308.00000000
2018-02-23 13:18:54,0.00009398,238.00000000
2018-02-23 13:18:57,0.00009398,1489.00000000
2018-02-23 13:19:02,0.00009396,149.00000000
2018-02-23 13:19:02,0.00009395,1143.00000000
2018-02-23 13:19:03,0.00009395,20.00000000
2018-02-23 13:19:03,0.00009395,15.00000000
2018-02-23 13:19:03,0.00009395,36.00000000
2018-02-23 13:19:05,0.00009396,89.00000000
2018-02-23 13:19:05,0.00009398,1726.00000000
2018-02-23 13:19:07,0.00009395,244.00000000
2018-02-23 13:19:07,0.00009395,22.00000000
2018-02-23 13:19:07,0.00009395,700.00000000
2018-02-23 13:19:08,0.00009395,984.00000000
2018-02-23 13:19:08,0.00009397,794.00000000
2018-02-23 13:19:10,0.00009397,35.00000000
2018-02-23 13:19:10,0.00009397,106.00000000
2018-02-23 13:19:11,0.00009396,319.00000000
2018-02-23 13:19:11,0.00009396,319.00000000
2018-02-23 13:19:11,0.00009396,59.00000000
2018-02-23 13:19:12,0.00009394,258.00000000
2018-02-23 13:19:12,0.00009396,303.00000000
2018-02-23 13:19:12,0.00009398,765.00000000
2018-02-23 13:19:13,0.00009394,6.00000000
2018-02-23 13:19:13,0.00009392,60.00000000
2018-02-23 13:19:15,0.00009396,120.00000000
2018-02-23 13:19:19,0.00009398,382.00000000
2018-02-23 13:19:21,0.00009396,20.00000000
2018-02-23 13:19:22,0.00009396,440.00000000
2018-02-23 13:19:22,0.00009398,851.00000000
2018-02-23 13:19:32,0.00009397,101.00000000
2018-02-23 13:19:33,0.00009398,12.00000000
2018-02-23 13:19:36,0.00009397,131.00000000
2018-02-23 13:19:36,0.00009396,770.00000000
2018-02-23 13:19:38,0.00009397,300.00000000
2018-02-23 13:19:38,0.00009398,318.00000000
2018-02-23 13:19:40,0.00009398,1348.00000000
2018-02-23 13:19:41,0.00009397,143.00000000
2018-02-23 13:19:41,0.00009398,200.00000000
2018-02-23 13:19:42,0.00009398,532.00000000
2018-02-23 13:19:45,0.00009396,750.00000000
2018-02-23 13:19:45,0.00009395,195.00000000
2018-02-23 13:19:45,0.00009393,120.00000000
2018-02-23 13:19:45,0.00009392,3.00000000
2018-02-23 13:19:45,0.00009398,41.00000000
2018-02-23 13:19:46,0.00009398,350.00000000
2018-02-23 13:19:47,0.00009398,532.00000000
2018-02-23 13:19:48,0.00009398,42.00000000
2018-02-23 13:19:49,0.00009392,17.00000000
2018-02-23 13:19:52,0.00009398,212.00000000
2018-02-23 13:19:54,0.00009394,60.00000000
2018-02-23 13:19:55,0.00009394,182.00000000
2018-02-23 13:19:55,0.00009392,3240.00000000
2018-02-23 13:19:55,0.00009392,120.00000000
2018-02-23 13:19:55,0.00009392,59.00000000
2018-02-23 13:19:56,0.00009391,14.00000000
2018-02-23 13:19:56,0.00009392,381.00000000
2018-02-23 13:19:56,0.00009397,120.00000000
2018-02-23 13:19:57,0.00009397,999.00000000
2018-02-23 13:19:57,0.00009397,89.00000000
2018-02-23 13:19:58,0.00009398,660.00000000
2018-02-23 13:19:59,0.00009397,184.00000000
2018-02-23 13:19:59,0.00009391,243.00000000
2018-02-23 13:20:00,0.00009398,97.00000000
2018-02-23 13:20:00,0.00009399,434.00000000
2018-02-23 13:20:00,0.00009399,566.00000000
2018-02-23 13:20:00,0.00009400,752.00000000
2018-02-23 13:20:02,0.00009399,105.00000000
2018-02-23 13:20:05,0.00009393,1057.00000000
2018-02-23 13:20:08,0.00009398,158.00000000
2018-02-23 13:20:12,0.00009395,105.00000000
2018-02-23 13:20:12,0.00009393,8418.00000000
2018-02-23 13:20:13,0.00009398,264.00000000
2018-02-23 13:20:13,0.00009399,86.00000000
2018-02-23 13:20:19,0.00009398,31.00000000
2018-02-23 13:20:19,0.00009398,425.00000000
2018-02-23 13:20:24,0.00009398,350.00000000
2018-02-23 13:20:25,0.00009398,1842.00000000
2018-02-23 13:20:25,0.00009399,283.00000000
2018-02-23 13:20:28,0.00009397,22.00000000
2018-02-23 13:20:31,0.00009397,27.00000000
2018-02-23 13:20:34,0.00009397,851.00000000
2018-02-23 13:20:35,0.00009397,190.00000000
2018-02-23 13:20:40,0.00009395,209.00000000
2018-02-23 13:20:43,0.00009397,98.00000000
2018-02-23 13:20:44,0.00009397,425.00000000
2018-02-23 13:20:46,0.00009395,1.00000000
2018-02-23 13:20:46,0.00009394,314.00000000
2018-02-23 13:20:46,0.00009393,183.00000000
2018-02-23 13:20:46,0.00009392,20.00000000
2018-02-23 13:20:46,0.00009391,847.00000000
2018-02-23 13:20:48,0.00009391,149.00000000
2018-02-23 13:20:49,0.00009397,230.00000000
2018-02-23 13:20:49,0.00009398,89.00000000
2018-02-23 13:20:51,0.00009397,96.00000000
2018-02-23 13:20:51,0.00009398,26.00000000
2018-02-23 13:20:54,0.00009391,193.00000000
2018-02-23 13:20:55,0.00009398,10.00000000
2018-02-23 13:20:59,0.00009398,13.00000000
2018-02-23 13:21:02,0.00009397,116.00000000
2018-02-23 13:21:05,0.00009397,1000.00000000
2018-02-23 13:21:06,0.00009397,82.00000000
2018-02-23 13:21:07,0.00009392,42.00000000
2018-02-23 13:21:07,0.00009398,1.00000000
2018-02-23 13:21:08,0.00009398,192.00000000
2018-02-23 13:21:10,0.00009393,10.00000000
2018-02-23 13:21:11,0.00009398,82.00000000
2018-02-23 13:21:15,0.00009396,305.00000000
2018-02-23 13:21:15,0.00009398,58.00000000
2018-02-23 13:21:15,0.00009394,264.00000000
2018-02-23 13:21:15,0.00009392,238.00000000
2018-02-23 13:21:17,0.00009398,1000.00000000
2018-02-23 13:21:18,0.00009398,1.00000000
2018-02-23 13:21:19,0.00009396,619.00000000
2018-02-23 13:21:20,0.00009396,4.00000000
2018-02-23 13:21:21,0.00009396,25.00000000
2018-02-23 13:21:23,0.00009396,106.00000000
2018-02-23 13:21:30,0.00009396,33.00000000
2018-02-23 13:21:31,0.00009396,33.00000000
2018-02-23 13:21:33,0.00009394,1449.00000000
2018-02-23 13:21:33,0.00009392,619.00000000
2018-02-23 13:21:33,0.00009391,7533.00000000
2018-02-23 13:21:33,0.00009390,27438.00000000
2018-02-23 13:21:35,0.00009395,135.00000000
2018-02-23 13:21:35,0.00009395,14.00000000
2018-02-23 13:21:39,0.00009395,136.00000000
2018-02-23 13:21:39,0.00009394,1040.00000000
2018-02-23 13:21:39,0.00009391,264.00000000
2018-02-23 13:21:39,0.00009390,2038.00000000
2018-02-23 13:21:41,0.00009394,319.00000000
2018-02-23 13:21:41,0.00009394,166.00000000
2018-02-23 13:21:44,0.00009394,72.00000000
2018-02-23 13:21:44,0.00009394,53.00000000
2018-02-23 13:21:44,0.00009395,21.00000000
2018-02-23 13:21:44,0.00009396,30.00000000
2018-02-23 13:21:44,0.00009391,90.00000000
2018-02-23 13:21:46,0.00009396,212.00000000
2018-02-23 13:21:48,0.00009391,35.00000000
2018-02-23 13:21:49,0.00009396,73.00000000
2018-02-23 13:21:50,0.00009396,179.00000000
2018-02-23 13:21:51,0.00009392,225.00000000
2018-02-23 13:21:53,0.00009395,223.00000000
2018-02-23 13:21:53,0.00009396,20.00000000
2018-02-23 13:21:53,0.00009397,535.00000000
2018-02-23 13:21:53,0.00009392,17.00000000
2018-02-23 13:21:55,0.00009393,187.00000000
2018-02-23 13:21:55,0.00009397,11.00000000
2018-02-23 13:21:56,0.00009397,67.00000000
2018-02-23 13:21:56,0.00009393,67.00000000
2018-02-23 13:21:59,0.00009397,67.00000000
2018-02-23 13:21:59,0.00009397,43.00000000
2018-02-23 13:22:00,0.00009397,6.00000000
2018-02-23 13:22:00,0.00009394,1062.00000000
2018-02-23 13:22:00,0.00009393,764.00000000
2018-02-23 13:22:01,0.00009393,281.00000000
2018-02-23 13:22:02,0.00009393,192.00000000
2018-02-23 13:22:03,0.00009393,106.00000000
2018-02-23 13:22:03,0.00009393,312.00000000
2018-02-23 13:22:04,0.00009393,723.00000000
2018-02-23 13:22:04,0.00009398,2294.00000000
2018-02-23 13:22:04,0.00009398,319.00000000
2018-02-23 13:22:05,0.00009398,319.00000000
2018-02-23 13:22:05,0.00009398,299.00000000
2018-02-23 13:22:05,0.00009398,319.00000000
2018-02-23 13:22:05,0.00009398,319.00000000
2018-02-23 13:22:05,0.00009398,319.00000000
2018-02-23 13:22:06,0.00009399,3482.00000000
2018-02-23 13:22:06,0.00009400,1518.00000000
2018-02-23 13:22:06,0.00009398,89.00000000
2018-02-23 13:22:07,0.00009392,88.00000000
2018-02-23 13:22:09,0.00009400,5.00000000
2018-02-23 13:22:09,0.00009400,106.00000000
2018-02-23 13:22:16,0.00009393,936.00000000
2018-02-23 13:22:19,0.00009393,445.00000000
2018-02-23 13:22:20,0.00009393,62.00000000
2018-02-23 13:22:23,0.00009394,180.00000000
2018-02-23 13:22:26,0.00009392,2.00000000
2018-02-23 13:22:31,0.00009394,20.00000000
2018-02-23 13:22:31,0.00009397,13.00000000
2018-02-23 13:22:31,0.00009399,2641.00000000
2018-02-23 13:22:31,0.00009400,7326.00000000
2018-02-23 13:22:31,0.00009400,7.00000000
2018-02-23 13:22:32,0.00009392,27.00000000
2018-02-23 13:22:32,0.00009391,591.00000000
2018-02-23 13:22:34,0.00009400,108.00000000
2018-02-23 13:22:46,0.00009395,390.00000000
2018-02-23 13:22:46,0.00009396,23.00000000
2018-02-23 13:22:52,0.00009396,45.00000000
2018-02-23 13:22:52,0.00009397,319.00000000
2018-02-23 13:22:52,0.00009397,318.00000000
2018-02-23 13:22:52,0.00009397,137.00000000
2018-02-23 13:22:53,0.00009395,58.00000000
2018-02-23 13:22:54,0.00009396,17.00000000
2018-02-23 13:22:54,0.00009395,319.00000000
2018-02-23 13:22:55,0.00009397,220.00000000
2018-02-23 13:22:57,0.00009395,299.00000000
2018-02-23 13:22:57,0.00009399,546.00000000
2018-02-23 13:22:58,0.00009399,390.00000000
2018-02-23 13:22:58,0.00009400,2006.00000000
2018-02-23 13:22:58,0.00009401,238.00000000
2018-02-23 13:22:58,0.00009402,524.00000000
2018-02-23 13:22:58,0.00009403,6842.00000000
2018-02-23 13:23:01,0.00009394,61.00000000
2018-02-23 13:23:02,0.00009400,300.00000000
2018-02-23 13:23:02,0.00009403,487.00000000
2018-02-23 13:23:03,0.00009397,319.00000000
2018-02-23 13:23:03,0.00009397,239.00000000
2018-02-23 13:23:03,0.00009393,80.00000000
2018-02-23 13:23:03,0.00009392,238.00000000
2018-02-23 13:23:04,0.00009397,35.00000000
2018-02-23 13:23:04,0.00009395,319.00000000
2018-02-23 13:23:04,0.00009396,20.00000000
2018-02-23 13:23:04,0.00009397,204.00000000
2018-02-23 13:23:04,0.00009403,733.00000000
2018-02-23 13:23:05,0.00009397,318.00000000
2018-02-23 13:23:05,0.00009397,237.00000000
2018-02-23 13:23:05,0.00009397,233.00000000
2018-02-23 13:23:06,0.00009395,52.00000000
2018-02-23 13:23:07,0.00009403,10.00000000
2018-02-23 13:23:09,0.00009395,515.00000000
2018-02-23 13:23:09,0.00009392,505.00000000
2018-02-23 13:23:09,0.00009391,2691.00000000
2018-02-23 13:23:09,0.00009391,1626.00000000
2018-02-23 13:23:09,0.00009391,1062.00000000
2018-02-23 13:23:10,0.00009391,308.00000000
2018-02-23 13:23:10,0.00009391,239.00000000
2018-02-23 13:23:10,0.00009391,1886.00000000
2018-02-23 13:23:10,0.00009391,1463.00000000
2018-02-23 13:23:15,0.00009401,2936.00000000
2018-02-23 13:23:15,0.00009401,64.00000000
2018-02-23 13:23:16,0.00009394,700.00000000
2018-02-23 13:23:16,0.00009391,304.00000000
2018-02-23 13:23:16,0.00009390,517.00000000
2018-02-23 13:23:18,0.00009392,900.00000000
2018-02-23 13:23:18,0.00009391,772.00000000
2018-02-23 13:23:18,0.00009390,328.00000000
2018-02-23 13:23:23,0.00009400,390.00000000
2018-02-23 13:23:23,0.00009400,130.00000000
2018-02-23 13:23:23,0.00009400,130.00000000
2018-02-23 13:23:23,0.00009400,50.00000000
2018-02-23 13:23:23,0.00009400,50.00000000
2018-02-23 13:23:25,0.00009400,73.00000000
2018-02-23 13:23:25,0.00009396,262.00000000
2018-02-23 13:23:27,0.00009396,674.00000000
2018-02-23 13:23:27,0.00009394,23.00000000
2018-02-23 13:23:36,0.00009401,21.00000000
2018-02-23 13:23:39,0.00009396,96.00000000
2018-02-23 13:23:44,0.00009397,10.00000000
2018-02-23 13:23:46,0.00009401,53.00000000
2018-02-23 13:23:55,0.00009397,547.00000000
2018-02-23 13:23:57,0.00009397,32.00000000
2018-02-23 13:23:59,0.00009396,294.00000000
2018-02-23 13:23:59,0.00009394,523.00000000
2018-02-23 13:23:59,0.00009393,197.00000000
2018-02-23 13:24:01,0.00009397,247.00000000
2018-02-23 13:24:04,0.00009400,944.00000000
2018-02-23 13:24:05,0.00009397,168.00000000
2018-02-23 13:24:09,0.00009397,13.00000000
2018-02-23 13:24:10,0.00009397,451.00000000
2018-02-23 13:24:11,0.00009397,19.00000000
2018-02-23 13:24:13,0.00009393,71.00000000
2018-02-23 13:24:13,0.00009393,129.00000000
2018-02-23 13:24:13,0.00009397,27.00000000
2018-02-23 13:24:19,0.00009397,685.00000000
2018-02-23 13:24:19,0.00009400,416.00000000
2018-02-23 13:24:20,0.00009399,206.00000000
2018-02-23 13:24:24,0.00009399,5.00000000
2018-02-23 13:24:27,0.00009399,45.00000000
2018-02-23 13:24:28,0.00009399,2744.00000000
2018-02-23 13:24:28,0.00009400,828.00000000
2018-02-23 13:24:28,0.00009403,407.00000000
2018-02-23 13:24:30,0.00009400,78.00000000
2018-02-23 13:24:32,0.00009400,3667.00000000
2018-02-23 13:24:35,0.00009400,36.00000000
2018-02-23 13:24:36,0.00009397,420.00000000
2018-02-23 13:24:37,0.00009396,91.00000000
2018-02-23 13:24:40,0.00009397,367.00000000
2018-02-23 13:24:44,0.00009400,925.00000000
2018-02-23 13:24:45,0.00009402,165.00000000
2018-02-23 13:24:46,0.00009402,121.00000000
2018-02-23 13:24:46,0.00009403,44.00000000
2018-02-23 13:24:48,0.00009403,22.00000000
2018-02-23 13:24:50,0.00009404,29.00000000
2018-02-23 13:24:51,0.00009403,4.00000000
2018-02-23 13:24:54,0.00009400,100.00000000
2018-02-23 13:24:54,0.00009398,232.00000000
2018-02-23 13:24:55,0.00009400,455.00000000
2018-02-23 13:24:56,0.00009400,849.00000000
2018-02-23 13:24:59,0.00009403,15.00000000
2018-02-23 13:25:00,0.00009403,341.00000000
2018-02-23 13:25:00,0.00009403,22.00000000
2018-02-23 13:25:00,0.00009404,70.00000000
2018-02-23 13:25:00,0.00009405,440.00000000
2018-02-23 13:25:04,0.00009405,17.00000000
2018-02-23 13:25:05,0.00009400,100.00000000
2018-02-23 13:25:07,0.00009405,231.00000000
2018-02-23 13:25:07,0.00009407,836.00000000
2018-02-23 13:25:07,0.00009407,5.00000000
2018-02-23 13:25:08,0.00009400,1517.00000000
2018-02-23 13:25:08,0.00009400,26.00000000
2018-02-23 13:25:08,0.00009400,535.00000000
2018-02-23 13:25:09,0.00009400,848.00000000
2018-02-23 13:25:09,0.00009400,12.00000000
2018-02-23 13:25:11,0.00009400,532.00000000
2018-02-23 13:25:12,0.00009400,1255.00000000
2018-02-23 13:25:12,0.00009400,107.00000000
2018-02-23 13:25:19,0.00009400,168.00000000
2018-02-23 13:25:19,0.00009407,39.00000000
2018-02-23 13:25:19,0.00009409,603.00000000
2018-02-23 13:25:21,0.00009404,62.00000000
2018-02-23 13:25:22,0.00009404,106.00000000
2018-02-23 13:25:23,0.00009400,31.00000000
2018-02-23 13:25:25,0.00009400,35.00000000
2018-02-23 13:25:25,0.00009400,396.00000000
2018-02-23 13:25:28,0.00009400,1068.00000000
2018-02-23 13:25:29,0.00009400,11.00000000
2018-02-23 13:25:29,0.00009400,222.00000000
2018-02-23 13:25:30,0.00009400,222.00000000
2018-02-23 13:25:30,0.00009400,222.00000000
2018-02-23 13:25:31,0.00009400,68.00000000
2018-02-23 13:25:32,0.00009400,69.00000000
2018-02-23 13:25:32,0.00009400,69.00000000
2018-02-23 13:25:32,0.00009400,69.00000000
2018-02-23 13:25:33,0.00009398,30.00000000
2018-02-23 13:25:35,0.00009400,100.00000000
2018-02-23 13:25:37,0.00009400,244.00000000
2018-02-23 13:25:37,0.00009398,532.00000000
2018-02-23 13:25:39,0.00009398,106.00000000
2018-02-23 13:25:42,0.00009398,50.00000000
2018-02-23 13:25:42,0.00009400,150.00000000
2018-02-23 13:25:44,0.00009397,199.00000000
2018-02-23 13:25:47,0.00009400,272.00000000
2018-02-23 13:25:48,0.00009400,462.00000000
2018-02-23 13:25:49,0.00009400,32.00000000
2018-02-23 13:26:01,0.00009400,1567.00000000
2018-02-23 13:26:04,0.00009400,401.00000000
2018-02-23 13:26:04,0.00009400,680.00000000
2018-02-23 13:26:04,0.00009400,352.00000000
2018-02-23 13:26:05,0.00009399,148.00000000
2018-02-23 13:26:33,0.00009402,414.00000000
2018-02-23 13:26:34,0.00009400,1067.00000000
2018-02-23 13:26:35,0.00009402,106.00000000
2018-02-23 13:26:42,0.00009400,509.00000000
2018-02-23 13:26:42,0.00009399,365.00000000
2018-02-23 13:26:42,0.00009398,19.00000000
2018-02-23 13:26:55,0.00009398,70.00000000
2018-02-23 13:26:55,0.00009398,84.00000000
2018-02-23 13:27:00,0.00009397,1559.00000000
2018-02-23 13:27:00,0.00009396,529.00000000
2018-02-23 13:27:00,0.00009396,720.00000000
2018-02-23 13:27:00,0.00009398,49.00000000
2018-02-23 13:27:00,0.00009399,910.00000000
2018-02-23 13:27:01,0.00009399,783.00000000
2018-02-23 13:27:03,0.00009398,205.00000000
2018-02-23 13:27:03,0.00009398,318.00000000
2018-02-23 13:27:03,0.00009398,319.00000000
2018-02-23 13:27:03,0.00009398,319.00000000
2018-02-23 13:27:03,0.00009398,318.00000000
2018-02-23 13:27:03,0.00009398,319.00000000
2018-02-23 13:27:03,0.00009398,319.00000000
2018-02-23 13:27:03,0.00009398,319.00000000
2018-02-23 13:27:03,0.00009398,319.00000000
2018-02-23 13:27:04,0.00009398,319.00000000
2018-02-23 13:27:04,0.00009398,319.00000000
2018-02-23 13:27:04,0.00009398,1.00000000
2018-02-23 13:27:04,0.00009393,121.00000000
2018-02-23 13:27:10,0.00009393,70.00000000
2018-02-23 13:27:10,0.00009392,1437.00000000
2018-02-23 13:27:11,0.00009392,662.00000000
2018-02-23 13:27:15,0.00009392,144.00000000
2018-02-23 13:27:15,0.00009393,50.00000000
2018-02-23 13:27:27,0.00009393,17.00000000
2018-02-23 13:27:30,0.00009393,158.00000000
2018-02-23 13:27:30,0.00009396,239.00000000
2018-02-23 13:27:32,0.00009393,800.00000000
2018-02-23 13:27:34,0.00009394,49.00000000
2018-02-23 13:27:35,0.00009396,512.00000000
2018-02-23 13:27:35,0.00009397,292.00000000
2018-02-23 13:27:37,0.00009394,65.00000000
2018-02-23 13:27:40,0.00009394,29.00000000
2018-02-23 13:27:43,0.00009394,519.00000000
2018-02-23 13:27:47,0.00009394,217.00000000
2018-02-23 13:27:57,0.00009394,100.00000000
2018-02-23 13:27:57,0.00009394,58.00000000
2018-02-23 13:27:57,0.00009394,364.00000000
2018-02-23 13:28:03,0.00009394,2350.00000000
2018-02-23 13:28:04,0.00009394,25.00000000
2018-02-23 13:28:07,0.00009393,562.00000000
2018-02-23 13:28:09,0.00009394,3.00000000
2018-02-23 13:28:10,0.00009394,605.00000000
2018-02-23 13:28:12,0.00009394,181.00000000
2018-02-23 13:28:15,0.00009394,780.00000000
2018-02-23 13:28:16,0.00009394,640.00000000
2018-02-23 13:28:18,0.00009393,1042.00000000
2018-02-23 13:28:21,0.00009393,289.00000000
2018-02-23 13:28:24,0.00009394,851.00000000
2018-02-23 13:28:25,0.00009393,333.00000000
2018-02-23 13:28:33,0.00009394,675.00000000
2018-02-23 13:28:37,0.00009394,11.00000000
2018-02-23 13:28:38,0.00009393,223.00000000
2018-02-23 13:28:38,0.00009394,441.00000000
2018-02-23 13:28:38,0.00009396,585.00000000
2018-02-23 13:28:38,0.00009397,879.00000000
2018-02-23 13:28:44,0.00009393,499.00000000
2018-02-23 13:28:47,0.00009394,35.00000000
2018-02-23 13:28:50,0.00009397,4388.00000000
2018-02-23 13:28:50,0.00009394,76.00000000
2018-02-23 13:28:50,0.00009393,236.00000000
2018-02-23 13:29:00,0.00009396,2040.00000000
2018-02-23 13:29:00,0.00009397,4467.00000000
2018-02-23 13:29:00,0.00009397,297.00000000
2018-02-23 13:29:00,0.00009397,297.00000000
2018-02-23 13:29:00,0.00009400,60.00000000
2018-02-23 13:29:03,0.00009398,486.00000000
2018-02-23 13:29:03,0.00009397,4514.00000000
2018-02-23 13:29:13,0.00009399,262.00000000
2018-02-23 13:29:14,0.00009397,146.00000000
2018-02-23 13:29:15,0.00009399,667.00000000
2018-02-23 13:29:17,0.00009399,548.00000000
2018-02-23 13:29:18,0.00009397,79.00000000
2018-02-23 13:29:26,0.00009397,970.00000000
2018-02-23 13:29:29,0.00009397,90.00000000
2018-02-23 13:29:32,0.00009397,15.00000000
2018-02-23 13:29:36,0.00009397,3500.00000000
2018-02-23 13:29:39,0.00009397,36.00000000
2018-02-23 13:29:39,0.00009398,196.00000000
2018-02-23 13:29:39,0.00009398,485.00000000
2018-02-23 13:29:39,0.00009397,975.00000000
2018-02-23 13:29:46,0.00009399,2.00000000
2018-02-23 13:29:46,0.00009399,947.00000000
2018-02-23 13:29:47,0.00009398,248.00000000
2018-02-23 13:29:47,0.00009399,311.00000000
2018-02-23 13:29:48,0.00009398,15.00000000
2018-02-23 13:29:49,0.00009398,59.00000000
2018-02-23 13:29:49,0.00009399,638.00000000
2018-02-23 13:29:49,0.00009400,428.00000000
2018-02-23 13:29:57,0.00009400,60.00000000
2018-02-23 13:29:59,0.00009400,1221.00000000
2018-02-23 13:30:02,0.00009398,47.00000000
2018-02-23 13:30:03,0.00009400,94.00000000
2018-02-23 13:30:05,0.00009398,224.00000000
2018-02-23 13:30:09,0.00009400,57.00000000
2018-02-23 13:30:11,0.00009400,310.00000000
2018-02-23 13:30:12,0.00009399,494.00000000
2018-02-23 13:30:12,0.00009399,1363.00000000
2018-02-23 13:30:12,0.00009400,503.00000000
2018-02-23 13:30:13,0.00009400,640.00000000
2018-02-23 13:30:13,0.00009398,88.00000000
2018-02-23 13:30:13,0.00009397,132.00000000
2018-02-23 13:30:15,0.00009397,185.00000000
2018-02-23 13:30:15,0.00009393,2158.00000000
2018-02-23 13:30:17,0.00009390,64.00000000
2018-02-23 13:30:19,0.00009393,1809.00000000
2018-02-23 13:30:19,0.00009393,924.00000000
2018-02-23 13:30:20,0.00009393,164.00000000
2018-02-23 13:30:24,0.00009393,49.00000000
2018-02-23 13:30:27,0.00009393,355.00000000
2018-02-23 13:30:28,0.00009393,356.00000000
2018-02-23 13:30:28,0.00009399,233.00000000
2018-02-23 13:30:34,0.00009393,10.00000000
2018-02-23 13:30:35,0.00009398,499.00000000
2018-02-23 13:30:35,0.00009399,1393.00000000
2018-02-23 13:30:35,0.00009400,254.00000000
2018-02-23 13:30:39,0.00009395,141.00000000
2018-02-23 13:30:54,0.00009398,150.00000000
2018-02-23 13:30:54,0.00009399,1991.00000000
2018-02-23 13:30:55,0.00009400,4432.00000000
2018-02-23 13:30:57,0.00009399,301.00000000
2018-02-23 13:31:00,0.00009400,25.00000000
2018-02-23 13:31:00,0.00009399,2.00000000
2018-02-23 13:31:00,0.00009396,8.00000000
2018-02-23 13:31:01,0.00009400,1055.00000000
2018-02-23 13:31:02,0.00009400,2000.00000000
2018-02-23 13:31:05,0.00009396,35.00000000
2018-02-23 13:31:08,0.00009400,106.00000000
2018-02-23 13:31:11,0.00009396,407.00000000
2018-02-23 13:31:13,0.00009396,107.00000000
2018-02-23 13:31:14,0.00009400,20.00000000
2018-02-23 13:31:19,0.00009399,30.00000000
2018-02-23 13:31:22,0.00009399,56.00000000
2018-02-23 13:31:22,0.00009400,255.00000000
2018-02-23 13:31:22,0.00009400,463.00000000
2018-02-23 13:31:22,0.00009400,604.00000000
2018-02-23 13:31:22,0.00009400,781.00000000
2018-02-23 13:31:22,0.00009400,996.00000000
2018-02-23 13:31:22,0.00009400,88.00000000
2018-02-23 13:31:23,0.00009403,148.00000000
2018-02-23 13:31:23,0.00009409,1.00000000
2018-02-23 13:31:23,0.00009410,1412.00000000
2018-02-23 13:31:25,0.00009400,319.00000000
2018-02-23 13:31:25,0.00009400,1271.00000000
2018-02-23 13:31:25,0.00009400,318.00000000
2018-02-23 13:31:25,0.00009400,318.00000000
2018-02-23 13:31:25,0.00009400,319.00000000
2018-02-23 13:31:25,0.00009400,318.00000000
2018-02-23 13:31:25,0.00009400,186.00000000
2018-02-23 13:31:25,0.00009400,3015.00000000
2018-02-23 13:31:25,0.00009400,114.00000000
2018-02-23 13:31:25,0.00009397,204.00000000
2018-02-23 13:31:29,0.00009397,394.00000000
2018-02-23 13:31:29,0.00009396,327.00000000
2018-02-23 13:31:31,0.00009408,205.00000000
2018-02-23 13:31:33,0.00009401,72.00000000
2018-02-23 13:31:33,0.00009401,199.00000000
2018-02-23 13:31:33,0.00009401,34.00000000
2018-02-23 13:31:34,0.00009401,37.00000000
2018-02-23 13:31:34,0.00009406,182.00000000
2018-02-23 13:31:37,0.00009400,89.00000000
2018-02-23 13:31:39,0.00009400,11.00000000
2018-02-23 13:31:40,0.00009405,229.00000000
2018-02-23 13:31:40,0.00009406,285.00000000
2018-02-23 13:31:41,0.00009406,11.00000000
2018-02-23 13:31:43,0.00009406,709.00000000
2018-02-23 13:31:43,0.00009406,102.00000000
2018-02-23 13:31:43,0.00009406,102.00000000
2018-02-23 13:31:43,0.00009406,135.00000000
2018-02-23 13:31:43,0.00009406,136.00000000
2018-02-23 13:31:44,0.00009406,132.00000000
2018-02-23 13:31:44,0.00009406,318.00000000
2018-02-23 13:31:44,0.00009406,133.00000000
2018-02-23 13:31:45,0.00009406,47.00000000
2018-02-23 13:31:45,0.00009400,41.00000000
2018-02-23 13:31:48,0.00009408,34.00000000
2018-02-23 13:31:49,0.00009401,135.00000000
2018-02-23 13:31:49,0.00009405,494.00000000
2018-02-23 13:31:53,0.00009405,52.00000000
2018-02-23 13:31:58,0.00009405,156.00000000
2018-02-23 13:32:03,0.00009401,488.00000000
2018-02-23 13:32:04,0.00009401,388.00000000
2018-02-23 13:32:04,0.00009401,407.00000000
2018-02-23 13:32:09,0.00009405,81.00000000
2018-02-23 13:32:16,0.00009405,111.00000000
2018-02-23 13:32:17,0.00009405,251.00000000
2018-02-23 13:32:21,0.00009402,76.00000000
2018-02-23 13:32:21,0.00009401,147.00000000
2018-02-23 13:32:22,0.00009405,416.00000000
2018-02-23 13:32:22,0.00009408,9.00000000
2018-02-23 13:32:23,0.00009408,55.00000000
2018-02-23 13:32:26,0.00009402,42.00000000
2018-02-23 13:32:27,0.00009407,78.00000000
2018-02-23 13:32:29,0.00009402,42.00000000
2018-02-23 13:32:36,0.00009402,25.00000000
2018-02-23 13:32:39,0.00009407,106.00000000
2018-02-23 13:32:39,0.00009402,120.00000000
2018-02-23 13:32:39,0.00009402,150.00000000
2018-02-23 13:32:39,0.00009402,150.00000000
2018-02-23 13:32:39,0.00009402,150.00000000
2018-02-23 13:32:49,0.00009405,125.00000000
2018-02-23 13:32:50,0.00009405,2.00000000
2018-02-23 13:32:53,0.00009405,11.00000000
2018-02-23 13:32:54,0.00009403,319.00000000
2018-02-23 13:32:54,0.00009403,174.00000000
2018-02-23 13:32:54,0.00009402,1303.00000000
2018-02-23 13:32:54,0.00009402,793.00000000
2018-02-23 13:32:54,0.00009401,1821.00000000
2018-02-23 13:32:54,0.00009396,54.00000000
2018-02-23 13:32:54,0.00009395,376.00000000
2018-02-23 13:32:54,0.00009393,685.00000000
2018-02-23 13:32:59,0.00009403,305.00000000
2018-02-23 13:32:59,0.00009403,41.00000000
2018-02-23 13:32:59,0.00009403,300.00000000
2018-02-23 13:33:13,0.00009400,8.00000000
2018-02-23 13:33:14,0.00009402,533.00000000
2018-02-23 13:33:14,0.00009403,926.00000000
2018-02-23 13:33:14,0.00009405,862.00000000
2018-02-23 13:33:14,0.00009407,1093.00000000
2018-02-23 13:33:14,0.00009408,958.00000000
2018-02-23 13:33:14,0.00009409,2000.00000000
2018-02-23 13:33:14,0.00009410,2540.00000000
2018-02-23 13:33:15,0.00009401,190.00000000
2018-02-23 13:33:16,0.00009410,365.00000000
2018-02-23 13:33:21,0.00009409,190.00000000
2018-02-23 13:33:21,0.00009410,86.00000000
2018-02-23 13:33:27,0.00009410,107.00000000
2018-02-23 13:33:28,0.00009405,90.00000000
2018-02-23 13:33:30,0.00009405,487.00000000
2018-02-23 13:33:30,0.00009404,573.00000000
2018-02-23 13:33:32,0.00009404,5000.00000000
2018-02-23 13:33:39,0.00009404,532.00000000
2018-02-23 13:33:43,0.00009409,20.00000000
2018-02-23 13:33:44,0.00009404,774.00000000
2018-02-23 13:33:49,0.00009404,1323.00000000
2018-02-23 13:33:49,0.00009404,138.00000000
2018-02-23 13:33:50,0.00009404,101.00000000
2018-02-23 13:33:52,0.00009404,226.00000000
2018-02-23 13:33:58,0.00009403,183.00000000
2018-02-23 13:33:58,0.00009403,120.00000000
2018-02-23 13:33:58,0.00009402,368.00000000
2018-02-23 13:34:00,0.00009403,938.00000000
2018-02-23 13:34:00,0.00009402,1342.00000000
2018-02-23 13:34:07,0.00009403,1548.00000000
2018-02-23 13:34:07,0.00009402,197.00000000
2018-02-23 13:34:16,0.00009402,500.00000000
2018-02-23 13:34:16,0.00009402,45.00000000
2018-02-23 13:34:23,0.00009402,1068.00000000
2018-02-23 13:34:28,0.00009404,62.00000000
2018-02-23 13:34:30,0.00009402,2661.00000000
2018-02-23 13:34:30,0.00009402,967.00000000
2018-02-23 13:34:30,0.00009400,212.00000000
2018-02-23 13:34:30,0.00009396,37.00000000
2018-02-23 13:34:30,0.00009393,532.00000000
2018-02-23 13:34:35,0.00009405,938.00000000
2018-02-23 13:34:35,0.00009406,183.00000000
2018-02-23 13:34:38,0.00009405,22.00000000
2018-02-23 13:34:39,0.00009407,120.00000000
2018-02-23 13:34:39,0.00009409,265.00000000
2018-02-23 13:34:39,0.00009409,1161.00000000
2018-02-23 13:34:40,0.00009410,1955.00000000
2018-02-23 13:34:40,0.00009416,614.00000000
2018-02-23 13:34:40,0.00009418,500.00000000
2018-02-23 13:34:40,0.00009419,125.00000000
2018-02-23 13:34:40,0.00009420,2298.00000000
2018-02-23 13:34:41,0.00009409,118.00000000
2018-02-23 13:34:41,0.00009409,52.00000000
2018-02-23 13:34:41,0.00009409,51.00000000
2018-02-23 13:34:42,0.00009410,22.00000000
2018-02-23 13:34:42,0.00009409,418.00000000
2018-02-23 13:34:42,0.00009408,261.00000000
2018-02-23 13:34:43,0.00009409,521.00000000
2018-02-23 13:34:44,0.00009410,25.00000000
2018-02-23 13:34:45,0.00009424,2.00000000
2018-02-23 13:34:51,0.00009410,21.00000000
2018-02-23 13:34:52,0.00009410,31.00000000
2018-02-23 13:34:52,0.00009419,104.00000000
2018-02-23 13:34:52,0.00009419,12.00000000
2018-02-23 13:34:52,0.00009420,35.00000000
2018-02-23 13:34:57,0.00009410,63.00000000
2018-02-23 13:34:57,0.00009419,16.00000000
2018-02-23 13:34:59,0.00009419,84.00000000
2018-02-23 13:35:00,0.00009419,20.00000000
2018-02-23 13:35:01,0.00009420,272.00000000
2018-02-23 13:35:02,0.00009420,133.00000000
2018-02-23 13:35:04,0.00009420,47.00000000
2018-02-23 13:35:05,0.00009420,31.00000000
2018-02-23 13:35:07,0.00009420,26.00000000
2018-02-23 13:35:07,0.00009424,112.00000000
2018-02-23 13:35:08,0.00009424,986.00000000
2018-02-23 13:35:13,0.00009424,42.00000000
2018-02-23 13:35:13,0.00009424,612.00000000
2018-02-23 13:35:13,0.00009425,76.00000000
2018-02-23 13:35:13,0.00009429,500.00000000
2018-02-23 13:35:13,0.00009430,981.00000000
2018-02-23 13:35:13,0.00009434,34.00000000
2018-02-23 13:35:13,0.00009435,1161.00000000
2018-02-23 13:35:13,0.00009437,34.00000000
2018-02-23 13:35:13,0.00009440,1602.00000000
2018-02-23 13:35:22,0.00009422,1186.00000000
2018-02-23 13:35:23,0.00009426,42.00000000
2018-02-23 13:35:23,0.00009426,76.00000000
2018-02-23 13:35:23,0.00009422,76.00000000
2018-02-23 13:35:37,0.00009422,118.00000000
2018-02-23 13:35:37,0.00009422,80.00000000
2018-02-23 13:35:39,0.00009423,90.00000000
2018-02-23 13:35:40,0.00009422,80.00000000
2018-02-23 13:35:40,0.00009422,138.00000000
2018-02-23 13:35:42,0.00009422,42.00000000
2018-02-23 13:35:44,0.00009423,100.00000000
2018-02-23 13:35:44,0.00009422,42.00000000
2018-02-23 13:35:45,0.00009422,16.00000000
2018-02-23 13:35:47,0.00009423,100.00000000
2018-02-23 13:35:48,0.00009423,212.00000000
2018-02-23 13:35:52,0.00009423,25.00000000
2018-02-23 13:35:53,0.00009423,159.00000000
2018-02-23 13:35:54,0.00009423,372.00000000
2018-02-23 13:35:58,0.00009424,112.00000000
2018-02-23 13:36:02,0.00009424,15.00000000
2018-02-23 13:36:13,0.00009425,939.00000000
2018-02-23 13:36:13,0.00009424,61.00000000
2018-02-23 13:36:18,0.00009431,32.00000000
2018-02-23 13:36:19,0.00009426,12.00000000
2018-02-23 13:36:22,0.00009431,33.00000000
2018-02-23 13:36:26,0.00009431,47.00000000
2018-02-23 13:36:26,0.00009426,636.00000000
2018-02-23 13:36:28,0.00009426,2986.00000000
2018-02-23 13:36:28,0.00009425,610.00000000
2018-02-23 13:36:29,0.00009430,36.00000000
2018-02-23 13:36:30,0.00009433,106.00000000
2018-02-23 13:36:31,0.00009432,18.00000000
2018-02-23 13:36:33,0.00009431,307.00000000
2018-02-23 13:36:33,0.00009426,153.00000000
2018-02-23 13:36:34,0.00009426,1657.00000000
2018-02-23 13:36:35,0.00009426,605.00000000
2018-02-23 13:36:36,0.00009426,1019.00000000
2018-02-23 13:36:36,0.00009426,35.00000000
2018-02-23 13:36:36,0.00009425,495.00000000
2018-02-23 13:36:37,0.00009425,3283.00000000
2018-02-23 13:36:37,0.00009425,71.00000000
2018-02-23 13:36:38,0.00009429,40.00000000
2018-02-23 13:36:38,0.00009429,128.00000000
2018-02-23 13:36:39,0.00009426,716.00000000
2018-02-23 13:36:39,0.00009425,3134.00000000
2018-02-23 13:36:39,0.00009425,81.00000000
2018-02-23 13:36:40,0.00009425,2077.00000000
2018-02-23 13:36:40,0.00009425,3188.00000000
2018-02-23 13:36:41,0.00009424,473.00000000
2018-02-23 13:36:41,0.00009424,1071.00000000
2018-02-23 13:36:41,0.00009424,742.00000000
2018-02-23 13:36:42,0.00009425,110.00000000
2018-02-23 13:36:42,0.00009424,345.00000000
2018-02-23 13:36:42,0.00009424,986.00000000
2018-02-23 13:36:43,0.00009423,31.00000000
2018-02-23 13:36:44,0.00009425,1613.00000000
2018-02-23 13:36:47,0.00009425,178.00000000
2018-02-23 13:36:48,0.00009425,16.00000000
2018-02-23 13:36:51,0.00009425,157.00000000
2018-02-23 13:36:51,0.00009428,81.00000000
2018-02-23 13:36:51,0.00009429,173.00000000
2018-02-23 13:36:54,0.00009425,109.00000000
2018-02-23 13:36:54,0.00009428,70.00000000
2018-02-23 13:36:56,0.00009425,218.00000000
2018-02-23 13:36:56,0.00009424,132.00000000
2018-02-23 13:36:56,0.00009423,413.00000000
2018-02-23 13:36:56,0.00009422,478.00000000
2018-02-23 13:36:58,0.00009425,86.00000000
2018-02-23 13:36:58,0.00009425,1084.00000000
2018-02-23 13:36:58,0.00009423,453.00000000
2018-02-23 13:36:58,0.00009422,40.00000000
2018-02-23 13:36:59,0.00009422,2492.00000000
2018-02-23 13:36:59,0.00009422,538.00000000
2018-02-23 13:36:59,0.00009421,65.00000000
2018-02-23 13:37:00,0.00009420,200.00000000
2018-02-23 13:37:02,0.00009421,49.00000000
2018-02-23 13:37:02,0.00009420,703.00000000
2018-02-23 13:37:02,0.00009428,81.00000000
2018-02-23 13:37:02,0.00009430,81.00000000
2018-02-23 13:37:02,0.00009430,266.00000000
2018-02-23 13:37:02,0.00009430,57.00000000
2018-02-23 13:37:02,0.00009431,15.00000000
2018-02-23 13:37:03,0.00009431,139.00000000
2018-02-23 13:37:03,0.00009431,54.00000000
2018-02-23 13:37:03,0.00009431,42.00000000
2018-02-23 13:37:03,0.00009431,97.00000000
2018-02-23 13:37:03,0.00009430,57.00000000
2018-02-23 13:37:03,0.00009428,324.00000000
2018-02-23 13:37:09,0.00009434,317.00000000
2018-02-23 13:37:12,0.00009426,20.00000000
2018-02-23 13:37:15,0.00009426,532.00000000
2018-02-23 13:37:15,0.00009426,212.00000000
2018-02-23 13:37:16,0.00009434,744.00000000
2018-02-23 13:37:16,0.00009434,108.00000000
2018-02-23 13:37:16,0.00009439,492.00000000
2018-02-23 13:37:17,0.00009426,106.00000000
2018-02-23 13:37:19,0.00009437,199.00000000
2018-02-23 13:37:21,0.00009428,398.00000000
2018-02-23 13:37:22,0.00009428,212.00000000
2018-02-23 13:37:27,0.00009437,105.00000000
2018-02-23 13:37:27,0.00009426,530.00000000
2018-02-23 13:37:29,0.00009428,257.00000000
2018-02-23 13:37:29,0.00009428,431.00000000
2018-02-23 13:37:29,0.00009428,724.00000000
2018-02-23 13:37:29,0.00009428,1219.00000000
2018-02-23 13:37:29,0.00009428,261.00000000
2018-02-23 13:37:30,0.00009433,33.00000000
2018-02-23 13:37:34,0.00009426,179.00000000
2018-02-23 13:37:34,0.00009425,13.00000000
2018-02-23 13:37:35,0.00009434,30.00000000
2018-02-23 13:37:36,0.00009434,13.00000000
2018-02-23 13:37:36,0.00009434,35.00000000
2018-02-23 13:37:36,0.00009437,1300.00000000
2018-02-23 13:37:36,0.00009434,57.00000000
2018-02-23 13:37:39,0.00009426,1213.00000000
2018-02-23 13:37:39,0.00009426,1841.00000000
2018-02-23 13:37:39,0.00009424,159.00000000
2018-02-23 13:37:39,0.00009425,217.00000000
2018-02-23 13:37:39,0.00009425,216.00000000
2018-02-23 13:37:39,0.00009425,217.00000000
2018-02-23 13:37:39,0.00009425,589.00000000
2018-02-23 13:37:39,0.00009425,101.00000000
2018-02-23 13:37:40,0.00009424,118.00000000
2018-02-23 13:37:40,0.00009425,99.00000000
2018-02-23 13:37:40,0.00009425,400.00000000
2018-02-23 13:37:42,0.00009425,63.00000000
2018-02-23 13:37:43,0.00009426,9.00000000
2018-02-23 13:37:44,0.00009426,81.00000000
2018-02-23 13:37:45,0.00009426,41.00000000
2018-02-23 13:37:47,0.00009426,105.00000000
2018-02-23 13:37:51,0.00009426,104.00000000
2018-02-23 13:37:52,0.00009426,996.00000000
2018-02-23 13:37:53,0.00009428,210.00000000
2018-02-23 13:37:53,0.00009426,320.00000000
2018-02-23 13:37:53,0.00009432,111.00000000
2018-02-23 13:37:54,0.00009426,530.00000000
2018-02-23 13:37:56,0.00009436,42.00000000
2018-02-23 13:37:56,0.00009426,530.00000000
2018-02-23 13:37:58,0.00009426,530.00000000
2018-02-23 13:37:58,0.00009434,1394.00000000
2018-02-23 13:37:59,0.00009426,7.00000000
2018-02-23 13:38:01,0.00009426,530.00000000
2018-02-23 13:38:04,0.00009426,530.00000000
2018-02-23 13:38:07,0.00009434,138.00000000
2018-02-23 13:38:07,0.00009434,5.00000000
2018-02-23 13:38:07,0.00009426,1203.00000000
2018-02-23 13:38:12,0.00009426,5000.00000000
2018-02-23 13:38:12,0.00009426,489.00000000
2018-02-23 13:38:14,0.00009426,30.00000000
2018-02-23 13:38:16,0.00009426,250.00000000
2018-02-23 13:38:18,0.00009426,3335.00000000
2018-02-23 13:38:20,0.00009426,138.00000000
2018-02-23 13:38:22,0.00009436,271.00000000
2018-02-23 13:38:26,0.00009438,30.00000000
2018-02-23 13:38:26,0.00009426,232.00000000
2018-02-23 13:38:31,0.00009438,105.00000000
2018-02-23 13:38:32,0.00009438,105.00000000
2018-02-23 13:38:33,0.00009438,75.00000000
2018-02-23 13:38:34,0.00009426,1415.00000000
2018-02-23 13:38:37,0.00009426,10123.00000000
2018-02-23 13:38:37,0.00009426,119.00000000
2018-02-23 13:38:37,0.00009425,1056.00000000
2018-02-23 13:38:38,0.00009425,75.00000000
2018-02-23 13:38:43,0.00009425,21.00000000
2018-02-23 13:38:44,0.00009425,23.00000000
2018-02-23 13:38:44,0.00009426,2095.00000000
2018-02-23 13:38:44,0.00009436,411.00000000
2018-02-23 13:38:44,0.00009437,138.00000000
2018-02-23 13:38:44,0.00009438,283.00000000
2018-02-23 13:38:48,0.00009425,50.00000000
2018-02-23 13:38:50,0.00009425,50.00000000
2018-02-23 13:38:57,0.00009425,215.00000000
2018-02-23 13:39:00,0.00009426,127.00000000
2018-02-23 13:39:00,0.00009426,73.00000000
2018-02-23 13:39:00,0.00009425,1067.00000000
2018-02-23 13:39:03,0.00009433,105.00000000
2018-02-23 13:39:05,0.00009425,34.00000000
2018-02-23 13:39:06,0.00009433,74.00000000
2018-02-23 13:39:06,0.00009425,108.00000000
2018-02-23 13:39:09,0.00009425,30.00000000
2018-02-23 13:39:12,0.00009425,9.00000000
2018-02-23 13:39:17,0.00009425,3.00000000
2018-02-23 13:39:18,0.00009425,155.00000000
2018-02-23 13:39:20,0.00009425,172.00000000
2018-02-23 13:39:22,0.00009424,28.00000000
2018-02-23 13:39:22,0.00009425,13.00000000
2018-02-23 13:39:23,0.00009425,167.00000000
2018-02-23 13:39:24,0.00009425,531.00000000
2018-02-23 13:39:25,0.00009425,106.00000000
2018-02-23 13:39:27,0.00009425,118.00000000
2018-02-23 13:39:28,0.00009425,78.00000000
2018-02-23 13:39:28,0.00009425,112.00000000
2018-02-23 13:39:30,0.00009425,408.00000000
2018-02-23 13:39:30,0.00009424,47.00000000
2018-02-23 13:39:31,0.00009425,118.00000000
2018-02-23 13:39:32,0.00009425,397.00000000
2018-02-23 13:39:33,0.00009425,106.00000000
2018-02-23 13:39:34,0.00009424,300.00000000
2018-02-23 13:39:35,0.00009424,2500.00000000
2018-02-23 13:39:36,0.00009424,1859.00000000
2018-02-23 13:39:36,0.00009422,563.00000000
2018-02-23 13:39:41,0.00009422,527.00000000
2018-02-23 13:39:43,0.00009420,2494.00000000
2018-02-23 13:39:45,0.00009420,11.00000000
2018-02-23 13:39:47,0.00009420,161.00000000
2018-02-23 13:39:48,0.00009420,35.00000000
2018-02-23 13:39:49,0.00009420,241.00000000
2018-02-23 13:39:53,0.00009419,127.00000000
2018-02-23 13:39:53,0.00009416,120.00000000
2018-02-23 13:39:53,0.00009410,7.00000000
2018-02-23 13:39:54,0.00009410,126.00000000
2018-02-23 13:39:54,0.00009419,127.00000000
2018-02-23 13:39:54,0.00009419,34.00000000
2018-02-23 13:39:54,0.00009410,86.00000000
2018-02-23 13:40:02,0.00009411,99.00000000
2018-02-23 13:40:04,0.00009419,13.00000000
2018-02-23 13:40:12,0.00009411,276.00000000
2018-02-23 13:40:21,0.00009411,83.00000000
2018-02-23 13:40:22,0.00009411,61.00000000
2018-02-23 13:40:22,0.00009410,1919.00000000
2018-02-23 13:40:23,0.00009410,83.00000000
2018-02-23 13:40:28,0.00009410,90.00000000
2018-02-23 13:40:34,0.00009411,594.00000000
2018-02-23 13:40:39,0.00009410,36.00000000
2018-02-23 13:40:41,0.00009410,69.00000000
2018-02-23 13:40:43,0.00009410,152.00000000
2018-02-23 13:40:46,0.00009410,26.00000000
2018-02-23 13:40:46,0.00009411,80.00000000
2018-02-23 13:40:47,0.00009407,219.00000000
2018-02-23 13:40:50,0.00009407,100.00000000
2018-02-23 13:40:59,0.00009407,111.00000000
2018-02-23 13:41:01,0.00009407,397.00000000
2018-02-23 13:41:01,0.00009407,331.00000000
2018-02-23 13:41:01,0.00009407,397.00000000
2018-02-23 13:41:02,0.00009407,15.00000000
2018-02-23 13:41:04,0.00009409,90.00000000
2018-02-23 13:41:04,0.00009409,910.00000000
2018-02-23 13:41:04,0.00009410,241.00000000
2018-02-23 13:41:05,0.00009407,171.00000000
2018-02-23 13:41:06,0.00009407,4436.00000000
2018-02-23 13:41:08,0.00009407,155.00000000
2018-02-23 13:41:08,0.00009407,955.00000000
2018-02-23 13:41:11,0.00009407,125.00000000
2018-02-23 13:41:12,0.00009407,773.00000000
2018-02-23 13:41:13,0.00009407,1996.00000000
2018-02-23 13:41:17,0.00009407,5.00000000
2018-02-23 13:41:17,0.00009407,998.00000000
2018-02-23 13:41:18,0.00009407,41.00000000
2018-02-23 13:41:19,0.00009407,3.00000000
2018-02-23 13:41:24,0.00009409,307.00000000
2018-02-23 13:41:26,0.00009409,24.00000000
2018-02-23 13:41:27,0.00009409,8.00000000
2018-02-23 13:41:27,0.00009407,278.00000000
2018-02-23 13:41:32,0.00009407,30.00000000
2018-02-23 13:41:33,0.00009410,106.00000000
2018-02-23 13:41:36,0.00009408,73.00000000
2018-02-23 13:41:36,0.00009409,33.00000000
2018-02-23 13:41:36,0.00009409,51.00000000
2018-02-23 13:41:37,0.00009407,1196.00000000
2018-02-23 13:41:40,0.00009407,1000.00000000
2018-02-23 13:41:41,0.00009407,198.00000000
2018-02-23 13:41:49,0.00009406,51.00000000
2018-02-23 13:41:52,0.00009405,826.00000000
2018-02-23 13:41:53,0.00009406,629.00000000
2018-02-23 13:41:56,0.00009406,543.00000000
2018-02-23 13:42:00,0.00009405,47.00000000
2018-02-23 13:42:03,0.00009405,3.00000000
2018-02-23 13:42:07,0.00009406,47.00000000
2018-02-23 13:42:08,0.00009405,40.00000000
2018-02-23 13:42:08,0.00009404,9.00000000
2018-02-23 13:42:12,0.00009404,100.00000000
2018-02-23 13:42:12,0.00009407,8488.00000000
2018-02-23 13:42:14,0.00009406,104.00000000
2018-02-23 13:42:16,0.00009406,11.00000000
2018-02-23 13:42:18,0.00009405,145.00000000
2018-02-23 13:42:21,0.00009406,10.00000000
2018-02-23 13:42:22,0.00009406,66.00000000
2018-02-23 13:42:22,0.00009405,309.00000000
2018-02-23 13:42:22,0.00009405,1.00000000
2018-02-23 13:42:23,0.00009404,146.00000000
2018-02-23 13:42:26,0.00009405,206.00000000
2018-02-23 13:42:28,0.00009405,1.00000000
2018-02-23 13:42:28,0.00009404,100.00000000
2018-02-23 13:42:30,0.00009406,30.00000000
2018-02-23 13:42:32,0.00009404,11.00000000
2018-02-23 13:42:33,0.00009406,750.00000000
2018-02-23 13:42:36,0.00009406,58.00000000
2018-02-23 13:42:36,0.00009407,640.00000000
2018-02-23 13:42:37,0.00009404,273.00000000
2018-02-23 13:42:39,0.00009404,200.00000000
2018-02-23 13:42:41,0.00009404,26.00000000
2018-02-23 13:42:41,0.00009410,900.00000000
2018-02-23 13:42:41,0.00009411,230.00000000
2018-02-23 13:42:41,0.00009415,131.00000000
2018-02-23 13:42:41,0.00009420,937.00000000
2018-02-23 13:42:41,0.00009422,1954.00000000
2018-02-23 13:42:42,0.00009406,317.00000000
2018-02-23 13:42:42,0.00009406,318.00000000
2018-02-23 13:42:42,0.00009406,380.00000000
2018-02-23 13:42:42,0.00009407,75.00000000
2018-02-23 13:42:45,0.00009407,244.00000000
2018-02-23 13:42:45,0.00009407,119.00000000
2018-02-23 13:42:45,0.00009407,21.00000000
2018-02-23 13:42:45,0.00009405,29.00000000
2018-02-23 13:42:46,0.00009405,29.00000000
2018-02-23 13:42:46,0.00009419,542.00000000
2018-02-23 13:42:47,0.00009406,279.00000000
2018-02-23 13:42:47,0.00009405,90.00000000
2018-02-23 13:42:48,0.00009416,75.00000000
2018-02-23 13:42:49,0.00009406,5.00000000
2018-02-23 13:42:53,0.00009407,318.00000000
2018-02-23 13:42:53,0.00009407,318.00000000
2018-02-23 13:42:53,0.00009407,18.00000000
2018-02-23 13:42:56,0.00009407,3053.00000000
2018-02-23 13:42:57,0.00009408,318.00000000
2018-02-23 13:42:57,0.00009408,181.00000000
2018-02-23 13:42:57,0.00009407,181.00000000
2018-02-23 13:42:57,0.00009407,1743.00000000
2018-02-23 13:43:00,0.00009408,272.00000000
2018-02-23 13:43:00,0.00009408,107.00000000
2018-02-23 13:43:02,0.00009407,37.00000000
2018-02-23 13:43:03,0.00009407,103.00000000
2018-02-23 13:43:05,0.00009407,318.00000000
2018-02-23 13:43:05,0.00009415,162.00000000
2018-02-23 13:43:05,0.00009407,258.00000000
2018-02-23 13:43:07,0.00009415,64.00000000
2018-02-23 13:43:08,0.00009407,13.00000000
2018-02-23 13:43:08,0.00009416,3.00000000
2018-02-23 13:43:10,0.00009407,116.00000000
2018-02-23 13:43:10,0.00009407,1.00000000
2018-02-23 13:43:10,0.00009406,79.00000000
2018-02-23 13:43:11,0.00009408,213.00000000
2018-02-23 13:43:12,0.00009415,53.00000000
2018-02-23 13:43:12,0.00009405,717.00000000
2018-02-23 13:43:13,0.00009407,117.00000000
2018-02-23 13:43:15,0.00009415,147.00000000
2018-02-23 13:43:15,0.00009416,35.00000000
2018-02-23 13:43:15,0.00009406,20.00000000
2018-02-23 13:43:15,0.00009405,15.00000000
2018-02-23 13:43:15,0.00009405,35.00000000
2018-02-23 13:43:16,0.00009407,318.00000000
2018-02-23 13:43:16,0.00009407,318.00000000
2018-02-23 13:43:18,0.00009415,35.00000000
2018-02-23 13:43:22,0.00009407,228.00000000
2018-02-23 13:43:22,0.00009405,61.00000000
2018-02-23 13:43:23,0.00009408,290.00000000
2018-02-23 13:43:24,0.00009414,10.00000000
2018-02-23 13:43:29,0.00009407,100.00000000
2018-02-23 13:43:31,0.00009406,124.00000000
2018-02-23 13:43:31,0.00009405,9.00000000
2018-02-23 13:43:31,0.00009404,906.00000000
2018-02-23 13:43:43,0.00009412,82.00000000
2018-02-23 13:43:43,0.00009412,200.00000000
2018-02-23 13:43:54,0.00009404,275.00000000
2018-02-23 13:43:54,0.00009403,1342.00000000
2018-02-23 13:44:00,0.00009411,53.00000000
2018-02-23 13:44:05,0.00009412,8.00000000
2018-02-23 13:44:08,0.00009412,106.00000000
2018-02-23 13:44:09,0.00009414,155.00000000
2018-02-23 13:44:09,0.00009414,379.00000000
2018-02-23 13:44:11,0.00009415,410.00000000
2018-02-23 13:44:11,0.00009414,416.00000000
2018-02-23 13:44:11,0.00009412,584.00000000
2018-02-23 13:44:13,0.00009415,72.00000000
2018-02-23 13:44:13,0.00009420,56.00000000
2018-02-23 13:44:14,0.00009412,100.00000000
2018-02-23 13:44:14,0.00009419,24.00000000
2018-02-23 13:44:19,0.00009419,206.00000000
2018-02-23 13:44:20,0.00009419,271.00000000
2018-02-23 13:44:20,0.00009419,223.00000000
2018-02-23 13:44:23,0.00009415,200.00000000
2018-02-23 13:44:24,0.00009415,89.00000000
2018-02-23 13:44:31,0.00009415,32.00000000
2018-02-23 13:44:33,0.00009417,56.00000000
2018-02-23 13:44:33,0.00009415,107.00000000
2018-02-23 13:44:40,0.00009415,144.00000000
2018-02-23 13:44:43,0.00009417,100.00000000
2018-02-23 13:44:46,0.00009419,280.00000000
2018-02-23 13:44:46,0.00009420,7.00000000
2018-02-23 13:44:49,0.00009420,229.00000000
2018-02-23 13:44:53,0.00009416,354.00000000
2018-02-23 13:44:54,0.00009416,3391.00000000
2018-02-23 13:44:54,0.00009416,2355.00000000
2018-02-23 13:44:55,0.00009415,45.00000000
2018-02-23 13:44:55,0.00009414,223.00000000
2018-02-23 13:44:58,0.00009412,318.00000000
2018-02-23 13:44:58,0.00009412,247.00000000
2018-02-23 13:44:58,0.00009410,462.00000000
2018-02-23 13:44:58,0.00009410,318.00000000
2018-02-23 13:44:59,0.00009410,318.00000000
2018-02-23 13:44:59,0.00009410,44.00000000
2018-02-23 13:44:59,0.00009408,274.00000000
2018-02-23 13:44:59,0.00009412,990.00000000
2018-02-23 13:45:00,0.00009419,153.00000000
2018-02-23 13:45:00,0.00009419,1.00000000
2018-02-23 13:45:00,0.00009408,153.00000000
2018-02-23 13:45:00,0.00009408,154.00000000
2018-02-23 13:45:00,0.00009408,150.00000000
2018-02-23 13:45:01,0.00009416,91.00000000
2018-02-23 13:45:01,0.00009408,91.00000000
2018-02-23 13:45:01,0.00009413,120.00000000
2018-02-23 13:45:01,0.00009408,119.00000000
2018-02-23 13:45:07,0.00009413,120.00000000
2018-02-23 13:45:07,0.00009416,29.00000000
2018-02-23 13:45:10,0.00009416,62.00000000
2018-02-23 13:45:10,0.00009417,550.00000000
2018-02-23 13:45:10,0.00009410,318.00000000
2018-02-23 13:45:10,0.00009414,48.00000000
2018-02-23 13:45:12,0.00009414,144.00000000
2018-02-23 13:45:12,0.00009417,550.00000000
2018-02-23 13:45:12,0.00009419,428.00000000
2018-02-23 13:45:12,0.00009420,310.00000000
2018-02-23 13:45:12,0.00009421,1328.00000000
2018-02-23 13:45:12,0.00009422,240.00000000
2018-02-23 13:45:31,0.00009414,161.00000000
2018-02-23 13:45:31,0.00009415,20.00000000
2018-02-23 13:45:31,0.00009416,318.00000000
2018-02-23 13:45:31,0.00009410,161.00000000
2018-02-23 13:45:31,0.00009409,304.00000000
2018-02-23 13:45:31,0.00009409,318.00000000
2018-02-23 13:45:31,0.00009416,438.00000000
2018-02-23 13:45:31,0.00009416,63.00000000
2018-02-23 13:45:33,0.00009409,1518.00000000
2018-02-23 13:45:33,0.00009408,20.00000000
2018-02-23 13:45:39,0.00009415,106.00000000
2018-02-23 13:45:42,0.00009408,4360.00000000
2018-02-23 13:45:50,0.00009414,98.00000000
2018-02-23 13:45:51,0.00009409,14.00000000
2018-02-23 13:45:55,0.00009414,63.00000000
2018-02-23 13:45:55,0.00009415,98.00000000
2018-02-23 13:46:02,0.00009414,74.00000000
2018-02-23 13:46:03,0.00009414,89.00000000
2018-02-23 13:46:06,0.00009409,4436.00000000
2018-02-23 13:46:12,0.00009414,43.00000000
2018-02-23 13:46:13,0.00009409,2574.00000000
2018-02-23 13:46:13,0.00009414,25.00000000
2018-02-23 13:46:16,0.00009409,21.00000000
2018-02-23 13:46:18,0.00009411,231.00000000
2018-02-23 13:46:18,0.00009409,992.00000000
2018-02-23 13:46:30,0.00009413,161.00000000
2018-02-23 13:46:33,0.00009410,156.00000000
2018-02-23 13:46:33,0.00009409,4844.00000000
2018-02-23 13:46:41,0.00009412,865.00000000
2018-02-23 13:46:41,0.00009412,545.00000000
2018-02-23 13:46:41,0.00009413,441.00000000
2018-02-23 13:46:41,0.00009413,349.00000000
2018-02-23 13:46:41,0.00009413,196.00000000
2018-02-23 13:46:42,0.00009415,42.00000000
2018-02-23 13:46:44,0.00009414,42.00000000
2018-02-23 13:46:46,0.00009414,36.00000000
2018-02-23 13:46:49,0.00009414,2387.00000000
2018-02-23 13:46:49,0.00009415,113.00000000
2018-02-23 13:46:51,0.00009410,8.00000000
2018-02-23 13:46:54,0.00009414,8.00000000
2018-02-23 13:46:54,0.00009410,100.00000000
2018-02-23 13:46:58,0.00009410,48.00000000
2018-02-23 13:47:15,0.00009410,5.00000000
2018-02-23 13:47:17,0.00009410,125.00000000
2018-02-23 13:47:18,0.00009410,909.00000000
2018-02-23 13:47:23,0.00009410,10.00000000
2018-02-23 13:47:29,0.00009412,59.00000000
2018-02-23 13:47:30,0.00009410,218.00000000
2018-02-23 13:47:33,0.00009412,42.00000000
2018-02-23 13:47:39,0.00009410,500.00000000
2018-02-23 13:47:43,0.00009414,62.00000000
2018-02-23 13:47:43,0.00009415,987.00000000
2018-02-23 13:47:43,0.00009416,255.00000000
2018-02-23 13:47:43,0.00009419,937.00000000
2018-02-23 13:47:43,0.00009420,4090.00000000
2018-02-23 13:47:43,0.00009422,3781.00000000
2018-02-23 13:47:43,0.00009425,4008.00000000
2018-02-23 13:47:43,0.00009431,126.00000000
2018-02-23 13:47:43,0.00009433,419.00000000
2018-02-23 13:47:43,0.00009413,2.00000000
2018-02-23 13:47:45,0.00009416,812.00000000
2018-02-23 13:47:46,0.00009417,937.00000000
2018-02-23 13:47:46,0.00009416,123.00000000
2018-02-23 13:47:46,0.00009418,119.00000000
2018-02-23 13:47:47,0.00009429,20.00000000
2018-02-23 13:47:47,0.00009418,24.00000000
2018-02-23 13:47:47,0.00009428,222.00000000
2018-02-23 13:47:47,0.00009429,778.00000000
2018-02-23 13:47:47,0.00009418,198.00000000
2018-02-23 13:47:53,0.00009418,183.00000000
2018-02-23 13:47:54,0.00009412,106.00000000
2018-02-23 13:47:54,0.00009411,77.00000000
2018-02-23 13:47:54,0.00009411,12.00000000
2018-02-23 13:47:55,0.00009420,35.00000000
2018-02-23 13:47:55,0.00009412,33.00000000
2018-02-23 13:48:00,0.00009419,118.00000000
2018-02-23 13:48:01,0.00009412,842.00000000
2018-02-23 13:48:03,0.00009411,1062.00000000
2018-02-23 13:48:05,0.00009412,1.00000000
2018-02-23 13:48:06,0.00009412,221.00000000
2018-02-23 13:48:06,0.00009411,179.00000000
2018-02-23 13:48:10,0.00009411,1062.00000000
2018-02-23 13:48:12,0.00009412,759.00000000
2018-02-23 13:48:12,0.00009412,317.00000000
2018-02-23 13:48:12,0.00009412,808.00000000
2018-02-23 13:48:12,0.00009412,392.00000000
2018-02-23 13:48:12,0.00009411,77.00000000
2018-02-23 13:48:12,0.00009411,341.00000000
2018-02-23 13:48:12,0.00009412,810.00000000
2018-02-23 13:48:12,0.00009418,30.00000000
2018-02-23 13:48:17,0.00009411,333.00000000
2018-02-23 13:48:17,0.00009410,1381.00000000
2018-02-23 13:48:17,0.00009409,6233.00000000
2018-02-23 13:48:17,0.00009408,12432.00000000
2018-02-23 13:48:19,0.00009407,50.00000000
2018-02-23 13:48:21,0.00009407,2.00000000
2018-02-23 13:48:21,0.00009407,148.00000000
2018-02-23 13:48:22,0.00009407,343.00000000
2018-02-23 13:48:23,0.00009407,323.00000000
2018-02-23 13:48:23,0.00009407,302.00000000
2018-02-23 13:48:23,0.00009406,16.00000000
2018-02-23 13:48:23,0.00009405,26.00000000
2018-02-23 13:48:23,0.00009404,100.00000000
2018-02-23 13:48:23,0.00009403,25.00000000
2018-02-23 13:48:23,0.00009401,1355.00000000
2018-02-23 13:48:23,0.00009404,261.00000000
2018-02-23 13:48:23,0.00009404,261.00000000
2018-02-23 13:48:23,0.00009404,94.00000000
2018-02-23 13:48:23,0.00009407,167.00000000
2018-02-23 13:48:23,0.00009407,94.00000000
2018-02-23 13:48:29,0.00009407,65.00000000
2018-02-23 13:48:30,0.00009407,41.00000000
2018-02-23 13:48:30,0.00009408,1107.00000000
2018-02-23 13:48:30,0.00009408,1049.00000000
2018-02-23 13:48:30,0.00009408,890.00000000
2018-02-23 13:48:30,0.00009408,571.00000000
2018-02-23 13:48:30,0.00009408,478.00000000
2018-02-23 13:48:30,0.00009408,398.00000000
2018-02-23 13:48:30,0.00009408,128.00000000
2018-02-23 13:48:31,0.00009411,106.00000000
2018-02-23 13:48:43,0.00009411,120.00000000
2018-02-23 13:48:46,0.00009411,258.00000000
2018-02-23 13:48:47,0.00009411,108.00000000
2018-02-23 13:48:49,0.00009407,1266.00000000
2018-02-23 13:48:59,0.00009408,175.00000000
2018-02-23 13:49:02,0.00009408,100.00000000
2018-02-23 13:49:04,0.00009409,35.00000000
2018-02-23 13:49:04,0.00009409,30.00000000
2018-02-23 13:49:17,0.00009409,114.00000000
2018-02-23 13:49:17,0.00009409,90.00000000
2018-02-23 13:49:23,0.00009409,682.00000000
2018-02-23 13:49:27,0.00009409,682.00000000
2018-02-23 13:49:28,0.00009409,335.00000000
2018-02-23 13:49:28,0.00009409,102.00000000
2018-02-23 13:49:28,0.00009409,1.00000000
2018-02-23 13:49:29,0.00009408,102.00000000
2018-02-23 13:49:29,0.00009408,318.00000000
2018-02-23 13:49:29,0.00009408,43.00000000
2018-02-23 13:49:29,0.00009407,275.00000000
2018-02-23 13:49:32,0.00009409,317.00000000
2018-02-23 13:49:32,0.00009409,318.00000000
2018-02-23 13:49:32,0.00009409,318.00000000
2018-02-23 13:49:33,0.00009409,170.00000000
2018-02-23 13:49:33,0.00009409,100.00000000
2018-02-23 13:49:33,0.00009409,229.00000000
2018-02-23 13:49:36,0.00009409,1175.00000000
2018-02-23 13:49:36,0.00009409,766.00000000
2018-02-23 13:49:36,0.00009409,181.00000000
2018-02-23 13:49:37,0.00009409,61.00000000
2018-02-23 13:49:47,0.00009412,53.00000000
2018-02-23 13:49:47,0.00009414,751.00000000
2018-02-23 13:49:50,0.00009409,2245.00000000
2018-02-23 13:49:51,0.00009409,600.00000000
2018-02-23 13:49:52,0.00009409,1039.00000000
2018-02-23 13:49:58,0.00009408,68.00000000
2018-02-23 13:50:03,0.00009408,68.00000000
2018-02-23 13:50:13,0.00009408,500.00000000
2018-02-23 13:50:13,0.00009408,88.00000000
2018-02-23 13:50:13,0.00009407,1528.00000000
2018-02-23 13:50:14,0.00009409,120.00000000
2018-02-23 13:50:14,0.00009409,120.00000000
2018-02-23 13:50:14,0.00009409,120.00000000
2018-02-23 13:50:14,0.00009409,120.00000000
2018-02-23 13:50:19,0.00009407,5095.00000000
2018-02-23 13:50:25,0.00009408,25.00000000
2018-02-23 13:50:29,0.00009409,5262.00000000
2018-02-23 13:50:29,0.00009409,212.00000000
2018-02-23 13:50:29,0.00009409,507.00000000
2018-02-23 13:50:30,0.00009409,563.00000000
2018-02-23 13:50:30,0.00009409,287.00000000
2018-02-23 13:50:30,0.00009409,234.00000000
2018-02-23 13:50:31,0.00009409,766.00000000
2018-02-23 13:50:31,0.00009409,481.00000000
2018-02-23 13:50:43,0.00009410,3121.00000000
2018-02-23 13:50:43,0.00009409,105.00000000
2018-02-23 13:50:44,0.00009409,42.00000000
2018-02-23 13:50:44,0.00009409,100.00000000
2018-02-23 13:50:45,0.00009409,105.00000000
2018-02-23 13:50:49,0.00009407,454.00000000
2018-02-23 13:50:49,0.00009407,318.00000000
2018-02-23 13:50:50,0.00009407,83.00000000
2018-02-23 13:50:50,0.00009409,275.00000000
2018-02-23 13:50:50,0.00009409,176.00000000
2018-02-23 13:50:50,0.00009409,114.00000000
2018-02-23 13:50:51,0.00009407,100.00000000
2018-02-23 13:50:52,0.00009409,68.00000000
2018-02-23 13:50:54,0.00009407,407.00000000
2018-02-23 13:50:56,0.00009407,42.00000000
2018-02-23 13:50:59,0.00009407,25.00000000
2018-02-23 13:51:01,0.00009407,724.00000000
2018-02-23 13:51:02,0.00009407,72.00000000
2018-02-23 13:51:07,0.00009407,167.00000000
2018-02-23 13:51:07,0.00009406,83.00000000
2018-02-23 13:51:08,0.00009408,42.00000000
2018-02-23 13:51:09,0.00009408,53.00000000
2018-02-23 13:51:10,0.00009407,318.00000000
2018-02-23 13:51:10,0.00009407,318.00000000
2018-02-23 13:51:10,0.00009407,318.00000000
2018-02-23 13:51:12,0.00009408,468.00000000
2018-02-23 13:51:12,0.00009409,620.00000000
2018-02-23 13:51:12,0.00009407,25.00000000
2018-02-23 13:51:14,0.00009409,42.00000000
2018-02-23 13:51:16,0.00009408,404.00000000
2018-02-23 13:51:18,0.00009408,3964.00000000
2018-02-23 13:51:21,0.00009407,34.00000000
2018-02-23 13:51:22,0.00009408,183.00000000
2018-02-23 13:51:22,0.00009409,624.00000000
2018-02-23 13:51:24,0.00009409,180.00000000
2018-02-23 13:51:25,0.00009407,318.00000000
2018-02-23 13:51:27,0.00009407,1061.00000000
2018-02-23 13:51:31,0.00009407,4.00000000
2018-02-23 13:51:35,0.00009408,432.00000000
2018-02-23 13:51:36,0.00009407,226.00000000
2018-02-23 13:51:45,0.00009407,223.00000000
2018-02-23 13:51:46,0.00009407,52.00000000
2018-02-23 13:51:46,0.00009407,317.00000000
2018-02-23 13:51:46,0.00009407,223.00000000
2018-02-23 13:51:46,0.00009407,318.00000000
2018-02-23 13:51:46,0.00009407,282.00000000
2018-02-23 13:51:46,0.00009407,318.00000000
2018-02-23 13:51:46,0.00009407,311.00000000
2018-02-23 13:51:47,0.00009407,1.00000000
2018-02-23 13:51:47,0.00009406,89.00000000
2018-02-23 13:51:48,0.00009406,59.00000000
2018-02-23 13:51:48,0.00009406,318.00000000
2018-02-23 13:51:48,0.00009406,317.00000000
2018-02-23 13:51:48,0.00009406,318.00000000
2018-02-23 13:51:49,0.00009406,318.00000000
2018-02-23 13:51:49,0.00009406,318.00000000
2018-02-23 13:51:55,0.00009407,2726.00000000
2018-02-23 13:51:56,0.00009409,61.00000000
2018-02-23 13:51:56,0.00009408,54.00000000
2018-02-23 13:51:57,0.00009406,200.00000000
2018-02-23 13:51:59,0.00009408,6.00000000
2018-02-23 13:51:59,0.00009409,36.00000000
2018-02-23 13:52:00,0.00009409,541.00000000
2018-02-23 13:52:01,0.00009407,800.00000000
2018-02-23 13:52:01,0.00009409,95.00000000
2018-02-23 13:52:04,0.00009409,55.00000000
2018-02-23 13:52:05,0.00009409,865.00000000
2018-02-23 13:52:06,0.00009409,55.00000000
2018-02-23 13:52:10,0.00009409,103.00000000
2018-02-23 13:52:13,0.00009406,56.00000000
2018-02-23 13:52:15,0.00009406,1000.00000000
2018-02-23 13:52:21,0.00009406,69.00000000
2018-02-23 13:52:25,0.00009406,242.00000000
2018-02-23 13:52:25,0.00009407,1005.00000000
2018-02-23 13:52:25,0.00009406,782.00000000
2018-02-23 13:52:26,0.00009406,317.00000000
2018-02-23 13:52:26,0.00009406,335.00000000
2018-02-23 13:52:30,0.00009406,3871.00000000
2018-02-23 13:52:30,0.00009406,281.00000000
2018-02-23 13:52:30,0.00009408,165.00000000
2018-02-23 13:52:30,0.00009409,454.00000000
2018-02-23 13:52:30,0.00009409,106.00000000
2018-02-23 13:52:34,0.00009409,106.00000000
2018-02-23 13:52:34,0.00009406,22.00000000
2018-02-23 13:52:35,0.00009406,76.00000000
2018-02-23 13:52:40,0.00009409,559.00000000
2018-02-23 13:52:41,0.00009409,2.00000000
2018-02-23 13:52:45,0.00009409,1164.00000000
2018-02-23 13:52:50,0.00009406,13.00000000
2018-02-23 13:52:52,0.00009409,271.00000000
2018-02-23 13:52:56,0.00009406,317.00000000
2018-02-23 13:52:56,0.00009406,318.00000000
2018-02-23 13:52:56,0.00009406,272.00000000
2018-02-23 13:53:01,0.00009406,706.00000000
2018-02-23 13:53:04,0.00009409,271.00000000
2018-02-23 13:53:05,0.00009409,136.00000000
2018-02-23 13:53:09,0.00009406,130.00000000
2018-02-23 13:53:10,0.00009406,47.00000000
2018-02-23 13:53:10,0.00009406,47.00000000
2018-02-23 13:53:18,0.00009407,24.00000000
2018-02-23 13:53:18,0.00009406,61.00000000
2018-02-23 13:53:19,0.00009406,83.00000000
2018-02-23 13:53:22,0.00009408,213.00000000
2018-02-23 13:53:26,0.00009409,1071.00000000
2018-02-23 13:53:34,0.00009410,225.00000000
2018-02-23 13:53:34,0.00009409,15.00000000
2018-02-23 13:53:44,0.00009408,26.00000000
2018-02-23 13:53:44,0.00009407,8.00000000
2018-02-23 13:53:47,0.00009409,65.00000000
2018-02-23 13:53:52,0.00009409,1455.00000000
2018-02-23 13:53:52,0.00009409,925.00000000
2018-02-23 13:53:52,0.00009409,2827.00000000
2018-02-23 13:53:53,0.00009409,36.00000000
2018-02-23 13:53:53,0.00009409,100.00000000
2018-02-23 13:53:55,0.00009413,344.00000000
2018-02-23 13:53:55,0.00009414,58.00000000
2018-02-23 13:53:55,0.00009415,329.00000000
2018-02-23 13:53:56,0.00009409,317.00000000
2018-02-23 13:53:56,0.00009409,318.00000000
2018-02-23 13:53:56,0.00009409,1595.00000000
2018-02-23 13:53:56,0.00009409,758.00000000
2018-02-23 13:53:56,0.00009407,56.00000000
2018-02-23 13:53:58,0.00009409,56.00000000
2018-02-23 13:54:01,0.00009407,317.00000000
2018-02-23 13:54:01,0.00009408,469.00000000
2018-02-23 13:54:01,0.00009408,34.00000000
2018-02-23 13:54:02,0.00009407,127.00000000
2018-02-23 13:54:02,0.00009407,318.00000000
2018-02-23 13:54:03,0.00009407,102.00000000
2018-02-23 13:54:05,0.00009408,682.00000000
2018-02-23 13:54:05,0.00009409,514.00000000
2018-02-23 13:54:06,0.00009407,318.00000000
2018-02-23 13:54:07,0.00009407,318.00000000
2018-02-23 13:54:07,0.00009407,318.00000000
2018-02-23 13:54:07,0.00009407,318.00000000
2018-02-23 13:54:08,0.00009407,35.00000000
2018-02-23 13:54:08,0.00009407,288.00000000
2018-02-23 13:54:14,0.00009408,38.00000000
2018-02-23 13:54:16,0.00009408,10.00000000
2018-02-23 13:54:29,0.00009413,113.00000000
2018-02-23 13:54:33,0.00009411,537.00000000
2018-02-23 13:54:33,0.00009411,345.00000000
2018-02-23 13:54:33,0.00009411,218.00000000
2018-02-23 13:54:33,0.00009411,266.00000000
2018-02-23 13:54:33,0.00009411,134.00000000
2018-02-23 13:54:33,0.00009413,89.00000000
2018-02-23 13:54:33,0.00009415,171.00000000
2018-02-23 13:54:39,0.00009413,87.00000000
2018-02-23 13:54:42,0.00009413,20.00000000
2018-02-23 13:54:51,0.00009413,57.00000000
2018-02-23 13:54:51,0.00009409,193.00000000
2018-02-23 13:54:53,0.00009409,140.00000000
2018-02-23 13:54:58,0.00009414,11.00000000
2018-02-23 13:55:04,0.00009409,89.00000000
2018-02-23 13:55:10,0.00009409,225.00000000
2018-02-23 13:55:11,0.00009408,212.00000000
2018-02-23 13:55:11,0.00009409,225.00000000
2018-02-23 13:55:11,0.00009409,105.00000000
2018-02-23 13:55:16,0.00009409,212.00000000
2018-02-23 13:55:20,0.00009409,521.00000000
2018-02-23 13:55:29,0.00009408,33.00000000
2018-02-23 13:55:33,0.00009409,106.00000000
2018-02-23 13:55:36,0.00009409,106.00000000
2018-02-23 13:55:37,0.00009409,429.00000000
2018-02-23 13:55:41,0.00009409,106.00000000
2018-02-23 13:55:42,0.00009409,106.00000000
2018-02-23 13:55:47,0.00009409,40.00000000
2018-02-23 13:55:47,0.00009409,151.00000000
2018-02-23 13:55:49,0.00009412,137.00000000
2018-02-23 13:55:49,0.00009413,35.00000000
2018-02-23 13:55:50,0.00009409,50.00000000
2018-02-23 13:55:51,0.00009413,13.00000000
2018-02-23 13:55:51,0.00009413,136.00000000
2018-02-23 13:55:51,0.00009414,700.00000000
2018-02-23 13:55:51,0.00009415,1024.00000000
2018-02-23 13:55:51,0.00009416,3140.00000000
2018-02-23 13:55:52,0.00009412,1468.00000000
2018-02-23 13:55:52,0.00009416,2970.00000000
2018-02-23 13:55:57,0.00009416,562.00000000
2018-02-23 13:55:57,0.00009409,414.00000000
2018-02-23 13:55:58,0.00009409,1062.00000000
2018-02-23 13:55:59,0.00009408,452.00000000
2018-02-23 13:56:03,0.00009409,682.00000000
2018-02-23 13:56:05,0.00009409,618.00000000
2018-02-23 13:56:05,0.00009409,504.00000000
2018-02-23 13:56:06,0.00009409,20.00000000
2018-02-23 13:56:09,0.00009409,132.00000000
2018-02-23 13:56:09,0.00009409,132.00000000
2018-02-23 13:56:09,0.00009409,131.00000000
2018-02-23 13:56:09,0.00009408,131.00000000
2018-02-23 13:56:09,0.00009409,348.00000000
2018-02-23 13:56:11,0.00009409,221.00000000
2018-02-23 13:56:12,0.00009414,172.00000000
2018-02-23 13:56:12,0.00009415,192.00000000
2018-02-23 13:56:12,0.00009416,166.00000000
2018-02-23 13:56:16,0.00009416,691.00000000
2018-02-23 13:56:16,0.00009426,297.00000000
2018-02-23 13:56:16,0.00009427,578.00000000
2018-02-23 13:56:16,0.00009430,1431.00000000
2018-02-23 13:56:16,0.00009433,331.00000000
2018-02-23 13:56:16,0.00009435,672.00000000
2018-02-23 13:56:18,0.00009429,523.00000000
2018-02-23 13:56:18,0.00009434,777.00000000
2018-02-23 13:56:23,0.00009429,13.00000000
2018-02-23 13:56:24,0.00009419,514.00000000
2018-02-23 13:56:24,0.00009421,132.00000000
2018-02-23 13:56:24,0.00009421,662.00000000
2018-02-23 13:56:25,0.00009429,162.00000000
2018-02-23 13:56:25,0.00009434,123.00000000
2018-02-23 13:56:25,0.00009435,965.00000000
2018-02-23 13:56:25,0.00009436,594.00000000
2018-02-23 13:56:25,0.00009437,5998.00000000
2018-02-23 13:56:25,0.00009438,191.00000000
2018-02-23 13:56:25,0.00009440,11199.00000000
2018-02-23 13:56:25,0.00009442,34.00000000
2018-02-23 13:56:25,0.00009445,161.00000000
2018-02-23 13:56:25,0.00009449,499.00000000
2018-02-23 13:56:25,0.00009450,5951.00000000
2018-02-23 13:56:25,0.00009453,137.00000000
2018-02-23 13:56:25,0.00009454,292.00000000
2018-02-23 13:56:25,0.00009455,6003.00000000
2018-02-23 13:56:25,0.00009456,5304.00000000
2018-02-23 13:56:25,0.00009457,493.00000000
