DATE,PRICE,VOLUME
2018-03-01 06:00:04,0.00008569,49.00000000
2018-03-01 06:00:05,0.00008569,78.00000000
2018-03-01 06:00:10,0.00008560,123.00000000
2018-03-01 06:00:34,0.00008568,1035.00000000
2018-03-01 06:00:34,0.00008569,182.00000000
2018-03-01 06:00:38,0.00008570,100.00000000
2018-03-01 06:00:38,0.00008571,56.00000000
2018-03-01 06:00:38,0.00008571,23.00000000
2018-03-01 06:00:40,0.00008571,100.00000000
2018-03-01 06:00:42,0.00008560,46.00000000
2018-03-01 06:00:42,0.00008571,107.00000000
2018-03-01 06:00:42,0.00008572,6792.00000000
2018-03-01 06:00:42,0.00008575,476.00000000
2018-03-01 06:00:43,0.00008571,237.00000000
2018-03-01 06:00:44,0.00008560,46.00000000
2018-03-01 06:00:45,0.00008571,27.00000000
2018-03-01 06:00:49,0.00008571,426.00000000
2018-03-01 06:00:52,0.00008571,882.00000000
2018-03-01 06:00:56,0.00008575,1640.00000000
2018-03-01 06:00:59,0.00008575,111.00000000
2018-03-01 06:01:03,0.00008560,96.00000000
2018-03-01 06:01:03,0.00008560,296.00000000
2018-03-01 06:01:05,0.00008571,140.00000000
2018-03-01 06:01:14,0.00008560,177.00000000
2018-03-01 06:01:20,0.00008571,17.00000000
2018-03-01 06:01:29,0.00008570,165.00000000
2018-03-01 06:01:39,0.00008570,181.00000000
2018-03-01 06:01:41,0.00008561,58.00000000
2018-03-01 06:01:41,0.00008561,19.00000000
2018-03-01 06:01:42,0.00008561,14.00000000
2018-03-01 06:01:42,0.00008561,101.00000000
2018-03-01 06:01:42,0.00008560,704.00000000
2018-03-01 06:01:53,0.00008575,132.00000000
2018-03-01 06:01:55,0.00008570,154.00000000
2018-03-01 06:01:57,0.00008570,43.00000000
2018-03-01 06:01:59,0.00008570,28.00000000
2018-03-01 06:02:00,0.00008575,76.00000000
2018-03-01 06:02:01,0.00008575,2980.00000000
2018-03-01 06:02:01,0.00008570,78.00000000
2018-03-01 06:02:01,0.00008570,422.00000000
2018-03-01 06:02:03,0.00008575,10.00000000
2018-03-01 06:02:03,0.00008575,437.00000000
2018-03-01 06:02:04,0.00008575,8544.00000000
2018-03-01 06:02:08,0.00008575,162.00000000
2018-03-01 06:02:23,0.00008574,99.00000000
2018-03-01 06:02:24,0.00008574,18.00000000
2018-03-01 06:02:24,0.00008575,4491.00000000
2018-03-01 06:02:24,0.00008577,375.00000000
2018-03-01 06:02:26,0.00008564,58.00000000
2018-03-01 06:02:26,0.00008563,43.00000000
2018-03-01 06:02:26,0.00008561,101.00000000
2018-03-01 06:02:26,0.00008560,173.00000000
2018-03-01 06:02:26,0.00008557,584.00000000
2018-03-01 06:02:26,0.00008553,1390.00000000
2018-03-01 06:02:26,0.00008551,213.00000000
2018-03-01 06:02:27,0.00008575,1000.00000000
2018-03-01 06:02:29,0.00008575,254.00000000
2018-03-01 06:02:37,0.00008556,33.00000000
2018-03-01 06:03:02,0.00008576,21.00000000
2018-03-01 06:03:15,0.00008576,627.00000000
2018-03-01 06:03:15,0.00008577,957.00000000
2018-03-01 06:03:15,0.00008578,577.00000000
2018-03-01 06:03:15,0.00008579,1400.00000000
2018-03-01 06:03:15,0.00008580,1102.00000000
2018-03-01 06:03:17,0.00008580,2662.00000000
2018-03-01 06:03:26,0.00008578,18.00000000
2018-03-01 06:03:32,0.00008576,23.00000000
2018-03-01 06:03:35,0.00008578,40.00000000
2018-03-01 06:03:35,0.00008580,131.00000000
2018-03-01 06:03:37,0.00008580,1749.00000000
2018-03-01 06:03:41,0.00008576,260.00000000
2018-03-01 06:03:42,0.00008576,43.00000000
2018-03-01 06:03:49,0.00008580,4969.00000000
2018-03-01 06:03:54,0.00008580,300.00000000
2018-03-01 06:04:03,0.00008581,229.00000000
2018-03-01 06:04:05,0.00008581,271.00000000
2018-03-01 06:04:06,0.00008580,90.00000000
2018-03-01 06:04:09,0.00008580,22.00000000
2018-03-01 06:04:10,0.00008581,861.00000000
2018-03-01 06:04:11,0.00008580,116.00000000
2018-03-01 06:04:12,0.00008580,326.00000000
2018-03-01 06:04:16,0.00008580,1421.00000000
2018-03-01 06:04:26,0.00008580,67.00000000
2018-03-01 06:04:27,0.00008578,56.00000000
2018-03-01 06:04:27,0.00008576,29.00000000
2018-03-01 06:04:27,0.00008573,323.00000000
2018-03-01 06:04:27,0.00008562,1752.00000000
2018-03-01 06:04:27,0.00008558,16.00000000
2018-03-01 06:04:27,0.00008557,1346.00000000
2018-03-01 06:04:27,0.00008555,251.00000000
2018-03-01 06:04:27,0.00008550,22.00000000
2018-03-01 06:04:27,0.00008549,230.00000000
2018-03-01 06:04:27,0.00008548,6033.00000000
2018-03-01 06:04:27,0.00008579,116.00000000
2018-03-01 06:04:29,0.00008557,87.00000000
2018-03-01 06:04:31,0.00008577,85.00000000
2018-03-01 06:04:33,0.00008577,232.00000000
2018-03-01 06:04:33,0.00008578,105.00000000
2018-03-01 06:04:35,0.00008579,478.00000000
2018-03-01 06:04:36,0.00008580,84.00000000
2018-03-01 06:04:37,0.00008577,20.00000000
2018-03-01 06:04:37,0.00008564,96.00000000
2018-03-01 06:04:39,0.00008577,5.00000000
2018-03-01 06:04:41,0.00008577,2.00000000
2018-03-01 06:04:50,0.00008577,45.00000000
2018-03-01 06:04:53,0.00008565,100.00000000
2018-03-01 06:05:02,0.00008577,103.00000000
2018-03-01 06:05:10,0.00008577,560.00000000
2018-03-01 06:05:14,0.00008577,865.00000000
2018-03-01 06:05:14,0.00008580,2.00000000
2018-03-01 06:05:14,0.00008582,430.00000000
2018-03-01 06:05:17,0.00008582,292.00000000
2018-03-01 06:05:33,0.00008582,1067.00000000
2018-03-01 06:05:36,0.00008582,102.00000000
2018-03-01 06:05:36,0.00008583,2398.00000000
2018-03-01 06:05:41,0.00008579,1166.00000000
2018-03-01 06:05:41,0.00008579,938.00000000
2018-03-01 06:05:41,0.00008579,2192.00000000
2018-03-01 06:05:42,0.00008583,204.00000000
2018-03-01 06:05:45,0.00008579,448.00000000
2018-03-01 06:05:51,0.00008579,2360.00000000
2018-03-01 06:05:52,0.00008579,33.00000000
2018-03-01 06:05:54,0.00008579,905.00000000
2018-03-01 06:05:58,0.00008580,28.00000000
2018-03-01 06:06:04,0.00008581,583.00000000
2018-03-01 06:06:04,0.00008580,343.00000000
2018-03-01 06:06:06,0.00008580,1000.00000000
2018-03-01 06:06:13,0.00008580,131.00000000
2018-03-01 06:06:15,0.00008581,220.00000000
2018-03-01 06:06:15,0.00008582,48.00000000
2018-03-01 06:06:16,0.00008580,131.00000000
2018-03-01 06:06:18,0.00008580,46.00000000
2018-03-01 06:06:19,0.00008582,1671.00000000
2018-03-01 06:06:20,0.00008582,598.00000000
2018-03-01 06:06:29,0.00008583,1584.00000000
2018-03-01 06:06:39,0.00008583,496.00000000
2018-03-01 06:06:42,0.00008583,56.00000000
2018-03-01 06:06:44,0.00008583,1165.00000000
2018-03-01 06:06:44,0.00008583,149.00000000
2018-03-01 06:06:46,0.00008583,522.00000000
2018-03-01 06:06:46,0.00008583,1630.00000000
2018-03-01 06:06:51,0.00008587,993.00000000
2018-03-01 06:06:51,0.00008588,1007.00000000
2018-03-01 06:06:51,0.00008583,442.00000000
2018-03-01 06:06:54,0.00008583,4237.00000000
2018-03-01 06:06:56,0.00008583,131.00000000
2018-03-01 06:06:58,0.00008582,55.00000000
2018-03-01 06:07:04,0.00008582,176.00000000
2018-03-01 06:07:04,0.00008585,1164.00000000
2018-03-01 06:07:04,0.00008585,105.00000000
2018-03-01 06:07:08,0.00008580,1191.00000000
2018-03-01 06:07:10,0.00008585,59.00000000
2018-03-01 06:07:10,0.00008580,93.00000000
2018-03-01 06:07:11,0.00008580,666.00000000
2018-03-01 06:07:24,0.00008580,1165.00000000
2018-03-01 06:07:24,0.00008580,417.00000000
2018-03-01 06:07:28,0.00008584,500.00000000
2018-03-01 06:07:28,0.00008584,573.00000000
2018-03-01 06:07:29,0.00008584,92.00000000
2018-03-01 06:07:29,0.00008584,918.00000000
2018-03-01 06:07:33,0.00008584,72.00000000
2018-03-01 06:07:46,0.00008573,177.00000000
2018-03-01 06:07:47,0.00008580,22.00000000
2018-03-01 06:07:57,0.00008573,164.00000000
2018-03-01 06:08:00,0.00008573,553.00000000
2018-03-01 06:08:01,0.00008580,1.00000000
2018-03-01 06:08:11,0.00008580,272.00000000
2018-03-01 06:08:13,0.00008580,5.00000000
2018-03-01 06:08:30,0.00008570,260.00000000
2018-03-01 06:08:30,0.00008565,12.00000000
2018-03-01 06:08:39,0.00008565,513.00000000
2018-03-01 06:08:40,0.00008565,265.00000000
2018-03-01 06:08:40,0.00008565,64.00000000
2018-03-01 06:08:41,0.00008565,1167.00000000
2018-03-01 06:08:41,0.00008565,90.00000000
2018-03-01 06:08:41,0.00008565,89.00000000
2018-03-01 06:08:41,0.00008565,9.00000000
2018-03-01 06:08:41,0.00008580,1.00000000
2018-03-01 06:08:41,0.00008580,98.00000000
2018-03-01 06:08:44,0.00008563,13.00000000
2018-03-01 06:08:49,0.00008563,700.00000000
2018-03-01 06:08:55,0.00008564,61.00000000
2018-03-01 06:08:55,0.00008564,646.00000000
2018-03-01 06:09:07,0.00008580,588.00000000
2018-03-01 06:09:08,0.00008580,90.00000000
2018-03-01 06:09:08,0.00008580,90.00000000
2018-03-01 06:09:08,0.00008580,1169.00000000
2018-03-01 06:09:08,0.00008580,1464.00000000
2018-03-01 06:09:08,0.00008566,20.00000000
2018-03-01 06:09:15,0.00008566,198.00000000
2018-03-01 06:09:16,0.00008566,682.00000000
2018-03-01 06:09:16,0.00008566,18.00000000
2018-03-01 06:09:17,0.00008582,92.00000000
2018-03-01 06:09:17,0.00008583,560.00000000
2018-03-01 06:09:18,0.00008583,148.00000000
2018-03-01 06:09:20,0.00008588,150.00000000
2018-03-01 06:09:22,0.00008588,303.00000000
2018-03-01 06:09:22,0.00008583,455.00000000
2018-03-01 06:09:23,0.00008583,1363.00000000
2018-03-01 06:09:23,0.00008583,2382.00000000
2018-03-01 06:09:24,0.00008583,462.00000000
2018-03-01 06:09:29,0.00008580,58.00000000
2018-03-01 06:09:31,0.00008565,26.00000000
2018-03-01 06:09:37,0.00008583,901.00000000
2018-03-01 06:09:38,0.00008583,400.00000000
2018-03-01 06:09:38,0.00008583,1713.00000000
2018-03-01 06:09:47,0.00008589,10.00000000
2018-03-01 06:09:48,0.00008583,47.00000000
2018-03-01 06:09:55,0.00008583,163.00000000
2018-03-01 06:09:55,0.00008583,1749.00000000
2018-03-01 06:10:02,0.00008583,27.00000000
2018-03-01 06:10:02,0.00008588,14.00000000
2018-03-01 06:10:03,0.00008583,27.00000000
2018-03-01 06:10:06,0.00008588,39.00000000
2018-03-01 06:10:13,0.00008589,115.00000000
2018-03-01 06:10:14,0.00008588,12.00000000
2018-03-01 06:10:14,0.00008588,6.00000000
2018-03-01 06:10:15,0.00008588,3.00000000
2018-03-01 06:10:15,0.00008583,78.00000000
2018-03-01 06:10:16,0.00008583,501.00000000
2018-03-01 06:10:18,0.00008583,5000.00000000
2018-03-01 06:10:21,0.00008583,1637.00000000
2018-03-01 06:10:22,0.00008569,226.00000000
2018-03-01 06:10:23,0.00008569,818.00000000
2018-03-01 06:10:29,0.00008585,25.00000000
2018-03-01 06:10:32,0.00008583,250.00000000
2018-03-01 06:10:35,0.00008583,936.00000000
2018-03-01 06:10:40,0.00008583,472.00000000
2018-03-01 06:10:44,0.00008583,328.00000000
2018-03-01 06:10:44,0.00008583,2.00000000
2018-03-01 06:10:45,0.00008585,205.00000000
2018-03-01 06:10:45,0.00008586,583.00000000
2018-03-01 06:10:45,0.00008588,574.00000000
2018-03-01 06:10:46,0.00008588,30.00000000
2018-03-01 06:10:46,0.00008588,360.00000000
2018-03-01 06:10:47,0.00008588,1169.00000000
2018-03-01 06:10:47,0.00008588,2079.00000000
2018-03-01 06:10:47,0.00008583,149.00000000
2018-03-01 06:10:47,0.00008583,50.00000000
2018-03-01 06:10:51,0.00008583,100.00000000
2018-03-01 06:10:52,0.00008583,638.00000000
2018-03-01 06:10:54,0.00008583,1100.00000000
2018-03-01 06:11:00,0.00008583,3326.00000000
2018-03-01 06:11:02,0.00008578,330.00000000
2018-03-01 06:11:02,0.00008578,330.00000000
2018-03-01 06:11:03,0.00008568,109.00000000
2018-03-01 06:11:03,0.00008567,24.00000000
2018-03-01 06:11:17,0.00008577,24.00000000
2018-03-01 06:11:17,0.00008578,276.00000000
2018-03-01 06:11:18,0.00008569,20.00000000
2018-03-01 06:11:22,0.00008578,3.00000000
2018-03-01 06:11:28,0.00008578,684.00000000
2018-03-01 06:11:28,0.00008585,20.00000000
2018-03-01 06:11:29,0.00008588,4296.00000000
2018-03-01 06:11:29,0.00008569,65.00000000
2018-03-01 06:11:29,0.00008566,455.00000000
2018-03-01 06:11:41,0.00008575,57.00000000
2018-03-01 06:11:41,0.00008570,116.00000000
2018-03-01 06:11:41,0.00008575,90.00000000
2018-03-01 06:11:42,0.00008575,53.00000000
2018-03-01 06:11:46,0.00008570,453.00000000
2018-03-01 06:11:53,0.00008582,18.00000000
2018-03-01 06:11:53,0.00008582,162.00000000
2018-03-01 06:11:57,0.00008570,1008.00000000
2018-03-01 06:12:00,0.00008570,330.00000000
2018-03-01 06:12:05,0.00008582,1169.00000000
2018-03-01 06:12:06,0.00008582,33.00000000
2018-03-01 06:12:09,0.00008575,110.00000000
2018-03-01 06:12:09,0.00008580,31.00000000
2018-03-01 06:12:26,0.00008570,795.00000000
2018-03-01 06:12:27,0.00008580,452.00000000
2018-03-01 06:12:39,0.00008580,189.00000000
2018-03-01 06:12:48,0.00008575,55.00000000
2018-03-01 06:12:57,0.00008580,185.00000000
2018-03-01 06:13:08,0.00008580,84.00000000
2018-03-01 06:13:13,0.00008572,209.00000000
2018-03-01 06:13:13,0.00008571,116.00000000
2018-03-01 06:13:13,0.00008570,3196.00000000
2018-03-01 06:13:16,0.00008579,125.00000000
2018-03-01 06:13:26,0.00008571,125.00000000
2018-03-01 06:13:26,0.00008570,1016.00000000
2018-03-01 06:13:27,0.00008570,289.00000000
2018-03-01 06:13:27,0.00008570,65.00000000
2018-03-01 06:13:27,0.00008570,31.00000000
2018-03-01 06:13:28,0.00008570,385.00000000
2018-03-01 06:13:29,0.00008570,49.00000000
2018-03-01 06:13:30,0.00008570,111.00000000
2018-03-01 06:13:30,0.00008579,3.00000000
2018-03-01 06:13:31,0.00008570,41.00000000
2018-03-01 06:13:31,0.00008570,413.00000000
2018-03-01 06:13:31,0.00008580,41.00000000
2018-03-01 06:13:38,0.00008579,69.00000000
2018-03-01 06:13:55,0.00008567,81.00000000
2018-03-01 06:13:55,0.00008566,640.00000000
2018-03-01 06:14:10,0.00008566,55.00000000
2018-03-01 06:14:14,0.00008575,235.00000000
2018-03-01 06:14:15,0.00008575,40.00000000
2018-03-01 06:14:17,0.00008567,15.00000000
2018-03-01 06:14:34,0.00008570,21.00000000
2018-03-01 06:14:34,0.00008567,870.00000000
2018-03-01 06:14:46,0.00008567,466.00000000
2018-03-01 06:14:57,0.00008570,70.00000000
2018-03-01 06:14:57,0.00008570,2.00000000
2018-03-01 06:15:10,0.00008570,95.00000000
2018-03-01 06:15:18,0.00008569,33.00000000
2018-03-01 06:15:18,0.00008567,23.00000000
2018-03-01 06:15:18,0.00008569,83.00000000
2018-03-01 06:15:20,0.00008567,79.00000000
2018-03-01 06:15:20,0.00008566,385.00000000
2018-03-01 06:15:34,0.00008569,31.00000000
2018-03-01 06:15:39,0.00008568,27.00000000
2018-03-01 06:15:40,0.00008570,116.00000000
2018-03-01 06:15:42,0.00008570,197.00000000
2018-03-01 06:15:42,0.00008570,282.00000000
2018-03-01 06:15:43,0.00008571,110.00000000
2018-03-01 06:15:48,0.00008575,308.00000000
2018-03-01 06:16:00,0.00008575,149.00000000
2018-03-01 06:16:02,0.00008575,62.00000000
2018-03-01 06:16:12,0.00008574,89.00000000
2018-03-01 06:16:12,0.00008575,252.00000000
2018-03-01 06:16:12,0.00008578,1009.00000000
2018-03-01 06:16:12,0.00008578,118.00000000
2018-03-01 06:16:16,0.00008575,20.00000000
2018-03-01 06:16:17,0.00008578,446.00000000
2018-03-01 06:16:17,0.00008575,292.00000000
2018-03-01 06:16:17,0.00008567,735.00000000
2018-03-01 06:16:19,0.00008578,36.00000000
2018-03-01 06:16:26,0.00008578,90.00000000
2018-03-01 06:16:27,0.00008578,28.00000000
2018-03-01 06:16:30,0.00008578,23.00000000
2018-03-01 06:16:30,0.00008578,1020.00000000
2018-03-01 06:16:32,0.00008578,44.00000000
2018-03-01 06:16:49,0.00008578,44.00000000
2018-03-01 06:16:56,0.00008578,44.00000000
2018-03-01 06:16:59,0.00008578,44.00000000
2018-03-01 06:17:06,0.00008578,53.00000000
2018-03-01 06:17:08,0.00008578,187.00000000
2018-03-01 06:17:09,0.00008578,44.00000000
2018-03-01 06:17:12,0.00008578,44.00000000
2018-03-01 06:17:25,0.00008579,171.00000000
2018-03-01 06:17:25,0.00008578,44.00000000
2018-03-01 06:17:26,0.00008579,116.00000000
2018-03-01 06:17:32,0.00008578,44.00000000
2018-03-01 06:17:35,0.00008579,192.00000000
2018-03-01 06:17:36,0.00008578,44.00000000
2018-03-01 06:17:43,0.00008578,1587.00000000
2018-03-01 06:17:50,0.00008578,1587.00000000
2018-03-01 06:17:50,0.00008578,3828.00000000
2018-03-01 06:17:51,0.00008578,5.00000000
2018-03-01 06:18:00,0.00008577,50.00000000
2018-03-01 06:18:02,0.00008577,15.00000000
2018-03-01 06:18:03,0.00008571,217.00000000
2018-03-01 06:18:26,0.00008575,26.00000000
2018-03-01 06:18:36,0.00008577,193.00000000
2018-03-01 06:18:41,0.00008577,154.00000000
2018-03-01 06:18:44,0.00008575,26.00000000
2018-03-01 06:18:45,0.00008577,429.00000000
2018-03-01 06:18:46,0.00008577,28.00000000
2018-03-01 06:18:57,0.00008575,199.00000000
2018-03-01 06:19:06,0.00008575,23.00000000
2018-03-01 06:19:09,0.00008577,24.00000000
2018-03-01 06:19:10,0.00008577,41.00000000
2018-03-01 06:19:15,0.00008577,556.00000000
2018-03-01 06:19:27,0.00008575,130.00000000
2018-03-01 06:19:33,0.00008575,23.00000000
2018-03-01 06:19:38,0.00008575,250.00000000
2018-03-01 06:19:38,0.00008577,58.00000000
2018-03-01 06:19:47,0.00008577,43.00000000
2018-03-01 06:19:47,0.00008575,1000.00000000
2018-03-01 06:19:51,0.00008576,50.00000000
2018-03-01 06:19:52,0.00008576,96.00000000
2018-03-01 06:19:52,0.00008575,904.00000000
2018-03-01 06:19:53,0.00008575,27.00000000
2018-03-01 06:19:55,0.00008575,202.00000000
2018-03-01 06:19:58,0.00008575,56.00000000
2018-03-01 06:20:01,0.00008577,62.00000000
2018-03-01 06:20:01,0.00008577,75.00000000
2018-03-01 06:20:03,0.00008575,23.00000000
2018-03-01 06:20:03,0.00008570,1924.00000000
2018-03-01 06:20:06,0.00008570,24.00000000
2018-03-01 06:20:16,0.00008570,1887.00000000
2018-03-01 06:20:23,0.00008577,73.00000000
2018-03-01 06:20:26,0.00008575,28.00000000
2018-03-01 06:20:37,0.00008575,224.00000000
2018-03-01 06:20:48,0.00008575,230.00000000
2018-03-01 06:20:48,0.00008575,40.00000000
2018-03-01 06:20:51,0.00008575,458.00000000
2018-03-01 06:20:51,0.00008575,200.00000000
2018-03-01 06:20:55,0.00008571,28.00000000
2018-03-01 06:20:56,0.00008571,909.00000000
2018-03-01 06:21:02,0.00008575,26.00000000
2018-03-01 06:21:07,0.00008571,75.00000000
2018-03-01 06:21:08,0.00008574,16.00000000
2018-03-01 06:21:08,0.00008575,77.00000000
2018-03-01 06:21:11,0.00008574,107.00000000
2018-03-01 06:21:11,0.00008575,581.00000000
2018-03-01 06:21:11,0.00008576,500.00000000
2018-03-01 06:21:11,0.00008577,805.00000000
2018-03-01 06:21:11,0.00008578,1617.00000000
2018-03-01 06:21:11,0.00008579,1055.00000000
2018-03-01 06:21:15,0.00008579,544.00000000
2018-03-01 06:21:22,0.00008577,193.00000000
2018-03-01 06:21:26,0.00008577,272.00000000
2018-03-01 06:21:32,0.00008577,56.00000000
2018-03-01 06:21:39,0.00008577,27.00000000
2018-03-01 06:21:50,0.00008578,12.00000000
2018-03-01 06:21:54,0.00008578,19.00000000
2018-03-01 06:21:54,0.00008578,100.00000000
2018-03-01 06:21:55,0.00008578,19.00000000
2018-03-01 06:21:58,0.00008578,200.00000000
2018-03-01 06:21:59,0.00008578,200.00000000
2018-03-01 06:22:00,0.00008578,343.00000000
2018-03-01 06:22:01,0.00008578,2500.00000000
2018-03-01 06:22:07,0.00008579,549.00000000
2018-03-01 06:22:28,0.00008578,16.00000000
2018-03-01 06:22:30,0.00008579,116.00000000
2018-03-01 06:22:51,0.00008579,215.00000000
2018-03-01 06:22:54,0.00008579,231.00000000
2018-03-01 06:22:54,0.00008579,23.00000000
2018-03-01 06:23:01,0.00008579,181.00000000
2018-03-01 06:23:01,0.00008578,15.00000000
2018-03-01 06:23:03,0.00008579,10.00000000
2018-03-01 06:23:08,0.00008579,25.00000000
2018-03-01 06:23:12,0.00008578,3335.00000000
2018-03-01 06:23:12,0.00008577,1171.00000000
2018-03-01 06:23:14,0.00008577,494.00000000
2018-03-01 06:23:18,0.00008579,100.00000000
2018-03-01 06:23:20,0.00008577,51.00000000
2018-03-01 06:23:25,0.00008579,30.00000000
2018-03-01 06:23:26,0.00008577,15.00000000
2018-03-01 06:23:27,0.00008577,200.00000000
2018-03-01 06:23:29,0.00008579,180.00000000
2018-03-01 06:23:33,0.00008578,194.00000000
2018-03-01 06:23:33,0.00008577,15.00000000
2018-03-01 06:23:34,0.00008578,127.00000000
2018-03-01 06:23:40,0.00008578,144.00000000
2018-03-01 06:23:41,0.00008578,917.00000000
2018-03-01 06:23:41,0.00008579,3418.00000000
2018-03-01 06:23:41,0.00008580,2295.00000000
2018-03-01 06:23:46,0.00008581,13.00000000
2018-03-01 06:23:48,0.00008581,86.00000000
2018-03-01 06:23:48,0.00008580,78.00000000
2018-03-01 06:23:48,0.00008586,30.00000000
2018-03-01 06:23:56,0.00008586,456.00000000
2018-03-01 06:23:57,0.00008586,680.00000000
2018-03-01 06:23:59,0.00008586,3923.00000000
2018-03-01 06:24:00,0.00008586,4908.00000000
2018-03-01 06:24:01,0.00008580,7.00000000
2018-03-01 06:24:01,0.00008577,414.00000000
2018-03-01 06:24:01,0.00008575,632.00000000
2018-03-01 06:24:01,0.00008571,344.00000000
2018-03-01 06:24:02,0.00008579,58.00000000
2018-03-01 06:24:02,0.00008578,32.00000000
2018-03-01 06:24:08,0.00008571,22.00000000
2018-03-01 06:24:08,0.00008570,11791.00000000
2018-03-01 06:24:11,0.00008579,90.00000000
2018-03-01 06:24:17,0.00008579,22.00000000
2018-03-01 06:24:21,0.00008583,135.00000000
2018-03-01 06:24:22,0.00008583,64.00000000
2018-03-01 06:24:22,0.00008583,27.00000000
2018-03-01 06:24:22,0.00008583,12.00000000
2018-03-01 06:24:22,0.00008579,1758.00000000
2018-03-01 06:24:22,0.00008570,6429.00000000
2018-03-01 06:24:35,0.00008580,71.00000000
2018-03-01 06:24:39,0.00008580,68.00000000
2018-03-01 06:24:44,0.00008583,1176.00000000
2018-03-01 06:24:50,0.00008580,19.00000000
2018-03-01 06:24:50,0.00008580,380.00000000
2018-03-01 06:25:00,0.00008583,21.00000000
2018-03-01 06:25:00,0.00008585,568.00000000
2018-03-01 06:25:05,0.00008580,148.00000000
2018-03-01 06:25:11,0.00008584,110.00000000
2018-03-01 06:25:11,0.00008584,22.00000000
2018-03-01 06:25:18,0.00008580,83.00000000
2018-03-01 06:25:18,0.00008571,132.00000000
2018-03-01 06:25:18,0.00008570,84.00000000
2018-03-01 06:25:19,0.00008570,19.00000000
2018-03-01 06:25:20,0.00008583,1211.00000000
2018-03-01 06:25:20,0.00008585,3316.00000000
2018-03-01 06:25:23,0.00008571,68.00000000
2018-03-01 06:25:40,0.00008572,20.00000000
2018-03-01 06:25:43,0.00008572,169.00000000
2018-03-01 06:25:44,0.00008572,305.00000000
2018-03-01 06:25:45,0.00008574,281.00000000
2018-03-01 06:25:48,0.00008585,28.00000000
2018-03-01 06:25:53,0.00008574,164.00000000
2018-03-01 06:26:00,0.00008574,35.00000000
2018-03-01 06:26:13,0.00008584,26.00000000
2018-03-01 06:26:17,0.00008584,11.00000000
2018-03-01 06:26:23,0.00008574,37.00000000
2018-03-01 06:26:39,0.00008574,902.00000000
2018-03-01 06:26:39,0.00008571,218.00000000
2018-03-01 06:26:39,0.00008570,3880.00000000
2018-03-01 06:26:45,0.00008584,20.00000000
2018-03-01 06:26:45,0.00008570,233.00000000
2018-03-01 06:26:56,0.00008570,15.00000000
2018-03-01 06:26:58,0.00008570,1375.00000000
2018-03-01 06:26:59,0.00008583,498.00000000
2018-03-01 06:27:03,0.00008571,233.00000000
2018-03-01 06:27:05,0.00008582,278.00000000
2018-03-01 06:27:05,0.00008582,33.00000000
2018-03-01 06:27:17,0.00008572,58.00000000
2018-03-01 06:27:17,0.00008571,265.00000000
2018-03-01 06:27:19,0.00008571,58.00000000
2018-03-01 06:27:21,0.00008571,116.00000000
2018-03-01 06:27:21,0.00008571,175.00000000
2018-03-01 06:27:23,0.00008570,40.00000000
2018-03-01 06:27:28,0.00008570,200.00000000
2018-03-01 06:27:36,0.00008570,4523.00000000
2018-03-01 06:27:38,0.00008581,544.00000000
2018-03-01 06:27:43,0.00008581,611.00000000
2018-03-01 06:27:46,0.00008571,20.00000000
2018-03-01 06:27:49,0.00008581,1723.00000000
2018-03-01 06:27:51,0.00008571,233.00000000
2018-03-01 06:27:58,0.00008571,1050.00000000
2018-03-01 06:28:00,0.00008571,744.00000000
2018-03-01 06:28:01,0.00008571,19.00000000
2018-03-01 06:28:01,0.00008571,172.00000000
2018-03-01 06:28:01,0.00008570,22.00000000
2018-03-01 06:28:03,0.00008581,7779.00000000
2018-03-01 06:28:03,0.00008582,621.00000000
2018-03-01 06:28:04,0.00008582,179.00000000
2018-03-01 06:28:04,0.00008583,371.00000000
2018-03-01 06:28:04,0.00008570,350.00000000
2018-03-01 06:28:10,0.00008581,27.00000000
2018-03-01 06:28:14,0.00008570,433.00000000
2018-03-01 06:28:17,0.00008570,777.00000000
2018-03-01 06:28:30,0.00008570,4550.00000000
2018-03-01 06:28:36,0.00008570,20.00000000
2018-03-01 06:28:36,0.00008570,4550.00000000
2018-03-01 06:28:42,0.00008579,100.00000000
2018-03-01 06:28:42,0.00008579,17.00000000
2018-03-01 06:28:44,0.00008575,326.00000000
2018-03-01 06:28:46,0.00008578,497.00000000
2018-03-01 06:28:52,0.00008575,20.00000000
2018-03-01 06:28:54,0.00008575,838.00000000
2018-03-01 06:28:54,0.00008570,211.00000000
2018-03-01 06:29:00,0.00008570,1400.00000000
2018-03-01 06:29:06,0.00008572,456.00000000
2018-03-01 06:29:06,0.00008570,10.00000000
2018-03-01 06:29:10,0.00008570,14.00000000
2018-03-01 06:29:17,0.00008570,46.00000000
2018-03-01 06:29:27,0.00008579,116.00000000
2018-03-01 06:29:28,0.00008570,1283.00000000
2018-03-01 06:29:36,0.00008570,531.00000000
2018-03-01 06:29:37,0.00008570,653.00000000
2018-03-01 06:29:38,0.00008570,173.00000000
2018-03-01 06:29:38,0.00008570,427.00000000
2018-03-01 06:29:38,0.00008570,504.00000000
2018-03-01 06:29:40,0.00008570,250.00000000
2018-03-01 06:29:42,0.00008567,35.00000000
2018-03-01 06:29:43,0.00008570,50.00000000
2018-03-01 06:29:47,0.00008570,4476.00000000
2018-03-01 06:29:47,0.00008570,1874.00000000
2018-03-01 06:29:47,0.00008570,23.00000000
2018-03-01 06:29:48,0.00008570,30.00000000
2018-03-01 06:29:56,0.00008575,583.00000000
2018-03-01 06:29:56,0.00008570,350.00000000
2018-03-01 06:29:56,0.00008570,30.00000000
2018-03-01 06:30:00,0.00008570,250.00000000
2018-03-01 06:30:02,0.00008570,1000.00000000
2018-03-01 06:30:04,0.00008570,30.00000000
2018-03-01 06:30:10,0.00008575,33.00000000
2018-03-01 06:30:14,0.00008575,10.00000000
2018-03-01 06:30:15,0.00008570,116.00000000
2018-03-01 06:30:17,0.00008575,623.00000000
2018-03-01 06:30:38,0.00008575,1268.00000000
2018-03-01 06:30:38,0.00008579,723.00000000
2018-03-01 06:30:38,0.00008580,72.00000000
2018-03-01 06:30:38,0.00008584,7.00000000
2018-03-01 06:30:38,0.00008585,59.00000000
2018-03-01 06:30:39,0.00008570,130.00000000
2018-03-01 06:30:39,0.00008567,36.00000000
2018-03-01 06:30:46,0.00008567,971.00000000
2018-03-01 06:30:46,0.00008566,2016.00000000
2018-03-01 06:30:51,0.00008575,52.00000000
2018-03-01 06:30:51,0.00008567,414.00000000
2018-03-01 06:30:54,0.00008567,33.00000000
2018-03-01 06:30:57,0.00008575,118.00000000
2018-03-01 06:30:57,0.00008567,1133.00000000
2018-03-01 06:30:57,0.00008566,4579.00000000
2018-03-01 06:30:57,0.00008578,24.00000000
2018-03-01 06:31:01,0.00008577,871.00000000
2018-03-01 06:31:13,0.00008577,61.00000000
2018-03-01 06:31:19,0.00008577,63.00000000
2018-03-01 06:31:20,0.00008578,37.00000000
2018-03-01 06:31:21,0.00008577,36.00000000
2018-03-01 06:31:21,0.00008569,147.00000000
2018-03-01 06:31:21,0.00008568,13.00000000
2018-03-01 06:31:21,0.00008566,3408.00000000
2018-03-01 06:31:21,0.00008565,850.00000000
2018-03-01 06:31:21,0.00008561,900.00000000
2018-03-01 06:31:21,0.00008560,475.00000000
2018-03-01 06:31:29,0.00008560,37.00000000
2018-03-01 06:31:30,0.00008561,1679.00000000
2018-03-01 06:31:32,0.00008561,150.00000000
2018-03-01 06:31:40,0.00008561,23.00000000
2018-03-01 06:31:41,0.00008562,23.00000000
2018-03-01 06:31:59,0.00008562,182.00000000
2018-03-01 06:32:09,0.00008562,1000.00000000
2018-03-01 06:32:13,0.00008577,116.00000000
2018-03-01 06:32:18,0.00008567,19.00000000
2018-03-01 06:32:18,0.00008577,23.00000000
2018-03-01 06:32:24,0.00008577,196.00000000
2018-03-01 06:32:24,0.00008578,387.00000000
2018-03-01 06:32:27,0.00008578,398.00000000
2018-03-01 06:32:27,0.00008582,185.00000000
2018-03-01 06:32:29,0.00008582,400.00000000
2018-03-01 06:32:29,0.00008583,183.00000000
2018-03-01 06:32:30,0.00008583,399.00000000
2018-03-01 06:32:39,0.00008578,42.00000000
2018-03-01 06:32:39,0.00008577,22.00000000
2018-03-01 06:32:42,0.00008577,56.00000000
2018-03-01 06:32:44,0.00008582,142.00000000
2018-03-01 06:32:49,0.00008577,40.00000000
2018-03-01 06:32:56,0.00008577,544.00000000
2018-03-01 06:33:03,0.00008577,232.00000000
2018-03-01 06:33:05,0.00008577,1042.00000000
2018-03-01 06:33:06,0.00008577,232.00000000
2018-03-01 06:33:06,0.00008581,141.00000000
2018-03-01 06:33:06,0.00008582,462.00000000
2018-03-01 06:33:12,0.00008582,41.00000000
2018-03-01 06:33:13,0.00008569,29.00000000
2018-03-01 06:33:23,0.00008569,371.00000000
2018-03-01 06:33:25,0.00008568,890.00000000
2018-03-01 06:33:27,0.00008582,116.00000000
2018-03-01 06:33:29,0.00008566,834.00000000
2018-03-01 06:33:31,0.00008566,21.00000000
2018-03-01 06:33:32,0.00008566,180.00000000
2018-03-01 06:33:32,0.00008566,90.00000000
2018-03-01 06:33:33,0.00008566,25.00000000
2018-03-01 06:33:34,0.00008566,518.00000000
2018-03-01 06:33:35,0.00008566,24.00000000
2018-03-01 06:33:35,0.00008565,53.00000000
2018-03-01 06:33:36,0.00008566,24.00000000
2018-03-01 06:33:39,0.00008569,1460.00000000
2018-03-01 06:33:41,0.00008569,165.00000000
2018-03-01 06:33:43,0.00008566,116.00000000
2018-03-01 06:33:46,0.00008569,1456.00000000
2018-03-01 06:33:49,0.00008566,1386.00000000
2018-03-01 06:33:49,0.00008569,4.00000000
2018-03-01 06:33:52,0.00008569,3297.00000000
2018-03-01 06:33:57,0.00008566,24.00000000
2018-03-01 06:33:57,0.00008562,84.00000000
2018-03-01 06:33:57,0.00008560,692.00000000
2018-03-01 06:34:04,0.00008577,898.00000000
2018-03-01 06:34:09,0.00008577,899.00000000
2018-03-01 06:34:14,0.00008577,456.00000000
2018-03-01 06:34:16,0.00008577,246.00000000
2018-03-01 06:34:21,0.00008578,5.00000000
2018-03-01 06:34:22,0.00008560,2074.00000000
2018-03-01 06:34:25,0.00008578,343.00000000
2018-03-01 06:34:25,0.00008578,89.00000000
2018-03-01 06:34:27,0.00008578,1.00000000
2018-03-01 06:34:28,0.00008578,28.00000000
2018-03-01 06:34:28,0.00008577,1449.00000000
2018-03-01 06:34:31,0.00008577,1.00000000
2018-03-01 06:34:34,0.00008577,49.00000000
2018-03-01 06:34:34,0.00008575,321.00000000
2018-03-01 06:34:37,0.00008575,130.00000000
2018-03-01 06:34:37,0.00008579,720.00000000
2018-03-01 06:34:41,0.00008577,24.00000000
2018-03-01 06:34:46,0.00008575,704.00000000
2018-03-01 06:34:53,0.00008578,374.00000000
2018-03-01 06:34:58,0.00008575,63.00000000
2018-03-01 06:35:02,0.00008577,1119.00000000
2018-03-01 06:35:10,0.00008578,118.00000000
2018-03-01 06:35:13,0.00008565,400.00000000
2018-03-01 06:35:13,0.00008564,2860.00000000
2018-03-01 06:35:15,0.00008570,1000.00000000
2018-03-01 06:35:15,0.00008566,1166.00000000
2018-03-01 06:35:15,0.00008564,4926.00000000
2018-03-01 06:35:16,0.00008577,116.00000000
2018-03-01 06:35:18,0.00008577,131.00000000
2018-03-01 06:35:22,0.00008564,314.00000000
2018-03-01 06:35:28,0.00008564,116.00000000
2018-03-01 06:35:31,0.00008564,1500.00000000
2018-03-01 06:35:32,0.00008578,116.00000000
2018-03-01 06:35:32,0.00008578,74.00000000
2018-03-01 06:35:35,0.00008578,240.00000000
2018-03-01 06:35:44,0.00008565,274.00000000
2018-03-01 06:35:45,0.00008575,79.00000000
2018-03-01 06:35:45,0.00008578,14.00000000
2018-03-01 06:35:47,0.00008578,33.00000000
2018-03-01 06:35:48,0.00008577,1012.00000000
2018-03-01 06:35:48,0.00008578,824.00000000
2018-03-01 06:35:49,0.00008578,1012.00000000
2018-03-01 06:35:49,0.00008579,146.00000000
2018-03-01 06:35:50,0.00008580,992.00000000
2018-03-01 06:35:54,0.00008582,100.00000000
2018-03-01 06:35:59,0.00008582,203.00000000
2018-03-01 06:36:07,0.00008581,1.00000000
2018-03-01 06:36:09,0.00008577,50.00000000
2018-03-01 06:36:10,0.00008577,510.00000000
2018-03-01 06:36:10,0.00008577,100.00000000
2018-03-01 06:36:17,0.00008568,1489.00000000
2018-03-01 06:36:17,0.00008566,981.00000000
2018-03-01 06:36:17,0.00008566,2584.00000000
2018-03-01 06:36:18,0.00008566,2580.00000000
2018-03-01 06:36:18,0.00008566,1167.00000000
2018-03-01 06:36:18,0.00008566,1019.00000000
2018-03-01 06:36:18,0.00008566,584.00000000
2018-03-01 06:36:18,0.00008566,90.00000000
2018-03-01 06:36:19,0.00008565,350.00000000
2018-03-01 06:36:19,0.00008566,19.00000000
2018-03-01 06:36:19,0.00008566,584.00000000
2018-03-01 06:36:20,0.00008566,25.00000000
2018-03-01 06:36:20,0.00008566,19.00000000
2018-03-01 06:36:21,0.00008566,15.00000000
2018-03-01 06:36:24,0.00008566,1166.00000000
2018-03-01 06:36:32,0.00008566,66.00000000
2018-03-01 06:36:32,0.00008566,188.00000000
2018-03-01 06:36:41,0.00008566,151.00000000
2018-03-01 06:36:44,0.00008565,1464.00000000
2018-03-01 06:36:46,0.00008566,26.00000000
2018-03-01 06:36:49,0.00008566,2047.00000000
2018-03-01 06:36:54,0.00008566,40.00000000
2018-03-01 06:36:54,0.00008566,50.00000000
2018-03-01 06:37:04,0.00008565,4.00000000
2018-03-01 06:37:05,0.00008577,55.00000000
2018-03-01 06:37:07,0.00008565,9980.00000000
2018-03-01 06:37:17,0.00008565,8663.00000000
2018-03-01 06:37:17,0.00008577,13.00000000
2018-03-01 06:37:26,0.00008565,249.00000000
2018-03-01 06:37:32,0.00008565,180.00000000
2018-03-01 06:37:38,0.00008565,1293.00000000
2018-03-01 06:37:38,0.00008565,4303.00000000
2018-03-01 06:37:38,0.00008564,1198.00000000
2018-03-01 06:37:38,0.00008561,600.00000000
2018-03-01 06:37:46,0.00008561,334.00000000
2018-03-01 06:37:48,0.00008561,93.00000000
2018-03-01 06:37:51,0.00008561,152.00000000
2018-03-01 06:37:53,0.00008561,42.00000000
2018-03-01 06:37:55,0.00008561,28.00000000
2018-03-01 06:37:59,0.00008561,530.00000000
2018-03-01 06:38:00,0.00008561,303.00000000
2018-03-01 06:38:03,0.00008561,100.00000000
2018-03-01 06:38:03,0.00008561,233.00000000
2018-03-01 06:38:03,0.00008560,73.00000000
2018-03-01 06:38:03,0.00008560,102.00000000
2018-03-01 06:38:11,0.00008565,3004.00000000
2018-03-01 06:38:11,0.00008576,249.00000000
2018-03-01 06:38:11,0.00008577,32.00000000
2018-03-01 06:38:11,0.00008578,1000.00000000
2018-03-01 06:38:11,0.00008579,384.00000000
2018-03-01 06:38:19,0.00008561,61.00000000
2018-03-01 06:38:39,0.00008562,1365.00000000
2018-03-01 06:38:43,0.00008562,2.00000000
2018-03-01 06:38:48,0.00008576,583.00000000
2018-03-01 06:38:55,0.00008562,233.00000000
2018-03-01 06:38:59,0.00008562,24.00000000
2018-03-01 06:39:13,0.00008562,200.00000000
2018-03-01 06:39:19,0.00008562,233.00000000
2018-03-01 06:39:37,0.00008563,23.00000000
2018-03-01 06:39:40,0.00008563,43.00000000
2018-03-01 06:39:50,0.00008563,14.00000000
2018-03-01 06:39:57,0.00008563,119.00000000
2018-03-01 06:39:59,0.00008563,3.00000000
2018-03-01 06:40:06,0.00008569,11.00000000
2018-03-01 06:40:16,0.00008563,37.00000000
2018-03-01 06:40:18,0.00008563,25.00000000
2018-03-01 06:40:18,0.00008569,198.00000000
2018-03-01 06:40:20,0.00008569,139.00000000
2018-03-01 06:40:28,0.00008569,200.00000000
2018-03-01 06:40:32,0.00008569,127.00000000
2018-03-01 06:40:48,0.00008569,28.00000000
2018-03-01 06:40:51,0.00008569,100.00000000
2018-03-01 06:40:51,0.00008571,77.00000000
2018-03-01 06:40:53,0.00008562,62.00000000
2018-03-01 06:40:53,0.00008561,1134.00000000
2018-03-01 06:40:53,0.00008560,14038.00000000
2018-03-01 06:40:58,0.00008560,1000.00000000
2018-03-01 06:40:58,0.00008560,612.00000000
2018-03-01 06:41:01,0.00008560,1480.00000000
2018-03-01 06:41:01,0.00008560,20.00000000
2018-03-01 06:41:03,0.00008560,24.00000000
2018-03-01 06:41:05,0.00008562,36.00000000
2018-03-01 06:41:09,0.00008562,38.00000000
2018-03-01 06:41:09,0.00008559,1708.00000000
2018-03-01 06:41:16,0.00008559,2362.00000000
2018-03-01 06:41:19,0.00008559,233.00000000
2018-03-01 06:41:22,0.00008559,3.00000000
2018-03-01 06:41:27,0.00008558,10.00000000
2018-03-01 06:41:35,0.00008558,116.00000000
2018-03-01 06:41:41,0.00008559,114.00000000
2018-03-01 06:41:43,0.00008559,41.00000000
2018-03-01 06:41:43,0.00008558,1113.00000000
2018-03-01 06:41:45,0.00008556,756.00000000
2018-03-01 06:41:50,0.00008557,1166.00000000
2018-03-01 06:41:50,0.00008556,744.00000000
2018-03-01 06:41:50,0.00008551,2158.00000000
2018-03-01 06:41:50,0.00008550,1951.00000000
2018-03-01 06:41:51,0.00008550,19.00000000
2018-03-01 06:41:51,0.00008550,585.00000000
2018-03-01 06:41:52,0.00008550,82.00000000
2018-03-01 06:41:54,0.00008550,877.00000000
2018-03-01 06:41:57,0.00008550,141.00000000
2018-03-01 06:41:57,0.00008550,1166.00000000
2018-03-01 06:41:58,0.00008550,3098.00000000
2018-03-01 06:41:58,0.00008550,585.00000000
2018-03-01 06:41:59,0.00008550,57.00000000
2018-03-01 06:41:59,0.00008550,585.00000000
2018-03-01 06:42:01,0.00008550,17.00000000
2018-03-01 06:42:02,0.00008550,211.00000000
2018-03-01 06:42:07,0.00008550,336.00000000
2018-03-01 06:42:13,0.00008550,38.00000000
2018-03-01 06:42:16,0.00008550,838.00000000
2018-03-01 06:42:17,0.00008550,585.00000000
2018-03-01 06:42:18,0.00008550,374.00000000
2018-03-01 06:42:19,0.00008550,585.00000000
2018-03-01 06:42:20,0.00008550,585.00000000
2018-03-01 06:42:21,0.00008550,2647.00000000
2018-03-01 06:42:21,0.00008550,585.00000000
2018-03-01 06:42:26,0.00008550,585.00000000
2018-03-01 06:42:26,0.00008550,90.00000000
2018-03-01 06:42:30,0.00008550,83.00000000
2018-03-01 06:42:30,0.00008550,1166.00000000
2018-03-01 06:42:36,0.00008549,155.00000000
2018-03-01 06:42:41,0.00008549,101.00000000
2018-03-01 06:42:41,0.00008547,1360.00000000
2018-03-01 06:42:41,0.00008546,467.00000000
2018-03-01 06:42:41,0.00008545,147.00000000
2018-03-01 06:42:41,0.00008541,1000.00000000
2018-03-01 06:42:41,0.00008540,1951.00000000
2018-03-01 06:42:41,0.00008538,504.00000000
2018-03-01 06:42:41,0.00008537,500.00000000
2018-03-01 06:42:41,0.00008535,918.00000000
2018-03-01 06:42:41,0.00008535,2728.00000000
2018-03-01 06:42:58,0.00008549,282.00000000
2018-03-01 06:42:58,0.00008535,2642.00000000
2018-03-01 06:43:07,0.00008563,20.00000000
2018-03-01 06:43:08,0.00008545,1166.00000000
2018-03-01 06:43:08,0.00008537,935.00000000
2018-03-01 06:43:08,0.00008536,13399.00000000
2018-03-01 06:43:19,0.00008543,202.00000000
2018-03-01 06:43:21,0.00008543,964.00000000
2018-03-01 06:43:21,0.00008543,8371.00000000
2018-03-01 06:43:22,0.00008543,62.00000000
2018-03-01 06:43:23,0.00008543,2000.00000000
2018-03-01 06:43:23,0.00008543,1166.00000000
2018-03-01 06:43:24,0.00008543,186.00000000
2018-03-01 06:43:25,0.00008543,423.00000000
2018-03-01 06:43:30,0.00008537,900.00000000
2018-03-01 06:43:30,0.00008536,7955.00000000
2018-03-01 06:43:31,0.00008558,86.00000000
2018-03-01 06:43:31,0.00008558,87.00000000
2018-03-01 06:43:32,0.00008557,91.00000000
2018-03-01 06:43:33,0.00008557,91.00000000
2018-03-01 06:43:33,0.00008556,87.00000000
2018-03-01 06:43:33,0.00008537,319.00000000
2018-03-01 06:43:34,0.00008555,92.00000000
2018-03-01 06:43:42,0.00008540,1289.00000000
2018-03-01 06:43:42,0.00008536,1476.00000000
2018-03-01 06:43:42,0.00008535,1682.00000000
2018-03-01 06:43:42,0.00008530,1760.00000000
2018-03-01 06:43:42,0.00008530,248.00000000
2018-03-01 06:43:43,0.00008530,265.00000000
2018-03-01 06:43:43,0.00008530,2294.00000000
2018-03-01 06:43:43,0.00008530,85.00000000
2018-03-01 06:43:43,0.00008530,2711.00000000
2018-03-01 06:43:43,0.00008530,96.00000000
2018-03-01 06:43:43,0.00008530,1170.00000000
2018-03-01 06:43:43,0.00008530,79.00000000
2018-03-01 06:43:43,0.00008530,1170.00000000
2018-03-01 06:43:43,0.00008530,79.00000000
2018-03-01 06:43:43,0.00008530,88.00000000
2018-03-01 06:43:44,0.00008530,199.00000000
2018-03-01 06:43:44,0.00008530,166.00000000
2018-03-01 06:43:44,0.00008529,3.00000000
2018-03-01 06:43:44,0.00008530,126.00000000
2018-03-01 06:43:44,0.00008530,1170.00000000
2018-03-01 06:43:45,0.00008530,92.00000000
2018-03-01 06:43:45,0.00008555,35.00000000
2018-03-01 06:43:45,0.00008556,57.00000000
2018-03-01 06:43:48,0.00008529,65.00000000
2018-03-01 06:43:55,0.00008547,892.00000000
2018-03-01 06:44:21,0.00008544,75.00000000
2018-03-01 06:44:32,0.00008544,106.00000000
2018-03-01 06:44:41,0.00008528,974.00000000
2018-03-01 06:44:41,0.00008542,2.00000000
2018-03-01 06:44:42,0.00008542,14.00000000
2018-03-01 06:44:43,0.00008542,114.00000000
2018-03-01 06:44:46,0.00008541,900.00000000
2018-03-01 06:44:46,0.00008542,1013.00000000
2018-03-01 06:44:46,0.00008543,367.00000000
2018-03-01 06:44:46,0.00008541,2.00000000
2018-03-01 06:44:49,0.00008543,1162.00000000
2018-03-01 06:44:52,0.00008543,1255.00000000
2018-03-01 06:44:52,0.00008544,141.00000000
2018-03-01 06:44:53,0.00008543,803.00000000
2018-03-01 06:44:53,0.00008534,130.00000000
2018-03-01 06:44:53,0.00008533,1.00000000
2018-03-01 06:45:01,0.00008532,1013.00000000
2018-03-01 06:45:01,0.00008531,2926.00000000
2018-03-01 06:45:02,0.00008544,211.00000000
2018-03-01 06:45:02,0.00008544,14.00000000
2018-03-01 06:45:09,0.00008544,9.00000000
2018-03-01 06:45:09,0.00008528,96.00000000
2018-03-01 06:45:09,0.00008526,85.00000000
2018-03-01 06:45:13,0.00008527,58.00000000
2018-03-01 06:45:14,0.00008527,5.00000000
2018-03-01 06:45:16,0.00008542,25.00000000
2018-03-01 06:45:29,0.00008524,85.00000000
2018-03-01 06:45:29,0.00008523,136.00000000
2018-03-01 06:45:29,0.00008521,657.00000000
2018-03-01 06:45:29,0.00008520,2467.00000000
2018-03-01 06:45:31,0.00008521,220.00000000
2018-03-01 06:45:31,0.00008519,4003.00000000
2018-03-01 06:45:31,0.00008517,983.00000000
2018-03-01 06:45:31,0.00008515,1378.00000000
2018-03-01 06:45:31,0.00008521,40.00000000
2018-03-01 06:45:32,0.00008521,107.00000000
2018-03-01 06:45:32,0.00008521,133.00000000
2018-03-01 06:45:32,0.00008540,117.00000000
2018-03-01 06:45:32,0.00008540,216.00000000
2018-03-01 06:45:32,0.00008540,484.00000000
2018-03-01 06:45:32,0.00008521,373.00000000
2018-03-01 06:45:32,0.00008519,149.00000000
2018-03-01 06:45:32,0.00008519,262.00000000
2018-03-01 06:45:33,0.00008519,686.00000000
2018-03-01 06:45:33,0.00008519,19.00000000
2018-03-01 06:45:33,0.00008519,84.00000000
2018-03-01 06:45:33,0.00008519,443.00000000
2018-03-01 06:45:33,0.00008519,246.00000000
2018-03-01 06:45:33,0.00008519,21.00000000
2018-03-01 06:45:33,0.00008519,495.00000000
2018-03-01 06:45:33,0.00008519,1225.00000000
2018-03-01 06:45:33,0.00008539,324.00000000
2018-03-01 06:45:33,0.00008540,83.00000000
2018-03-01 06:45:33,0.00008543,180.00000000
2018-03-01 06:45:33,0.00008540,900.00000000
2018-03-01 06:45:33,0.00008543,338.00000000
2018-03-01 06:45:33,0.00008538,996.00000000
2018-03-01 06:45:33,0.00008539,93.00000000
2018-03-01 06:45:34,0.00008539,269.00000000
2018-03-01 06:45:37,0.00008525,564.00000000
2018-03-01 06:45:37,0.00008525,153.00000000
2018-03-01 06:45:37,0.00008524,518.00000000
2018-03-01 06:45:37,0.00008522,586.00000000
2018-03-01 06:45:37,0.00008522,46.00000000
2018-03-01 06:45:37,0.00008520,400.00000000
2018-03-01 06:45:38,0.00008539,77.00000000
2018-03-01 06:45:41,0.00008519,484.00000000
2018-03-01 06:45:41,0.00008516,900.00000000
2018-03-01 06:45:41,0.00008515,6026.00000000
2018-03-01 06:45:42,0.00008534,586.00000000
2018-03-01 06:45:42,0.00008535,102.00000000
2018-03-01 06:45:45,0.00008535,112.00000000
2018-03-01 06:45:45,0.00008539,78.00000000
2018-03-01 06:45:48,0.00008539,974.00000000
2018-03-01 06:45:53,0.00008520,58.00000000
2018-03-01 06:45:53,0.00008517,242.00000000
2018-03-01 06:45:56,0.00008533,40.00000000
2018-03-01 06:46:00,0.00008533,100.00000000
2018-03-01 06:46:06,0.00008518,24.00000000
2018-03-01 06:46:11,0.00008532,49.00000000
2018-03-01 06:46:11,0.00008533,151.00000000
2018-03-01 06:46:13,0.00008533,130.00000000
2018-03-01 06:46:13,0.00008533,974.00000000
2018-03-01 06:46:14,0.00008533,1369.00000000
2018-03-01 06:46:17,0.00008533,50.00000000
2018-03-01 06:46:21,0.00008526,430.00000000
2018-03-01 06:46:24,0.00008533,15.00000000
2018-03-01 06:46:31,0.00008533,2343.00000000
2018-03-01 06:46:37,0.00008533,65.00000000
2018-03-01 06:46:42,0.00008533,71.00000000
2018-03-01 06:46:42,0.00008533,77.00000000
2018-03-01 06:46:42,0.00008535,23.00000000
2018-03-01 06:46:42,0.00008535,831.00000000
2018-03-01 06:46:47,0.00008534,120.00000000
2018-03-01 06:46:50,0.00008534,586.00000000
2018-03-01 06:46:51,0.00008534,586.00000000
2018-03-01 06:46:53,0.00008534,586.00000000
2018-03-01 06:46:54,0.00008534,586.00000000
2018-03-01 06:46:55,0.00008535,586.00000000
2018-03-01 06:46:59,0.00008535,1000.00000000
2018-03-01 06:47:02,0.00008534,211.00000000
2018-03-01 06:47:06,0.00008533,78.00000000
2018-03-01 06:47:14,0.00008533,49.00000000
2018-03-01 06:47:14,0.00008533,50.00000000
2018-03-01 06:47:23,0.00008533,70.00000000
2018-03-01 06:47:23,0.00008527,85.00000000
2018-03-01 06:47:23,0.00008526,215.00000000
2018-03-01 06:47:24,0.00008533,83.00000000
2018-03-01 06:47:24,0.00008534,64.00000000
2018-03-01 06:47:25,0.00008533,300.00000000
2018-03-01 06:47:26,0.00008533,250.00000000
2018-03-01 06:47:29,0.00008534,960.00000000
2018-03-01 06:47:29,0.00008535,1383.00000000
2018-03-01 06:47:29,0.00008533,100.00000000
2018-03-01 06:47:36,0.00008535,133.00000000
2018-03-01 06:47:36,0.00008535,415.00000000
2018-03-01 06:47:37,0.00008533,100.00000000
2018-03-01 06:47:38,0.00008535,400.00000000
2018-03-01 06:47:45,0.00008535,149.00000000
2018-03-01 06:47:48,0.00008535,378.00000000
2018-03-01 06:47:55,0.00008533,46.00000000
2018-03-01 06:48:05,0.00008533,331.00000000
2018-03-01 06:48:06,0.00008535,260.00000000
2018-03-01 06:48:07,0.00008535,33.00000000
2018-03-01 06:48:10,0.00008533,50.00000000
2018-03-01 06:48:12,0.00008535,310.00000000
2018-03-01 06:48:25,0.00008533,26.00000000
2018-03-01 06:48:27,0.00008533,1289.00000000
2018-03-01 06:48:33,0.00008533,210.00000000
2018-03-01 06:48:33,0.00008526,100.00000000
2018-03-01 06:48:33,0.00008524,140.00000000
2018-03-01 06:48:33,0.00008520,135.00000000
2018-03-01 06:48:34,0.00008535,1.00000000
2018-03-01 06:48:39,0.00008535,26.00000000
2018-03-01 06:48:40,0.00008535,73.00000000
2018-03-01 06:48:40,0.00008535,200.00000000
2018-03-01 06:48:42,0.00008535,57.00000000
2018-03-01 06:48:43,0.00008535,46.00000000
2018-03-01 06:48:50,0.00008535,24.00000000
2018-03-01 06:49:00,0.00008524,234.00000000
2018-03-01 06:49:01,0.00008534,166.00000000
2018-03-01 06:49:02,0.00008534,218.00000000
2018-03-01 06:49:03,0.00008534,201.00000000
2018-03-01 06:49:06,0.00008534,430.00000000
2018-03-01 06:49:06,0.00008535,137.00000000
2018-03-01 06:49:07,0.00008535,421.00000000
2018-03-01 06:49:25,0.00008535,200.00000000
2018-03-01 06:49:37,0.00008527,134.00000000
2018-03-01 06:49:37,0.00008525,1015.00000000
2018-03-01 06:49:37,0.00008523,51.00000000
2018-03-01 06:49:37,0.00008522,3212.00000000
2018-03-01 06:49:40,0.00008533,225.00000000
2018-03-01 06:49:55,0.00008533,180.00000000
2018-03-01 06:49:55,0.00008523,80.00000000
2018-03-01 06:50:02,0.00008533,211.00000000
2018-03-01 06:50:03,0.00008526,145.00000000
2018-03-01 06:50:03,0.00008524,180.00000000
2018-03-01 06:50:03,0.00008523,200.00000000
2018-03-01 06:50:04,0.00008523,23.00000000
2018-03-01 06:50:04,0.00008523,25.00000000
2018-03-01 06:50:04,0.00008523,741.00000000
2018-03-01 06:50:04,0.00008523,270.00000000
2018-03-01 06:50:04,0.00008533,1008.00000000
2018-03-01 06:50:07,0.00008532,152.00000000
2018-03-01 06:50:10,0.00008532,200.00000000
2018-03-01 06:50:15,0.00008532,26.00000000
2018-03-01 06:50:17,0.00008533,22.00000000
2018-03-01 06:50:23,0.00008533,337.00000000
2018-03-01 06:50:28,0.00008532,50.00000000
2018-03-01 06:50:37,0.00008532,24.00000000
2018-03-01 06:50:37,0.00008533,1758.00000000
2018-03-01 06:50:42,0.00008533,77.00000000
2018-03-01 06:50:43,0.00008533,142.00000000
2018-03-01 06:50:48,0.00008532,200.00000000
2018-03-01 06:50:49,0.00008533,195.00000000
2018-03-01 06:50:50,0.00008532,1270.00000000
2018-03-01 06:50:55,0.00008532,93.00000000
2018-03-01 06:51:04,0.00008533,200.00000000
2018-03-01 06:51:04,0.00008532,357.00000000
2018-03-01 06:51:05,0.00008532,403.00000000
2018-03-01 06:51:07,0.00008532,211.00000000
2018-03-01 06:51:10,0.00008532,25.00000000
2018-03-01 06:51:17,0.00008526,100.00000000
2018-03-01 06:51:17,0.00008523,41.00000000
2018-03-01 06:51:19,0.00008532,4.00000000
2018-03-01 06:51:19,0.00008533,396.00000000
2018-03-01 06:51:21,0.00008525,26.00000000
2018-03-01 06:51:28,0.00008532,400.00000000
2018-03-01 06:51:33,0.00008532,112.00000000
2018-03-01 06:51:38,0.00008524,65.00000000
2018-03-01 06:51:43,0.00008524,26.00000000
2018-03-01 06:51:43,0.00008524,378.00000000
2018-03-01 06:51:44,0.00008524,62.00000000
2018-03-01 06:51:47,0.00008523,337.00000000
2018-03-01 06:51:47,0.00008522,788.00000000
2018-03-01 06:51:47,0.00008520,873.00000000
2018-03-01 06:51:47,0.00008524,110.00000000
2018-03-01 06:51:48,0.00008524,66.00000000
2018-03-01 06:51:48,0.00008532,586.00000000
2018-03-01 06:51:50,0.00008532,387.00000000
2018-03-01 06:52:00,0.00008531,586.00000000
2018-03-01 06:52:00,0.00008521,460.00000000
2018-03-01 06:52:02,0.00008531,211.00000000
2018-03-01 06:52:07,0.00008531,24.00000000
2018-03-01 06:52:10,0.00008531,46.00000000
2018-03-01 06:52:12,0.00008531,46.00000000
2018-03-01 06:52:17,0.00008531,938.00000000
2018-03-01 06:52:20,0.00008531,84.00000000
2018-03-01 06:52:24,0.00008530,42.00000000
2018-03-01 06:52:24,0.00008530,18.00000000
2018-03-01 06:52:24,0.00008531,327.00000000
2018-03-01 06:52:24,0.00008532,996.00000000
2018-03-01 06:52:26,0.00008532,274.00000000
2018-03-01 06:52:26,0.00008533,141.00000000
2018-03-01 06:52:27,0.00008533,266.00000000
2018-03-01 06:52:34,0.00008533,1307.00000000
2018-03-01 06:52:34,0.00008535,319.00000000
2018-03-01 06:52:36,0.00008535,3911.00000000
2018-03-01 06:52:37,0.00008535,257.00000000
2018-03-01 06:52:37,0.00008535,1246.00000000
2018-03-01 06:52:38,0.00008535,91.00000000
2018-03-01 06:52:38,0.00008535,586.00000000
2018-03-01 06:52:40,0.00008533,55.00000000
2018-03-01 06:52:40,0.00008521,126.00000000
2018-03-01 06:52:40,0.00008517,263.00000000
2018-03-01 06:52:40,0.00008516,727.00000000
2018-03-01 06:52:48,0.00008533,40.00000000
2018-03-01 06:52:48,0.00008533,40.00000000
2018-03-01 06:52:54,0.00008523,107.00000000
2018-03-01 06:52:54,0.00008519,58.00000000
2018-03-01 06:52:54,0.00008518,171.00000000
2018-03-01 06:52:54,0.00008517,404.00000000
2018-03-01 06:52:54,0.00008516,729.00000000
2018-03-01 06:52:54,0.00008515,527.00000000
2018-03-01 06:52:58,0.00008531,586.00000000
2018-03-01 06:53:02,0.00008532,211.00000000
2018-03-01 06:53:08,0.00008518,93.00000000
2018-03-01 06:53:10,0.00008531,21.00000000
2018-03-01 06:53:24,0.00008519,493.00000000
2018-03-01 06:53:24,0.00008518,2458.00000000
2018-03-01 06:53:26,0.00008531,40.00000000
2018-03-01 06:53:27,0.00008531,41.00000000
2018-03-01 06:53:36,0.00008520,95.00000000
2018-03-01 06:53:39,0.00008521,23.00000000
2018-03-01 06:53:45,0.00008521,944.00000000
2018-03-01 06:53:46,0.00008521,223.00000000
2018-03-01 06:53:46,0.00008521,415.00000000
2018-03-01 06:53:46,0.00008531,171.00000000
2018-03-01 06:53:47,0.00008531,376.00000000
2018-03-01 06:53:47,0.00008531,1.00000000
2018-03-01 06:53:54,0.00008520,93.00000000
2018-03-01 06:53:57,0.00008530,93.00000000
2018-03-01 06:53:57,0.00008531,493.00000000
2018-03-01 06:53:59,0.00008531,586.00000000
2018-03-01 06:54:02,0.00008531,87.00000000
2018-03-01 06:54:09,0.00008531,124.00000000
2018-03-01 06:54:14,0.00008521,1800.00000000
2018-03-01 06:54:21,0.00008531,43.00000000
2018-03-01 06:54:31,0.00008522,1000.00000000
2018-03-01 06:54:35,0.00008522,102.00000000
2018-03-01 06:54:38,0.00008522,46.00000000
2018-03-01 06:55:02,0.00008531,211.00000000
2018-03-01 06:55:08,0.00008522,500.00000000
2018-03-01 06:55:11,0.00008530,48.00000000
2018-03-01 06:55:11,0.00008531,17.00000000
2018-03-01 06:55:17,0.00008523,34.00000000
2018-03-01 06:55:21,0.00008523,93.00000000
2018-03-01 06:55:33,0.00008530,24.00000000
2018-03-01 06:55:33,0.00008531,76.00000000
2018-03-01 06:55:36,0.00008524,50.00000000
2018-03-01 06:55:39,0.00008524,100.00000000
2018-03-01 06:55:47,0.00008524,441.00000000
2018-03-01 06:55:47,0.00008524,93.00000000
2018-03-01 06:56:00,0.00008524,93.00000000
2018-03-01 06:56:02,0.00008524,202.00000000
2018-03-01 06:56:02,0.00008524,808.00000000
2018-03-01 06:56:02,0.00008531,211.00000000
2018-03-01 06:56:03,0.00008524,225.00000000
2018-03-01 06:56:04,0.00008524,49.00000000
2018-03-01 06:56:04,0.00008524,145.00000000
2018-03-01 06:56:05,0.00008524,1173.00000000
2018-03-01 06:56:05,0.00008524,2892.00000000
2018-03-01 06:56:06,0.00008524,19.00000000
2018-03-01 06:56:07,0.00008524,93.00000000
2018-03-01 06:56:08,0.00008524,20.00000000
2018-03-01 06:56:10,0.00008524,4159.00000000
2018-03-01 06:56:12,0.00008531,355.00000000
2018-03-01 06:56:12,0.00008525,19.00000000
2018-03-01 06:56:12,0.00008525,93.00000000
2018-03-01 06:56:15,0.00008525,75.00000000
2018-03-01 06:56:15,0.00008525,100.00000000
2018-03-01 06:56:16,0.00008525,33.00000000
2018-03-01 06:56:17,0.00008525,100.00000000
2018-03-01 06:56:18,0.00008525,366.00000000
2018-03-01 06:56:18,0.00008525,20.00000000
2018-03-01 06:56:19,0.00008525,127.00000000
2018-03-01 06:56:20,0.00008525,19.00000000
2018-03-01 06:56:21,0.00008525,19.00000000
2018-03-01 06:56:21,0.00008525,1154.00000000
2018-03-01 06:56:22,0.00008525,29.00000000
2018-03-01 06:56:23,0.00008525,418.00000000
2018-03-01 06:56:24,0.00008525,59.00000000
2018-03-01 06:56:24,0.00008525,659.00000000
2018-03-01 06:56:25,0.00008525,19.00000000
2018-03-01 06:56:25,0.00008525,90.00000000
2018-03-01 06:56:26,0.00008525,544.00000000
2018-03-01 06:56:26,0.00008525,20.00000000
2018-03-01 06:56:26,0.00008525,90.00000000
2018-03-01 06:56:27,0.00008531,320.00000000
2018-03-01 06:56:27,0.00008525,34.00000000
2018-03-01 06:56:28,0.00008525,451.00000000
2018-03-01 06:56:31,0.00008525,33.00000000
2018-03-01 06:56:32,0.00008525,79.00000000
2018-03-01 06:56:33,0.00008525,379.00000000
2018-03-01 06:56:34,0.00008525,184.00000000
2018-03-01 06:56:35,0.00008525,982.00000000
2018-03-01 06:56:42,0.00008525,600.00000000
2018-03-01 06:56:43,0.00008524,71.00000000
2018-03-01 06:56:44,0.00008524,22.00000000
2018-03-01 06:56:45,0.00008523,320.00000000
2018-03-01 06:56:48,0.00008524,1119.00000000
2018-03-01 06:56:49,0.00008524,32.00000000
2018-03-01 06:56:50,0.00008524,1099.00000000
2018-03-01 06:56:51,0.00008524,93.00000000
2018-03-01 06:56:52,0.00008524,100.00000000
2018-03-01 06:56:53,0.00008524,30.00000000
2018-03-01 06:56:54,0.00008524,733.00000000
2018-03-01 06:56:55,0.00008524,1173.00000000
2018-03-01 06:56:55,0.00008524,2176.00000000
2018-03-01 06:56:55,0.00008524,920.00000000
2018-03-01 06:56:55,0.00008525,84.00000000
2018-03-01 06:56:56,0.00008525,1173.00000000
2018-03-01 06:56:56,0.00008525,268.00000000
2018-03-01 06:56:57,0.00008531,600.00000000
2018-03-01 06:56:57,0.00008525,1173.00000000
2018-03-01 06:56:57,0.00008525,177.00000000
2018-03-01 06:56:58,0.00008525,168.00000000
2018-03-01 06:56:58,0.00008524,3143.00000000
2018-03-01 06:56:59,0.00008524,1158.00000000
2018-03-01 06:56:59,0.00008523,612.00000000
2018-03-01 06:57:02,0.00008522,539.00000000
2018-03-01 06:57:02,0.00008522,46.00000000
2018-03-01 06:57:02,0.00008531,211.00000000
2018-03-01 06:57:05,0.00008522,1166.00000000
2018-03-01 06:57:09,0.00008522,310.00000000
2018-03-01 06:57:11,0.00008522,566.00000000
2018-03-01 06:57:11,0.00008522,1166.00000000
2018-03-01 06:57:12,0.00008531,105.00000000
2018-03-01 06:57:12,0.00008532,295.00000000
2018-03-01 06:57:12,0.00008522,77.00000000
2018-03-01 06:57:12,0.00008522,117.00000000
2018-03-01 06:57:13,0.00008522,675.00000000
2018-03-01 06:57:18,0.00008520,19.00000000
2018-03-01 06:57:19,0.00008520,137.00000000
2018-03-01 06:57:20,0.00008520,26.00000000
2018-03-01 06:57:27,0.00008524,21.00000000
2018-03-01 06:57:27,0.00008531,283.00000000
2018-03-01 06:57:32,0.00008519,19.00000000
2018-03-01 06:57:33,0.00008519,589.00000000
2018-03-01 06:57:34,0.00008519,93.00000000
2018-03-01 06:57:38,0.00008521,214.00000000
2018-03-01 06:57:38,0.00008519,98.00000000
2018-03-01 06:57:41,0.00008519,408.00000000
2018-03-01 06:57:43,0.00008519,82.00000000
2018-03-01 06:57:44,0.00008520,198.00000000
2018-03-01 06:57:45,0.00008531,200.00000000
2018-03-01 06:57:55,0.00008530,12.00000000
2018-03-01 06:58:00,0.00008530,178.00000000
2018-03-01 06:58:15,0.00008529,366.00000000
2018-03-01 06:58:15,0.00008529,43.00000000
2018-03-01 06:58:21,0.00008520,93.00000000
2018-03-01 06:58:23,0.00008520,237.00000000
2018-03-01 06:58:23,0.00008519,491.00000000
2018-03-01 06:58:27,0.00008519,100.00000000
2018-03-01 06:58:29,0.00008519,129.00000000
2018-03-01 06:58:30,0.00008527,88.00000000
2018-03-01 06:58:30,0.00008528,309.00000000
2018-03-01 06:58:32,0.00008519,900.00000000
2018-03-01 06:58:32,0.00008519,2000.00000000
2018-03-01 06:58:45,0.00008526,88.00000000
2018-03-01 06:58:45,0.00008527,312.00000000
2018-03-01 06:58:47,0.00008519,55.00000000
2018-03-01 06:58:50,0.00008527,1.00000000
2018-03-01 06:58:54,0.00008519,67.00000000
2018-03-01 06:59:00,0.00008526,88.00000000
2018-03-01 06:59:00,0.00008527,312.00000000
2018-03-01 06:59:03,0.00008520,20.00000000
2018-03-01 06:59:03,0.00008519,94.00000000
2018-03-01 06:59:06,0.00008519,93.00000000
2018-03-01 06:59:15,0.00008526,300.00000000
2018-03-01 06:59:19,0.00008519,400.00000000
2018-03-01 06:59:26,0.00008519,45.00000000
2018-03-01 06:59:30,0.00008526,600.00000000
2018-03-01 06:59:32,0.00008520,313.00000000
2018-03-01 06:59:34,0.00008526,23.00000000
2018-03-01 06:59:37,0.00008520,3455.00000000
2018-03-01 06:59:37,0.00008519,931.00000000
2018-03-01 06:59:45,0.00008525,88.00000000
2018-03-01 06:59:45,0.00008526,146.00000000
2018-03-01 06:59:47,0.00008520,1504.00000000
2018-03-01 06:59:52,0.00008520,93.00000000
2018-03-01 06:59:59,0.00008520,1090.00000000
