DATE,PRICE,VOLUME
2018-02-26 14:00:01,0.00009149,373.00000000
2018-02-26 14:00:10,0.00009148,47.00000000
2018-02-26 14:00:10,0.00009143,712.00000000
2018-02-26 14:00:11,0.00009148,782.00000000
2018-02-26 14:00:18,0.00009148,54.00000000
2018-02-26 14:00:19,0.00009148,309.00000000
2018-02-26 14:00:19,0.00009148,2835.00000000
2018-02-26 14:00:20,0.00009148,626.00000000
2018-02-26 14:00:20,0.00009148,598.00000000
2018-02-26 14:00:20,0.00009149,55.00000000
2018-02-26 14:00:20,0.00009143,1072.00000000
2018-02-26 14:00:21,0.00009149,169.00000000
2018-02-26 14:00:24,0.00009148,448.00000000
2018-02-26 14:00:25,0.00009148,50.00000000
2018-02-26 14:00:26,0.00009149,18.00000000
2018-02-26 14:00:26,0.00009148,562.00000000
2018-02-26 14:00:26,0.00009146,916.00000000
2018-02-26 14:00:27,0.00009149,254.00000000
2018-02-26 14:00:27,0.00009149,32.00000000
2018-02-26 14:00:29,0.00009148,200.00000000
2018-02-26 14:00:30,0.00009148,55.00000000
2018-02-26 14:00:30,0.00009148,333.00000000
2018-02-26 14:00:36,0.00009148,762.00000000
2018-02-26 14:00:36,0.00009149,1735.00000000
2018-02-26 14:00:36,0.00009149,90.00000000
2018-02-26 14:00:39,0.00009149,310.00000000
2018-02-26 14:00:39,0.00009149,89.00000000
2018-02-26 14:00:39,0.00009147,1545.00000000
2018-02-26 14:00:40,0.00009149,310.00000000
2018-02-26 14:00:41,0.00009149,131.00000000
2018-02-26 14:00:41,0.00009149,234.00000000
2018-02-26 14:00:41,0.00009150,940.00000000
2018-02-26 14:00:42,0.00009154,27.00000000
2018-02-26 14:00:42,0.00009150,940.00000000
2018-02-26 14:00:42,0.00009148,560.00000000
2018-02-26 14:00:43,0.00009149,18.00000000
2018-02-26 14:00:43,0.00009153,1086.00000000
2018-02-26 14:00:44,0.00009154,259.00000000
2018-02-26 14:00:44,0.00009154,245.00000000
2018-02-26 14:00:45,0.00009154,1093.00000000
2018-02-26 14:00:45,0.00009154,399.00000000
2018-02-26 14:00:45,0.00009150,4371.00000000
2018-02-26 14:00:46,0.00009150,1093.00000000
2018-02-26 14:00:46,0.00009150,262.00000000
2018-02-26 14:00:47,0.00009150,1093.00000000
2018-02-26 14:00:47,0.00009150,203.00000000
2018-02-26 14:00:48,0.00009150,1093.00000000
2018-02-26 14:00:48,0.00009150,2635.00000000
2018-02-26 14:00:50,0.00009150,1093.00000000
2018-02-26 14:00:50,0.00009150,2624.00000000
2018-02-26 14:00:52,0.00009150,1093.00000000
2018-02-26 14:00:52,0.00009150,1826.00000000
2018-02-26 14:00:52,0.00009150,242.00000000
2018-02-26 14:00:53,0.00009150,103.00000000
2018-02-26 14:00:53,0.00009150,75.00000000
2018-02-26 14:00:53,0.00009150,198.00000000
2018-02-26 14:00:54,0.00009149,106.00000000
2018-02-26 14:00:54,0.00009150,301.00000000
2018-02-26 14:00:54,0.00009150,6360.00000000
2018-02-26 14:00:54,0.00009150,122.00000000
2018-02-26 14:00:55,0.00009150,18.00000000
2018-02-26 14:00:56,0.00009150,18.00000000
2018-02-26 14:00:57,0.00009150,1093.00000000
2018-02-26 14:00:57,0.00009150,743.00000000
2018-02-26 14:00:58,0.00009150,692.00000000
2018-02-26 14:00:58,0.00009150,1273.00000000
2018-02-26 14:00:58,0.00009150,68.00000000
2018-02-26 14:00:59,0.00009150,696.00000000
2018-02-26 14:00:59,0.00009150,3662.00000000
2018-02-26 14:01:00,0.00009150,1093.00000000
2018-02-26 14:01:00,0.00009150,3175.00000000
2018-02-26 14:01:02,0.00009147,385.00000000
2018-02-26 14:01:02,0.00009153,20.00000000
2018-02-26 14:01:05,0.00009153,1271.00000000
2018-02-26 14:01:06,0.00009153,3.00000000
2018-02-26 14:01:09,0.00009150,122.00000000
2018-02-26 14:01:10,0.00009150,65.00000000
2018-02-26 14:01:11,0.00009150,101.00000000
2018-02-26 14:01:11,0.00009149,1598.00000000
2018-02-26 14:01:11,0.00009147,1969.00000000
2018-02-26 14:01:11,0.00009146,5073.00000000
2018-02-26 14:01:12,0.00009146,1518.00000000
2018-02-26 14:01:13,0.00009146,168.00000000
2018-02-26 14:01:13,0.00009145,3363.00000000
2018-02-26 14:01:13,0.00009143,2253.00000000
2018-02-26 14:01:13,0.00009141,3483.00000000
2018-02-26 14:01:17,0.00009150,2619.00000000
2018-02-26 14:01:20,0.00009141,87.00000000
2018-02-26 14:01:30,0.00009149,111.00000000
2018-02-26 14:01:31,0.00009141,768.00000000
2018-02-26 14:01:31,0.00009139,178.00000000
2018-02-26 14:01:31,0.00009138,449.00000000
2018-02-26 14:01:32,0.00009149,220.00000000
2018-02-26 14:01:35,0.00009149,308.00000000
2018-02-26 14:01:35,0.00009150,631.00000000
2018-02-26 14:01:36,0.00009138,8.00000000
2018-02-26 14:01:36,0.00009137,18.00000000
2018-02-26 14:01:38,0.00009137,2098.00000000
2018-02-26 14:01:38,0.00009136,150.00000000
2018-02-26 14:01:39,0.00009136,1086.00000000
2018-02-26 14:01:39,0.00009136,683.00000000
2018-02-26 14:01:40,0.00009136,3305.00000000
2018-02-26 14:01:41,0.00009136,766.00000000
2018-02-26 14:01:41,0.00009130,2153.00000000
2018-02-26 14:01:41,0.00009135,90.00000000
2018-02-26 14:01:42,0.00009135,150.00000000
2018-02-26 14:01:44,0.00009131,781.00000000
2018-02-26 14:01:44,0.00009149,34.00000000
2018-02-26 14:01:46,0.00009131,219.00000000
2018-02-26 14:01:48,0.00009131,25.00000000
2018-02-26 14:01:50,0.00009131,396.00000000
2018-02-26 14:01:51,0.00009144,48.00000000
2018-02-26 14:01:51,0.00009131,446.00000000
2018-02-26 14:01:51,0.00009130,549.00000000
2018-02-26 14:01:53,0.00009140,10.00000000
2018-02-26 14:01:53,0.00009130,111.00000000
2018-02-26 14:01:55,0.00009140,31.00000000
2018-02-26 14:01:55,0.00009140,220.00000000
2018-02-26 14:01:56,0.00009140,353.00000000
2018-02-26 14:01:58,0.00009140,28.00000000
2018-02-26 14:02:00,0.00009140,11.00000000
2018-02-26 14:02:00,0.00009137,1017.00000000
2018-02-26 14:02:03,0.00009137,28.00000000
2018-02-26 14:02:03,0.00009139,26.00000000
2018-02-26 14:02:03,0.00009148,223.00000000
2018-02-26 14:02:04,0.00009148,18.00000000
2018-02-26 14:02:04,0.00009148,302.00000000
2018-02-26 14:02:05,0.00009137,12.00000000
2018-02-26 14:02:06,0.00009131,3.00000000
2018-02-26 14:02:06,0.00009136,14.00000000
2018-02-26 14:02:08,0.00009137,217.00000000
2018-02-26 14:02:08,0.00009137,172.00000000
2018-02-26 14:02:08,0.00009131,217.00000000
2018-02-26 14:02:10,0.00009131,60.00000000
2018-02-26 14:02:11,0.00009136,89.00000000
2018-02-26 14:02:12,0.00009131,3490.00000000
2018-02-26 14:02:12,0.00009131,26.00000000
2018-02-26 14:02:13,0.00009131,26.00000000
2018-02-26 14:02:14,0.00009132,90.00000000
2018-02-26 14:02:16,0.00009132,26.00000000
2018-02-26 14:02:17,0.00009132,26.00000000
2018-02-26 14:02:18,0.00009132,66.00000000
2018-02-26 14:02:18,0.00009136,129.00000000
2018-02-26 14:02:18,0.00009140,28.00000000
2018-02-26 14:02:18,0.00009145,25.00000000
2018-02-26 14:02:18,0.00009148,1500.00000000
2018-02-26 14:02:18,0.00009149,86.00000000
2018-02-26 14:02:20,0.00009131,1091.00000000
2018-02-26 14:02:20,0.00009131,2729.00000000
2018-02-26 14:02:20,0.00009131,183.00000000
2018-02-26 14:02:22,0.00009131,51.00000000
2018-02-26 14:02:23,0.00009131,51.00000000
2018-02-26 14:02:24,0.00009131,1204.00000000
2018-02-26 14:02:24,0.00009131,500.00000000
2018-02-26 14:02:25,0.00009131,869.00000000
2018-02-26 14:02:25,0.00009130,163.00000000
2018-02-26 14:02:25,0.00009130,473.00000000
2018-02-26 14:02:26,0.00009149,28.00000000
2018-02-26 14:02:27,0.00009131,90.00000000
2018-02-26 14:02:28,0.00009149,109.00000000
2018-02-26 14:02:30,0.00009130,876.00000000
2018-02-26 14:02:30,0.00009135,228.00000000
2018-02-26 14:02:30,0.00009135,353.00000000
2018-02-26 14:02:32,0.00009135,25.00000000
2018-02-26 14:02:32,0.00009130,822.00000000
2018-02-26 14:02:35,0.00009129,90.00000000
2018-02-26 14:02:35,0.00009130,10.00000000
2018-02-26 14:02:35,0.00009126,26.00000000
2018-02-26 14:02:37,0.00009126,259.00000000
2018-02-26 14:02:37,0.00009126,76.00000000
2018-02-26 14:02:39,0.00009126,26.00000000
2018-02-26 14:02:40,0.00009130,15.00000000
2018-02-26 14:02:40,0.00009126,26.00000000
2018-02-26 14:02:42,0.00009126,401.00000000
2018-02-26 14:02:42,0.00009126,157.00000000
2018-02-26 14:02:42,0.00009125,244.00000000
2018-02-26 14:02:44,0.00009126,53.00000000
2018-02-26 14:02:44,0.00009126,41.00000000
2018-02-26 14:02:44,0.00009126,378.00000000
2018-02-26 14:02:45,0.00009126,6.00000000
2018-02-26 14:02:45,0.00009125,409.00000000
2018-02-26 14:02:45,0.00009129,378.00000000
2018-02-26 14:02:46,0.00009125,312.00000000
2018-02-26 14:02:48,0.00009127,500.00000000
2018-02-26 14:02:48,0.00009125,282.00000000
2018-02-26 14:02:51,0.00009126,152.00000000
2018-02-26 14:02:53,0.00009129,200.00000000
2018-02-26 14:02:55,0.00009129,70.00000000
2018-02-26 14:02:56,0.00009129,340.00000000
2018-02-26 14:02:57,0.00009129,200.00000000
2018-02-26 14:02:57,0.00009126,282.00000000
2018-02-26 14:02:57,0.00009129,77.00000000
2018-02-26 14:02:58,0.00009126,1307.00000000
2018-02-26 14:02:58,0.00009126,900.00000000
2018-02-26 14:02:59,0.00009125,1086.00000000
2018-02-26 14:03:00,0.00009125,51.00000000
2018-02-26 14:03:00,0.00009125,200.00000000
2018-02-26 14:03:02,0.00009123,600.00000000
2018-02-26 14:03:02,0.00009122,4739.00000000
2018-02-26 14:03:02,0.00009121,353.00000000
2018-02-26 14:03:02,0.00009125,31.00000000
2018-02-26 14:03:03,0.00009125,26.00000000
2018-02-26 14:03:04,0.00009122,130.00000000
2018-02-26 14:03:04,0.00009123,70.00000000
2018-02-26 14:03:04,0.00009123,10.00000000
2018-02-26 14:03:04,0.00009123,100.00000000
2018-02-26 14:03:06,0.00009121,430.00000000
2018-02-26 14:03:06,0.00009121,458.00000000
2018-02-26 14:03:07,0.00009123,1086.00000000
2018-02-26 14:03:07,0.00009121,105.00000000
2018-02-26 14:03:07,0.00009123,114.00000000
2018-02-26 14:03:08,0.00009123,86.00000000
2018-02-26 14:03:08,0.00009125,803.00000000
2018-02-26 14:03:11,0.00009125,96.00000000
2018-02-26 14:03:11,0.00009126,200.00000000
2018-02-26 14:03:12,0.00009126,30.00000000
2018-02-26 14:03:13,0.00009125,100.00000000
2018-02-26 14:03:13,0.00009125,45.00000000
2018-02-26 14:03:15,0.00009125,10.00000000
2018-02-26 14:03:16,0.00009125,700.00000000
2018-02-26 14:03:16,0.00009126,630.00000000
2018-02-26 14:03:16,0.00009125,49.00000000
2018-02-26 14:03:18,0.00009125,485.00000000
2018-02-26 14:03:18,0.00009125,4.00000000
2018-02-26 14:03:18,0.00009121,196.00000000
2018-02-26 14:03:22,0.00009126,844.00000000
2018-02-26 14:03:23,0.00009125,179.00000000
2018-02-26 14:03:23,0.00009126,728.00000000
2018-02-26 14:03:23,0.00009125,18.00000000
2018-02-26 14:03:26,0.00009126,90.00000000
2018-02-26 14:03:27,0.00009125,100.00000000
2018-02-26 14:03:27,0.00009126,1189.00000000
2018-02-26 14:03:32,0.00009125,1902.00000000
2018-02-26 14:03:34,0.00009125,198.00000000
2018-02-26 14:03:34,0.00009125,1902.00000000
2018-02-26 14:03:35,0.00009126,683.00000000
2018-02-26 14:03:37,0.00009130,180.00000000
2018-02-26 14:03:38,0.00009126,330.00000000
2018-02-26 14:03:38,0.00009126,980.00000000
2018-02-26 14:03:38,0.00009125,1503.00000000
2018-02-26 14:03:38,0.00009129,11.00000000
2018-02-26 14:03:39,0.00009125,200.00000000
2018-02-26 14:03:39,0.00009129,151.00000000
2018-02-26 14:03:41,0.00009125,72.00000000
2018-02-26 14:03:42,0.00009126,25.00000000
2018-02-26 14:03:42,0.00009129,704.00000000
2018-02-26 14:03:43,0.00009129,110.00000000
2018-02-26 14:03:44,0.00009129,666.00000000
2018-02-26 14:03:46,0.00009129,259.00000000
2018-02-26 14:03:47,0.00009129,141.00000000
2018-02-26 14:03:47,0.00009126,318.00000000
2018-02-26 14:03:47,0.00009125,975.00000000
2018-02-26 14:03:47,0.00009130,51.00000000
2018-02-26 14:03:50,0.00009130,20.00000000
2018-02-26 14:03:52,0.00009134,26.00000000
2018-02-26 14:03:52,0.00009139,500.00000000
2018-02-26 14:03:52,0.00009143,476.00000000
2018-02-26 14:03:58,0.00009143,78.00000000
2018-02-26 14:04:03,0.00009142,104.00000000
2018-02-26 14:04:03,0.00009142,140.00000000
2018-02-26 14:04:06,0.00009142,81.00000000
2018-02-26 14:04:06,0.00009131,490.00000000
2018-02-26 14:04:08,0.00009142,437.00000000
2018-02-26 14:04:08,0.00009135,344.00000000
2018-02-26 14:04:09,0.00009135,14.00000000
2018-02-26 14:04:09,0.00009135,1492.00000000
2018-02-26 14:04:09,0.00009135,150.00000000
2018-02-26 14:04:09,0.00009131,1616.00000000
2018-02-26 14:04:19,0.00009135,47.00000000
2018-02-26 14:04:19,0.00009135,200.00000000
2018-02-26 14:04:21,0.00009142,320.00000000
2018-02-26 14:04:21,0.00009143,39.00000000
2018-02-26 14:04:23,0.00009135,200.00000000
2018-02-26 14:04:24,0.00009135,553.00000000
2018-02-26 14:04:32,0.00009135,109.00000000
2018-02-26 14:04:32,0.00009141,180.00000000
2018-02-26 14:04:32,0.00009133,47.00000000
2018-02-26 14:04:35,0.00009131,109.00000000
2018-02-26 14:04:37,0.00009131,26.00000000
2018-02-26 14:04:39,0.00009131,317.00000000
2018-02-26 14:04:43,0.00009135,69.00000000
2018-02-26 14:04:44,0.00009135,31.00000000
2018-02-26 14:04:44,0.00009131,1422.00000000
2018-02-26 14:04:49,0.00009131,35.00000000
2018-02-26 14:04:51,0.00009131,599.00000000
2018-02-26 14:04:57,0.00009141,938.00000000
2018-02-26 14:04:57,0.00009131,437.00000000
2018-02-26 14:04:59,0.00009131,109.00000000
2018-02-26 14:05:02,0.00009131,473.00000000
2018-02-26 14:05:03,0.00009131,257.00000000
2018-02-26 14:05:03,0.00009141,420.00000000
2018-02-26 14:05:04,0.00009131,200.00000000
2018-02-26 14:05:05,0.00009131,109.00000000
2018-02-26 14:05:07,0.00009131,1806.00000000
2018-02-26 14:05:08,0.00009131,190.00000000
2018-02-26 14:05:09,0.00009141,27.00000000
2018-02-26 14:05:09,0.00009131,35.00000000
2018-02-26 14:05:11,0.00009141,48.00000000
2018-02-26 14:05:13,0.00009131,200.00000000
2018-02-26 14:05:13,0.00009131,109.00000000
2018-02-26 14:05:18,0.00009131,493.00000000
2018-02-26 14:05:20,0.00009131,10.00000000
2018-02-26 14:05:21,0.00009131,1714.00000000
2018-02-26 14:05:22,0.00009131,200.00000000
2018-02-26 14:05:23,0.00009131,113.00000000
2018-02-26 14:05:25,0.00009131,109.00000000
2018-02-26 14:05:26,0.00009133,249.00000000
2018-02-26 14:05:28,0.00009133,156.00000000
2018-02-26 14:05:28,0.00009131,44.00000000
2018-02-26 14:05:29,0.00009139,58.00000000
2018-02-26 14:05:31,0.00009131,109.00000000
2018-02-26 14:05:32,0.00009131,205.00000000
2018-02-26 14:05:33,0.00009131,126.00000000
2018-02-26 14:05:33,0.00009131,2435.00000000
2018-02-26 14:05:34,0.00009131,20.00000000
2018-02-26 14:05:34,0.00009132,548.00000000
2018-02-26 14:05:34,0.00009132,118.00000000
2018-02-26 14:05:34,0.00009131,1732.00000000
2018-02-26 14:05:35,0.00009132,13.00000000
2018-02-26 14:05:35,0.00009131,76.00000000
2018-02-26 14:05:35,0.00009131,89.00000000
2018-02-26 14:05:37,0.00009131,200.00000000
2018-02-26 14:05:37,0.00009139,109.00000000
2018-02-26 14:05:37,0.00009131,109.00000000
2018-02-26 14:05:43,0.00009132,219.00000000
2018-02-26 14:05:43,0.00009132,90.00000000
2018-02-26 14:05:45,0.00009139,1510.00000000
2018-02-26 14:05:45,0.00009140,1622.00000000
2018-02-26 14:05:47,0.00009132,818.00000000
2018-02-26 14:05:47,0.00009131,842.00000000
2018-02-26 14:05:47,0.00009130,231.00000000
2018-02-26 14:05:49,0.00009130,109.00000000
2018-02-26 14:05:50,0.00009130,169.00000000
2018-02-26 14:05:54,0.00009131,66.00000000
2018-02-26 14:05:55,0.00009130,109.00000000
2018-02-26 14:05:57,0.00009131,422.00000000
2018-02-26 14:05:59,0.00009130,1367.00000000
2018-02-26 14:05:59,0.00009127,1628.00000000
2018-02-26 14:06:01,0.00009126,3893.00000000
2018-02-26 14:06:06,0.00009130,41.00000000
2018-02-26 14:06:07,0.00009130,59.00000000
2018-02-26 14:06:08,0.00009130,110.00000000
2018-02-26 14:06:08,0.00009126,15.00000000
2018-02-26 14:06:09,0.00009126,1095.00000000
2018-02-26 14:06:09,0.00009126,107.00000000
2018-02-26 14:06:10,0.00009126,185.00000000
2018-02-26 14:06:11,0.00009126,54.00000000
2018-02-26 14:06:11,0.00009126,5447.00000000
2018-02-26 14:06:13,0.00009131,9.00000000
2018-02-26 14:06:16,0.00009131,1.00000000
2018-02-26 14:06:20,0.00009127,257.00000000
2018-02-26 14:06:22,0.00009130,2479.00000000
2018-02-26 14:06:22,0.00009131,1671.00000000
2018-02-26 14:06:23,0.00009127,1047.00000000
2018-02-26 14:06:23,0.00009131,469.00000000
2018-02-26 14:06:26,0.00009127,99.00000000
2018-02-26 14:06:28,0.00009127,1570.00000000
2018-02-26 14:06:28,0.00009126,931.00000000
2018-02-26 14:06:31,0.00009126,1426.00000000
2018-02-26 14:06:31,0.00009126,4509.00000000
2018-02-26 14:06:32,0.00009125,54.00000000
2018-02-26 14:06:32,0.00009125,298.00000000
2018-02-26 14:06:33,0.00009125,2350.00000000
2018-02-26 14:06:33,0.00009125,297.00000000
2018-02-26 14:06:34,0.00009126,35.00000000
2018-02-26 14:06:34,0.00009125,4760.00000000
2018-02-26 14:06:34,0.00009126,449.00000000
2018-02-26 14:06:35,0.00009126,637.00000000
2018-02-26 14:06:35,0.00009125,1737.00000000
2018-02-26 14:06:38,0.00009130,1816.00000000
2018-02-26 14:06:39,0.00009130,605.00000000
2018-02-26 14:06:39,0.00009130,18.00000000
2018-02-26 14:06:40,0.00009130,18.00000000
2018-02-26 14:06:40,0.00009131,93.00000000
2018-02-26 14:06:40,0.00009130,358.00000000
2018-02-26 14:06:42,0.00009130,1.00000000
2018-02-26 14:06:45,0.00009131,27.00000000
2018-02-26 14:06:45,0.00009130,817.00000000
2018-02-26 14:06:45,0.00009126,262.00000000
2018-02-26 14:06:47,0.00009130,1657.00000000
2018-02-26 14:06:48,0.00009130,1183.00000000
2018-02-26 14:06:50,0.00009130,1237.00000000
2018-02-26 14:06:51,0.00009126,3741.00000000
2018-02-26 14:06:51,0.00009125,3759.00000000
2018-02-26 14:06:52,0.00009130,109.00000000
2018-02-26 14:06:53,0.00009125,3415.00000000
2018-02-26 14:06:53,0.00009125,3931.00000000
2018-02-26 14:06:55,0.00009125,2311.00000000
2018-02-26 14:06:56,0.00009125,43.00000000
2018-02-26 14:07:00,0.00009125,102.00000000
2018-02-26 14:07:02,0.00009126,100.00000000
2018-02-26 14:07:04,0.00009125,115.00000000
2018-02-26 14:07:04,0.00009126,110.00000000
2018-02-26 14:07:06,0.00009125,149.00000000
2018-02-26 14:07:20,0.00009126,2.00000000
2018-02-26 14:07:20,0.00009129,55.00000000
2018-02-26 14:07:21,0.00009129,3.00000000
2018-02-26 14:07:22,0.00009126,69.00000000
2018-02-26 14:07:22,0.00009125,204.00000000
2018-02-26 14:07:22,0.00009125,3920.00000000
2018-02-26 14:07:23,0.00009129,14.00000000
2018-02-26 14:07:23,0.00009130,34.00000000
2018-02-26 14:07:25,0.00009130,93.00000000
2018-02-26 14:07:25,0.00009126,700.00000000
2018-02-26 14:07:26,0.00009130,143.00000000
2018-02-26 14:07:26,0.00009126,882.00000000
2018-02-26 14:07:26,0.00009125,28597.00000000
2018-02-26 14:07:26,0.00009130,109.00000000
2018-02-26 14:07:26,0.00009125,1865.00000000
2018-02-26 14:07:27,0.00009125,90.00000000
2018-02-26 14:07:28,0.00009130,21.00000000
2018-02-26 14:07:28,0.00009125,2746.00000000
2018-02-26 14:07:28,0.00009125,4120.00000000
2018-02-26 14:07:29,0.00009130,2929.00000000
2018-02-26 14:07:30,0.00009130,2745.00000000
2018-02-26 14:07:32,0.00009130,549.00000000
2018-02-26 14:07:33,0.00009131,3173.00000000
2018-02-26 14:07:34,0.00009131,110.00000000
2018-02-26 14:07:35,0.00009131,274.00000000
2018-02-26 14:07:37,0.00009131,106.00000000
2018-02-26 14:07:37,0.00009131,2743.00000000
2018-02-26 14:07:40,0.00009131,548.00000000
2018-02-26 14:07:50,0.00009132,27.00000000
2018-02-26 14:07:53,0.00009133,21.00000000
2018-02-26 14:07:53,0.00009133,106.00000000
2018-02-26 14:07:53,0.00009136,47.00000000
2018-02-26 14:07:53,0.00009140,673.00000000
2018-02-26 14:07:55,0.00009139,141.00000000
2018-02-26 14:08:00,0.00009132,39.00000000
2018-02-26 14:08:00,0.00009130,102.00000000
2018-02-26 14:08:02,0.00009130,83.00000000
2018-02-26 14:08:04,0.00009130,108.00000000
2018-02-26 14:08:07,0.00009130,30.00000000
2018-02-26 14:08:09,0.00009130,132.00000000
2018-02-26 14:08:09,0.00009130,26.00000000
2018-02-26 14:08:10,0.00009138,21.00000000
2018-02-26 14:08:11,0.00009130,161.00000000
2018-02-26 14:08:11,0.00009126,4640.00000000
2018-02-26 14:08:11,0.00009125,4722.00000000
2018-02-26 14:08:13,0.00009129,30.00000000
2018-02-26 14:08:13,0.00009138,30.00000000
2018-02-26 14:08:14,0.00009130,26.00000000
2018-02-26 14:08:16,0.00009130,497.00000000
2018-02-26 14:08:21,0.00009129,65.00000000
2018-02-26 14:08:21,0.00009125,25185.00000000
2018-02-26 14:08:22,0.00009129,37.00000000
2018-02-26 14:08:23,0.00009129,106.00000000
2018-02-26 14:08:29,0.00009129,122.00000000
2018-02-26 14:08:32,0.00009129,21.00000000
2018-02-26 14:08:34,0.00009129,934.00000000
2018-02-26 14:08:35,0.00009129,21.00000000
2018-02-26 14:08:35,0.00009129,59.00000000
2018-02-26 14:08:37,0.00009129,682.00000000
2018-02-26 14:08:37,0.00009127,548.00000000
2018-02-26 14:08:40,0.00009127,54.00000000
2018-02-26 14:08:40,0.00009125,404.00000000
2018-02-26 14:08:40,0.00009130,21.00000000
2018-02-26 14:08:42,0.00009130,994.00000000
2018-02-26 14:08:43,0.00009127,46.00000000
2018-02-26 14:08:44,0.00009129,670.00000000
2018-02-26 14:08:45,0.00009127,95.00000000
2018-02-26 14:08:45,0.00009130,24.00000000
2018-02-26 14:08:47,0.00009130,14.00000000
2018-02-26 14:08:49,0.00009130,108.00000000
2018-02-26 14:08:49,0.00009127,1.00000000
2018-02-26 14:08:49,0.00009126,323.00000000
2018-02-26 14:08:49,0.00009126,26.00000000
2018-02-26 14:08:51,0.00009126,10.00000000
2018-02-26 14:08:53,0.00009130,181.00000000
2018-02-26 14:08:56,0.00009126,548.00000000
2018-02-26 14:08:59,0.00009126,1209.00000000
2018-02-26 14:09:08,0.00009130,37.00000000
2018-02-26 14:09:09,0.00009126,1216.00000000
2018-02-26 14:09:09,0.00009126,39.00000000
2018-02-26 14:09:09,0.00009126,191.00000000
2018-02-26 14:09:11,0.00009126,64.00000000
2018-02-26 14:09:12,0.00009130,70.00000000
2018-02-26 14:09:18,0.00009126,638.00000000
2018-02-26 14:09:21,0.00009129,71.00000000
2018-02-26 14:09:23,0.00009129,42.00000000
2018-02-26 14:09:23,0.00009129,223.00000000
2018-02-26 14:09:23,0.00009126,111.00000000
2018-02-26 14:09:27,0.00009126,91.00000000
2018-02-26 14:09:29,0.00009129,109.00000000
2018-02-26 14:09:31,0.00009129,247.00000000
2018-02-26 14:09:31,0.00009126,691.00000000
2018-02-26 14:09:34,0.00009126,194.00000000
2018-02-26 14:09:35,0.00009129,109.00000000
2018-02-26 14:09:36,0.00009126,54.00000000
2018-02-26 14:09:39,0.00009126,22.00000000
2018-02-26 14:09:39,0.00009125,4.00000000
2018-02-26 14:09:39,0.00009125,32201.00000000
2018-02-26 14:09:42,0.00009125,12.00000000
2018-02-26 14:09:42,0.00009127,312.00000000
2018-02-26 14:09:47,0.00009126,100.00000000
2018-02-26 14:09:47,0.00009125,10.00000000
2018-02-26 14:09:49,0.00009127,27.00000000
2018-02-26 14:09:49,0.00009125,333.00000000
2018-02-26 14:09:50,0.00009125,548.00000000
2018-02-26 14:09:54,0.00009125,548.00000000
2018-02-26 14:09:55,0.00009128,134.00000000
2018-02-26 14:09:56,0.00009125,548.00000000
2018-02-26 14:09:56,0.00009128,77.00000000
2018-02-26 14:09:57,0.00009128,1388.00000000
2018-02-26 14:09:58,0.00009125,548.00000000
2018-02-26 14:09:59,0.00009125,85.00000000
2018-02-26 14:09:59,0.00009125,535.00000000
2018-02-26 14:10:00,0.00009125,548.00000000
2018-02-26 14:10:01,0.00009125,25075.00000000
2018-02-26 14:10:02,0.00009125,548.00000000
2018-02-26 14:10:04,0.00009125,548.00000000
2018-02-26 14:10:06,0.00009125,524.00000000
2018-02-26 14:10:14,0.00009125,934.00000000
2018-02-26 14:10:17,0.00009126,2.00000000
2018-02-26 14:10:22,0.00009126,123.00000000
2018-02-26 14:10:23,0.00009126,254.00000000
2018-02-26 14:10:24,0.00009126,121.00000000
2018-02-26 14:10:25,0.00009126,71.00000000
2018-02-26 14:10:28,0.00009126,26.00000000
2018-02-26 14:10:30,0.00009126,18.00000000
2018-02-26 14:10:30,0.00009125,8.00000000
2018-02-26 14:10:32,0.00009127,1656.00000000
2018-02-26 14:10:32,0.00009128,302.00000000
2018-02-26 14:10:32,0.00009129,154.00000000
2018-02-26 14:10:37,0.00009125,383.00000000
2018-02-26 14:10:41,0.00009128,109.00000000
2018-02-26 14:10:44,0.00009126,21.00000000
2018-02-26 14:10:45,0.00009128,46.00000000
2018-02-26 14:10:45,0.00009129,409.00000000
2018-02-26 14:10:45,0.00009130,3924.00000000
2018-02-26 14:10:46,0.00009130,549.00000000
2018-02-26 14:10:46,0.00009130,928.00000000
2018-02-26 14:10:48,0.00009130,549.00000000
2018-02-26 14:10:49,0.00009130,335.00000000
2018-02-26 14:10:50,0.00009130,109.00000000
2018-02-26 14:10:50,0.00009130,466.00000000
2018-02-26 14:10:54,0.00009130,1994.00000000
2018-02-26 14:10:55,0.00009130,32.00000000
2018-02-26 14:10:58,0.00009126,468.00000000
2018-02-26 14:10:58,0.00009125,81.00000000
2018-02-26 14:11:01,0.00009130,11.00000000
2018-02-26 14:11:02,0.00009125,548.00000000
2018-02-26 14:11:04,0.00009126,323.00000000
2018-02-26 14:11:04,0.00009125,226.00000000
2018-02-26 14:11:07,0.00009126,549.00000000
2018-02-26 14:11:09,0.00009126,549.00000000
2018-02-26 14:11:10,0.00009126,97.00000000
2018-02-26 14:11:11,0.00009125,646.00000000
2018-02-26 14:11:11,0.00009125,5360.00000000
2018-02-26 14:11:12,0.00009125,549.00000000
2018-02-26 14:11:14,0.00009126,41.00000000
2018-02-26 14:11:14,0.00009125,9338.00000000
2018-02-26 14:11:14,0.00009125,2250.00000000
2018-02-26 14:11:14,0.00009125,6809.00000000
2018-02-26 14:11:17,0.00009125,471.00000000
2018-02-26 14:11:17,0.00009125,549.00000000
2018-02-26 14:11:18,0.00009125,269.00000000
2018-02-26 14:11:19,0.00009129,44.00000000
2018-02-26 14:11:20,0.00009125,549.00000000
2018-02-26 14:11:21,0.00009126,594.00000000
2018-02-26 14:11:21,0.00009125,4178.00000000
2018-02-26 14:11:23,0.00009125,549.00000000
2018-02-26 14:11:24,0.00009125,549.00000000
2018-02-26 14:11:26,0.00009125,235.00000000
2018-02-26 14:11:26,0.00009125,549.00000000
2018-02-26 14:11:29,0.00009125,548.00000000
2018-02-26 14:11:34,0.00009127,420.00000000
2018-02-26 14:11:34,0.00009127,196.00000000
2018-02-26 14:11:34,0.00009125,316.00000000
2018-02-26 14:11:34,0.00009129,114.00000000
2018-02-26 14:11:37,0.00009125,42.00000000
2018-02-26 14:11:39,0.00009125,549.00000000
2018-02-26 14:11:42,0.00009125,1594.00000000
2018-02-26 14:11:43,0.00009125,105.00000000
2018-02-26 14:11:45,0.00009125,109.00000000
2018-02-26 14:11:46,0.00009125,356.00000000
2018-02-26 14:11:46,0.00009122,507.00000000
2018-02-26 14:11:46,0.00009122,36.00000000
2018-02-26 14:11:48,0.00009122,224.00000000
2018-02-26 14:11:48,0.00009122,2816.00000000
2018-02-26 14:11:48,0.00009122,1109.00000000
2018-02-26 14:11:48,0.00009122,44.00000000
2018-02-26 14:11:48,0.00009121,111.00000000
2018-02-26 14:11:50,0.00009121,1001.00000000
2018-02-26 14:11:51,0.00009121,269.00000000
2018-02-26 14:11:52,0.00009121,76.00000000
2018-02-26 14:11:52,0.00009121,789.00000000
2018-02-26 14:11:53,0.00009121,356.00000000
2018-02-26 14:11:53,0.00009129,104.00000000
2018-02-26 14:11:54,0.00009121,204.00000000
2018-02-26 14:11:54,0.00009129,14.00000000
2018-02-26 14:11:55,0.00009121,1096.00000000
2018-02-26 14:11:55,0.00009121,385.00000000
2018-02-26 14:11:56,0.00009121,20.00000000
2018-02-26 14:11:56,0.00009121,72.00000000
2018-02-26 14:11:56,0.00009121,57.00000000
2018-02-26 14:11:57,0.00009121,1336.00000000
2018-02-26 14:11:59,0.00009121,26.00000000
2018-02-26 14:12:01,0.00009122,213.00000000
2018-02-26 14:12:02,0.00009122,79.00000000
2018-02-26 14:12:02,0.00009122,41.00000000
2018-02-26 14:12:02,0.00009122,18.00000000
2018-02-26 14:12:03,0.00009122,68.00000000
2018-02-26 14:12:03,0.00009122,548.00000000
2018-02-26 14:12:04,0.00009125,372.00000000
2018-02-26 14:12:04,0.00009122,135.00000000
2018-02-26 14:12:05,0.00009122,258.00000000
2018-02-26 14:12:06,0.00009125,438.00000000
2018-02-26 14:12:07,0.00009122,159.00000000
2018-02-26 14:12:09,0.00009122,118.00000000
2018-02-26 14:12:09,0.00009122,44.00000000
2018-02-26 14:12:09,0.00009122,278.00000000
2018-02-26 14:12:10,0.00009122,44.00000000
2018-02-26 14:12:10,0.00009121,386.00000000
2018-02-26 14:12:11,0.00009121,241.00000000
2018-02-26 14:12:11,0.00009125,451.00000000
2018-02-26 14:12:12,0.00009121,26.00000000
2018-02-26 14:12:12,0.00009121,112.00000000
2018-02-26 14:12:13,0.00009125,22.00000000
2018-02-26 14:12:14,0.00009121,549.00000000
2018-02-26 14:12:14,0.00009121,35.00000000
2018-02-26 14:12:15,0.00009121,51.00000000
2018-02-26 14:12:15,0.00009121,640.00000000
2018-02-26 14:12:16,0.00009121,570.00000000
2018-02-26 14:12:16,0.00009121,12228.00000000
2018-02-26 14:12:17,0.00009121,304.00000000
2018-02-26 14:12:17,0.00009121,26.00000000
2018-02-26 14:12:18,0.00009121,15963.00000000
2018-02-26 14:12:19,0.00009121,39.00000000
2018-02-26 14:12:20,0.00009121,158.00000000
2018-02-26 14:12:21,0.00009121,540.00000000
2018-02-26 14:12:21,0.00009121,110.00000000
2018-02-26 14:12:22,0.00009122,111.00000000
2018-02-26 14:12:22,0.00009125,201.00000000
2018-02-26 14:12:22,0.00009125,207.00000000
2018-02-26 14:12:23,0.00009121,1096.00000000
2018-02-26 14:12:23,0.00009121,828.00000000
2018-02-26 14:12:24,0.00009121,80.00000000
2018-02-26 14:12:25,0.00009121,1191.00000000
2018-02-26 14:12:25,0.00009121,31.00000000
2018-02-26 14:12:26,0.00009121,143.00000000
2018-02-26 14:12:27,0.00009122,15.00000000
2018-02-26 14:12:27,0.00009121,40.00000000
2018-02-26 14:12:28,0.00009121,18.00000000
2018-02-26 14:12:28,0.00009121,26.00000000
2018-02-26 14:12:29,0.00009121,1089.00000000
2018-02-26 14:12:30,0.00009125,18.00000000
2018-02-26 14:12:30,0.00009125,457.00000000
2018-02-26 14:12:32,0.00009125,18.00000000
2018-02-26 14:12:32,0.00009125,113.00000000
2018-02-26 14:12:32,0.00009125,96.00000000
2018-02-26 14:12:32,0.00009125,460.00000000
2018-02-26 14:12:32,0.00009125,360.00000000
2018-02-26 14:12:33,0.00009127,109.00000000
2018-02-26 14:12:34,0.00009125,103.00000000
2018-02-26 14:12:35,0.00009125,959.00000000
2018-02-26 14:12:36,0.00009125,250.00000000
2018-02-26 14:12:37,0.00009125,5462.00000000
2018-02-26 14:12:37,0.00009125,3316.00000000
2018-02-26 14:12:37,0.00009121,899.00000000
2018-02-26 14:12:38,0.00009121,5093.00000000
2018-02-26 14:12:39,0.00009124,312.00000000
2018-02-26 14:12:40,0.00009121,107.00000000
2018-02-26 14:12:42,0.00009121,740.00000000
2018-02-26 14:12:43,0.00009124,93.00000000
2018-02-26 14:12:43,0.00009127,147.00000000
2018-02-26 14:12:45,0.00009121,207.00000000
2018-02-26 14:12:45,0.00009121,1055.00000000
2018-02-26 14:12:47,0.00009121,58.00000000
2018-02-26 14:12:48,0.00009121,7.00000000
2018-02-26 14:12:50,0.00009121,99.00000000
2018-02-26 14:12:50,0.00009121,5461.00000000
2018-02-26 14:12:51,0.00009121,17833.00000000
2018-02-26 14:12:52,0.00009121,469.00000000
2018-02-26 14:12:52,0.00009121,180.00000000
2018-02-26 14:12:52,0.00009121,99.00000000
2018-02-26 14:12:53,0.00009121,9496.00000000
2018-02-26 14:12:53,0.00009121,58.00000000
2018-02-26 14:12:54,0.00009124,202.00000000
2018-02-26 14:12:54,0.00009121,3521.00000000
2018-02-26 14:12:55,0.00009123,39.00000000
2018-02-26 14:12:56,0.00009121,45.00000000
2018-02-26 14:12:57,0.00009121,263.00000000
2018-02-26 14:12:57,0.00009121,992.00000000
2018-02-26 14:12:58,0.00009121,1096.00000000
2018-02-26 14:12:58,0.00009121,1004.00000000
2018-02-26 14:12:58,0.00009121,4648.00000000
2018-02-26 14:12:59,0.00009121,1000.00000000
2018-02-26 14:13:02,0.00009122,1036.00000000
2018-02-26 14:13:02,0.00009122,211.00000000
2018-02-26 14:13:03,0.00009122,1209.00000000
2018-02-26 14:13:05,0.00009123,149.00000000
2018-02-26 14:13:06,0.00009122,311.00000000
2018-02-26 14:13:09,0.00009121,30.00000000
2018-02-26 14:13:09,0.00009120,556.00000000
2018-02-26 14:13:10,0.00009120,26.00000000
2018-02-26 14:13:11,0.00009122,333.00000000
2018-02-26 14:13:12,0.00009120,830.00000000
2018-02-26 14:13:12,0.00009120,26.00000000
2018-02-26 14:13:13,0.00009120,1260.00000000
2018-02-26 14:13:16,0.00009120,1500.00000000
2018-02-26 14:13:16,0.00009120,602.00000000
2018-02-26 14:13:16,0.00009120,2643.00000000
2018-02-26 14:13:18,0.00009120,543.00000000
2018-02-26 14:13:18,0.00009119,70.00000000
2018-02-26 14:13:18,0.00009117,181.00000000
2018-02-26 14:13:18,0.00009116,50.00000000
2018-02-26 14:13:18,0.00009115,455.00000000
2018-02-26 14:13:18,0.00009115,66.00000000
2018-02-26 14:13:18,0.00009113,261.00000000
2018-02-26 14:13:20,0.00009113,87.00000000
2018-02-26 14:13:26,0.00009113,419.00000000
2018-02-26 14:13:27,0.00009113,109.00000000
2018-02-26 14:13:29,0.00009113,440.00000000
2018-02-26 14:13:30,0.00009113,240.00000000
2018-02-26 14:13:31,0.00009113,109.00000000
2018-02-26 14:13:31,0.00009113,243.00000000
2018-02-26 14:13:37,0.00009113,107.00000000
2018-02-26 14:13:38,0.00009120,86.00000000
2018-02-26 14:13:49,0.00009112,67.00000000
2018-02-26 14:13:51,0.00009112,56.00000000
2018-02-26 14:13:51,0.00009112,19.00000000
2018-02-26 14:13:52,0.00009112,21.00000000
2018-02-26 14:13:52,0.00009112,14.00000000
2018-02-26 14:13:58,0.00009113,275.00000000
2018-02-26 14:13:58,0.00009120,10978.00000000
2018-02-26 14:13:59,0.00009120,526.00000000
2018-02-26 14:14:01,0.00009111,18.00000000
2018-02-26 14:14:01,0.00009110,34.00000000
2018-02-26 14:14:02,0.00009110,102.00000000
2018-02-26 14:14:05,0.00009118,115.00000000
2018-02-26 14:14:05,0.00009110,42.00000000
2018-02-26 14:14:05,0.00009110,94.00000000
2018-02-26 14:14:08,0.00009118,54.00000000
2018-02-26 14:14:10,0.00009111,3278.00000000
2018-02-26 14:14:10,0.00009110,935.00000000
2018-02-26 14:14:11,0.00009109,33.00000000
2018-02-26 14:14:11,0.00009108,21.00000000
2018-02-26 14:14:11,0.00009107,42.00000000
2018-02-26 14:14:11,0.00009106,729.00000000
2018-02-26 14:14:11,0.00009105,1190.00000000
2018-02-26 14:14:11,0.00009104,3606.00000000
2018-02-26 14:14:11,0.00009103,1727.00000000
2018-02-26 14:14:11,0.00009110,30.00000000
2018-02-26 14:14:12,0.00009103,100.00000000
2018-02-26 14:14:13,0.00009110,2483.00000000
2018-02-26 14:14:15,0.00009104,103.00000000
2018-02-26 14:14:16,0.00009104,80.00000000
2018-02-26 14:14:17,0.00009104,102.00000000
2018-02-26 14:14:18,0.00009104,4718.00000000
2018-02-26 14:14:19,0.00009104,1901.00000000
2018-02-26 14:14:19,0.00009110,25.00000000
2018-02-26 14:14:19,0.00009104,97.00000000
2018-02-26 14:14:20,0.00009110,230.00000000
2018-02-26 14:14:20,0.00009104,97.00000000
2018-02-26 14:14:22,0.00009104,278.00000000
2018-02-26 14:14:22,0.00009104,97.00000000
2018-02-26 14:14:23,0.00009110,76.00000000
2018-02-26 14:14:25,0.00009104,96.00000000
2018-02-26 14:14:26,0.00009110,2999.00000000
2018-02-26 14:14:27,0.00009110,485.00000000
2018-02-26 14:14:28,0.00009110,55.00000000
2018-02-26 14:14:28,0.00009105,237.00000000
2018-02-26 14:14:28,0.00009105,94.00000000
2018-02-26 14:14:30,0.00009105,262.00000000
2018-02-26 14:14:30,0.00009105,103.00000000
2018-02-26 14:14:33,0.00009109,132.00000000
2018-02-26 14:14:33,0.00009105,95.00000000
2018-02-26 14:14:34,0.00009109,109.00000000
2018-02-26 14:14:35,0.00009105,96.00000000
2018-02-26 14:14:36,0.00009106,102.00000000
2018-02-26 14:14:38,0.00009106,93.00000000
2018-02-26 14:14:40,0.00009106,99.00000000
2018-02-26 14:14:41,0.00009109,289.00000000
2018-02-26 14:14:42,0.00009107,28.00000000
2018-02-26 14:14:42,0.00009107,19.00000000
2018-02-26 14:14:42,0.00009106,101.00000000
2018-02-26 14:14:43,0.00009107,75.00000000
2018-02-26 14:14:43,0.00009107,50.00000000
2018-02-26 14:14:45,0.00009106,101.00000000
2018-02-26 14:14:46,0.00009106,87.00000000
2018-02-26 14:14:47,0.00009107,60.00000000
2018-02-26 14:14:47,0.00009106,94.00000000
2018-02-26 14:14:48,0.00009107,264.00000000
2018-02-26 14:14:48,0.00009107,246.00000000
2018-02-26 14:14:49,0.00009106,50.00000000
2018-02-26 14:14:49,0.00009106,84.00000000
2018-02-26 14:14:50,0.00009107,44.00000000
2018-02-26 14:14:50,0.00009106,95.00000000
2018-02-26 14:14:53,0.00009107,657.00000000
2018-02-26 14:14:55,0.00009107,56.00000000
2018-02-26 14:14:55,0.00009106,670.00000000
2018-02-26 14:15:00,0.00009107,30.00000000
2018-02-26 14:15:01,0.00009106,10.00000000
2018-02-26 14:15:02,0.00009107,109.00000000
2018-02-26 14:15:03,0.00009106,887.00000000
2018-02-26 14:15:04,0.00009107,27.00000000
2018-02-26 14:15:04,0.00009106,586.00000000
2018-02-26 14:15:04,0.00009107,50.00000000
2018-02-26 14:15:05,0.00009106,481.00000000
2018-02-26 14:15:05,0.00009107,20.00000000
2018-02-26 14:15:06,0.00009107,25.00000000
2018-02-26 14:15:06,0.00009107,219.00000000
2018-02-26 14:15:06,0.00009107,36.00000000
2018-02-26 14:15:08,0.00009106,200.00000000
2018-02-26 14:15:09,0.00009107,35.00000000
2018-02-26 14:15:11,0.00009106,3652.00000000
2018-02-26 14:15:14,0.00009106,221.00000000
2018-02-26 14:15:24,0.00009106,65.00000000
2018-02-26 14:15:24,0.00009107,1.00000000
2018-02-26 14:15:25,0.00009106,28.00000000
2018-02-26 14:15:25,0.00009107,54.00000000
2018-02-26 14:15:25,0.00009106,26.00000000
2018-02-26 14:15:25,0.00009106,480.00000000
2018-02-26 14:15:25,0.00009106,670.00000000
2018-02-26 14:15:26,0.00009106,416.00000000
2018-02-26 14:15:26,0.00009105,2947.00000000
2018-02-26 14:15:26,0.00009104,118.00000000
2018-02-26 14:15:26,0.00009103,22.00000000
2018-02-26 14:15:26,0.00009102,1497.00000000
2018-02-26 14:15:26,0.00009101,1341.00000000
2018-02-26 14:15:26,0.00009100,2283.00000000
2018-02-26 14:15:26,0.00009100,114.00000000
2018-02-26 14:15:26,0.00009100,1029.00000000
2018-02-26 14:15:26,0.00009100,63.00000000
2018-02-26 14:15:26,0.00009100,1656.00000000
2018-02-26 14:15:29,0.00009107,171.00000000
2018-02-26 14:15:29,0.00009107,146.00000000
2018-02-26 14:15:30,0.00009106,333.00000000
2018-02-26 14:15:31,0.00009106,221.00000000
2018-02-26 14:15:32,0.00009106,218.00000000
2018-02-26 14:15:33,0.00009106,100.00000000
2018-02-26 14:15:34,0.00009106,90.00000000
2018-02-26 14:15:34,0.00009106,287.00000000
2018-02-26 14:15:35,0.00009107,3565.00000000
2018-02-26 14:15:35,0.00009107,110.00000000
2018-02-26 14:15:35,0.00009107,287.00000000
2018-02-26 14:15:41,0.00009109,334.00000000
2018-02-26 14:15:43,0.00009108,29.00000000
2018-02-26 14:15:43,0.00009107,103.00000000
2018-02-26 14:15:47,0.00009107,1098.00000000
2018-02-26 14:15:47,0.00009107,88.00000000
2018-02-26 14:15:50,0.00009107,39.00000000
2018-02-26 14:15:51,0.00009107,85.00000000
2018-02-26 14:15:52,0.00009107,97.00000000
2018-02-26 14:15:53,0.00009107,400.00000000
2018-02-26 14:15:57,0.00009107,381.00000000
2018-02-26 14:15:57,0.00009106,657.00000000
2018-02-26 14:15:57,0.00009103,1696.00000000
2018-02-26 14:15:57,0.00009100,5890.00000000
2018-02-26 14:15:59,0.00009100,2500.00000000
2018-02-26 14:16:05,0.00009108,20.00000000
2018-02-26 14:16:06,0.00009107,200.00000000
2018-02-26 14:16:06,0.00009103,117.00000000
2018-02-26 14:16:09,0.00009103,148.00000000
2018-02-26 14:16:11,0.00009103,801.00000000
2018-02-26 14:16:11,0.00009101,611.00000000
2018-02-26 14:16:12,0.00009101,300.00000000
2018-02-26 14:16:12,0.00009101,185.00000000
2018-02-26 14:16:16,0.00009101,1083.00000000
2018-02-26 14:16:17,0.00009100,170.00000000
2018-02-26 14:16:17,0.00009101,31.00000000
2018-02-26 14:16:17,0.00009103,108.00000000
2018-02-26 14:16:20,0.00009101,32.00000000
2018-02-26 14:16:22,0.00009101,233.00000000
2018-02-26 14:16:24,0.00009103,587.00000000
2018-02-26 14:16:25,0.00009101,43.00000000
2018-02-26 14:16:27,0.00009102,667.00000000
2018-02-26 14:16:27,0.00009102,90.00000000
2018-02-26 14:16:27,0.00009101,43.00000000
2018-02-26 14:16:29,0.00009102,21.00000000
2018-02-26 14:16:30,0.00009101,65.00000000
2018-02-26 14:16:31,0.00009101,250.00000000
2018-02-26 14:16:33,0.00009101,960.00000000
2018-02-26 14:16:34,0.00009101,102.00000000
2018-02-26 14:16:36,0.00009100,100.00000000
2018-02-26 14:16:37,0.00009102,230.00000000
2018-02-26 14:16:37,0.00009102,150.00000000
2018-02-26 14:16:37,0.00009101,15.00000000
2018-02-26 14:16:37,0.00009102,111.00000000
2018-02-26 14:16:37,0.00009102,150.00000000
2018-02-26 14:16:37,0.00009102,488.00000000
2018-02-26 14:16:37,0.00009103,46.00000000
2018-02-26 14:16:39,0.00009108,18.00000000
2018-02-26 14:16:39,0.00009107,1906.00000000
2018-02-26 14:16:41,0.00009108,618.00000000
2018-02-26 14:16:41,0.00009109,1338.00000000
2018-02-26 14:16:42,0.00009101,19.00000000
2018-02-26 14:16:43,0.00009101,25.00000000
2018-02-26 14:16:43,0.00009101,53.00000000
2018-02-26 14:16:44,0.00009114,432.00000000
2018-02-26 14:16:45,0.00009114,68.00000000
2018-02-26 14:16:46,0.00009114,167.00000000
2018-02-26 14:16:46,0.00009114,24.00000000
2018-02-26 14:16:46,0.00009114,33.00000000
2018-02-26 14:16:46,0.00009114,22.00000000
2018-02-26 14:16:47,0.00009114,18.00000000
2018-02-26 14:16:48,0.00009114,11.00000000
2018-02-26 14:16:52,0.00009110,150.00000000
2018-02-26 14:16:53,0.00009114,24.00000000
2018-02-26 14:16:53,0.00009110,679.00000000
2018-02-26 14:16:53,0.00009102,196.00000000
2018-02-26 14:16:53,0.00009101,165.00000000
2018-02-26 14:16:53,0.00009100,17198.00000000
2018-02-26 14:16:53,0.00009099,23193.00000000
2018-02-26 14:16:57,0.00009114,91.00000000
2018-02-26 14:17:03,0.00009114,4.00000000
2018-02-26 14:17:04,0.00009114,44.00000000
2018-02-26 14:17:06,0.00009106,17.00000000
2018-02-26 14:17:06,0.00009101,83.00000000
2018-02-26 14:17:07,0.00009112,620.00000000
2018-02-26 14:17:10,0.00009114,75.00000000
2018-02-26 14:17:11,0.00009113,100.00000000
2018-02-26 14:17:12,0.00009113,86.00000000
2018-02-26 14:17:13,0.00009113,291.00000000
2018-02-26 14:17:15,0.00009113,1000.00000000
2018-02-26 14:17:17,0.00009113,655.00000000
2018-02-26 14:17:24,0.00009112,11.00000000
2018-02-26 14:17:26,0.00009112,65.00000000
2018-02-26 14:17:29,0.00009102,94.00000000
2018-02-26 14:17:30,0.00009102,31.00000000
2018-02-26 14:17:32,0.00009102,103.00000000
2018-02-26 14:17:33,0.00009112,70.00000000
2018-02-26 14:17:37,0.00009102,103.00000000
2018-02-26 14:17:37,0.00009102,103.00000000
2018-02-26 14:17:40,0.00009112,24.00000000
2018-02-26 14:17:46,0.00009112,17.00000000
2018-02-26 14:17:46,0.00009102,2000.00000000
2018-02-26 14:17:46,0.00009102,102.00000000
2018-02-26 14:17:47,0.00009112,41.00000000
2018-02-26 14:17:49,0.00009102,87.00000000
2018-02-26 14:17:49,0.00009112,21.00000000
2018-02-26 14:17:50,0.00009102,93.00000000
2018-02-26 14:17:51,0.00009112,42.00000000
2018-02-26 14:17:51,0.00009102,82.00000000
2018-02-26 14:17:51,0.00009111,243.00000000
2018-02-26 14:17:52,0.00009111,83.00000000
2018-02-26 14:17:52,0.00009112,117.00000000
2018-02-26 14:17:55,0.00009102,525.00000000
2018-02-26 14:17:56,0.00009112,65.00000000
2018-02-26 14:17:58,0.00009112,117.00000000
2018-02-26 14:18:00,0.00009111,310.00000000
2018-02-26 14:18:02,0.00009111,554.00000000
2018-02-26 14:18:02,0.00009102,481.00000000
2018-02-26 14:18:06,0.00009111,26.00000000
2018-02-26 14:18:06,0.00009102,72.00000000
2018-02-26 14:18:07,0.00009102,129.00000000
2018-02-26 14:18:07,0.00009101,202.00000000
2018-02-26 14:18:10,0.00009101,79.00000000
2018-02-26 14:18:11,0.00009101,83.00000000
2018-02-26 14:18:13,0.00009101,100.00000000
2018-02-26 14:18:17,0.00009101,93.00000000
2018-02-26 14:18:19,0.00009101,506.00000000
2018-02-26 14:18:20,0.00009101,97.00000000
2018-02-26 14:18:20,0.00009101,105.00000000
2018-02-26 14:18:24,0.00009112,141.00000000
2018-02-26 14:18:25,0.00009101,52.00000000
2018-02-26 14:18:25,0.00009100,36.00000000
2018-02-26 14:18:26,0.00009112,104.00000000
2018-02-26 14:18:27,0.00009100,94.00000000
2018-02-26 14:18:29,0.00009101,532.00000000
2018-02-26 14:18:30,0.00009101,84.00000000
2018-02-26 14:18:33,0.00009101,99.00000000
2018-02-26 14:18:36,0.00009110,23.00000000
2018-02-26 14:18:36,0.00009110,109.00000000
2018-02-26 14:18:36,0.00009102,97.00000000
2018-02-26 14:18:37,0.00009110,41.00000000
2018-02-26 14:18:37,0.00009111,21.00000000
2018-02-26 14:18:38,0.00009102,101.00000000
2018-02-26 14:18:38,0.00009102,100.00000000
2018-02-26 14:18:41,0.00009102,82.00000000
2018-02-26 14:18:43,0.00009102,94.00000000
2018-02-26 14:18:46,0.00009102,80.00000000
2018-02-26 14:18:50,0.00009102,94.00000000
2018-02-26 14:18:52,0.00009109,369.00000000
2018-02-26 14:18:52,0.00009110,439.00000000
2018-02-26 14:18:53,0.00009102,81.00000000
2018-02-26 14:18:58,0.00009110,143.00000000
2018-02-26 14:18:58,0.00009111,612.00000000
2018-02-26 14:18:59,0.00009112,27.00000000
2018-02-26 14:19:06,0.00009106,150.00000000
2018-02-26 14:19:06,0.00009103,342.00000000
2018-02-26 14:19:06,0.00009102,334.00000000
2018-02-26 14:19:10,0.00009102,200.00000000
2018-02-26 14:19:15,0.00009109,70.00000000
2018-02-26 14:19:16,0.00009104,20.00000000
2018-02-26 14:19:16,0.00009103,100.00000000
2018-02-26 14:19:16,0.00009102,3166.00000000
2018-02-26 14:19:16,0.00009101,14.00000000
2018-02-26 14:19:16,0.00009100,17.00000000
2018-02-26 14:19:16,0.00009100,50.00000000
2018-02-26 14:19:17,0.00009109,1070.00000000
2018-02-26 14:19:22,0.00009104,150.00000000
2018-02-26 14:19:23,0.00009108,1671.00000000
2018-02-26 14:19:23,0.00009109,1905.00000000
2018-02-26 14:19:23,0.00009110,3839.00000000
2018-02-26 14:19:24,0.00009111,21.00000000
2018-02-26 14:19:24,0.00009112,36.00000000
2018-02-26 14:19:25,0.00009110,121.00000000
2018-02-26 14:19:27,0.00009110,32.00000000
2018-02-26 14:19:29,0.00009110,642.00000000
2018-02-26 14:19:34,0.00009103,200.00000000
2018-02-26 14:19:36,0.00009103,1025.00000000
2018-02-26 14:19:41,0.00009108,20.00000000
2018-02-26 14:19:41,0.00009109,708.00000000
2018-02-26 14:19:43,0.00009109,11.00000000
2018-02-26 14:20:08,0.00009106,16.00000000
2018-02-26 14:20:08,0.00009105,81.00000000
2018-02-26 14:20:10,0.00009107,43.00000000
2018-02-26 14:20:10,0.00009108,21.00000000
2018-02-26 14:20:11,0.00009107,300.00000000
2018-02-26 14:20:11,0.00009108,81.00000000
2018-02-26 14:20:12,0.00009107,65.00000000
2018-02-26 14:20:14,0.00009108,1501.00000000
2018-02-26 14:20:16,0.00009104,104.00000000
2018-02-26 14:20:21,0.00009108,38.00000000
2018-02-26 14:20:26,0.00009107,362.00000000
2018-02-26 14:20:26,0.00009108,400.00000000
2018-02-26 14:20:26,0.00009107,1611.00000000
2018-02-26 14:20:29,0.00009107,2500.00000000
2018-02-26 14:20:29,0.00009107,2000.00000000
2018-02-26 14:20:32,0.00009108,56.00000000
2018-02-26 14:20:33,0.00009107,97.00000000
2018-02-26 14:20:34,0.00009108,110.00000000
2018-02-26 14:20:35,0.00009107,127.00000000
2018-02-26 14:20:36,0.00009107,94.00000000
2018-02-26 14:20:36,0.00009107,109.00000000
2018-02-26 14:20:39,0.00009108,2556.00000000
2018-02-26 14:20:39,0.00009108,30.00000000
2018-02-26 14:20:39,0.00009108,147.00000000
2018-02-26 14:20:40,0.00009108,400.00000000
2018-02-26 14:20:40,0.00009107,25.00000000
2018-02-26 14:20:40,0.00009106,73.00000000
2018-02-26 14:20:42,0.00009108,65.00000000
2018-02-26 14:20:43,0.00009107,11.00000000
2018-02-26 14:20:46,0.00009108,197.00000000
2018-02-26 14:20:47,0.00009108,1098.00000000
2018-02-26 14:20:47,0.00009108,325.00000000
2018-02-26 14:20:50,0.00009107,101.00000000
2018-02-26 14:20:50,0.00009108,16.00000000
2018-02-26 14:20:54,0.00009108,212.00000000
2018-02-26 14:20:59,0.00009108,18.00000000
2018-02-26 14:21:01,0.00009108,18.00000000
2018-02-26 14:21:03,0.00009108,101.00000000
2018-02-26 14:21:04,0.00009108,933.00000000
2018-02-26 14:21:05,0.00009108,746.00000000
2018-02-26 14:21:11,0.00009108,500.00000000
2018-02-26 14:21:14,0.00009108,1609.00000000
2018-02-26 14:21:17,0.00009109,110.00000000
2018-02-26 14:21:20,0.00009109,4.00000000
2018-02-26 14:21:24,0.00009109,534.00000000
2018-02-26 14:21:24,0.00009109,151.00000000
2018-02-26 14:21:24,0.00009110,532.00000000
2018-02-26 14:21:24,0.00009111,200.00000000
2018-02-26 14:21:26,0.00009111,534.00000000
2018-02-26 14:21:26,0.00009108,1993.00000000
2018-02-26 14:21:28,0.00009112,166.00000000
2018-02-26 14:21:32,0.00009112,48.00000000
2018-02-26 14:21:34,0.00009112,33.00000000
2018-02-26 14:21:34,0.00009112,1511.00000000
2018-02-26 14:21:35,0.00009112,284.00000000
2018-02-26 14:21:36,0.00009111,1587.00000000
2018-02-26 14:21:36,0.00009111,187.00000000
2018-02-26 14:21:36,0.00009111,159.00000000
2018-02-26 14:21:36,0.00009111,150.00000000
2018-02-26 14:21:37,0.00009111,980.00000000
2018-02-26 14:21:37,0.00009111,34.00000000
2018-02-26 14:21:37,0.00009108,91.00000000
2018-02-26 14:21:37,0.00009111,1746.00000000
2018-02-26 14:21:39,0.00009111,736.00000000
2018-02-26 14:21:39,0.00009111,19.00000000
2018-02-26 14:21:39,0.00009111,1223.00000000
2018-02-26 14:21:39,0.00009108,72.00000000
2018-02-26 14:21:40,0.00009111,1097.00000000
2018-02-26 14:21:40,0.00009111,182.00000000
2018-02-26 14:21:40,0.00009108,29.00000000
2018-02-26 14:21:40,0.00009107,171.00000000
2018-02-26 14:21:45,0.00009113,103.00000000
2018-02-26 14:21:46,0.00009113,381.00000000
2018-02-26 14:21:47,0.00009109,136.00000000
2018-02-26 14:21:49,0.00009112,246.00000000
2018-02-26 14:21:49,0.00009109,200.00000000
2018-02-26 14:21:50,0.00009112,4.00000000
2018-02-26 14:21:50,0.00009112,257.00000000
2018-02-26 14:21:51,0.00009112,1097.00000000
2018-02-26 14:21:51,0.00009112,541.00000000
2018-02-26 14:21:52,0.00009113,53.00000000
2018-02-26 14:21:52,0.00009113,769.00000000
2018-02-26 14:21:53,0.00009114,400.00000000
2018-02-26 14:21:57,0.00009114,18.00000000
2018-02-26 14:21:58,0.00009114,295.00000000
2018-02-26 14:21:58,0.00009112,200.00000000
2018-02-26 14:22:03,0.00009115,54.00000000
2018-02-26 14:22:04,0.00009114,200.00000000
2018-02-26 14:22:05,0.00009114,671.00000000
2018-02-26 14:22:08,0.00009114,350.00000000
2018-02-26 14:22:13,0.00009115,232.00000000
2018-02-26 14:22:13,0.00009119,139.00000000
2018-02-26 14:22:14,0.00009119,32.00000000
2018-02-26 14:22:16,0.00009114,200.00000000
2018-02-26 14:22:16,0.00009119,32.00000000
2018-02-26 14:22:18,0.00009119,156.00000000
2018-02-26 14:22:19,0.00009119,21.00000000
2018-02-26 14:22:20,0.00009119,32.00000000
2018-02-26 14:22:22,0.00009119,45.00000000
2018-02-26 14:22:25,0.00009114,50.00000000
2018-02-26 14:22:26,0.00009119,264.00000000
2018-02-26 14:22:26,0.00009119,400.00000000
2018-02-26 14:22:31,0.00009115,200.00000000
2018-02-26 14:22:33,0.00009119,1236.00000000
2018-02-26 14:22:34,0.00009115,212.00000000
2018-02-26 14:22:34,0.00009114,161.00000000
2018-02-26 14:22:34,0.00009113,68.00000000
2018-02-26 14:22:34,0.00009112,428.00000000
2018-02-26 14:22:35,0.00009112,18.00000000
2018-02-26 14:22:35,0.00009110,109.00000000
2018-02-26 14:22:37,0.00009112,981.00000000
2018-02-26 14:22:38,0.00009112,162.00000000
2018-02-26 14:22:38,0.00009112,100.00000000
2018-02-26 14:22:38,0.00009110,210.00000000
2018-02-26 14:22:38,0.00009108,667.00000000
2018-02-26 14:22:39,0.00009112,100.00000000
2018-02-26 14:22:39,0.00009112,13.00000000
2018-02-26 14:22:39,0.00009108,417.00000000
2018-02-26 14:22:40,0.00009110,176.00000000
2018-02-26 14:22:40,0.00009110,51.00000000
2018-02-26 14:22:40,0.00009108,200.00000000
2018-02-26 14:22:41,0.00009110,989.00000000
2018-02-26 14:22:42,0.00009110,784.00000000
2018-02-26 14:22:42,0.00009112,611.00000000
2018-02-26 14:22:42,0.00009118,209.00000000
2018-02-26 14:22:48,0.00009116,109.00000000
2018-02-26 14:22:49,0.00009116,200.00000000
2018-02-26 14:22:50,0.00009116,282.00000000
2018-02-26 14:22:55,0.00009118,31.00000000
2018-02-26 14:22:59,0.00009117,32.00000000
2018-02-26 14:23:01,0.00009117,50.00000000
2018-02-26 14:23:01,0.00009117,295.00000000
2018-02-26 14:23:02,0.00009117,293.00000000
2018-02-26 14:23:02,0.00009117,35.00000000
2018-02-26 14:23:02,0.00009117,240.00000000
2018-02-26 14:23:02,0.00009117,104.00000000
2018-02-26 14:23:02,0.00009118,49.00000000
2018-02-26 14:23:02,0.00009119,384.00000000
2018-02-26 14:23:02,0.00009119,28.00000000
2018-02-26 14:23:04,0.00009117,244.00000000
2018-02-26 14:23:04,0.00009118,400.00000000
2018-02-26 14:23:07,0.00009117,93.00000000
2018-02-26 14:23:07,0.00009117,3.00000000
2018-02-26 14:23:07,0.00009116,66.00000000
2018-02-26 14:23:09,0.00009116,877.00000000
2018-02-26 14:23:11,0.00009118,804.00000000
2018-02-26 14:23:11,0.00009116,109.00000000
2018-02-26 14:23:11,0.00009116,127.00000000
2018-02-26 14:23:11,0.00009118,301.00000000
2018-02-26 14:23:12,0.00009116,134.00000000
2018-02-26 14:23:12,0.00009115,192.00000000
2018-02-26 14:23:12,0.00009114,151.00000000
2018-02-26 14:23:12,0.00009110,209.00000000
2018-02-26 14:23:12,0.00009109,914.00000000
2018-02-26 14:23:13,0.00009118,330.00000000
2018-02-26 14:23:13,0.00009118,1406.00000000
2018-02-26 14:23:18,0.00009116,53.00000000
2018-02-26 14:23:21,0.00009116,113.00000000
2018-02-26 14:23:21,0.00009116,286.00000000
2018-02-26 14:23:22,0.00009117,108.00000000
2018-02-26 14:23:24,0.00009117,210.00000000
2018-02-26 14:23:25,0.00009116,178.00000000
2018-02-26 14:23:25,0.00009116,200.00000000
2018-02-26 14:23:27,0.00009117,86.00000000
2018-02-26 14:23:28,0.00009117,109.00000000
2018-02-26 14:23:29,0.00009117,30.00000000
2018-02-26 14:23:31,0.00009116,113.00000000
2018-02-26 14:23:32,0.00009116,104.00000000
2018-02-26 14:23:38,0.00009117,24.00000000
2018-02-26 14:23:40,0.00009117,1376.00000000
2018-02-26 14:23:40,0.00009118,1117.00000000
2018-02-26 14:23:40,0.00009118,46.00000000
2018-02-26 14:23:42,0.00009116,1954.00000000
2018-02-26 14:23:43,0.00009109,15.00000000
2018-02-26 14:23:43,0.00009108,185.00000000
2018-02-26 14:23:46,0.00009115,101.00000000
2018-02-26 14:23:46,0.00009115,105.00000000
2018-02-26 14:23:53,0.00009108,15.00000000
2018-02-26 14:23:53,0.00009107,23.00000000
2018-02-26 14:23:53,0.00009104,78.00000000
2018-02-26 14:23:55,0.00009115,768.00000000
2018-02-26 14:23:56,0.00009116,99.00000000
2018-02-26 14:24:00,0.00009115,202.00000000
2018-02-26 14:24:00,0.00009115,888.00000000
2018-02-26 14:24:00,0.00009116,401.00000000
2018-02-26 14:24:01,0.00009105,200.00000000
2018-02-26 14:24:03,0.00009116,760.00000000
2018-02-26 14:24:05,0.00009116,21.00000000
2018-02-26 14:24:06,0.00009116,108.00000000
2018-02-26 14:24:07,0.00009115,157.00000000
2018-02-26 14:24:07,0.00009108,43.00000000
2018-02-26 14:24:11,0.00009116,357.00000000
2018-02-26 14:24:17,0.00009116,1436.00000000
2018-02-26 14:24:22,0.00009116,200.00000000
2018-02-26 14:24:29,0.00009117,109.00000000
2018-02-26 14:24:31,0.00009116,200.00000000
2018-02-26 14:24:36,0.00009116,12.00000000
2018-02-26 14:24:39,0.00009117,627.00000000
2018-02-26 14:24:41,0.00009116,29.00000000
2018-02-26 14:24:41,0.00009116,43.00000000
2018-02-26 14:24:41,0.00009116,91.00000000
2018-02-26 14:24:43,0.00009116,43.00000000
2018-02-26 14:24:45,0.00009116,69.00000000
2018-02-26 14:24:46,0.00009116,200.00000000
2018-02-26 14:24:47,0.00009116,54.00000000
2018-02-26 14:24:48,0.00009116,81.00000000
2018-02-26 14:24:49,0.00009116,177.00000000
2018-02-26 14:24:50,0.00009116,81.00000000
2018-02-26 14:24:51,0.00009116,100.00000000
2018-02-26 14:24:55,0.00009116,200.00000000
2018-02-26 14:24:55,0.00009117,50.00000000
2018-02-26 14:25:00,0.00009117,2021.00000000
2018-02-26 14:25:01,0.00009116,100.00000000
2018-02-26 14:25:01,0.00009117,20.00000000
2018-02-26 14:25:09,0.00009116,627.00000000
2018-02-26 14:25:12,0.00009116,43.00000000
2018-02-26 14:25:14,0.00009117,891.00000000
2018-02-26 14:25:14,0.00009116,43.00000000
2018-02-26 14:25:16,0.00009116,43.00000000
2018-02-26 14:25:17,0.00009117,696.00000000
2018-02-26 14:25:17,0.00009117,37.00000000
2018-02-26 14:25:18,0.00009117,967.00000000
2018-02-26 14:25:19,0.00009117,192.00000000
2018-02-26 14:25:19,0.00009116,43.00000000
2018-02-26 14:25:21,0.00009117,93.00000000
2018-02-26 14:25:22,0.00009116,43.00000000
2018-02-26 14:25:23,0.00009117,24.00000000
2018-02-26 14:25:24,0.00009116,43.00000000
2018-02-26 14:25:26,0.00009116,43.00000000
2018-02-26 14:25:26,0.00009116,516.00000000
2018-02-26 14:25:27,0.00009117,362.00000000
2018-02-26 14:25:27,0.00009117,92.00000000
2018-02-26 14:25:28,0.00009116,43.00000000
2018-02-26 14:25:30,0.00009117,56.00000000
2018-02-26 14:25:30,0.00009116,188.00000000
2018-02-26 14:25:32,0.00009117,1.00000000
2018-02-26 14:25:32,0.00009116,43.00000000
2018-02-26 14:25:35,0.00009116,53.00000000
2018-02-26 14:25:35,0.00009117,341.00000000
2018-02-26 14:25:36,0.00009116,1489.00000000
2018-02-26 14:25:37,0.00009116,53.00000000
2018-02-26 14:25:39,0.00009116,43.00000000
2018-02-26 14:25:41,0.00009117,63.00000000
2018-02-26 14:25:42,0.00009116,48.00000000
2018-02-26 14:25:42,0.00009116,331.00000000
2018-02-26 14:25:42,0.00009116,294.00000000
2018-02-26 14:25:44,0.00009116,43.00000000
2018-02-26 14:25:44,0.00009117,49.00000000
2018-02-26 14:25:44,0.00009117,49.00000000
2018-02-26 14:25:46,0.00009116,43.00000000
2018-02-26 14:25:48,0.00009116,43.00000000
2018-02-26 14:25:49,0.00009116,339.00000000
2018-02-26 14:25:50,0.00009116,438.00000000
2018-02-26 14:25:51,0.00009117,17.00000000
2018-02-26 14:25:51,0.00009117,91.00000000
2018-02-26 14:25:51,0.00009117,91.00000000
2018-02-26 14:25:53,0.00009116,438.00000000
2018-02-26 14:25:54,0.00009117,598.00000000
2018-02-26 14:25:55,0.00009116,250.00000000
2018-02-26 14:25:55,0.00009116,200.00000000
2018-02-26 14:25:57,0.00009116,50.00000000
2018-02-26 14:25:57,0.00009116,596.00000000
2018-02-26 14:25:58,0.00009116,1308.00000000
2018-02-26 14:25:58,0.00009116,1183.00000000
2018-02-26 14:25:58,0.00009117,722.00000000
2018-02-26 14:26:00,0.00009110,8.00000000
2018-02-26 14:26:01,0.00009117,81.00000000
2018-02-26 14:26:02,0.00009117,135.00000000
2018-02-26 14:26:06,0.00009116,10.00000000
2018-02-26 14:26:06,0.00009117,224.00000000
2018-02-26 14:26:07,0.00009116,43.00000000
2018-02-26 14:26:07,0.00009116,24.00000000
2018-02-26 14:26:07,0.00009110,2874.00000000
2018-02-26 14:26:08,0.00009117,54.00000000
2018-02-26 14:26:12,0.00009115,103.00000000
2018-02-26 14:26:15,0.00009115,14.00000000
2018-02-26 14:26:15,0.00009110,24.00000000
2018-02-26 14:26:16,0.00009110,39.00000000
2018-02-26 14:26:17,0.00009115,552.00000000
2018-02-26 14:26:17,0.00009115,1352.00000000
2018-02-26 14:26:17,0.00009116,1870.00000000
2018-02-26 14:26:18,0.00009116,226.00000000
2018-02-26 14:26:20,0.00009116,438.00000000
2018-02-26 14:26:22,0.00009116,200.00000000
2018-02-26 14:26:25,0.00009116,1326.00000000
2018-02-26 14:26:25,0.00009116,71.00000000
2018-02-26 14:26:27,0.00009110,1097.00000000
2018-02-26 14:26:27,0.00009110,937.00000000
2018-02-26 14:26:29,0.00009110,489.00000000
2018-02-26 14:26:34,0.00009110,28.00000000
2018-02-26 14:26:34,0.00009116,30.00000000
2018-02-26 14:26:34,0.00009110,200.00000000
2018-02-26 14:26:40,0.00009111,200.00000000
2018-02-26 14:26:46,0.00009111,1902.00000000
2018-02-26 14:26:47,0.00009111,219.00000000
2018-02-26 14:26:49,0.00009111,250.00000000
2018-02-26 14:26:51,0.00009116,1580.00000000
2018-02-26 14:26:52,0.00009111,43.00000000
2018-02-26 14:26:52,0.00009116,21.00000000
2018-02-26 14:26:52,0.00009111,50.00000000
2018-02-26 14:26:53,0.00009111,34.00000000
2018-02-26 14:26:54,0.00009110,43.00000000
2018-02-26 14:26:56,0.00009110,43.00000000
2018-02-26 14:26:58,0.00009111,25.00000000
2018-02-26 14:26:58,0.00009111,32.00000000
2018-02-26 14:26:58,0.00009110,200.00000000
2018-02-26 14:26:58,0.00009110,66.00000000
2018-02-26 14:26:58,0.00009111,27.00000000
2018-02-26 14:26:59,0.00009111,54.00000000
2018-02-26 14:26:59,0.00009111,21.00000000
2018-02-26 14:27:00,0.00009111,144.00000000
2018-02-26 14:27:00,0.00009110,439.00000000
2018-02-26 14:27:02,0.00009111,21.00000000
2018-02-26 14:27:02,0.00009110,224.00000000
2018-02-26 14:27:02,0.00009111,21.00000000
2018-02-26 14:27:05,0.00009110,63.00000000
2018-02-26 14:27:06,0.00009111,966.00000000
2018-02-26 14:27:07,0.00009110,15.00000000
2018-02-26 14:27:07,0.00009110,290.00000000
2018-02-26 14:27:08,0.00009111,1656.00000000
2018-02-26 14:27:09,0.00009111,56.00000000
2018-02-26 14:27:09,0.00009111,2161.00000000
2018-02-26 14:27:09,0.00009110,1150.00000000
2018-02-26 14:27:10,0.00009116,358.00000000
2018-02-26 14:27:10,0.00009117,338.00000000
2018-02-26 14:27:10,0.00009111,144.00000000
2018-02-26 14:27:10,0.00009110,56.00000000
2018-02-26 14:27:12,0.00009110,43.00000000
2018-02-26 14:27:14,0.00009111,43.00000000
2018-02-26 14:27:16,0.00009111,51.00000000
2018-02-26 14:27:16,0.00009111,33.00000000
2018-02-26 14:27:16,0.00009110,10.00000000
2018-02-26 14:27:18,0.00009110,43.00000000
2018-02-26 14:27:19,0.00009110,200.00000000
2018-02-26 14:27:19,0.00009110,26.00000000
2018-02-26 14:27:20,0.00009110,43.00000000
2018-02-26 14:27:21,0.00009110,1572.00000000
2018-02-26 14:27:22,0.00009110,428.00000000
2018-02-26 14:27:22,0.00009111,100.00000000
2018-02-26 14:27:24,0.00009111,219.00000000
2018-02-26 14:27:25,0.00009111,200.00000000
2018-02-26 14:27:28,0.00009115,109.00000000
2018-02-26 14:27:29,0.00009111,61.00000000
2018-02-26 14:27:30,0.00009115,300.00000000
2018-02-26 14:27:31,0.00009115,18.00000000
2018-02-26 14:27:31,0.00009117,109.00000000
2018-02-26 14:27:32,0.00009115,22.00000000
2018-02-26 14:27:34,0.00009115,200.00000000
2018-02-26 14:27:36,0.00009115,122.00000000
2018-02-26 14:27:36,0.00009117,340.00000000
2018-02-26 14:27:38,0.00009117,165.00000000
2018-02-26 14:27:41,0.00009116,21.00000000
2018-02-26 14:27:41,0.00009115,22.00000000
2018-02-26 14:27:41,0.00009115,876.00000000
2018-02-26 14:27:42,0.00009111,109.00000000
2018-02-26 14:27:43,0.00009111,100.00000000
2018-02-26 14:27:44,0.00009115,326.00000000
2018-02-26 14:27:44,0.00009117,109.00000000
2018-02-26 14:27:48,0.00009116,300.00000000
2018-02-26 14:27:48,0.00009117,145.00000000
2018-02-26 14:27:50,0.00009117,3.00000000
2018-02-26 14:27:52,0.00009117,760.00000000
2018-02-26 14:27:55,0.00009115,200.00000000
2018-02-26 14:27:58,0.00009115,136.00000000
2018-02-26 14:27:58,0.00009111,68.00000000
2018-02-26 14:27:58,0.00009110,77.00000000
2018-02-26 14:28:01,0.00009115,200.00000000
2018-02-26 14:28:02,0.00009117,1110.00000000
2018-02-26 14:28:02,0.00009117,424.00000000
2018-02-26 14:28:02,0.00009115,1289.00000000
2018-02-26 14:28:08,0.00009115,21.00000000
2018-02-26 14:28:08,0.00009115,100.00000000
2018-02-26 14:28:09,0.00009115,21.00000000
2018-02-26 14:28:09,0.00009115,675.00000000
2018-02-26 14:28:09,0.00009118,54.00000000
2018-02-26 14:28:13,0.00009117,323.00000000
2018-02-26 14:28:13,0.00009117,29.00000000
2018-02-26 14:28:13,0.00009117,200.00000000
2018-02-26 14:28:13,0.00009118,5014.00000000
2018-02-26 14:28:13,0.00009119,1564.00000000
2018-02-26 14:28:14,0.00009117,468.00000000
2018-02-26 14:28:16,0.00009117,37.00000000
2018-02-26 14:28:19,0.00009117,200.00000000
2018-02-26 14:28:24,0.00009117,57.00000000
2018-02-26 14:28:25,0.00009117,43.00000000
2018-02-26 14:28:25,0.00009118,137.00000000
2018-02-26 14:28:27,0.00009117,126.00000000
2018-02-26 14:28:28,0.00009117,200.00000000
2018-02-26 14:28:29,0.00009117,43.00000000
2018-02-26 14:28:31,0.00009118,109.00000000
2018-02-26 14:28:32,0.00009117,125.00000000
2018-02-26 14:28:32,0.00009117,53.00000000
2018-02-26 14:28:32,0.00009116,75.00000000
2018-02-26 14:28:35,0.00009116,21.00000000
2018-02-26 14:28:35,0.00009115,22.00000000
2018-02-26 14:28:36,0.00009118,21.00000000
2018-02-26 14:28:37,0.00009117,63.00000000
2018-02-26 14:28:37,0.00009115,175.00000000
2018-02-26 14:28:38,0.00009115,54.00000000
2018-02-26 14:28:38,0.00009115,43.00000000
2018-02-26 14:28:40,0.00009115,43.00000000
2018-02-26 14:28:43,0.00009117,187.00000000
2018-02-26 14:28:43,0.00009118,361.00000000
2018-02-26 14:28:46,0.00009117,88.00000000
2018-02-26 14:28:46,0.00009116,35.00000000
2018-02-26 14:28:46,0.00009115,77.00000000
2018-02-26 14:28:48,0.00009118,865.00000000
2018-02-26 14:28:50,0.00009116,1904.00000000
2018-02-26 14:28:50,0.00009115,2604.00000000
2018-02-26 14:28:50,0.00009111,469.00000000
2018-02-26 14:28:50,0.00009110,1138.00000000
2018-02-26 14:28:50,0.00009108,1780.00000000
2018-02-26 14:28:50,0.00009106,622.00000000
2018-02-26 14:28:50,0.00009104,474.00000000
2018-02-26 14:28:52,0.00009115,20.00000000
2018-02-26 14:28:52,0.00009105,180.00000000
2018-02-26 14:28:58,0.00009116,57.00000000
2018-02-26 14:28:59,0.00009116,30.00000000
2018-02-26 14:28:59,0.00009115,372.00000000
2018-02-26 14:28:59,0.00009108,31.00000000
2018-02-26 14:28:59,0.00009105,370.00000000
2018-02-26 14:29:01,0.00009105,1480.00000000
2018-02-26 14:29:01,0.00009116,21.00000000
2018-02-26 14:29:01,0.00009105,56.00000000
2018-02-26 14:29:01,0.00009104,144.00000000
2018-02-26 14:29:02,0.00009106,28.00000000
2018-02-26 14:29:06,0.00009116,69.00000000
2018-02-26 14:29:07,0.00009106,55.00000000
2018-02-26 14:29:10,0.00009105,200.00000000
2018-02-26 14:29:15,0.00009112,500.00000000
2018-02-26 14:29:16,0.00009108,167.00000000
2018-02-26 14:29:16,0.00009105,33.00000000
2018-02-26 14:29:17,0.00009105,1301.00000000
2018-02-26 14:29:21,0.00009107,657.00000000
2018-02-26 14:29:22,0.00009108,21.00000000
2018-02-26 14:29:22,0.00009107,1819.00000000
2018-02-26 14:29:24,0.00009107,30.00000000
2018-02-26 14:29:26,0.00009111,17.00000000
2018-02-26 14:29:26,0.00009112,92.00000000
2018-02-26 14:29:26,0.00009112,26.00000000
2018-02-26 14:29:32,0.00009112,1382.00000000
2018-02-26 14:29:32,0.00009115,1904.00000000
2018-02-26 14:29:37,0.00009115,200.00000000
2018-02-26 14:29:43,0.00009115,16.00000000
2018-02-26 14:29:44,0.00009115,506.00000000
2018-02-26 14:29:45,0.00009115,151.00000000
2018-02-26 14:29:46,0.00009115,18.00000000
2018-02-26 14:29:46,0.00009115,18.00000000
2018-02-26 14:29:46,0.00009115,106.00000000
2018-02-26 14:29:47,0.00009115,240.00000000
2018-02-26 14:29:48,0.00009108,107.00000000
2018-02-26 14:29:49,0.00009116,69.00000000
2018-02-26 14:29:49,0.00009116,108.00000000
2018-02-26 14:29:49,0.00009116,15.00000000
2018-02-26 14:29:51,0.00009117,2972.00000000
2018-02-26 14:29:54,0.00009117,215.00000000
2018-02-26 14:29:55,0.00009108,200.00000000
2018-02-26 14:29:56,0.00009117,221.00000000
2018-02-26 14:29:57,0.00009117,163.00000000
2018-02-26 14:29:58,0.00009108,36.00000000
2018-02-26 14:30:01,0.00009110,50.00000000
2018-02-26 14:30:01,0.00009108,150.00000000
2018-02-26 14:30:02,0.00009115,79.00000000
2018-02-26 14:30:02,0.00009108,79.00000000
2018-02-26 14:30:02,0.00009108,200.00000000
2018-02-26 14:30:06,0.00009110,807.00000000
2018-02-26 14:30:07,0.00009110,117.00000000
2018-02-26 14:30:07,0.00009110,172.00000000
2018-02-26 14:30:07,0.00009109,28.00000000
2018-02-26 14:30:09,0.00009109,704.00000000
2018-02-26 14:30:09,0.00009117,18.00000000
2018-02-26 14:30:09,0.00009117,26.00000000
2018-02-26 14:30:09,0.00009117,153.00000000
2018-02-26 14:30:09,0.00009117,30.00000000
2018-02-26 14:30:15,0.00009109,107.00000000
2018-02-26 14:30:16,0.00009109,200.00000000
2018-02-26 14:30:16,0.00009109,150.00000000
2018-02-26 14:30:18,0.00009112,183.00000000
2018-02-26 14:30:18,0.00009116,741.00000000
2018-02-26 14:30:18,0.00009117,403.00000000
2018-02-26 14:30:18,0.00009118,662.00000000
2018-02-26 14:30:18,0.00009119,2528.00000000
2018-02-26 14:30:22,0.00009108,2343.00000000
2018-02-26 14:30:22,0.00009107,1208.00000000
2018-02-26 14:30:23,0.00009107,187.00000000
2018-02-26 14:30:23,0.00009115,152.00000000
2018-02-26 14:30:23,0.00009116,3993.00000000
2018-02-26 14:30:23,0.00009119,2476.00000000
2018-02-26 14:30:23,0.00009120,382.00000000
2018-02-26 14:30:24,0.00009109,465.00000000
2018-02-26 14:30:25,0.00009109,1144.00000000
2018-02-26 14:30:25,0.00009109,1.00000000
2018-02-26 14:30:25,0.00009120,8.00000000
2018-02-26 14:30:25,0.00009121,419.00000000
2018-02-26 14:30:25,0.00009124,190.00000000
2018-02-26 14:30:25,0.00009125,392.00000000
2018-02-26 14:30:25,0.00009108,163.00000000
2018-02-26 14:30:25,0.00009106,37.00000000
2018-02-26 14:30:26,0.00009108,1999.00000000
2018-02-26 14:30:33,0.00009108,18.00000000
2018-02-26 14:30:34,0.00009108,150.00000000
2018-02-26 14:30:38,0.00009118,64.00000000
2018-02-26 14:30:40,0.00009118,387.00000000
2018-02-26 14:30:42,0.00009115,45.00000000
2018-02-26 14:30:42,0.00009118,608.00000000
2018-02-26 14:30:46,0.00009115,526.00000000
2018-02-26 14:30:46,0.00009109,783.00000000
2018-02-26 14:30:52,0.00009109,200.00000000
2018-02-26 14:30:57,0.00009119,477.00000000
2018-02-26 14:30:58,0.00009109,200.00000000
2018-02-26 14:31:05,0.00009119,5.00000000
2018-02-26 14:31:07,0.00009109,200.00000000
2018-02-26 14:31:08,0.00009118,46.00000000
2018-02-26 14:31:08,0.00009119,225.00000000
2018-02-26 14:31:13,0.00009119,3976.00000000
2018-02-26 14:31:13,0.00009120,92.00000000
2018-02-26 14:31:13,0.00009125,572.00000000
2018-02-26 14:31:13,0.00009126,927.00000000
2018-02-26 14:31:16,0.00009110,114.00000000
2018-02-26 14:31:16,0.00009109,1645.00000000
2018-02-26 14:31:16,0.00009108,1210.00000000
2018-02-26 14:31:16,0.00009108,200.00000000
2018-02-26 14:31:20,0.00009110,106.00000000
2018-02-26 14:31:21,0.00009125,23.00000000
2018-02-26 14:31:21,0.00009125,139.00000000
2018-02-26 14:31:21,0.00009110,106.00000000
2018-02-26 14:31:22,0.00009118,27.00000000
2018-02-26 14:31:22,0.00009125,27.00000000
2018-02-26 14:31:22,0.00009125,32.00000000
2018-02-26 14:31:22,0.00009110,200.00000000
2018-02-26 14:31:24,0.00009110,102.00000000
2018-02-26 14:31:26,0.00009110,380.00000000
2018-02-26 14:31:28,0.00009110,300.00000000
2018-02-26 14:31:29,0.00009124,109.00000000
2018-02-26 14:31:31,0.00009111,18.00000000
2018-02-26 14:31:31,0.00009111,91.00000000
2018-02-26 14:31:31,0.00009110,109.00000000
2018-02-26 14:31:32,0.00009118,126.00000000
2018-02-26 14:31:33,0.00009122,8.00000000
2018-02-26 14:31:37,0.00009122,51.00000000
2018-02-26 14:31:40,0.00009111,200.00000000
2018-02-26 14:31:46,0.00009111,200.00000000
2018-02-26 14:31:55,0.00009121,54.00000000
2018-02-26 14:31:55,0.00009122,1407.00000000
2018-02-26 14:31:55,0.00009123,962.00000000
2018-02-26 14:31:55,0.00009124,3520.00000000
2018-02-26 14:31:55,0.00009125,271.00000000
2018-02-26 14:31:55,0.00009126,996.00000000
2018-02-26 14:31:55,0.00009112,146.00000000
2018-02-26 14:31:55,0.00009111,54.00000000
2018-02-26 14:31:56,0.00009120,218.00000000
2018-02-26 14:31:56,0.00009120,2934.00000000
2018-02-26 14:31:56,0.00009126,1668.00000000
2018-02-26 14:32:01,0.00009113,279.00000000
2018-02-26 14:32:01,0.00009126,50.00000000
2018-02-26 14:32:02,0.00009126,480.00000000
2018-02-26 14:32:04,0.00009122,200.00000000
2018-02-26 14:32:05,0.00009122,18.00000000
2018-02-26 14:32:05,0.00009122,30.00000000
2018-02-26 14:32:06,0.00009122,140.00000000
2018-02-26 14:32:06,0.00009122,23.00000000
2018-02-26 14:32:07,0.00009122,32.00000000
2018-02-26 14:32:08,0.00009126,547.00000000
2018-02-26 14:32:10,0.00009122,100.00000000
2018-02-26 14:32:10,0.00009122,200.00000000
2018-02-26 14:32:13,0.00009126,2419.00000000
2018-02-26 14:32:15,0.00009126,80.00000000
2018-02-26 14:32:16,0.00009126,767.00000000
2018-02-26 14:32:19,0.00009123,200.00000000
2018-02-26 14:32:22,0.00009125,986.00000000
2018-02-26 14:32:23,0.00009123,43.00000000
2018-02-26 14:32:24,0.00009125,1224.00000000
2018-02-26 14:32:24,0.00009126,3229.00000000
2018-02-26 14:32:25,0.00009126,43.00000000
2018-02-26 14:32:25,0.00009126,30.00000000
2018-02-26 14:32:25,0.00009126,200.00000000
2018-02-26 14:32:27,0.00009126,43.00000000
2018-02-26 14:32:28,0.00009126,235.00000000
2018-02-26 14:32:28,0.00009123,93.00000000
2018-02-26 14:32:29,0.00009126,1793.00000000
2018-02-26 14:32:29,0.00009123,207.00000000
2018-02-26 14:32:30,0.00009123,185.00000000
2018-02-26 14:32:32,0.00009123,167.00000000
2018-02-26 14:32:33,0.00009123,242.00000000
2018-02-26 14:32:34,0.00009123,104.00000000
2018-02-26 14:32:38,0.00009123,56.00000000
2018-02-26 14:32:39,0.00009123,1176.00000000
2018-02-26 14:32:40,0.00009123,56.00000000
2018-02-26 14:32:42,0.00009123,301.00000000
2018-02-26 14:32:43,0.00009123,791.00000000
2018-02-26 14:32:44,0.00009123,24.00000000
2018-02-26 14:32:44,0.00009122,19.00000000
2018-02-26 14:32:47,0.00009122,43.00000000
2018-02-26 14:32:48,0.00009122,12093.00000000
2018-02-26 14:32:54,0.00009119,3133.00000000
2018-02-26 14:32:55,0.00009119,2129.00000000
2018-02-26 14:32:59,0.00009119,1719.00000000
2018-02-26 14:33:02,0.00009119,1264.00000000
2018-02-26 14:33:03,0.00009119,491.00000000
2018-02-26 14:33:03,0.00009119,220.00000000
2018-02-26 14:33:03,0.00009119,51.00000000
2018-02-26 14:33:04,0.00009119,877.00000000
2018-02-26 14:33:04,0.00009119,4776.00000000
2018-02-26 14:33:06,0.00009118,718.00000000
2018-02-26 14:33:06,0.00009118,374.00000000
2018-02-26 14:33:06,0.00009119,1405.00000000
2018-02-26 14:33:08,0.00009119,1197.00000000
2018-02-26 14:33:10,0.00009119,960.00000000
2018-02-26 14:33:10,0.00009119,971.00000000
2018-02-26 14:33:13,0.00009115,21.00000000
2018-02-26 14:33:13,0.00009119,801.00000000
2018-02-26 14:33:13,0.00009119,5044.00000000
2018-02-26 14:33:14,0.00009119,548.00000000
2018-02-26 14:33:15,0.00009115,100.00000000
2018-02-26 14:33:18,0.00009119,197.00000000
2018-02-26 14:33:19,0.00009119,438.00000000
2018-02-26 14:33:19,0.00009119,104.00000000
2018-02-26 14:33:20,0.00009119,644.00000000
2018-02-26 14:33:20,0.00009119,37.00000000
2018-02-26 14:33:21,0.00009119,29277.00000000
2018-02-26 14:33:21,0.00009119,867.00000000
2018-02-26 14:33:22,0.00009119,93.00000000
2018-02-26 14:33:22,0.00009119,837.00000000
2018-02-26 14:33:24,0.00009119,21093.00000000
2018-02-26 14:33:25,0.00009118,2412.00000000
2018-02-26 14:33:26,0.00009118,3366.00000000
2018-02-26 14:33:26,0.00009119,37.00000000
2018-02-26 14:33:26,0.00009117,56.00000000
2018-02-26 14:33:27,0.00009115,62.00000000
2018-02-26 14:33:27,0.00009119,108.00000000
2018-02-26 14:33:28,0.00009119,112.00000000
2018-02-26 14:33:28,0.00009119,241.00000000
2018-02-26 14:33:29,0.00009119,596.00000000
2018-02-26 14:33:32,0.00009119,5483.00000000
2018-02-26 14:33:34,0.00009119,318.00000000
2018-02-26 14:33:35,0.00009119,105.00000000
2018-02-26 14:33:35,0.00009119,400.00000000
2018-02-26 14:33:36,0.00009119,5000.00000000
2018-02-26 14:33:37,0.00009119,1341.00000000
2018-02-26 14:33:37,0.00009119,598.00000000
2018-02-26 14:33:37,0.00009119,1831.00000000
2018-02-26 14:33:38,0.00009119,219.00000000
2018-02-26 14:33:39,0.00009119,45.00000000
2018-02-26 14:33:40,0.00009119,1420.00000000
2018-02-26 14:33:42,0.00009119,417.00000000
2018-02-26 14:33:43,0.00009116,325.00000000
2018-02-26 14:33:43,0.00009116,192.00000000
2018-02-26 14:33:43,0.00009119,151.00000000
2018-02-26 14:33:44,0.00009119,7.00000000
2018-02-26 14:33:44,0.00009119,2412.00000000
2018-02-26 14:33:46,0.00009119,654.00000000
2018-02-26 14:33:49,0.00009119,95.00000000
2018-02-26 14:33:51,0.00009119,2325.00000000
2018-02-26 14:33:53,0.00009119,20.00000000
2018-02-26 14:33:54,0.00009117,470.00000000
2018-02-26 14:33:56,0.00009119,37.00000000
2018-02-26 14:33:56,0.00009117,43.00000000
2018-02-26 14:33:59,0.00009117,44.00000000
2018-02-26 14:34:00,0.00009119,88.00000000
2018-02-26 14:34:01,0.00009117,44.00000000
2018-02-26 14:34:01,0.00009117,918.00000000
2018-02-26 14:34:01,0.00009116,517.00000000
2018-02-26 14:34:01,0.00009115,4023.00000000
2018-02-26 14:34:01,0.00009113,38.00000000
2018-02-26 14:34:03,0.00009119,43.00000000
2018-02-26 14:34:03,0.00009119,4.00000000
2018-02-26 14:34:06,0.00009120,38.00000000
2018-02-26 14:34:06,0.00009119,5.00000000
2018-02-26 14:34:08,0.00009119,43.00000000
2018-02-26 14:34:10,0.00009119,43.00000000
2018-02-26 14:34:17,0.00009125,1750.00000000
2018-02-26 14:34:21,0.00009125,184.00000000
2018-02-26 14:34:22,0.00009128,529.00000000
2018-02-26 14:34:22,0.00009129,70.00000000
2018-02-26 14:34:22,0.00009130,154.00000000
2018-02-26 14:34:22,0.00009131,69.00000000
2018-02-26 14:34:22,0.00009133,615.00000000
2018-02-26 14:34:22,0.00009136,25.00000000
2018-02-26 14:34:22,0.00009125,240.00000000
2018-02-26 14:34:23,0.00009125,193.00000000
2018-02-26 14:34:25,0.00009137,56.00000000
2018-02-26 14:34:28,0.00009138,27.00000000
2018-02-26 14:34:31,0.00009138,308.00000000
2018-02-26 14:34:32,0.00009138,17.00000000
2018-02-26 14:34:32,0.00009139,401.00000000
2018-02-26 14:34:33,0.00009138,250.00000000
2018-02-26 14:34:34,0.00009138,622.00000000
2018-02-26 14:34:34,0.00009138,2686.00000000
2018-02-26 14:34:41,0.00009137,917.00000000
2018-02-26 14:34:43,0.00009137,92.00000000
2018-02-26 14:34:46,0.00009129,524.00000000
2018-02-26 14:34:46,0.00009128,800.00000000
2018-02-26 14:34:46,0.00009125,1384.00000000
2018-02-26 14:34:46,0.00009120,593.00000000
2018-02-26 14:34:54,0.00009120,368.00000000
2018-02-26 14:34:54,0.00009119,3179.00000000
2018-02-26 14:34:54,0.00009118,131.00000000
2018-02-26 14:34:55,0.00009118,261.00000000
2018-02-26 14:34:55,0.00009114,801.00000000
2018-02-26 14:34:55,0.00009113,159.00000000
2018-02-26 14:34:56,0.00009118,601.00000000
2018-02-26 14:34:57,0.00009118,1475.00000000
2018-02-26 14:34:59,0.00009118,49.00000000
2018-02-26 14:34:59,0.00009118,113.00000000
2018-02-26 14:35:02,0.00009120,30.00000000
2018-02-26 14:35:02,0.00009124,961.00000000
2018-02-26 14:35:02,0.00009125,176.00000000
2018-02-26 14:35:04,0.00009125,112.00000000
2018-02-26 14:35:07,0.00009125,12.00000000
2018-02-26 14:35:08,0.00009125,1989.00000000
2018-02-26 14:35:09,0.00009125,579.00000000
2018-02-26 14:35:09,0.00009134,1096.00000000
2018-02-26 14:35:09,0.00009135,304.00000000
2018-02-26 14:35:09,0.00009136,272.00000000
2018-02-26 14:35:11,0.00009125,43.00000000
2018-02-26 14:35:11,0.00009135,346.00000000
2018-02-26 14:35:11,0.00009136,763.00000000
2018-02-26 14:35:13,0.00009125,27.00000000
2018-02-26 14:35:14,0.00009125,52.00000000
2018-02-26 14:35:15,0.00009120,454.00000000
2018-02-26 14:35:15,0.00009136,1344.00000000
2018-02-26 14:35:16,0.00009120,329.00000000
2018-02-26 14:35:21,0.00009137,50.00000000
2018-02-26 14:35:22,0.00009137,5.00000000
2018-02-26 14:35:25,0.00009122,204.00000000
2018-02-26 14:35:27,0.00009122,42.00000000
2018-02-26 14:35:28,0.00009123,53.00000000
2018-02-26 14:35:40,0.00009125,300.00000000
2018-02-26 14:35:40,0.00009136,88.00000000
2018-02-26 14:35:54,0.00009122,23.00000000
2018-02-26 14:36:09,0.00009126,158.00000000
2018-02-26 14:36:09,0.00009127,82.00000000
2018-02-26 14:36:12,0.00009123,88.00000000
2018-02-26 14:36:20,0.00009127,117.00000000
2018-02-26 14:36:24,0.00009124,136.00000000
2018-02-26 14:36:24,0.00009123,65.00000000
2018-02-26 14:36:25,0.00009123,375.00000000
2018-02-26 14:36:26,0.00009123,15.00000000
2018-02-26 14:36:35,0.00009123,14.00000000
2018-02-26 14:36:35,0.00009123,45.00000000
2018-02-26 14:36:38,0.00009126,225.00000000
2018-02-26 14:36:42,0.00009126,68.00000000
2018-02-26 14:36:43,0.00009126,23.00000000
2018-02-26 14:36:44,0.00009125,285.00000000
2018-02-26 14:36:49,0.00009126,332.00000000
2018-02-26 14:36:54,0.00009125,841.00000000
2018-02-26 14:36:57,0.00009126,26.00000000
2018-02-26 14:37:01,0.00009126,132.00000000
2018-02-26 14:37:01,0.00009127,775.00000000
2018-02-26 14:37:02,0.00009127,14.00000000
2018-02-26 14:37:02,0.00009127,2336.00000000
2018-02-26 14:37:02,0.00009127,1519.00000000
2018-02-26 14:37:03,0.00009129,52.00000000
2018-02-26 14:37:03,0.00009129,442.00000000
2018-02-26 14:37:03,0.00009129,653.00000000
2018-02-26 14:37:06,0.00009129,1085.00000000
2018-02-26 14:37:08,0.00009129,33.00000000
2018-02-26 14:37:09,0.00009129,370.00000000
2018-02-26 14:37:17,0.00009126,754.00000000
2018-02-26 14:37:19,0.00009129,23.00000000
2018-02-26 14:37:20,0.00009129,22.00000000
2018-02-26 14:37:27,0.00009128,488.00000000
2018-02-26 14:37:28,0.00009126,536.00000000
2018-02-26 14:37:28,0.00009125,440.00000000
2018-02-26 14:37:28,0.00009123,1645.00000000
2018-02-26 14:37:32,0.00009123,423.00000000
2018-02-26 14:37:32,0.00009128,874.00000000
2018-02-26 14:37:33,0.00009122,300.00000000
2018-02-26 14:37:34,0.00009122,418.00000000
2018-02-26 14:37:34,0.00009128,52.00000000
2018-02-26 14:37:37,0.00009128,41.00000000
2018-02-26 14:37:38,0.00009127,102.00000000
2018-02-26 14:37:38,0.00009127,19.00000000
2018-02-26 14:37:38,0.00009127,14.00000000
2018-02-26 14:37:42,0.00009123,1522.00000000
2018-02-26 14:37:43,0.00009127,974.00000000
2018-02-26 14:37:54,0.00009127,219.00000000
2018-02-26 14:37:54,0.00009127,396.00000000
2018-02-26 14:37:55,0.00009124,223.00000000
2018-02-26 14:37:55,0.00009123,242.00000000
2018-02-26 14:37:56,0.00009127,125.00000000
2018-02-26 14:38:01,0.00009128,1095.00000000
2018-02-26 14:38:03,0.00009123,87.00000000
2018-02-26 14:38:06,0.00009123,53.00000000
2018-02-26 14:38:06,0.00009127,52.00000000
2018-02-26 14:38:07,0.00009127,657.00000000
2018-02-26 14:38:13,0.00009127,328.00000000
2018-02-26 14:38:16,0.00009123,21.00000000
2018-02-26 14:38:19,0.00009127,2081.00000000
2018-02-26 14:38:21,0.00009127,54.00000000
2018-02-26 14:38:21,0.00009121,50.00000000
2018-02-26 14:38:24,0.00009127,1955.00000000
2018-02-26 14:38:24,0.00009127,400.00000000
2018-02-26 14:38:25,0.00009127,97.00000000
2018-02-26 14:38:25,0.00009127,97.00000000
2018-02-26 14:38:25,0.00009128,450.00000000
2018-02-26 14:38:30,0.00009127,161.00000000
2018-02-26 14:38:30,0.00009128,227.00000000
2018-02-26 14:38:31,0.00009128,219.00000000
2018-02-26 14:38:37,0.00009128,1752.00000000
2018-02-26 14:38:37,0.00009128,5.00000000
2018-02-26 14:38:39,0.00009128,72.00000000
2018-02-26 14:38:41,0.00009123,200.00000000
2018-02-26 14:38:41,0.00009122,200.00000000
2018-02-26 14:38:41,0.00009121,1199.00000000
2018-02-26 14:38:43,0.00009121,92.00000000
2018-02-26 14:38:44,0.00009126,265.00000000
2018-02-26 14:38:45,0.00009127,402.00000000
2018-02-26 14:38:45,0.00009121,100.00000000
2018-02-26 14:38:52,0.00009128,1399.00000000
2018-02-26 14:38:56,0.00009128,50.00000000
2018-02-26 14:39:00,0.00009128,376.00000000
2018-02-26 14:39:00,0.00009129,324.00000000
2018-02-26 14:39:05,0.00009129,2.00000000
2018-02-26 14:39:16,0.00009129,45.00000000
2018-02-26 14:39:17,0.00009129,26.00000000
2018-02-26 14:39:18,0.00009129,15.00000000
2018-02-26 14:39:22,0.00009122,92.00000000
2018-02-26 14:39:23,0.00009122,92.00000000
2018-02-26 14:39:24,0.00009129,25.00000000
2018-02-26 14:39:26,0.00009129,50.00000000
2018-02-26 14:39:29,0.00009129,41.00000000
2018-02-26 14:39:32,0.00009129,1200.00000000
2018-02-26 14:39:35,0.00009129,668.00000000
2018-02-26 14:39:37,0.00009129,1200.00000000
2018-02-26 14:39:42,0.00009135,739.00000000
2018-02-26 14:39:42,0.00009136,83.00000000
2018-02-26 14:39:42,0.00009137,2054.00000000
2018-02-26 14:39:48,0.00009129,500.00000000
2018-02-26 14:39:58,0.00009129,49.00000000
2018-02-26 14:39:58,0.00009129,212.00000000
2018-02-26 14:39:59,0.00009137,870.00000000
2018-02-26 14:40:06,0.00009137,1.00000000
2018-02-26 14:40:08,0.00009129,1098.00000000
2018-02-26 14:40:10,0.00009129,840.00000000
2018-02-26 14:40:27,0.00009129,104.00000000
2018-02-26 14:40:30,0.00009130,91.00000000
2018-02-26 14:40:33,0.00009136,1207.00000000
2018-02-26 14:40:34,0.00009130,94.00000000
2018-02-26 14:40:35,0.00009130,115.00000000
2018-02-26 14:40:38,0.00009130,11.00000000
2018-02-26 14:40:38,0.00009130,343.00000000
2018-02-26 14:40:40,0.00009136,458.00000000
2018-02-26 14:40:40,0.00009137,693.00000000
2018-02-26 14:40:41,0.00009130,46.00000000
2018-02-26 14:40:43,0.00009130,106.00000000
2018-02-26 14:40:44,0.00009130,23.00000000
2018-02-26 14:40:44,0.00009137,109.00000000
2018-02-26 14:40:44,0.00009133,60.00000000
2018-02-26 14:40:44,0.00009130,140.00000000
2018-02-26 14:40:49,0.00009130,69.00000000
2018-02-26 14:40:51,0.00009130,316.00000000
2018-02-26 14:40:54,0.00009130,33.00000000
2018-02-26 14:40:56,0.00009130,50.00000000
2018-02-26 14:40:57,0.00009130,179.00000000
2018-02-26 14:41:03,0.00009130,200.00000000
2018-02-26 14:41:03,0.00009130,25.00000000
2018-02-26 14:41:04,0.00009136,133.00000000
2018-02-26 14:41:07,0.00009136,14.00000000
2018-02-26 14:41:07,0.00009136,72.00000000
2018-02-26 14:41:08,0.00009136,76.00000000
2018-02-26 14:41:09,0.00009136,11.00000000
2018-02-26 14:41:10,0.00009132,43.00000000
2018-02-26 14:41:10,0.00009136,253.00000000
2018-02-26 14:41:14,0.00009132,43.00000000
2018-02-26 14:41:14,0.00009132,24.00000000
2018-02-26 14:41:14,0.00009132,200.00000000
2018-02-26 14:41:16,0.00009132,62.00000000
2018-02-26 14:41:18,0.00009132,43.00000000
2018-02-26 14:41:20,0.00009132,91.00000000
2018-02-26 14:41:20,0.00009132,25.00000000
2018-02-26 14:41:23,0.00009132,43.00000000
2018-02-26 14:41:24,0.00009136,1.00000000
2018-02-26 14:41:24,0.00009132,200.00000000
2018-02-26 14:41:25,0.00009132,25.00000000
2018-02-26 14:41:25,0.00009132,500.00000000
2018-02-26 14:41:25,0.00009132,344.00000000
2018-02-26 14:41:25,0.00009131,11.00000000
2018-02-26 14:41:27,0.00009130,43.00000000
2018-02-26 14:41:29,0.00009130,200.00000000
2018-02-26 14:41:29,0.00009130,294.00000000
2018-02-26 14:41:32,0.00009130,211.00000000
2018-02-26 14:41:32,0.00009130,76.00000000
2018-02-26 14:41:32,0.00009130,1008.00000000
2018-02-26 14:41:35,0.00009130,43.00000000
2018-02-26 14:41:35,0.00009130,200.00000000
2018-02-26 14:41:35,0.00009130,16.00000000
2018-02-26 14:41:35,0.00009129,3383.00000000
2018-02-26 14:41:37,0.00009129,43.00000000
2018-02-26 14:41:38,0.00009129,770.00000000
2018-02-26 14:41:40,0.00009129,234.00000000
2018-02-26 14:41:42,0.00009129,179.00000000
2018-02-26 14:41:42,0.00009129,91.00000000
2018-02-26 14:41:43,0.00009131,70.00000000
2018-02-26 14:41:43,0.00009136,1208.00000000
2018-02-26 14:41:43,0.00009137,255.00000000
2018-02-26 14:41:45,0.00009131,2300.00000000
2018-02-26 14:41:47,0.00009130,2235.00000000
2018-02-26 14:41:54,0.00009131,102.00000000
2018-02-26 14:41:54,0.00009129,3286.00000000
2018-02-26 14:42:00,0.00009132,19.00000000
2018-02-26 14:42:00,0.00009132,403.00000000
2018-02-26 14:42:00,0.00009130,8778.00000000
2018-02-26 14:42:02,0.00009130,1083.00000000
2018-02-26 14:42:02,0.00009130,1.00000000
2018-02-26 14:42:05,0.00009129,21.00000000
2018-02-26 14:42:07,0.00009125,78.00000000
2018-02-26 14:42:10,0.00009129,1096.00000000
2018-02-26 14:42:11,0.00009125,5898.00000000
2018-02-26 14:42:15,0.00009125,108.00000000
2018-02-26 14:42:16,0.00009125,40.00000000
2018-02-26 14:42:16,0.00009125,152.00000000
2018-02-26 14:42:16,0.00009129,944.00000000
2018-02-26 14:42:22,0.00009129,399.00000000
2018-02-26 14:42:24,0.00009123,98.00000000
2018-02-26 14:42:34,0.00009129,154.00000000
2018-02-26 14:42:38,0.00009129,41.00000000
2018-02-26 14:42:41,0.00009129,34.00000000
2018-02-26 14:42:48,0.00009129,60.00000000
2018-02-26 14:42:48,0.00009125,14.00000000
2018-02-26 14:42:50,0.00009129,56.00000000
2018-02-26 14:42:54,0.00009129,386.00000000
2018-02-26 14:42:55,0.00009126,655.00000000
2018-02-26 14:42:57,0.00009129,8868.00000000
2018-02-26 14:42:58,0.00009129,167.00000000
2018-02-26 14:43:00,0.00009129,1989.00000000
2018-02-26 14:43:00,0.00009126,43.00000000
2018-02-26 14:43:09,0.00009129,101.00000000
2018-02-26 14:43:10,0.00009129,870.00000000
2018-02-26 14:43:11,0.00009129,154.00000000
2018-02-26 14:43:16,0.00009130,24.00000000
2018-02-26 14:43:16,0.00009134,3.00000000
2018-02-26 14:43:20,0.00009129,17.00000000
2018-02-26 14:43:20,0.00009126,1056.00000000
2018-02-26 14:43:20,0.00009134,514.00000000
2018-02-26 14:43:26,0.00009134,1720.00000000
2018-02-26 14:43:26,0.00009135,843.00000000
2018-02-26 14:43:28,0.00009135,2421.00000000
2018-02-26 14:43:29,0.00009129,201.00000000
2018-02-26 14:43:31,0.00009129,44.00000000
2018-02-26 14:43:31,0.00009134,200.00000000
2018-02-26 14:43:31,0.00009128,43.00000000
2018-02-26 14:43:32,0.00009135,109.00000000
2018-02-26 14:43:34,0.00009135,137.00000000
2018-02-26 14:43:34,0.00009136,2933.00000000
2018-02-26 14:43:34,0.00009137,1037.00000000
2018-02-26 14:43:34,0.00009139,1533.00000000
2018-02-26 14:43:34,0.00009140,1883.00000000
2018-02-26 14:43:34,0.00009128,121.00000000
2018-02-26 14:43:38,0.00009134,119.00000000
2018-02-26 14:43:38,0.00009140,1885.00000000
2018-02-26 14:43:38,0.00009142,1093.00000000
2018-02-26 14:43:40,0.00009129,332.00000000
2018-02-26 14:43:40,0.00009129,854.00000000
2018-02-26 14:43:40,0.00009128,1528.00000000
2018-02-26 14:43:40,0.00009127,918.00000000
2018-02-26 14:43:50,0.00009134,196.00000000
2018-02-26 14:43:53,0.00009134,603.00000000
2018-02-26 14:43:56,0.00009139,967.00000000
2018-02-26 14:43:57,0.00009139,129.00000000
2018-02-26 14:43:58,0.00009138,1790.00000000
2018-02-26 14:43:59,0.00009140,336.00000000
2018-02-26 14:44:02,0.00009140,228.00000000
2018-02-26 14:44:03,0.00009140,455.00000000
2018-02-26 14:44:04,0.00009142,887.00000000
2018-02-26 14:44:04,0.00009143,171.00000000
2018-02-26 14:44:04,0.00009148,500.00000000
2018-02-26 14:44:04,0.00009149,26.00000000
2018-02-26 14:44:04,0.00009150,81.00000000
2018-02-26 14:44:04,0.00009150,14.00000000
2018-02-26 14:44:06,0.00009150,112.00000000
2018-02-26 14:44:07,0.00009150,31.00000000
2018-02-26 14:44:08,0.00009150,107.00000000
2018-02-26 14:44:09,0.00009150,43.00000000
2018-02-26 14:44:09,0.00009150,104.00000000
2018-02-26 14:44:10,0.00009150,23.00000000
2018-02-26 14:44:10,0.00009136,1096.00000000
2018-02-26 14:44:10,0.00009135,316.00000000
2018-02-26 14:44:10,0.00009135,572.00000000
2018-02-26 14:44:10,0.00009134,387.00000000
2018-02-26 14:44:10,0.00009133,100.00000000
2018-02-26 14:44:10,0.00009130,391.00000000
2018-02-26 14:44:10,0.00009150,834.00000000
2018-02-26 14:44:10,0.00009152,21.00000000
2018-02-26 14:44:10,0.00009154,1369.00000000
2018-02-26 14:44:11,0.00009135,5.00000000
2018-02-26 14:44:13,0.00009135,38.00000000
2018-02-26 14:44:13,0.00009135,43.00000000
2018-02-26 14:44:15,0.00009135,220.00000000
2018-02-26 14:44:17,0.00009135,54.00000000
2018-02-26 14:44:17,0.00009135,32.00000000
2018-02-26 14:44:17,0.00009134,29.00000000
2018-02-26 14:44:20,0.00009135,437.00000000
2018-02-26 14:44:22,0.00009135,117.00000000
2018-02-26 14:44:22,0.00009135,194.00000000
2018-02-26 14:44:24,0.00009135,300.00000000
2018-02-26 14:44:25,0.00009135,54.00000000
2018-02-26 14:44:27,0.00009135,19.00000000
2018-02-26 14:44:27,0.00009135,99.00000000
2018-02-26 14:44:29,0.00009140,26.00000000
2018-02-26 14:44:29,0.00009153,174.00000000
2018-02-26 14:44:30,0.00009135,227.00000000
2018-02-26 14:44:31,0.00009135,91.00000000
2018-02-26 14:44:31,0.00009134,497.00000000
2018-02-26 14:44:32,0.00009133,25.00000000
2018-02-26 14:44:32,0.00009131,63.00000000
2018-02-26 14:44:34,0.00009131,43.00000000
2018-02-26 14:44:36,0.00009133,192.00000000
2018-02-26 14:44:36,0.00009134,40.00000000
2018-02-26 14:44:42,0.00009131,557.00000000
2018-02-26 14:44:52,0.00009133,205.00000000
2018-02-26 14:44:52,0.00009134,44.00000000
2018-02-26 14:44:55,0.00009132,1095.00000000
2018-02-26 14:44:55,0.00009132,702.00000000
2018-02-26 14:44:56,0.00009131,490.00000000
2018-02-26 14:44:56,0.00009131,617.00000000
2018-02-26 14:44:57,0.00009131,18.00000000
2018-02-26 14:44:58,0.00009131,381.00000000
2018-02-26 14:44:59,0.00009131,18.00000000
2018-02-26 14:44:59,0.00009131,200.00000000
2018-02-26 14:45:01,0.00009131,38.00000000
2018-02-26 14:45:02,0.00009134,139.00000000
2018-02-26 14:45:06,0.00009131,50.00000000
2018-02-26 14:45:07,0.00009134,257.00000000
2018-02-26 14:45:09,0.00009131,32.00000000
2018-02-26 14:45:09,0.00009131,245.00000000
2018-02-26 14:45:10,0.00009131,203.00000000
2018-02-26 14:45:12,0.00009131,4.00000000
2018-02-26 14:45:14,0.00009131,409.00000000
2018-02-26 14:45:16,0.00009131,2108.00000000
2018-02-26 14:45:18,0.00009134,154.00000000
2018-02-26 14:45:21,0.00009131,140.00000000
2018-02-26 14:45:22,0.00009131,18.00000000
2018-02-26 14:45:22,0.00009131,6064.00000000
2018-02-26 14:45:25,0.00009134,1001.00000000
2018-02-26 14:45:30,0.00009133,15.00000000
2018-02-26 14:45:31,0.00009133,69.00000000
2018-02-26 14:45:31,0.00009133,16.00000000
2018-02-26 14:45:35,0.00009131,530.00000000
2018-02-26 14:45:35,0.00009131,234.00000000
2018-02-26 14:45:40,0.00009133,113.00000000
2018-02-26 14:45:41,0.00009133,570.00000000
2018-02-26 14:45:46,0.00009132,1199.00000000
2018-02-26 14:45:49,0.00009132,134.00000000
2018-02-26 14:45:55,0.00009133,1900.00000000
2018-02-26 14:45:56,0.00009133,15.00000000
2018-02-26 14:45:56,0.00009133,9.00000000
2018-02-26 14:45:56,0.00009132,107.00000000
2018-02-26 14:46:11,0.00009132,200.00000000
2018-02-26 14:46:13,0.00009134,2057.00000000
2018-02-26 14:46:13,0.00009135,14816.00000000
2018-02-26 14:46:14,0.00009135,100.00000000
2018-02-26 14:46:17,0.00009132,50.00000000
2018-02-26 14:46:22,0.00009132,37.00000000
2018-02-26 14:46:23,0.00009133,434.00000000
2018-02-26 14:46:25,0.00009133,325.00000000
2018-02-26 14:46:25,0.00009133,170.00000000
2018-02-26 14:46:31,0.00009132,60.00000000
2018-02-26 14:46:33,0.00009132,43.00000000
2018-02-26 14:46:36,0.00009134,662.00000000
2018-02-26 14:46:36,0.00009132,57.00000000
2018-02-26 14:46:36,0.00009134,297.00000000
2018-02-26 14:46:36,0.00009135,662.00000000
2018-02-26 14:46:37,0.00009134,430.00000000
2018-02-26 14:46:37,0.00009134,529.00000000
2018-02-26 14:46:37,0.00009135,5504.00000000
2018-02-26 14:46:38,0.00009133,43.00000000
2018-02-26 14:46:39,0.00009135,529.00000000
2018-02-26 14:46:40,0.00009133,500.00000000
2018-02-26 14:46:40,0.00009133,43.00000000
2018-02-26 14:46:42,0.00009139,74.00000000
2018-02-26 14:46:42,0.00009133,124.00000000
2018-02-26 14:46:42,0.00009133,681.00000000
2018-02-26 14:46:43,0.00009139,885.00000000
2018-02-26 14:46:43,0.00009140,199.00000000
2018-02-26 14:46:44,0.00009133,124.00000000
2018-02-26 14:46:45,0.00009135,136.00000000
2018-02-26 14:46:47,0.00009134,43.00000000
2018-02-26 14:46:48,0.00009134,375.00000000
2018-02-26 14:46:48,0.00009133,13.00000000
2018-02-26 14:46:49,0.00009133,700.00000000
2018-02-26 14:46:49,0.00009133,43.00000000
2018-02-26 14:46:51,0.00009133,43.00000000
2018-02-26 14:46:52,0.00009133,86.00000000
2018-02-26 14:46:53,0.00009133,43.00000000
2018-02-26 14:46:56,0.00009133,43.00000000
2018-02-26 14:46:57,0.00009135,1.00000000
2018-02-26 14:46:59,0.00009135,43.00000000
2018-02-26 14:46:59,0.00009135,47.00000000
2018-02-26 14:46:59,0.00009135,553.00000000
2018-02-26 14:46:59,0.00009135,22.00000000
2018-02-26 14:47:01,0.00009135,186.00000000
2018-02-26 14:47:03,0.00009135,352.00000000
2018-02-26 14:47:05,0.00009132,43.00000000
2018-02-26 14:47:08,0.00009132,43.00000000
2018-02-26 14:47:11,0.00009132,212.00000000
2018-02-26 14:47:12,0.00009133,150.00000000
2018-02-26 14:47:24,0.00009133,34.00000000
2018-02-26 14:47:25,0.00009133,316.00000000
2018-02-26 14:47:25,0.00009134,43.00000000
2018-02-26 14:47:25,0.00009135,500.00000000
2018-02-26 14:47:26,0.00009135,739.00000000
2018-02-26 14:47:26,0.00009135,500.00000000
2018-02-26 14:47:28,0.00009135,261.00000000
2018-02-26 14:47:29,0.00009133,26.00000000
2018-02-26 14:47:29,0.00009132,2129.00000000
2018-02-26 14:47:34,0.00009134,400.00000000
2018-02-26 14:47:35,0.00009140,18.00000000
2018-02-26 14:47:37,0.00009140,18.00000000
2018-02-26 14:47:38,0.00009140,243.00000000
2018-02-26 14:47:38,0.00009140,117.00000000
2018-02-26 14:47:38,0.00009140,284.00000000
2018-02-26 14:47:39,0.00009140,375.00000000
2018-02-26 14:47:42,0.00009140,500.00000000
2018-02-26 14:47:49,0.00009140,12.00000000
2018-02-26 14:47:49,0.00009142,107.00000000
2018-02-26 14:47:50,0.00009142,50.00000000
2018-02-26 14:47:53,0.00009140,284.00000000
2018-02-26 14:47:53,0.00009140,2838.00000000
2018-02-26 14:47:54,0.00009142,1400.00000000
2018-02-26 14:47:59,0.00009140,200.00000000
2018-02-26 14:48:02,0.00009142,50.00000000
2018-02-26 14:48:03,0.00009140,339.00000000
2018-02-26 14:48:05,0.00009140,14.00000000
2018-02-26 14:48:06,0.00009140,389.00000000
2018-02-26 14:48:07,0.00009140,1036.00000000
2018-02-26 14:48:07,0.00009142,1046.00000000
2018-02-26 14:48:07,0.00009142,778.00000000
2018-02-26 14:48:08,0.00009142,1093.00000000
2018-02-26 14:48:09,0.00009142,462.00000000
2018-02-26 14:48:09,0.00009140,237.00000000
2018-02-26 14:48:09,0.00009136,424.00000000
2018-02-26 14:48:11,0.00009136,100.00000000
2018-02-26 14:48:15,0.00009136,220.00000000
2018-02-26 14:48:17,0.00009135,4.00000000
2018-02-26 14:48:18,0.00009143,14.00000000
2018-02-26 14:48:21,0.00009135,28.00000000
2018-02-26 14:48:26,0.00009142,38.00000000
2018-02-26 14:48:28,0.00009136,15.00000000
2018-02-26 14:48:29,0.00009142,1.00000000
2018-02-26 14:48:32,0.00009142,43.00000000
2018-02-26 14:48:34,0.00009142,33.00000000
2018-02-26 14:48:35,0.00009138,200.00000000
2018-02-26 14:48:40,0.00009138,100.00000000
2018-02-26 14:48:40,0.00009136,4148.00000000
2018-02-26 14:48:40,0.00009135,580.00000000
2018-02-26 14:48:41,0.00009140,16.00000000
2018-02-26 14:48:44,0.00009140,22.00000000
2018-02-26 14:48:44,0.00009141,35.00000000
2018-02-26 14:48:44,0.00009132,200.00000000
2018-02-26 14:48:45,0.00009132,1604.00000000
2018-02-26 14:48:46,0.00009141,1061.00000000
2018-02-26 14:48:48,0.00009141,328.00000000
2018-02-26 14:48:50,0.00009141,174.00000000
2018-02-26 14:48:51,0.00009141,126.00000000
2018-02-26 14:48:53,0.00009132,200.00000000
2018-02-26 14:48:53,0.00009141,514.00000000
2018-02-26 14:49:03,0.00009133,1162.00000000
2018-02-26 14:49:08,0.00009141,13.00000000
2018-02-26 14:49:09,0.00009136,1034.00000000
2018-02-26 14:49:09,0.00009135,1067.00000000
2018-02-26 14:49:09,0.00009132,1205.00000000
2018-02-26 14:49:09,0.00009131,3697.00000000
2018-02-26 14:49:09,0.00009130,2237.00000000
2018-02-26 14:49:10,0.00009130,3.00000000
2018-02-26 14:49:11,0.00009130,8954.00000000
2018-02-26 14:49:16,0.00009130,62.00000000
2018-02-26 14:49:16,0.00009130,159.00000000
2018-02-26 14:49:16,0.00009130,35.00000000
2018-02-26 14:49:17,0.00009130,18.00000000
2018-02-26 14:49:17,0.00009133,200.00000000
2018-02-26 14:49:18,0.00009130,954.00000000
2018-02-26 14:49:28,0.00009130,999.00000000
2018-02-26 14:49:28,0.00009133,69.00000000
2018-02-26 14:49:31,0.00009132,11.00000000
2018-02-26 14:49:36,0.00009132,1085.00000000
2018-02-26 14:49:36,0.00009133,814.00000000
2018-02-26 14:49:36,0.00009133,6.00000000
2018-02-26 14:49:37,0.00009130,438.00000000
2018-02-26 14:49:37,0.00009130,924.00000000
2018-02-26 14:49:37,0.00009133,28.00000000
2018-02-26 14:49:44,0.00009131,69.00000000
2018-02-26 14:49:44,0.00009130,258.00000000
2018-02-26 14:49:46,0.00009130,26.00000000
2018-02-26 14:49:54,0.00009132,173.00000000
2018-02-26 14:50:03,0.00009131,50.00000000
2018-02-26 14:50:04,0.00009132,114.00000000
2018-02-26 14:50:06,0.00009131,326.00000000
2018-02-26 14:50:14,0.00009131,33.00000000
2018-02-26 14:50:18,0.00009130,68.00000000
2018-02-26 14:50:23,0.00009131,134.00000000
2018-02-26 14:50:23,0.00009131,346.00000000
2018-02-26 14:50:24,0.00009131,382.00000000
2018-02-26 14:50:25,0.00009131,117.00000000
2018-02-26 14:50:25,0.00009131,247.00000000
2018-02-26 14:50:26,0.00009131,348.00000000
2018-02-26 14:50:26,0.00009131,246.00000000
2018-02-26 14:50:28,0.00009130,685.00000000
2018-02-26 14:50:33,0.00009131,540.00000000
2018-02-26 14:50:33,0.00009131,3399.00000000
2018-02-26 14:50:34,0.00009131,177.00000000
2018-02-26 14:50:37,0.00009131,47.00000000
2018-02-26 14:50:37,0.00009130,165.00000000
2018-02-26 14:50:38,0.00009131,273.00000000
2018-02-26 14:50:38,0.00009131,46.00000000
2018-02-26 14:50:39,0.00009131,1510.00000000
2018-02-26 14:50:42,0.00009132,215.00000000
2018-02-26 14:50:44,0.00009132,38.00000000
2018-02-26 14:50:45,0.00009131,256.00000000
2018-02-26 14:50:45,0.00009131,729.00000000
2018-02-26 14:50:45,0.00009130,6050.00000000
2018-02-26 14:50:46,0.00009131,54.00000000
2018-02-26 14:50:46,0.00009130,13940.00000000
2018-02-26 14:50:46,0.00009129,21.00000000
2018-02-26 14:50:46,0.00009127,263.00000000
2018-02-26 14:50:46,0.00009126,170.00000000
2018-02-26 14:50:46,0.00009125,50.00000000
2018-02-26 14:50:46,0.00009124,11381.00000000
2018-02-26 14:50:47,0.00009131,27.00000000
2018-02-26 14:50:47,0.00009130,44.00000000
2018-02-26 14:50:47,0.00009124,1486.00000000
2018-02-26 14:50:47,0.00009123,9.00000000
2018-02-26 14:50:47,0.00009122,2926.00000000
2018-02-26 14:50:52,0.00009131,337.00000000
2018-02-26 14:50:58,0.00009131,308.00000000
2018-02-26 14:51:05,0.00009131,139.00000000
2018-02-26 14:51:05,0.00009122,111.00000000
2018-02-26 14:51:05,0.00009121,470.00000000
2018-02-26 14:51:05,0.00009132,45.00000000
2018-02-26 14:51:05,0.00009121,42.00000000
2018-02-26 14:51:06,0.00009121,129.00000000
2018-02-26 14:51:06,0.00009120,155.00000000
2018-02-26 14:51:12,0.00009130,20.00000000
2018-02-26 14:51:20,0.00009126,178.00000000
2018-02-26 14:51:26,0.00009126,272.00000000
2018-02-26 14:51:26,0.00009120,5510.00000000
2018-02-26 14:51:28,0.00009120,534.00000000
2018-02-26 14:51:29,0.00009120,200.00000000
2018-02-26 14:51:30,0.00009120,700.00000000
2018-02-26 14:51:30,0.00009120,212.00000000
2018-02-26 14:51:32,0.00009120,500.00000000
2018-02-26 14:51:33,0.00009119,16.00000000
2018-02-26 14:51:33,0.00009119,4.00000000
2018-02-26 14:51:33,0.00009119,950.00000000
2018-02-26 14:51:33,0.00009120,160.00000000
2018-02-26 14:51:34,0.00009120,3.00000000
2018-02-26 14:51:35,0.00009120,802.00000000
2018-02-26 14:51:35,0.00009118,2894.00000000
2018-02-26 14:51:35,0.00009120,20.00000000
2018-02-26 14:51:36,0.00009129,533.00000000
2018-02-26 14:51:37,0.00009120,592.00000000
2018-02-26 14:51:37,0.00009118,2578.00000000
2018-02-26 14:51:38,0.00009130,3405.00000000
2018-02-26 14:51:38,0.00009131,579.00000000
2018-02-26 14:51:38,0.00009118,200.00000000
2018-02-26 14:51:47,0.00009126,40.00000000
2018-02-26 14:51:47,0.00009120,60.00000000
2018-02-26 14:51:47,0.00009120,46.00000000
2018-02-26 14:51:54,0.00009121,500.00000000
2018-02-26 14:51:55,0.00009127,100.00000000
2018-02-26 14:51:55,0.00009121,700.00000000
2018-02-26 14:51:56,0.00009121,50.00000000
2018-02-26 14:51:59,0.00009121,41.00000000
2018-02-26 14:51:59,0.00009125,567.00000000
2018-02-26 14:52:04,0.00009127,30.00000000
2018-02-26 14:52:05,0.00009127,28.00000000
2018-02-26 14:52:05,0.00009131,3.00000000
2018-02-26 14:52:05,0.00009133,27.00000000
2018-02-26 14:52:14,0.00009133,825.00000000
2018-02-26 14:52:15,0.00009121,539.00000000
2018-02-26 14:52:19,0.00009134,282.00000000
2018-02-26 14:52:19,0.00009134,113.00000000
2018-02-26 14:52:21,0.00009133,48.00000000
2018-02-26 14:52:21,0.00009133,656.00000000
2018-02-26 14:52:21,0.00009138,48.00000000
2018-02-26 14:52:24,0.00009125,150.00000000
2018-02-26 14:52:24,0.00009122,361.00000000
2018-02-26 14:52:24,0.00009122,109.00000000
