DATE,PRICE,VOLUME
2018-02-26 22:00:03,0.00008966,89.00000000
2018-02-26 22:00:08,0.00008951,19.00000000
2018-02-26 22:00:11,0.00008966,56.00000000
2018-02-26 22:00:14,0.00008965,811.00000000
2018-02-26 22:00:19,0.00008951,103.00000000
2018-02-26 22:00:19,0.00008950,513.00000000
2018-02-26 22:00:19,0.00008949,1112.00000000
2018-02-26 22:00:20,0.00008951,100.00000000
2018-02-26 22:00:20,0.00008949,101.00000000
2018-02-26 22:00:21,0.00008949,558.00000000
2018-02-26 22:00:27,0.00008960,223.00000000
2018-02-26 22:00:27,0.00008960,217.00000000
2018-02-26 22:00:29,0.00008949,223.00000000
2018-02-26 22:00:31,0.00008949,201.00000000
2018-02-26 22:00:31,0.00008949,25.00000000
2018-02-26 22:00:33,0.00008965,44.00000000
2018-02-26 22:00:33,0.00008966,343.00000000
2018-02-26 22:00:33,0.00008949,879.00000000
2018-02-26 22:00:34,0.00008964,21.00000000
2018-02-26 22:00:35,0.00008950,89.00000000
2018-02-26 22:00:35,0.00008950,343.00000000
2018-02-26 22:00:35,0.00008950,9568.00000000
2018-02-26 22:00:38,0.00008950,440.00000000
2018-02-26 22:00:39,0.00008963,96.00000000
2018-02-26 22:00:41,0.00008950,323.00000000
2018-02-26 22:00:41,0.00008950,165.00000000
2018-02-26 22:00:41,0.00008950,335.00000000
2018-02-26 22:00:42,0.00008963,222.00000000
2018-02-26 22:00:42,0.00008964,410.00000000
2018-02-26 22:00:42,0.00008966,227.00000000
2018-02-26 22:00:43,0.00008966,200.00000000
2018-02-26 22:00:44,0.00008966,188.00000000
2018-02-26 22:00:47,0.00008950,223.00000000
2018-02-26 22:00:52,0.00008950,17.00000000
2018-02-26 22:00:56,0.00008950,335.00000000
2018-02-26 22:01:02,0.00008950,431.00000000
2018-02-26 22:01:02,0.00008949,2527.00000000
2018-02-26 22:01:02,0.00008950,33.00000000
2018-02-26 22:01:03,0.00008950,71.00000000
2018-02-26 22:01:04,0.00008949,111.00000000
2018-02-26 22:01:06,0.00008949,1090.00000000
2018-02-26 22:01:09,0.00008950,766.00000000
2018-02-26 22:01:10,0.00008965,52.00000000
2018-02-26 22:01:10,0.00008949,335.00000000
2018-02-26 22:01:18,0.00008950,107.00000000
2018-02-26 22:01:18,0.00008949,754.00000000
2018-02-26 22:01:21,0.00008964,56.00000000
2018-02-26 22:01:22,0.00008964,24.00000000
2018-02-26 22:01:25,0.00008951,107.00000000
2018-02-26 22:01:31,0.00008951,143.00000000
2018-02-26 22:01:31,0.00008950,30.00000000
2018-02-26 22:01:31,0.00008949,1555.00000000
2018-02-26 22:01:34,0.00008964,20.00000000
2018-02-26 22:01:34,0.00008965,9.00000000
2018-02-26 22:01:34,0.00008966,71.00000000
2018-02-26 22:01:35,0.00008949,341.00000000
2018-02-26 22:01:43,0.00008949,446.00000000
2018-02-26 22:01:43,0.00008963,100.00000000
2018-02-26 22:01:52,0.00008962,100.00000000
2018-02-26 22:01:55,0.00008950,100.00000000
2018-02-26 22:01:55,0.00008949,7.00000000
2018-02-26 22:01:57,0.00008949,76.00000000
2018-02-26 22:02:04,0.00008949,106.00000000
2018-02-26 22:02:08,0.00008963,24.00000000
2018-02-26 22:02:13,0.00008963,55.00000000
2018-02-26 22:02:20,0.00008951,124.00000000
2018-02-26 22:02:20,0.00008950,751.00000000
2018-02-26 22:02:26,0.00008950,265.00000000
2018-02-26 22:02:31,0.00008962,196.00000000
2018-02-26 22:02:39,0.00008962,15.00000000
2018-02-26 22:02:41,0.00008962,55.00000000
2018-02-26 22:02:42,0.00008962,25.00000000
2018-02-26 22:03:05,0.00008950,105.00000000
2018-02-26 22:03:07,0.00008962,10.00000000
2018-02-26 22:03:29,0.00008962,18.00000000
2018-02-26 22:03:33,0.00008962,98.00000000
2018-02-26 22:03:48,0.00008962,2.00000000
2018-02-26 22:03:48,0.00008960,34.00000000
2018-02-26 22:03:49,0.00008960,82.00000000
2018-02-26 22:03:52,0.00008960,223.00000000
2018-02-26 22:03:55,0.00008960,106.00000000
2018-02-26 22:03:55,0.00008962,12.00000000
2018-02-26 22:03:55,0.00008962,2.00000000
2018-02-26 22:03:55,0.00008963,66.00000000
2018-02-26 22:03:56,0.00008960,228.00000000
2018-02-26 22:04:02,0.00008950,900.00000000
2018-02-26 22:04:04,0.00008950,416.00000000
2018-02-26 22:04:23,0.00008962,263.00000000
2018-02-26 22:04:28,0.00008962,707.00000000
2018-02-26 22:04:28,0.00008963,2243.00000000
2018-02-26 22:04:28,0.00008964,80.00000000
2018-02-26 22:04:34,0.00008962,535.00000000
2018-02-26 22:04:42,0.00008964,916.00000000
2018-02-26 22:04:44,0.00008963,21.00000000
2018-02-26 22:04:45,0.00008964,16.00000000
2018-02-26 22:04:45,0.00008963,61.00000000
2018-02-26 22:04:47,0.00008964,657.00000000
2018-02-26 22:04:47,0.00008964,657.00000000
2018-02-26 22:04:47,0.00008964,56.00000000
2018-02-26 22:04:48,0.00008963,63.00000000
2018-02-26 22:04:59,0.00008963,150.00000000
2018-02-26 22:05:02,0.00008962,250.00000000
2018-02-26 22:05:16,0.00008962,52.00000000
2018-02-26 22:05:19,0.00008963,20.00000000
2018-02-26 22:05:20,0.00008963,22.00000000
2018-02-26 22:05:23,0.00008962,26.00000000
2018-02-26 22:05:27,0.00008963,45.00000000
2018-02-26 22:05:39,0.00008964,100.00000000
2018-02-26 22:05:45,0.00008963,100.00000000
2018-02-26 22:05:47,0.00008962,111.00000000
2018-02-26 22:05:50,0.00008962,110.00000000
2018-02-26 22:05:52,0.00008963,133.00000000
2018-02-26 22:05:58,0.00008963,56.00000000
2018-02-26 22:05:58,0.00008964,44.00000000
2018-02-26 22:06:00,0.00008962,111.00000000
2018-02-26 22:06:03,0.00008964,133.00000000
2018-02-26 22:06:05,0.00008964,503.00000000
2018-02-26 22:06:09,0.00008964,100.00000000
2018-02-26 22:06:10,0.00008964,90.00000000
2018-02-26 22:06:14,0.00008964,38.00000000
2018-02-26 22:06:16,0.00008964,100.00000000
2018-02-26 22:06:19,0.00008963,537.00000000
2018-02-26 22:06:21,0.00008964,189.00000000
2018-02-26 22:06:24,0.00008964,15.00000000
2018-02-26 22:06:27,0.00008964,25.00000000
2018-02-26 22:06:27,0.00008964,100.00000000
2018-02-26 22:06:30,0.00008963,8.00000000
2018-02-26 22:06:30,0.00008963,178.00000000
2018-02-26 22:06:32,0.00008962,86.00000000
2018-02-26 22:06:34,0.00008964,164.00000000
2018-02-26 22:06:34,0.00008965,25.00000000
2018-02-26 22:06:36,0.00008962,1392.00000000
2018-02-26 22:06:39,0.00008965,89.00000000
2018-02-26 22:06:44,0.00008965,155.00000000
2018-02-26 22:06:45,0.00008962,5.00000000
2018-02-26 22:06:45,0.00008954,385.00000000
2018-02-26 22:06:45,0.00008963,200.00000000
2018-02-26 22:06:51,0.00008962,100.00000000
2018-02-26 22:06:57,0.00008962,35.00000000
2018-02-26 22:06:57,0.00008963,131.00000000
2018-02-26 22:06:59,0.00008962,750.00000000
2018-02-26 22:07:03,0.00008962,93.00000000
2018-02-26 22:07:03,0.00008962,100.00000000
2018-02-26 22:07:08,0.00008962,2163.00000000
2018-02-26 22:07:09,0.00008962,75.00000000
2018-02-26 22:07:09,0.00008963,103.00000000
2018-02-26 22:07:15,0.00008963,100.00000000
2018-02-26 22:07:20,0.00008962,187.00000000
2018-02-26 22:07:20,0.00008962,54.00000000
2018-02-26 22:07:20,0.00008958,57.00000000
2018-02-26 22:07:21,0.00008963,99.00000000
2018-02-26 22:07:21,0.00008963,109.00000000
2018-02-26 22:07:24,0.00008958,803.00000000
2018-02-26 22:07:25,0.00008958,305.00000000
2018-02-26 22:07:27,0.00008963,60.00000000
2018-02-26 22:07:27,0.00008963,151.00000000
2018-02-26 22:07:27,0.00008964,49.00000000
2018-02-26 22:07:29,0.00008964,111.00000000
2018-02-26 22:07:32,0.00008964,160.00000000
2018-02-26 22:07:32,0.00008955,106.00000000
2018-02-26 22:07:33,0.00008964,200.00000000
2018-02-26 22:07:39,0.00008964,99.00000000
2018-02-26 22:07:45,0.00008964,200.00000000
2018-02-26 22:07:46,0.00008954,27.00000000
2018-02-26 22:08:00,0.00008954,64.00000000
2018-02-26 22:08:12,0.00008958,14.00000000
2018-02-26 22:08:12,0.00008958,34.00000000
2018-02-26 22:08:12,0.00008958,110.00000000
2018-02-26 22:08:12,0.00008954,323.00000000
2018-02-26 22:08:13,0.00008954,206.00000000
2018-02-26 22:08:13,0.00008958,110.00000000
2018-02-26 22:08:13,0.00008958,50.00000000
2018-02-26 22:08:14,0.00008963,113.00000000
2018-02-26 22:08:14,0.00008964,26.00000000
2018-02-26 22:08:18,0.00008958,288.00000000
2018-02-26 22:08:25,0.00008964,50.00000000
2018-02-26 22:08:29,0.00008964,23.00000000
2018-02-26 22:08:31,0.00008964,111.00000000
2018-02-26 22:08:33,0.00008963,1110.00000000
2018-02-26 22:08:33,0.00008964,148.00000000
2018-02-26 22:08:41,0.00008964,3346.00000000
2018-02-26 22:08:44,0.00008960,50.00000000
2018-02-26 22:08:44,0.00008954,450.00000000
2018-02-26 22:08:51,0.00008954,50.00000000
2018-02-26 22:08:51,0.00008953,120.00000000
2018-02-26 22:08:54,0.00008953,111.00000000
2018-02-26 22:09:02,0.00008953,300.00000000
2018-02-26 22:09:06,0.00008964,22.00000000
2018-02-26 22:09:11,0.00008964,2.00000000
2018-02-26 22:09:20,0.00008964,1220.00000000
2018-02-26 22:09:21,0.00008964,261.00000000
2018-02-26 22:09:22,0.00008964,396.00000000
2018-02-26 22:09:38,0.00008964,347.00000000
2018-02-26 22:09:38,0.00008965,1071.00000000
2018-02-26 22:09:38,0.00008966,51.00000000
2018-02-26 22:09:38,0.00008967,37.00000000
2018-02-26 22:09:44,0.00008964,500.00000000
2018-02-26 22:09:44,0.00008962,8384.00000000
2018-02-26 22:09:45,0.00008962,1000.00000000
2018-02-26 22:09:45,0.00008962,5395.00000000
2018-02-26 22:09:50,0.00008962,199.00000000
2018-02-26 22:09:56,0.00008962,564.00000000
2018-02-26 22:09:59,0.00008962,29.00000000
2018-02-26 22:10:02,0.00008969,1110.00000000
2018-02-26 22:10:02,0.00008969,89.00000000
2018-02-26 22:10:02,0.00008969,90.00000000
2018-02-26 22:10:03,0.00008969,90.00000000
2018-02-26 22:10:03,0.00008969,90.00000000
2018-02-26 22:10:09,0.00008969,28.00000000
2018-02-26 22:10:09,0.00008969,48.00000000
2018-02-26 22:10:10,0.00008969,24.00000000
2018-02-26 22:10:16,0.00008970,32.00000000
2018-02-26 22:10:16,0.00008970,300.00000000
2018-02-26 22:10:19,0.00008970,186.00000000
2018-02-26 22:10:39,0.00008970,246.00000000
2018-02-26 22:10:47,0.00008970,17.00000000
2018-02-26 22:10:57,0.00008970,175.00000000
2018-02-26 22:10:57,0.00008969,102.00000000
2018-02-26 22:11:06,0.00008969,1239.00000000
2018-02-26 22:11:07,0.00008969,144.00000000
2018-02-26 22:11:07,0.00008965,465.00000000
2018-02-26 22:11:12,0.00008970,300.00000000
2018-02-26 22:11:14,0.00008970,3.00000000
2018-02-26 22:11:14,0.00008974,195.00000000
2018-02-26 22:11:14,0.00008979,302.00000000
2018-02-26 22:11:16,0.00008965,215.00000000
2018-02-26 22:11:18,0.00008978,396.00000000
2018-02-26 22:11:23,0.00008965,16.00000000
2018-02-26 22:11:28,0.00008965,41.00000000
2018-02-26 22:11:33,0.00008970,182.00000000
2018-02-26 22:11:43,0.00008970,2.00000000
2018-02-26 22:11:43,0.00008978,1102.00000000
2018-02-26 22:11:44,0.00008978,8.00000000
2018-02-26 22:11:48,0.00008978,22.00000000
2018-02-26 22:11:48,0.00008979,344.00000000
2018-02-26 22:11:49,0.00008979,69.00000000
2018-02-26 22:11:49,0.00008977,88.00000000
2018-02-26 22:11:49,0.00008980,111.00000000
2018-02-26 22:11:49,0.00008982,211.00000000
2018-02-26 22:11:54,0.00008966,15.00000000
2018-02-26 22:11:56,0.00008979,396.00000000
2018-02-26 22:12:07,0.00008982,396.00000000
2018-02-26 22:12:15,0.00008982,13.00000000
2018-02-26 22:12:18,0.00008982,130.00000000
2018-02-26 22:12:21,0.00008979,15.00000000
2018-02-26 22:12:25,0.00008975,177.00000000
2018-02-26 22:12:27,0.00008977,543.00000000
2018-02-26 22:12:29,0.00008975,93.00000000
2018-02-26 22:12:29,0.00008984,271.00000000
2018-02-26 22:12:32,0.00008979,164.00000000
2018-02-26 22:12:32,0.00008985,111.00000000
2018-02-26 22:12:37,0.00008985,1799.00000000
2018-02-26 22:12:37,0.00008986,773.00000000
2018-02-26 22:12:37,0.00008986,8348.00000000
2018-02-26 22:12:38,0.00008979,29.00000000
2018-02-26 22:12:40,0.00008986,447.00000000
2018-02-26 22:12:42,0.00008979,15.00000000
2018-02-26 22:12:45,0.00008986,1194.00000000
2018-02-26 22:12:45,0.00008987,223.00000000
2018-02-26 22:12:45,0.00008988,671.00000000
2018-02-26 22:12:45,0.00008979,20.00000000
2018-02-26 22:12:46,0.00008988,396.00000000
2018-02-26 22:12:46,0.00008988,694.00000000
2018-02-26 22:12:50,0.00008982,19.00000000
2018-02-26 22:12:52,0.00008979,126.00000000
2018-02-26 22:12:55,0.00008981,18.00000000
2018-02-26 22:12:56,0.00008979,176.00000000
2018-02-26 22:13:01,0.00008979,558.00000000
2018-02-26 22:13:03,0.00008979,44.00000000
2018-02-26 22:13:03,0.00008981,20.00000000
2018-02-26 22:13:04,0.00008980,54.00000000
2018-02-26 22:13:06,0.00008980,1173.00000000
2018-02-26 22:13:06,0.00008980,40.00000000
2018-02-26 22:13:10,0.00008981,45.00000000
2018-02-26 22:13:11,0.00008981,5.00000000
2018-02-26 22:13:11,0.00008980,92.00000000
2018-02-26 22:13:12,0.00008980,131.00000000
2018-02-26 22:13:13,0.00008982,19.00000000
2018-02-26 22:13:13,0.00008982,112.00000000
2018-02-26 22:13:14,0.00008982,169.00000000
2018-02-26 22:13:15,0.00008988,396.00000000
2018-02-26 22:13:19,0.00008980,25.00000000
2018-02-26 22:13:20,0.00008980,9212.00000000
2018-02-26 22:13:20,0.00008980,49.00000000
2018-02-26 22:13:21,0.00008980,4437.00000000
2018-02-26 22:13:21,0.00008981,80.00000000
2018-02-26 22:13:25,0.00008987,396.00000000
2018-02-26 22:13:26,0.00008982,18.00000000
2018-02-26 22:13:26,0.00008982,423.00000000
2018-02-26 22:13:26,0.00008982,112.00000000
2018-02-26 22:13:28,0.00008982,112.00000000
2018-02-26 22:13:29,0.00008982,56.00000000
2018-02-26 22:13:30,0.00008982,112.00000000
2018-02-26 22:13:31,0.00008988,1592.00000000
2018-02-26 22:13:31,0.00008990,12.00000000
2018-02-26 22:13:31,0.00008992,106.00000000
2018-02-26 22:13:31,0.00008994,632.00000000
2018-02-26 22:13:31,0.00008995,20.00000000
2018-02-26 22:13:31,0.00008999,929.00000000
2018-02-26 22:13:31,0.00009000,12209.00000000
2018-02-26 22:13:32,0.00008982,112.00000000
2018-02-26 22:13:34,0.00008982,112.00000000
2018-02-26 22:13:35,0.00008994,1081.00000000
2018-02-26 22:13:35,0.00008999,70.00000000
2018-02-26 22:13:36,0.00008982,21.00000000
2018-02-26 22:13:37,0.00008982,355.00000000
2018-02-26 22:13:37,0.00008981,445.00000000
2018-02-26 22:13:38,0.00008992,11.00000000
2018-02-26 22:13:39,0.00008982,61.00000000
2018-02-26 22:13:49,0.00008982,20.00000000
2018-02-26 22:13:50,0.00008982,98.00000000
2018-02-26 22:13:50,0.00008981,414.00000000
2018-02-26 22:13:50,0.00008984,396.00000000
2018-02-26 22:13:50,0.00008981,770.00000000
2018-02-26 22:13:57,0.00008984,11.00000000
2018-02-26 22:13:57,0.00008981,24.00000000
2018-02-26 22:13:58,0.00008981,208.00000000
2018-02-26 22:13:59,0.00008984,38.00000000
2018-02-26 22:14:00,0.00008984,222.00000000
2018-02-26 22:14:00,0.00008984,88.00000000
2018-02-26 22:14:00,0.00008984,51.00000000
2018-02-26 22:14:00,0.00008981,61.00000000
2018-02-26 22:14:01,0.00008981,950.00000000
2018-02-26 22:14:01,0.00008981,13749.00000000
2018-02-26 22:14:03,0.00008980,64.00000000
2018-02-26 22:14:05,0.00008981,7.00000000
2018-02-26 22:14:07,0.00008985,120.00000000
2018-02-26 22:14:09,0.00008985,334.00000000
2018-02-26 22:14:09,0.00008985,396.00000000
2018-02-26 22:14:13,0.00008982,52.00000000
2018-02-26 22:14:14,0.00008980,770.00000000
2018-02-26 22:14:15,0.00008985,105.00000000
2018-02-26 22:14:15,0.00008980,944.00000000
2018-02-26 22:14:18,0.00008980,1559.00000000
2018-02-26 22:14:19,0.00008985,45.00000000
2018-02-26 22:14:21,0.00008980,700.00000000
2018-02-26 22:14:23,0.00008980,9663.00000000
2018-02-26 22:14:23,0.00008980,2079.00000000
2018-02-26 22:14:24,0.00008980,556.00000000
2018-02-26 22:14:29,0.00008985,14.00000000
2018-02-26 22:14:30,0.00008980,2449.00000000
2018-02-26 22:14:30,0.00008980,200.00000000
2018-02-26 22:14:36,0.00008980,890.00000000
2018-02-26 22:14:36,0.00008980,929.00000000
2018-02-26 22:14:37,0.00008980,739.00000000
2018-02-26 22:14:37,0.00008979,369.00000000
2018-02-26 22:14:38,0.00008979,41.00000000
2018-02-26 22:14:43,0.00008980,111.00000000
2018-02-26 22:14:51,0.00008980,6.00000000
2018-02-26 22:14:56,0.00008980,41.00000000
2018-02-26 22:15:02,0.00008980,89.00000000
2018-02-26 22:15:04,0.00008980,15.00000000
2018-02-26 22:15:11,0.00008980,200.00000000
2018-02-26 22:15:14,0.00008979,2737.00000000
2018-02-26 22:15:17,0.00008978,100.00000000
2018-02-26 22:15:23,0.00008976,334.00000000
2018-02-26 22:15:26,0.00008976,22.00000000
2018-02-26 22:15:27,0.00008978,10.00000000
2018-02-26 22:15:35,0.00008978,3.00000000
2018-02-26 22:15:41,0.00008976,111.00000000
2018-02-26 22:15:47,0.00008978,100.00000000
2018-02-26 22:15:48,0.00008976,90.00000000
2018-02-26 22:15:48,0.00008975,610.00000000
2018-02-26 22:15:50,0.00008975,191.00000000
2018-02-26 22:15:51,0.00008970,1180.00000000
2018-02-26 22:15:52,0.00008970,771.00000000
2018-02-26 22:15:52,0.00008970,1180.00000000
2018-02-26 22:15:52,0.00008976,14.00000000
2018-02-26 22:15:52,0.00008978,359.00000000
2018-02-26 22:15:53,0.00008978,44.00000000
2018-02-26 22:15:58,0.00008970,36.00000000
2018-02-26 22:16:03,0.00008978,100.00000000
2018-02-26 22:16:04,0.00008978,2406.00000000
2018-02-26 22:16:06,0.00008976,174.00000000
2018-02-26 22:16:10,0.00008978,59.00000000
2018-02-26 22:16:17,0.00008976,771.00000000
2018-02-26 22:16:19,0.00008976,559.00000000
2018-02-26 22:16:21,0.00008976,1557.00000000
2018-02-26 22:16:22,0.00008976,559.00000000
2018-02-26 22:16:22,0.00008976,771.00000000
2018-02-26 22:16:22,0.00008978,733.00000000
2018-02-26 22:16:26,0.00008976,112.00000000
2018-02-26 22:16:28,0.00008976,538.00000000
2018-02-26 22:16:28,0.00008976,112.00000000
2018-02-26 22:16:32,0.00008976,112.00000000
2018-02-26 22:16:33,0.00008978,1288.00000000
2018-02-26 22:16:38,0.00008976,111.00000000
2018-02-26 22:16:38,0.00008978,13.00000000
2018-02-26 22:16:38,0.00008978,11.00000000
2018-02-26 22:16:39,0.00008978,253.00000000
2018-02-26 22:16:40,0.00008976,249.00000000
2018-02-26 22:16:40,0.00008976,217.00000000
2018-02-26 22:16:43,0.00008976,18.00000000
2018-02-26 22:16:47,0.00008976,561.00000000
2018-02-26 22:16:53,0.00008977,42.00000000
2018-02-26 22:16:53,0.00008976,3958.00000000
2018-02-26 22:16:55,0.00008978,1.00000000
2018-02-26 22:16:58,0.00008976,391.00000000
2018-02-26 22:17:05,0.00008978,315.00000000
2018-02-26 22:17:07,0.00008978,835.00000000
2018-02-26 22:17:08,0.00008977,70.00000000
2018-02-26 22:17:10,0.00008978,496.00000000
2018-02-26 22:17:11,0.00008978,100.00000000
2018-02-26 22:17:18,0.00008978,101.00000000
2018-02-26 22:17:19,0.00008977,1319.00000000
2018-02-26 22:17:19,0.00008978,100.00000000
2018-02-26 22:17:20,0.00008977,460.00000000
2018-02-26 22:17:21,0.00008977,969.00000000
2018-02-26 22:17:21,0.00008978,100.00000000
2018-02-26 22:17:22,0.00008978,19.00000000
2018-02-26 22:17:22,0.00008978,31.00000000
2018-02-26 22:17:25,0.00008978,100.00000000
2018-02-26 22:17:31,0.00008978,200.00000000
2018-02-26 22:17:32,0.00008977,4000.00000000
2018-02-26 22:17:35,0.00008978,5.00000000
2018-02-26 22:17:37,0.00008977,26.00000000
2018-02-26 22:17:52,0.00008977,100.00000000
2018-02-26 22:17:53,0.00008977,44.00000000
2018-02-26 22:18:02,0.00008978,10.00000000
2018-02-26 22:18:23,0.00008978,18.00000000
2018-02-26 22:18:24,0.00008977,188.00000000
2018-02-26 22:18:28,0.00008978,1700.00000000
2018-02-26 22:18:32,0.00008977,138.00000000
2018-02-26 22:18:32,0.00008980,33.00000000
2018-02-26 22:18:37,0.00008980,868.00000000
2018-02-26 22:18:37,0.00008988,771.00000000
2018-02-26 22:18:38,0.00008977,188.00000000
2018-02-26 22:18:47,0.00008988,33.00000000
2018-02-26 22:18:52,0.00008988,545.00000000
2018-02-26 22:18:55,0.00008988,429.00000000
2018-02-26 22:19:05,0.00008988,1934.00000000
2018-02-26 22:19:06,0.00008988,58.00000000
2018-02-26 22:19:07,0.00008980,800.00000000
2018-02-26 22:19:08,0.00008988,20.00000000
2018-02-26 22:19:10,0.00008988,112.00000000
2018-02-26 22:19:11,0.00008988,222.00000000
2018-02-26 22:19:11,0.00008988,5.00000000
2018-02-26 22:19:11,0.00008980,18.00000000
2018-02-26 22:19:17,0.00008980,556.00000000
2018-02-26 22:19:19,0.00008990,1.00000000
2018-02-26 22:19:20,0.00008988,177.00000000
2018-02-26 22:19:20,0.00008980,524.00000000
2018-02-26 22:19:25,0.00008980,334.00000000
2018-02-26 22:19:31,0.00008990,1593.00000000
2018-02-26 22:19:31,0.00008994,93.00000000
2018-02-26 22:19:31,0.00008980,1500.00000000
2018-02-26 22:19:32,0.00008980,334.00000000
2018-02-26 22:19:33,0.00008997,1.00000000
2018-02-26 22:19:36,0.00008993,25.00000000
2018-02-26 22:19:38,0.00008981,971.00000000
2018-02-26 22:19:38,0.00008980,810.00000000
2018-02-26 22:19:38,0.00008980,22.00000000
2018-02-26 22:19:42,0.00008992,6.00000000
2018-02-26 22:19:46,0.00008980,1781.00000000
2018-02-26 22:19:47,0.00008990,171.00000000
2018-02-26 22:19:47,0.00008990,84.00000000
2018-02-26 22:19:47,0.00008990,137.00000000
2018-02-26 22:19:47,0.00008990,137.00000000
2018-02-26 22:19:48,0.00008990,448.00000000
2018-02-26 22:19:48,0.00008990,168.00000000
2018-02-26 22:19:48,0.00008991,26.00000000
2018-02-26 22:19:48,0.00008990,447.00000000
2018-02-26 22:19:49,0.00008990,18.00000000
2018-02-26 22:19:50,0.00008990,36.00000000
2018-02-26 22:19:51,0.00008990,28.00000000
2018-02-26 22:19:52,0.00008990,1001.00000000
2018-02-26 22:19:53,0.00008990,56.00000000
2018-02-26 22:19:53,0.00008990,65.00000000
2018-02-26 22:19:56,0.00008990,512.00000000
2018-02-26 22:19:58,0.00008990,333.00000000
2018-02-26 22:19:58,0.00008990,250.00000000
2018-02-26 22:20:03,0.00008991,354.00000000
2018-02-26 22:20:04,0.00008990,157.00000000
2018-02-26 22:20:05,0.00008990,143.00000000
2018-02-26 22:20:05,0.00008990,164.00000000
2018-02-26 22:20:07,0.00008990,64.00000000
2018-02-26 22:20:08,0.00008990,41.00000000
2018-02-26 22:20:08,0.00008990,28.00000000
2018-02-26 22:20:08,0.00008980,62.00000000
2018-02-26 22:20:09,0.00008980,26.00000000
2018-02-26 22:20:10,0.00008980,556.00000000
2018-02-26 22:20:13,0.00008980,135.00000000
2018-02-26 22:20:22,0.00008980,281.00000000
2018-02-26 22:20:26,0.00008989,84.00000000
2018-02-26 22:20:34,0.00008980,433.00000000
2018-02-26 22:20:36,0.00008987,337.00000000
2018-02-26 22:20:36,0.00008988,118.00000000
2018-02-26 22:20:36,0.00008990,374.00000000
2018-02-26 22:20:37,0.00008981,27.00000000
2018-02-26 22:20:40,0.00008990,85.00000000
2018-02-26 22:20:42,0.00008990,80.00000000
2018-02-26 22:20:46,0.00008981,18.00000000
2018-02-26 22:20:46,0.00008981,25.00000000
2018-02-26 22:21:01,0.00008981,696.00000000
2018-02-26 22:21:02,0.00008990,100.00000000
2018-02-26 22:21:02,0.00008990,191.00000000
2018-02-26 22:21:03,0.00008990,10.00000000
2018-02-26 22:21:03,0.00008996,100.00000000
2018-02-26 22:21:03,0.00008997,970.00000000
2018-02-26 22:21:05,0.00008982,10.00000000
2018-02-26 22:21:11,0.00008982,39.00000000
2018-02-26 22:21:24,0.00008982,362.00000000
2018-02-26 22:21:42,0.00008990,712.00000000
2018-02-26 22:21:47,0.00008990,481.00000000
2018-02-26 22:21:52,0.00008990,67.00000000
2018-02-26 22:21:57,0.00008990,291.00000000
2018-02-26 22:21:58,0.00008990,927.00000000
2018-02-26 22:21:59,0.00008996,151.00000000
2018-02-26 22:22:05,0.00008991,77.00000000
2018-02-26 22:22:06,0.00008990,406.00000000
2018-02-26 22:22:10,0.00008990,34.00000000
2018-02-26 22:22:12,0.00008990,158.00000000
2018-02-26 22:22:12,0.00008990,178.00000000
2018-02-26 22:22:16,0.00008990,222.00000000
2018-02-26 22:22:41,0.00008990,107.00000000
2018-02-26 22:22:44,0.00008990,1577.00000000
2018-02-26 22:22:52,0.00008990,200.00000000
2018-02-26 22:22:53,0.00008990,500.00000000
2018-02-26 22:23:14,0.00008985,42.00000000
2018-02-26 22:23:22,0.00008985,15.00000000
2018-02-26 22:23:25,0.00008989,30.00000000
2018-02-26 22:23:25,0.00008990,510.00000000
2018-02-26 22:23:25,0.00008990,111.00000000
2018-02-26 22:23:31,0.00008984,4.00000000
2018-02-26 22:23:34,0.00008985,25.00000000
2018-02-26 22:23:44,0.00008984,1109.00000000
2018-02-26 22:23:44,0.00008982,891.00000000
2018-02-26 22:23:53,0.00008985,8.00000000
2018-02-26 22:23:54,0.00008985,100.00000000
2018-02-26 22:23:54,0.00008982,1774.00000000
2018-02-26 22:23:54,0.00008981,3126.00000000
2018-02-26 22:24:07,0.00008984,34.00000000
2018-02-26 22:24:20,0.00008981,122.00000000
2018-02-26 22:24:25,0.00008981,21.00000000
2018-02-26 22:24:26,0.00008984,173.00000000
2018-02-26 22:24:28,0.00008981,56.00000000
2018-02-26 22:24:33,0.00008984,111.00000000
2018-02-26 22:24:38,0.00008982,48.00000000
2018-02-26 22:24:39,0.00008981,1284.00000000
2018-02-26 22:24:39,0.00008980,1160.00000000
2018-02-26 22:24:40,0.00008980,55.00000000
2018-02-26 22:24:50,0.00008981,529.00000000
2018-02-26 22:24:50,0.00008984,527.00000000
2018-02-26 22:24:53,0.00008981,19.00000000
2018-02-26 22:24:53,0.00008980,140.00000000
2018-02-26 22:25:01,0.00008983,150.00000000
2018-02-26 22:25:02,0.00008983,150.00000000
2018-02-26 22:25:06,0.00008980,890.00000000
2018-02-26 22:25:11,0.00008980,27.00000000
2018-02-26 22:25:11,0.00008980,410.00000000
2018-02-26 22:25:12,0.00008981,2101.00000000
2018-02-26 22:25:13,0.00008983,201.00000000
2018-02-26 22:25:21,0.00008983,14.00000000
2018-02-26 22:25:36,0.00008983,12.00000000
2018-02-26 22:25:38,0.00008983,40.00000000
2018-02-26 22:25:38,0.00008983,14.00000000
2018-02-26 22:25:38,0.00008981,14.00000000
2018-02-26 22:25:38,0.00008981,347.00000000
2018-02-26 22:25:39,0.00008980,94.00000000
2018-02-26 22:25:39,0.00008979,1185.00000000
2018-02-26 22:25:41,0.00008979,44.00000000
2018-02-26 22:25:45,0.00008979,44.00000000
2018-02-26 22:25:53,0.00008979,1559.00000000
2018-02-26 22:25:59,0.00008979,779.00000000
2018-02-26 22:26:02,0.00008979,150.00000000
2018-02-26 22:26:02,0.00008979,432.00000000
2018-02-26 22:26:03,0.00008984,52.00000000
2018-02-26 22:26:05,0.00008979,334.00000000
2018-02-26 22:26:05,0.00008979,264.00000000
2018-02-26 22:26:05,0.00008978,125.00000000
2018-02-26 22:26:07,0.00008978,389.00000000
2018-02-26 22:26:11,0.00008978,14.00000000
2018-02-26 22:26:14,0.00008979,13.00000000
2018-02-26 22:26:15,0.00008978,5000.00000000
2018-02-26 22:26:17,0.00008978,28.00000000
2018-02-26 22:26:17,0.00008980,97.00000000
2018-02-26 22:26:18,0.00008983,250.00000000
2018-02-26 22:26:18,0.00008984,53.00000000
2018-02-26 22:26:18,0.00008989,93.00000000
2018-02-26 22:26:18,0.00008978,5000.00000000
2018-02-26 22:26:20,0.00008979,445.00000000
2018-02-26 22:26:21,0.00008978,5204.00000000
2018-02-26 22:26:25,0.00008978,57.00000000
2018-02-26 22:26:25,0.00008978,62.00000000
2018-02-26 22:26:25,0.00008978,15.00000000
2018-02-26 22:26:26,0.00008978,47.00000000
2018-02-26 22:26:26,0.00008979,52.00000000
2018-02-26 22:26:26,0.00008978,504.00000000
2018-02-26 22:26:30,0.00008978,47.00000000
2018-02-26 22:26:32,0.00008979,112.00000000
2018-02-26 22:26:32,0.00008978,60.00000000
2018-02-26 22:26:38,0.00008978,2784.00000000
2018-02-26 22:26:38,0.00008978,47.00000000
2018-02-26 22:26:40,0.00008978,6.00000000
2018-02-26 22:26:43,0.00008983,396.00000000
2018-02-26 22:26:43,0.00008978,49.00000000
2018-02-26 22:26:44,0.00008978,1336.00000000
2018-02-26 22:26:53,0.00008982,108.00000000
2018-02-26 22:26:53,0.00008978,664.00000000
2018-02-26 22:26:54,0.00008978,1103.00000000
2018-02-26 22:26:54,0.00008978,5000.00000000
2018-02-26 22:26:56,0.00008978,2673.00000000
2018-02-26 22:27:00,0.00008978,2750.00000000
2018-02-26 22:27:00,0.00008977,2250.00000000
2018-02-26 22:27:02,0.00008977,1225.00000000
2018-02-26 22:27:07,0.00008983,49.00000000
2018-02-26 22:27:07,0.00008984,1190.00000000
2018-02-26 22:27:09,0.00008984,90.00000000
2018-02-26 22:27:12,0.00008984,250.00000000
2018-02-26 22:27:14,0.00008984,111.00000000
2018-02-26 22:27:18,0.00008984,1420.00000000
2018-02-26 22:27:25,0.00008989,971.00000000
2018-02-26 22:27:29,0.00008985,4.00000000
2018-02-26 22:27:36,0.00008985,246.00000000
2018-02-26 22:27:36,0.00008984,4754.00000000
2018-02-26 22:27:40,0.00008985,1000.00000000
2018-02-26 22:27:44,0.00008985,44.00000000
2018-02-26 22:27:57,0.00008985,11.00000000
2018-02-26 22:27:59,0.00008985,189.00000000
2018-02-26 22:28:00,0.00008985,180.00000000
2018-02-26 22:28:02,0.00008985,141.00000000
2018-02-26 22:28:10,0.00008984,1159.00000000
2018-02-26 22:28:10,0.00008983,590.00000000
2018-02-26 22:28:10,0.00008979,100.00000000
2018-02-26 22:28:10,0.00008978,1878.00000000
2018-02-26 22:28:10,0.00008977,539.00000000
2018-02-26 22:28:21,0.00008984,104.00000000
2018-02-26 22:28:23,0.00008978,78.00000000
2018-02-26 22:28:33,0.00008984,300.00000000
2018-02-26 22:28:35,0.00008978,50.00000000
2018-02-26 22:28:37,0.00008978,28.00000000
2018-02-26 22:28:47,0.00008978,322.00000000
2018-02-26 22:28:57,0.00008978,262.00000000
2018-02-26 22:29:03,0.00008978,840.00000000
2018-02-26 22:29:21,0.00008978,100.00000000
2018-02-26 22:29:22,0.00008978,480.00000000
2018-02-26 22:29:23,0.00008983,100.00000000
2018-02-26 22:29:25,0.00008978,69.00000000
2018-02-26 22:29:27,0.00008983,111.00000000
2018-02-26 22:29:51,0.00008979,176.00000000
2018-02-26 22:29:53,0.00008979,100.00000000
2018-02-26 22:29:55,0.00008981,138.00000000
2018-02-26 22:29:55,0.00008981,731.00000000
2018-02-26 22:29:56,0.00008981,150.00000000
2018-02-26 22:29:58,0.00008981,585.00000000
2018-02-26 22:29:58,0.00008981,44.00000000
2018-02-26 22:29:59,0.00008981,207.00000000
2018-02-26 22:29:59,0.00008980,39.00000000
2018-02-26 22:29:59,0.00008979,166.00000000
2018-02-26 22:29:59,0.00008978,88.00000000
2018-02-26 22:30:04,0.00008981,499.00000000
2018-02-26 22:30:05,0.00008981,120.00000000
2018-02-26 22:30:12,0.00008981,43.00000000
2018-02-26 22:30:12,0.00008978,4549.00000000
2018-02-26 22:30:12,0.00008977,408.00000000
2018-02-26 22:30:15,0.00008977,5000.00000000
2018-02-26 22:30:18,0.00008977,5000.00000000
2018-02-26 22:30:19,0.00008977,50.00000000
2018-02-26 22:30:23,0.00008977,55.00000000
2018-02-26 22:30:26,0.00008977,1137.00000000
2018-02-26 22:30:26,0.00008977,40.00000000
2018-02-26 22:30:30,0.00008977,1000.00000000
2018-02-26 22:30:36,0.00008977,192.00000000
2018-02-26 22:30:39,0.00008978,27.00000000
2018-02-26 22:30:43,0.00008978,23.00000000
2018-02-26 22:30:43,0.00008982,98.00000000
2018-02-26 22:30:53,0.00008977,4000.00000000
2018-02-26 22:30:54,0.00008977,13.00000000
2018-02-26 22:30:56,0.00008977,55.00000000
2018-02-26 22:31:02,0.00008978,50.00000000
2018-02-26 22:31:02,0.00008977,32.00000000
2018-02-26 22:31:08,0.00008977,40.00000000
2018-02-26 22:31:16,0.00008978,100.00000000
2018-02-26 22:31:17,0.00008978,54.00000000
2018-02-26 22:31:21,0.00008982,20.00000000
2018-02-26 22:31:28,0.00008979,388.00000000
2018-02-26 22:31:29,0.00008982,77.00000000
2018-02-26 22:31:35,0.00008978,76.00000000
2018-02-26 22:31:35,0.00008978,903.00000000
2018-02-26 22:31:49,0.00008978,37.00000000
2018-02-26 22:31:49,0.00008977,23.00000000
2018-02-26 22:32:01,0.00008978,19.00000000
2018-02-26 22:32:05,0.00008977,24.00000000
2018-02-26 22:32:08,0.00008977,111.00000000
2018-02-26 22:32:08,0.00008977,34.00000000
2018-02-26 22:32:09,0.00008982,80.00000000
2018-02-26 22:32:12,0.00008977,80.00000000
2018-02-26 22:32:13,0.00008977,64.00000000
2018-02-26 22:32:14,0.00008981,5.00000000
2018-02-26 22:32:37,0.00008977,1000.00000000
2018-02-26 22:32:40,0.00008981,25.00000000
2018-02-26 22:32:47,0.00008981,2143.00000000
2018-02-26 22:32:53,0.00008978,1.00000000
2018-02-26 22:32:53,0.00008978,139.00000000
2018-02-26 22:32:53,0.00008981,1.00000000
2018-02-26 22:32:53,0.00008981,51.00000000
2018-02-26 22:32:54,0.00008977,19.00000000
2018-02-26 22:32:56,0.00008981,613.00000000
2018-02-26 22:33:01,0.00008981,191.00000000
2018-02-26 22:33:01,0.00008977,419.00000000
2018-02-26 22:33:01,0.00008981,89.00000000
2018-02-26 22:33:04,0.00008981,713.00000000
2018-02-26 22:33:07,0.00008978,426.00000000
2018-02-26 22:33:07,0.00008977,74.00000000
2018-02-26 22:33:17,0.00008981,2.00000000
2018-02-26 22:33:23,0.00008981,729.00000000
2018-02-26 22:33:23,0.00008982,939.00000000
2018-02-26 22:33:24,0.00008982,89.00000000
2018-02-26 22:33:27,0.00008980,1049.00000000
2018-02-26 22:33:41,0.00008981,520.00000000
2018-02-26 22:33:42,0.00008982,29.00000000
2018-02-26 22:33:44,0.00008981,77.00000000
2018-02-26 22:33:49,0.00008981,111.00000000
2018-02-26 22:33:54,0.00008982,63.00000000
2018-02-26 22:34:03,0.00008982,111.00000000
2018-02-26 22:34:06,0.00008982,151.00000000
2018-02-26 22:34:13,0.00008983,468.00000000
2018-02-26 22:34:14,0.00008985,84.00000000
2018-02-26 22:34:14,0.00008989,52.00000000
2018-02-26 22:34:18,0.00008983,188.00000000
2018-02-26 22:34:20,0.00008983,450.00000000
2018-02-26 22:34:23,0.00008989,1667.00000000
2018-02-26 22:34:25,0.00008983,87.00000000
2018-02-26 22:34:25,0.00008989,1120.00000000
2018-02-26 22:34:47,0.00008989,3017.00000000
2018-02-26 22:34:55,0.00008989,222.00000000
2018-02-26 22:34:55,0.00008989,234.00000000
2018-02-26 22:35:17,0.00008989,108.00000000
2018-02-26 22:35:23,0.00008989,555.00000000
2018-02-26 22:35:24,0.00008989,83.00000000
2018-02-26 22:35:26,0.00008989,100.00000000
2018-02-26 22:35:32,0.00008989,1490.00000000
2018-02-26 22:35:32,0.00008988,21.00000000
2018-02-26 22:35:47,0.00008989,100.00000000
2018-02-26 22:35:52,0.00008988,95.00000000
2018-02-26 22:35:55,0.00008988,53.00000000
2018-02-26 22:35:59,0.00008989,619.00000000
2018-02-26 22:35:59,0.00008989,359.00000000
2018-02-26 22:36:00,0.00008989,646.00000000
2018-02-26 22:36:02,0.00008989,141.00000000
2018-02-26 22:36:07,0.00008988,177.00000000
2018-02-26 22:36:07,0.00008988,361.00000000
2018-02-26 22:36:08,0.00008988,100.00000000
2018-02-26 22:36:08,0.00008984,20.00000000
2018-02-26 22:36:10,0.00008988,42.00000000
2018-02-26 22:36:11,0.00008988,90.00000000
2018-02-26 22:36:27,0.00008988,83.00000000
2018-02-26 22:36:29,0.00008988,46.00000000
2018-02-26 22:36:29,0.00008989,123.00000000
2018-02-26 22:36:41,0.00008989,268.00000000
2018-02-26 22:36:41,0.00008988,204.00000000
2018-02-26 22:36:44,0.00008988,173.00000000
2018-02-26 22:36:52,0.00008988,152.00000000
2018-02-26 22:37:01,0.00008988,212.00000000
2018-02-26 22:37:03,0.00008988,152.00000000
2018-02-26 22:37:08,0.00008984,90.00000000
2018-02-26 22:37:13,0.00008988,164.00000000
2018-02-26 22:37:13,0.00008988,75.00000000
2018-02-26 22:37:20,0.00008984,47.00000000
2018-02-26 22:37:28,0.00008988,111.00000000
2018-02-26 22:37:32,0.00008984,47.00000000
2018-02-26 22:37:33,0.00008988,2.00000000
2018-02-26 22:37:36,0.00008984,47.00000000
2018-02-26 22:37:40,0.00008984,47.00000000
2018-02-26 22:37:44,0.00008988,76.00000000
2018-02-26 22:37:44,0.00008989,225.00000000
2018-02-26 22:37:44,0.00008988,14.00000000
2018-02-26 22:37:44,0.00008984,33.00000000
2018-02-26 22:37:50,0.00008984,47.00000000
2018-02-26 22:37:52,0.00008984,47.00000000
2018-02-26 22:37:56,0.00008984,720.00000000
2018-02-26 22:38:00,0.00008981,47.00000000
2018-02-26 22:38:02,0.00008984,149.00000000
2018-02-26 22:38:03,0.00008984,1049.00000000
2018-02-26 22:38:19,0.00008981,47.00000000
2018-02-26 22:38:22,0.00008984,18.00000000
2018-02-26 22:38:22,0.00008984,212.00000000
2018-02-26 22:38:22,0.00008989,14.00000000
2018-02-26 22:38:22,0.00008990,383.00000000
2018-02-26 22:38:22,0.00008981,6.00000000
2018-02-26 22:38:22,0.00008980,36.00000000
2018-02-26 22:38:26,0.00008980,6.00000000
2018-02-26 22:38:26,0.00008979,41.00000000
2018-02-26 22:38:30,0.00008979,47.00000000
2018-02-26 22:38:33,0.00008984,51.00000000
2018-02-26 22:38:33,0.00008989,47.00000000
2018-02-26 22:38:33,0.00008990,13.00000000
2018-02-26 22:38:34,0.00008981,35.00000000
2018-02-26 22:38:35,0.00008980,1601.00000000
2018-02-26 22:38:39,0.00008982,21.00000000
2018-02-26 22:38:39,0.00008980,26.00000000
2018-02-26 22:38:43,0.00008980,47.00000000
2018-02-26 22:38:45,0.00008984,250.00000000
2018-02-26 22:38:48,0.00008980,6016.00000000
2018-02-26 22:39:04,0.00008980,130.00000000
2018-02-26 22:39:04,0.00008978,1832.00000000
2018-02-26 22:39:04,0.00008978,33.00000000
2018-02-26 22:39:05,0.00008978,46.00000000
2018-02-26 22:39:06,0.00008978,69.00000000
2018-02-26 22:39:08,0.00008978,251.00000000
2018-02-26 22:39:14,0.00008978,209.00000000
2018-02-26 22:39:21,0.00008977,111.00000000
2018-02-26 22:39:21,0.00008977,22.00000000
2018-02-26 22:39:24,0.00008977,2000.00000000
2018-02-26 22:39:28,0.00008977,5000.00000000
2018-02-26 22:39:31,0.00008977,5000.00000000
2018-02-26 22:39:32,0.00008984,232.00000000
2018-02-26 22:39:34,0.00008977,9.00000000
2018-02-26 22:39:39,0.00008977,111.00000000
2018-02-26 22:39:39,0.00008977,5000.00000000
2018-02-26 22:39:42,0.00008977,5000.00000000
2018-02-26 22:39:46,0.00008977,334.00000000
2018-02-26 22:39:51,0.00008978,988.00000000
2018-02-26 22:39:51,0.00008977,4012.00000000
2018-02-26 22:39:53,0.00008977,111.00000000
2018-02-26 22:39:56,0.00008977,318.00000000
2018-02-26 22:39:59,0.00008977,111.00000000
2018-02-26 22:40:05,0.00008977,111.00000000
2018-02-26 22:40:06,0.00008977,636.00000000
2018-02-26 22:40:11,0.00008977,111.00000000
2018-02-26 22:40:11,0.00008977,523.00000000
2018-02-26 22:40:13,0.00008978,101.00000000
2018-02-26 22:40:28,0.00008977,95.00000000
2018-02-26 22:40:31,0.00008977,106.00000000
2018-02-26 22:40:32,0.00008977,106.00000000
2018-02-26 22:40:41,0.00008977,283.00000000
2018-02-26 22:40:43,0.00008978,388.00000000
2018-02-26 22:40:44,0.00008978,602.00000000
2018-02-26 22:40:44,0.00008984,34.00000000
2018-02-26 22:40:44,0.00008984,109.00000000
2018-02-26 22:40:44,0.00008990,173.00000000
2018-02-26 22:40:46,0.00008978,414.00000000
2018-02-26 22:40:47,0.00008978,150.00000000
2018-02-26 22:40:49,0.00008980,56.00000000
2018-02-26 22:40:49,0.00008978,44.00000000
2018-02-26 22:40:49,0.00008978,357.00000000
2018-02-26 22:40:52,0.00008978,1.00000000
2018-02-26 22:40:53,0.00008977,200.00000000
2018-02-26 22:40:53,0.00008978,22.00000000
2018-02-26 22:40:54,0.00008978,532.00000000
2018-02-26 22:40:54,0.00008989,463.00000000
2018-02-26 22:40:57,0.00008989,12.00000000
2018-02-26 22:41:00,0.00008989,490.00000000
2018-02-26 22:41:00,0.00008989,4358.00000000
2018-02-26 22:41:01,0.00008989,20.00000000
2018-02-26 22:41:01,0.00008989,556.00000000
2018-02-26 22:41:02,0.00008989,109.00000000
2018-02-26 22:41:03,0.00008989,765.00000000
2018-02-26 22:41:04,0.00008989,1761.00000000
2018-02-26 22:41:04,0.00008989,556.00000000
2018-02-26 22:41:05,0.00008989,90.00000000
2018-02-26 22:41:06,0.00008989,470.00000000
2018-02-26 22:41:12,0.00008989,46.00000000
2018-02-26 22:41:12,0.00008977,1020.00000000
2018-02-26 22:41:48,0.00008989,7.00000000
2018-02-26 22:41:51,0.00008978,17.00000000
2018-02-26 22:42:00,0.00008989,200.00000000
2018-02-26 22:42:00,0.00008985,30.00000000
2018-02-26 22:42:02,0.00008985,195.00000000
2018-02-26 22:42:03,0.00008978,188.00000000
2018-02-26 22:42:03,0.00008977,1441.00000000
2018-02-26 22:42:05,0.00008979,641.00000000
2018-02-26 22:42:05,0.00008977,202.00000000
2018-02-26 22:42:16,0.00008984,11.00000000
2018-02-26 22:42:19,0.00008977,20.00000000
2018-02-26 22:42:19,0.00008977,20.00000000
2018-02-26 22:42:23,0.00008983,1.00000000
2018-02-26 22:42:45,0.00008977,765.00000000
2018-02-26 22:42:52,0.00008977,765.00000000
2018-02-26 22:42:53,0.00008981,38.00000000
2018-02-26 22:42:57,0.00008980,220.00000000
2018-02-26 22:42:59,0.00008978,186.00000000
2018-02-26 22:43:03,0.00008978,87.00000000
2018-02-26 22:43:05,0.00008979,100.00000000
2018-02-26 22:43:05,0.00008980,763.00000000
2018-02-26 22:43:08,0.00008978,290.00000000
2018-02-26 22:43:10,0.00008978,34.00000000
2018-02-26 22:43:10,0.00008977,16684.00000000
2018-02-26 22:43:10,0.00008977,66.00000000
2018-02-26 22:43:12,0.00008978,43.00000000
2018-02-26 22:43:16,0.00008977,8.00000000
2018-02-26 22:43:17,0.00008978,20.00000000
2018-02-26 22:43:18,0.00008980,17.00000000
2018-02-26 22:43:18,0.00008981,111.00000000
2018-02-26 22:43:19,0.00008981,298.00000000
2018-02-26 22:43:20,0.00008981,694.00000000
2018-02-26 22:43:22,0.00008977,220.00000000
2018-02-26 22:43:28,0.00008981,111.00000000
2018-02-26 22:43:28,0.00008981,41.00000000
2018-02-26 22:43:40,0.00008981,29.00000000
2018-02-26 22:43:40,0.00008981,185.00000000
2018-02-26 22:43:42,0.00008981,298.00000000
2018-02-26 22:43:42,0.00008981,150.00000000
2018-02-26 22:43:47,0.00008977,20.00000000
2018-02-26 22:43:49,0.00008981,2.00000000
2018-02-26 22:43:58,0.00008981,4427.00000000
2018-02-26 22:43:58,0.00008977,573.00000000
2018-02-26 22:44:00,0.00008977,5000.00000000
2018-02-26 22:44:02,0.00008981,28.00000000
2018-02-26 22:44:03,0.00008981,444.00000000
2018-02-26 22:44:04,0.00008981,57.00000000
2018-02-26 22:44:08,0.00008977,1456.00000000
2018-02-26 22:44:18,0.00008977,2058.00000000
2018-02-26 22:44:21,0.00008977,1158.00000000
2018-02-26 22:44:29,0.00008977,127.00000000
2018-02-26 22:44:33,0.00008981,30.00000000
2018-02-26 22:44:44,0.00008981,152.00000000
2018-02-26 22:44:53,0.00008981,222.00000000
2018-02-26 22:44:54,0.00008978,200.00000000
2018-02-26 22:44:57,0.00008978,466.00000000
2018-02-26 22:44:57,0.00008977,1427.00000000
2018-02-26 22:45:10,0.00008981,239.00000000
2018-02-26 22:45:11,0.00008981,15.00000000
2018-02-26 22:45:13,0.00008981,12.00000000
2018-02-26 22:45:16,0.00008981,83.00000000
2018-02-26 22:45:18,0.00008981,111.00000000
2018-02-26 22:45:18,0.00008981,43.00000000
2018-02-26 22:45:18,0.00008981,30.00000000
2018-02-26 22:45:23,0.00008977,721.00000000
2018-02-26 22:45:58,0.00008980,20.00000000
2018-02-26 22:46:10,0.00008977,295.00000000
2018-02-26 22:46:15,0.00008977,93.00000000
2018-02-26 22:46:18,0.00008980,120.00000000
2018-02-26 22:46:18,0.00008977,39.00000000
2018-02-26 22:46:24,0.00008980,385.00000000
2018-02-26 22:46:25,0.00008977,128.00000000
2018-02-26 22:46:30,0.00008980,40.00000000
2018-02-26 22:46:37,0.00008977,5000.00000000
2018-02-26 22:46:40,0.00008977,106.00000000
2018-02-26 22:46:41,0.00008977,1090.00000000
2018-02-26 22:46:45,0.00008977,1458.00000000
2018-02-26 22:46:49,0.00008980,450.00000000
2018-02-26 22:47:04,0.00008979,1875.00000000
2018-02-26 22:47:04,0.00008980,1100.00000000
2018-02-26 22:47:04,0.00008981,100.00000000
2018-02-26 22:47:06,0.00008981,120.00000000
2018-02-26 22:47:14,0.00008980,131.00000000
2018-02-26 22:47:14,0.00008977,9285.00000000
2018-02-26 22:47:15,0.00008981,5.00000000
2018-02-26 22:47:16,0.00008981,141.00000000
2018-02-26 22:47:16,0.00008977,7881.00000000
2018-02-26 22:47:25,0.00008977,245.00000000
2018-02-26 22:47:26,0.00008977,8961.00000000
2018-02-26 22:47:27,0.00008977,700.00000000
2018-02-26 22:47:29,0.00008977,111.00000000
2018-02-26 22:47:30,0.00008980,108.00000000
2018-02-26 22:47:33,0.00008977,429.00000000
2018-02-26 22:47:33,0.00008977,6.00000000
2018-02-26 22:47:35,0.00008977,111.00000000
2018-02-26 22:47:36,0.00008977,4908.00000000
2018-02-26 22:47:37,0.00008979,10.00000000
2018-02-26 22:47:41,0.00008977,111.00000000
2018-02-26 22:47:47,0.00008977,111.00000000
2018-02-26 22:47:47,0.00008979,4348.00000000
2018-02-26 22:47:48,0.00008977,966.00000000
2018-02-26 22:47:52,0.00008977,700.00000000
2018-02-26 22:47:53,0.00008977,111.00000000
2018-02-26 22:47:57,0.00008977,477.00000000
2018-02-26 22:47:59,0.00008977,111.00000000
2018-02-26 22:48:03,0.00008977,1406.00000000
2018-02-26 22:48:06,0.00008978,40.00000000
2018-02-26 22:48:10,0.00008977,106.00000000
2018-02-26 22:48:12,0.00008978,4.00000000
2018-02-26 22:48:23,0.00008978,1011.00000000
2018-02-26 22:48:24,0.00008977,106.00000000
2018-02-26 22:48:39,0.00008978,45.00000000
2018-02-26 22:48:39,0.00008977,22.00000000
2018-02-26 22:48:39,0.00008977,106.00000000
2018-02-26 22:48:42,0.00008978,172.00000000
2018-02-26 22:48:48,0.00008978,18.00000000
2018-02-26 22:48:54,0.00008977,5000.00000000
2018-02-26 22:48:58,0.00008977,162.00000000
2018-02-26 22:49:01,0.00008977,5000.00000000
2018-02-26 22:49:01,0.00008978,42.00000000
2018-02-26 22:49:04,0.00008977,5000.00000000
2018-02-26 22:49:08,0.00008977,380.00000000
2018-02-26 22:49:12,0.00008978,20.00000000
2018-02-26 22:49:15,0.00008977,1020.00000000
2018-02-26 22:49:28,0.00008977,20.00000000
2018-02-26 22:49:41,0.00008978,53.00000000
2018-02-26 22:50:01,0.00008978,29.00000000
2018-02-26 22:50:01,0.00008977,524.00000000
2018-02-26 22:50:04,0.00008978,2527.00000000
2018-02-26 22:50:04,0.00008980,397.00000000
2018-02-26 22:50:04,0.00008981,1052.00000000
2018-02-26 22:50:05,0.00008977,5159.00000000
2018-02-26 22:50:08,0.00008981,32.00000000
2018-02-26 22:50:08,0.00008977,988.00000000
2018-02-26 22:50:08,0.00008981,1096.00000000
2018-02-26 22:50:08,0.00008984,229.00000000
2018-02-26 22:50:23,0.00008983,32.00000000
2018-02-26 22:50:29,0.00008978,44.00000000
2018-02-26 22:50:36,0.00008978,250.00000000
2018-02-26 22:50:42,0.00008983,395.00000000
2018-02-26 22:51:00,0.00008978,217.00000000
2018-02-26 22:51:04,0.00008978,101.00000000
2018-02-26 22:51:04,0.00008978,48.00000000
2018-02-26 22:51:09,0.00008978,550.00000000
2018-02-26 22:51:16,0.00008977,100.00000000
2018-02-26 22:51:18,0.00008978,36.00000000
2018-02-26 22:51:19,0.00008977,500.00000000
2018-02-26 22:51:26,0.00008977,896.00000000
2018-02-26 22:51:33,0.00008977,35.00000000
2018-02-26 22:51:35,0.00008978,1255.00000000
2018-02-26 22:51:35,0.00008980,427.00000000
2018-02-26 22:51:35,0.00008981,686.00000000
2018-02-26 22:51:35,0.00008983,71.00000000
2018-02-26 22:51:35,0.00008984,5337.00000000
2018-02-26 22:51:35,0.00008994,200.00000000
2018-02-26 22:51:35,0.00008995,2024.00000000
2018-02-26 22:51:38,0.00008977,3000.00000000
2018-02-26 22:52:00,0.00008989,1113.00000000
2018-02-26 22:52:00,0.00008990,475.00000000
2018-02-26 22:52:00,0.00008994,1456.00000000
2018-02-26 22:52:00,0.00008995,4516.00000000
2018-02-26 22:52:04,0.00008978,17.00000000
2018-02-26 22:52:05,0.00008978,110.00000000
2018-02-26 22:52:17,0.00008994,43.00000000
2018-02-26 22:52:25,0.00008978,87.00000000
2018-02-26 22:52:29,0.00008978,11.00000000
2018-02-26 22:52:29,0.00008977,67.00000000
2018-02-26 22:52:35,0.00008994,200.00000000
2018-02-26 22:52:41,0.00008978,176.00000000
2018-02-26 22:52:41,0.00008977,4824.00000000
2018-02-26 22:52:44,0.00008993,120.00000000
2018-02-26 22:52:48,0.00008993,60.00000000
2018-02-26 22:52:59,0.00008977,13.00000000
2018-02-26 22:53:05,0.00008985,45.00000000
2018-02-26 22:53:12,0.00008977,15.00000000
2018-02-26 22:53:14,0.00008985,155.00000000
2018-02-26 22:53:14,0.00008985,18.00000000
2018-02-26 22:53:16,0.00008985,170.00000000
2018-02-26 22:53:26,0.00008990,111.00000000
2018-02-26 22:53:29,0.00008985,222.00000000
2018-02-26 22:53:42,0.00008990,104.00000000
2018-02-26 22:53:43,0.00008985,175.00000000
2018-02-26 22:53:50,0.00008978,556.00000000
2018-02-26 22:53:50,0.00008985,833.00000000
2018-02-26 22:54:06,0.00008978,557.00000000
2018-02-26 22:54:06,0.00008977,704.00000000
2018-02-26 22:54:06,0.00008975,239.00000000
2018-02-26 22:54:06,0.00008975,316.00000000
2018-02-26 22:54:13,0.00008975,100.00000000
2018-02-26 22:54:22,0.00008975,17.00000000
2018-02-26 22:54:26,0.00008975,100.00000000
2018-02-26 22:54:32,0.00008975,89.00000000
2018-02-26 22:54:38,0.00008975,200.00000000
2018-02-26 22:54:42,0.00008974,1148.00000000
2018-02-26 22:54:42,0.00008972,340.00000000
2018-02-26 22:54:43,0.00008975,183.00000000
2018-02-26 22:54:44,0.00008975,31.00000000
2018-02-26 22:54:46,0.00008972,3.00000000
2018-02-26 22:54:50,0.00008975,50.00000000
2018-02-26 22:54:50,0.00008972,334.00000000
2018-02-26 22:54:52,0.00008972,428.00000000
2018-02-26 22:54:53,0.00008972,23.00000000
2018-02-26 22:54:56,0.00008972,90.00000000
2018-02-26 22:55:03,0.00008972,292.00000000
2018-02-26 22:55:03,0.00008975,8934.00000000
2018-02-26 22:55:04,0.00008977,90.00000000
2018-02-26 22:55:04,0.00008977,10.00000000
2018-02-26 22:55:06,0.00008977,80.00000000
2018-02-26 22:55:06,0.00008975,605.00000000
2018-02-26 22:55:08,0.00008975,334.00000000
2018-02-26 22:55:13,0.00008985,9.00000000
2018-02-26 22:55:13,0.00008975,113.00000000
2018-02-26 22:55:14,0.00008975,100.00000000
2018-02-26 22:55:25,0.00008976,94.00000000
2018-02-26 22:55:26,0.00008976,259.00000000
2018-02-26 22:55:26,0.00008976,98.00000000
2018-02-26 22:55:27,0.00008976,891.00000000
2018-02-26 22:55:35,0.00008976,930.00000000
2018-02-26 22:55:39,0.00008976,125.00000000
2018-02-26 22:55:47,0.00008977,250.00000000
2018-02-26 22:55:47,0.00008985,21.00000000
2018-02-26 22:55:47,0.00008990,600.00000000
2018-02-26 22:55:47,0.00008992,582.00000000
2018-02-26 22:56:02,0.00008975,33.00000000
2018-02-26 22:56:04,0.00008992,30.00000000
2018-02-26 22:56:06,0.00008992,381.00000000
2018-02-26 22:56:06,0.00008993,900.00000000
2018-02-26 22:56:06,0.00008994,1224.00000000
2018-02-26 22:56:06,0.00008975,40.00000000
2018-02-26 22:56:09,0.00008976,1113.00000000
2018-02-26 22:56:09,0.00008975,446.00000000
2018-02-26 22:56:20,0.00008977,100.00000000
2018-02-26 22:56:35,0.00008992,800.00000000
2018-02-26 22:56:35,0.00008993,12.00000000
2018-02-26 22:56:35,0.00008994,18291.00000000
2018-02-26 22:56:37,0.00008978,900.00000000
2018-02-26 22:56:37,0.00008977,3100.00000000
2018-02-26 22:56:46,0.00008994,672.00000000
2018-02-26 22:57:02,0.00008992,1113.00000000
2018-02-26 22:57:02,0.00008994,2478.00000000
2018-02-26 22:57:03,0.00008994,89.00000000
2018-02-26 22:57:04,0.00008994,1090.00000000
2018-02-26 22:57:07,0.00008994,29.00000000
2018-02-26 22:57:07,0.00008994,33.00000000
2018-02-26 22:57:09,0.00008994,560.00000000
2018-02-26 22:57:09,0.00008994,33.00000000
2018-02-26 22:57:09,0.00008995,1.00000000
2018-02-26 22:57:12,0.00008994,3335.00000000
2018-02-26 22:57:12,0.00008994,52.00000000
2018-02-26 22:57:14,0.00008994,52.00000000
2018-02-26 22:57:17,0.00008994,630.00000000
2018-02-26 22:57:18,0.00008994,333.00000000
2018-02-26 22:57:19,0.00008994,79.00000000
2018-02-26 22:57:21,0.00008994,8278.00000000
2018-02-26 22:57:25,0.00008994,13.00000000
2018-02-26 22:57:26,0.00008994,887.00000000
2018-02-26 22:57:26,0.00008994,900.00000000
2018-02-26 22:57:27,0.00008994,90.00000000
2018-02-26 22:57:32,0.00008994,289.00000000
2018-02-26 22:57:37,0.00008994,168.00000000
2018-02-26 22:57:43,0.00008994,100.00000000
2018-02-26 22:57:43,0.00008977,1900.00000000
2018-02-26 22:57:48,0.00008977,208.00000000
2018-02-26 22:57:50,0.00008995,31.00000000
2018-02-26 22:57:53,0.00008977,50.00000000
2018-02-26 22:57:54,0.00008977,50.00000000
2018-02-26 22:58:03,0.00008995,105.00000000
2018-02-26 22:58:11,0.00008977,334.00000000
2018-02-26 22:58:20,0.00008993,900.00000000
2018-02-26 22:58:20,0.00008994,252.00000000
2018-02-26 22:58:20,0.00008995,5678.00000000
2018-02-26 22:58:20,0.00008999,3170.00000000
2018-02-26 22:58:29,0.00008982,111.00000000
2018-02-26 22:58:35,0.00008980,111.00000000
2018-02-26 22:58:39,0.00008980,210.00000000
2018-02-26 22:58:39,0.00008995,58.00000000
2018-02-26 22:58:43,0.00008979,125.00000000
2018-02-26 22:58:49,0.00008977,44.00000000
2018-02-26 22:58:54,0.00008980,4908.00000000
2018-02-26 22:58:55,0.00008977,387.00000000
2018-02-26 22:58:55,0.00008976,340.00000000
2018-02-26 22:58:55,0.00008973,900.00000000
2018-02-26 22:58:55,0.00008971,594.00000000
2018-02-26 22:58:55,0.00008970,228.00000000
2018-02-26 22:58:59,0.00008971,404.00000000
2018-02-26 22:58:59,0.00008980,92.00000000
2018-02-26 22:59:01,0.00008977,12.00000000
2018-02-26 22:59:17,0.00008977,42.00000000
2018-02-26 22:59:21,0.00008977,130.00000000
2018-02-26 22:59:23,0.00008977,334.00000000
2018-02-26 22:59:25,0.00008977,111.00000000
2018-02-26 22:59:25,0.00008977,382.00000000
2018-02-26 22:59:26,0.00008977,89.00000000
2018-02-26 22:59:27,0.00008977,66.00000000
2018-02-26 22:59:31,0.00008971,44.00000000
2018-02-26 22:59:31,0.00008977,68.00000000
2018-02-26 22:59:36,0.00008972,445.00000000
2018-02-26 22:59:40,0.00008977,161.00000000
2018-02-26 22:59:43,0.00008973,407.00000000
2018-02-26 22:59:56,0.00008974,254.00000000
2018-02-26 22:59:56,0.00008971,70.00000000
2018-02-26 22:59:56,0.00008971,111.00000000
