DATE,PRICE,VOLUME
2018-03-17 15:00:00,0.07293700,0.59600000
2018-03-17 15:00:03,0.07293800,0.38300000
2018-03-17 15:00:03,0.07301500,0.41200000
2018-03-17 15:00:03,0.07293800,0.00100000
2018-03-17 15:00:03,0.07293700,0.15200000
2018-03-17 15:00:03,0.07301500,0.62700000
2018-03-17 15:00:03,0.07301500,0.00200000
2018-03-17 15:00:03,0.07301600,0.41300000
2018-03-17 15:00:03,0.07301900,0.21300000
2018-03-17 15:00:03,0.07293700,1.37200000
2018-03-17 15:00:03,0.07293700,1.45800000
2018-03-17 15:00:04,0.07293800,0.08400000
2018-03-17 15:00:04,0.07293800,0.22400000
2018-03-17 15:00:04,0.07301900,0.14900000
2018-03-17 15:00:04,0.07293900,0.59900000
2018-03-17 15:00:05,0.07301800,0.38300000
2018-03-17 15:00:05,0.07294000,0.59900000
2018-03-17 15:00:06,0.07301700,0.30700000
2018-03-17 15:00:06,0.07293700,0.11200000
2018-03-17 15:00:09,0.07294100,0.51600000
2018-03-17 15:00:10,0.07294100,0.02900000
2018-03-17 15:00:10,0.07301700,0.00100000
2018-03-17 15:00:10,0.07301800,0.34800000
2018-03-17 15:00:10,0.07301900,0.00100000
2018-03-17 15:00:10,0.07302300,1.06000000
2018-03-17 15:00:11,0.07302300,0.32100000
2018-03-17 15:00:12,0.07294300,0.14400000
2018-03-17 15:00:13,0.07294300,0.06600000
2018-03-17 15:00:14,0.07294300,0.87600000
2018-03-17 15:00:14,0.07294200,0.06400000
2018-03-17 15:00:14,0.07294200,0.16400000
2018-03-17 15:00:14,0.07302200,0.13100000
2018-03-17 15:00:14,0.07294200,0.12100000
2018-03-17 15:00:16,0.07294300,0.12800000
2018-03-17 15:00:17,0.07294300,0.12400000
2018-03-17 15:00:17,0.07294300,0.30600000
2018-03-17 15:00:18,0.07294300,0.34200000
2018-03-17 15:00:19,0.07294300,0.43800000
2018-03-17 15:00:19,0.07294100,1.90900000
2018-03-17 15:00:19,0.07294100,0.08400000
2018-03-17 15:00:21,0.07294200,0.11900000
2018-03-17 15:00:21,0.07301900,0.11900000
2018-03-17 15:00:21,0.07302000,0.03000000
2018-03-17 15:00:22,0.07294300,1.35300000
2018-03-17 15:00:22,0.07294300,0.14000000
2018-03-17 15:00:24,0.07298100,3.34800000
2018-03-17 15:00:24,0.07294300,3.51200000
2018-03-17 15:00:24,0.07294300,0.35300000
2018-03-17 15:00:24,0.07294300,0.05000000
2018-03-17 15:00:24,0.07294300,0.03300000
2018-03-17 15:00:24,0.07294300,0.30000000
2018-03-17 15:00:24,0.07294300,0.01900000
2018-03-17 15:00:24,0.07294300,0.33400000
2018-03-17 15:00:24,0.07294300,0.63800000
2018-03-17 15:00:24,0.07302000,0.09800000
2018-03-17 15:00:24,0.07302100,0.34900000
2018-03-17 15:00:24,0.07302200,0.28800000
2018-03-17 15:00:24,0.07302200,0.10700000
2018-03-17 15:00:24,0.07302200,0.03300000
2018-03-17 15:00:26,0.07302200,0.05200000
2018-03-17 15:00:27,0.07302100,0.11800000
2018-03-17 15:00:27,0.07294300,0.02900000
2018-03-17 15:00:28,0.07294400,0.20500000
2018-03-17 15:00:28,0.07302100,0.11400000
2018-03-17 15:00:28,0.07294500,0.01800000
2018-03-17 15:00:29,0.07294500,0.23700000
2018-03-17 15:00:29,0.07302100,0.09100000
2018-03-17 15:00:30,0.07302200,0.34300000
2018-03-17 15:00:30,0.07302200,0.13100000
2018-03-17 15:00:30,0.07298300,6.77600000
2018-03-17 15:00:30,0.07294500,0.92200000
2018-03-17 15:00:30,0.07294500,2.13200000
2018-03-17 15:00:30,0.07294500,0.25400000
2018-03-17 15:00:30,0.07294100,0.57000000
2018-03-17 15:00:30,0.07293700,0.01500000
2018-03-17 15:00:30,0.07293100,0.10300000
2018-03-17 15:00:31,0.07293100,0.02600000
2018-03-17 15:00:31,0.07293200,0.03400000
2018-03-17 15:00:32,0.07294500,0.00100000
2018-03-17 15:00:32,0.07302200,0.00100000
2018-03-17 15:00:32,0.07302300,0.25300000
2018-03-17 15:00:32,0.07302300,0.34300000
2018-03-17 15:00:32,0.07302200,0.32900000
2018-03-17 15:00:33,0.07293300,0.05700000
2018-03-17 15:00:33,0.07293300,0.13300000
2018-03-17 15:00:34,0.07293500,0.08100000
2018-03-17 15:00:34,0.07293500,0.15100000
2018-03-17 15:00:34,0.07302200,0.68100000
2018-03-17 15:00:34,0.07302200,0.04800000
2018-03-17 15:00:35,0.07302200,1.02100000
2018-03-17 15:00:35,0.07293900,0.02600000
2018-03-17 15:00:36,0.07294100,0.11300000
2018-03-17 15:00:37,0.07294000,0.28000000
2018-03-17 15:00:37,0.07294000,0.05400000
2018-03-17 15:00:39,0.07294000,0.04200000
2018-03-17 15:00:41,0.07294000,0.45000000
2018-03-17 15:00:42,0.07294000,0.32000000
2018-03-17 15:00:43,0.07294000,0.04200000
2018-03-17 15:00:43,0.07294100,0.10900000
2018-03-17 15:00:43,0.07294100,0.30600000
2018-03-17 15:00:43,0.07301800,0.27800000
2018-03-17 15:00:43,0.07301900,0.23700000
2018-03-17 15:00:43,0.07302000,0.26900000
2018-03-17 15:00:44,0.07294200,0.02300000
2018-03-17 15:00:44,0.07294200,0.03500000
2018-03-17 15:00:46,0.07301900,0.05800000
2018-03-17 15:00:46,0.07302000,0.22000000
2018-03-17 15:00:46,0.07302100,0.23400000
2018-03-17 15:00:46,0.07302200,0.10500000
2018-03-17 15:00:46,0.07302200,0.08000000
2018-03-17 15:00:46,0.07302200,0.46100000
2018-03-17 15:00:46,0.07302200,0.84200000
2018-03-17 15:00:46,0.07294200,0.07000000
2018-03-17 15:00:46,0.07294200,0.37800000
2018-03-17 15:00:46,0.07294000,0.76100000
2018-03-17 15:00:46,0.07294000,0.42100000
2018-03-17 15:00:46,0.07293900,0.45200000
2018-03-17 15:00:46,0.07293900,0.14700000
2018-03-17 15:00:46,0.07293800,0.01700000
2018-03-17 15:00:46,0.07293800,0.08900000
2018-03-17 15:00:47,0.07294000,0.34400000
2018-03-17 15:00:49,0.07302000,0.26800000
2018-03-17 15:00:49,0.07302000,0.14000000
2018-03-17 15:00:49,0.07294200,0.01700000
2018-03-17 15:00:49,0.07294200,0.13000000
2018-03-17 15:00:50,0.07302100,0.03500000
2018-03-17 15:00:51,0.07294300,0.09900000
2018-03-17 15:00:51,0.07294300,0.00100000
2018-03-17 15:00:51,0.07294200,0.00100000
2018-03-17 15:00:51,0.07294100,0.02600000
2018-03-17 15:00:51,0.07294100,0.61600000
2018-03-17 15:00:51,0.07298000,0.37100000
2018-03-17 15:00:51,0.07302000,0.23700000
2018-03-17 15:00:52,0.07301900,0.04200000
2018-03-17 15:00:52,0.07301900,0.03200000
2018-03-17 15:00:53,0.07294200,0.07300000
2018-03-17 15:00:53,0.07301900,0.05800000
2018-03-17 15:00:55,0.07294000,0.14200000
2018-03-17 15:00:55,0.07294000,0.26900000
2018-03-17 15:00:55,0.07293800,0.14100000
2018-03-17 15:00:55,0.07293800,0.19800000
2018-03-17 15:00:56,0.07294100,0.02900000
2018-03-17 15:00:59,0.07293900,0.03100000
2018-03-17 15:00:59,0.07293800,0.00100000
2018-03-17 15:00:59,0.07293100,0.05500000
2018-03-17 15:00:59,0.07292700,0.19300000
2018-03-17 15:00:59,0.07292700,0.02900000
2018-03-17 15:01:02,0.07293300,0.01600000
2018-03-17 15:01:02,0.07293300,0.02900000
2018-03-17 15:01:03,0.07301500,0.24100000
2018-03-17 15:01:03,0.07297300,0.14300000
2018-03-17 15:01:04,0.07293300,0.48800000
2018-03-17 15:01:04,0.07293300,0.07000000
2018-03-17 15:01:04,0.07301400,0.08000000
2018-03-17 15:01:05,0.07293500,0.10100000
2018-03-17 15:01:06,0.07297400,0.19500000
2018-03-17 15:01:06,0.07293500,0.00100000
2018-03-17 15:01:06,0.07293500,0.10000000
2018-03-17 15:01:07,0.07293500,0.30800000
2018-03-17 15:01:08,0.07293300,0.02400000
2018-03-17 15:01:10,0.07301200,0.15000000
2018-03-17 15:01:14,0.07299700,0.13600000
2018-03-17 15:01:15,0.07293300,0.00100000
2018-03-17 15:01:15,0.07292700,0.04100000
2018-03-17 15:01:15,0.07292800,0.14800000
2018-03-17 15:01:15,0.07292800,0.13200000
2018-03-17 15:01:15,0.07292800,0.05000000
2018-03-17 15:01:16,0.07292800,0.00100000
2018-03-17 15:01:16,0.07292700,0.05400000
2018-03-17 15:01:16,0.07292500,0.22500000
2018-03-17 15:01:16,0.07292500,0.02900000
2018-03-17 15:01:16,0.07292500,0.12400000
2018-03-17 15:01:16,0.07292500,0.20100000
2018-03-17 15:01:17,0.07292500,0.25000000
2018-03-17 15:01:17,0.07299700,0.04300000
2018-03-17 15:01:17,0.07292500,0.22100000
2018-03-17 15:01:17,0.07292400,0.02900000
2018-03-17 15:01:18,0.07299800,0.17700000
2018-03-17 15:01:18,0.07292500,0.31900000
2018-03-17 15:01:18,0.07299800,0.23300000
2018-03-17 15:01:21,0.07294000,0.23100000
2018-03-17 15:01:21,0.07299800,0.00100000
2018-03-17 15:01:21,0.07301000,0.15000000
2018-03-17 15:01:21,0.07294000,0.01400000
2018-03-17 15:01:23,0.07300000,0.09000000
2018-03-17 15:01:24,0.07292400,1.34300000
2018-03-17 15:01:24,0.07292200,0.15700000
2018-03-17 15:01:24,0.07292200,0.47700000
2018-03-17 15:01:24,0.07292200,0.46800000
2018-03-17 15:01:24,0.07292000,0.17500000
2018-03-17 15:01:24,0.07291700,0.07700000
2018-03-17 15:01:24,0.07291600,0.32000000
2018-03-17 15:01:24,0.07290600,0.07500000
2018-03-17 15:01:24,0.07290300,0.14800000
2018-03-17 15:01:24,0.07288600,0.73700000
2018-03-17 15:01:24,0.07291600,0.23400000
2018-03-17 15:01:24,0.07291600,0.28600000
2018-03-17 15:01:24,0.07288600,4.71400000
2018-03-17 15:01:25,0.07299900,0.01600000
2018-03-17 15:01:25,0.07299900,0.04400000
2018-03-17 15:01:25,0.07291800,0.20000000
2018-03-17 15:01:25,0.07291700,0.10100000
2018-03-17 15:01:25,0.07299900,0.14000000
2018-03-17 15:01:25,0.07300000,0.42700000
2018-03-17 15:01:25,0.07300800,0.25200000
2018-03-17 15:01:27,0.07291800,0.49300000
2018-03-17 15:01:27,0.07289900,0.13400000
2018-03-17 15:01:27,0.07290000,0.11700000
2018-03-17 15:01:28,0.07299600,0.15900000
2018-03-17 15:01:28,0.07299600,0.15900000
2018-03-17 15:01:28,0.07299600,0.13400000
2018-03-17 15:01:28,0.07299800,0.02500000
2018-03-17 15:01:29,0.07290500,0.01600000
2018-03-17 15:01:29,0.07290500,0.01600000
2018-03-17 15:01:32,0.07299200,1.37000000
2018-03-17 15:01:32,0.07299200,1.23600000
2018-03-17 15:01:33,0.07290900,0.01400000
2018-03-17 15:01:34,0.07299100,0.19900000
2018-03-17 15:01:34,0.07299200,0.07700000
2018-03-17 15:01:35,0.07299100,0.57500000
2018-03-17 15:01:35,0.07299100,0.22000000
2018-03-17 15:01:36,0.07299000,0.94800000
2018-03-17 15:01:37,0.07299100,0.32900000
2018-03-17 15:01:37,0.07299100,0.07000000
2018-03-17 15:01:38,0.07291200,0.25000000
2018-03-17 15:01:38,0.07299100,0.32000000
2018-03-17 15:01:39,0.07299000,0.56900000
2018-03-17 15:01:39,0.07299000,0.05200000
2018-03-17 15:01:40,0.07299100,0.24900000
2018-03-17 15:01:41,0.07299000,0.07600000
2018-03-17 15:01:42,0.07299000,0.21000000
2018-03-17 15:01:42,0.07291300,0.01400000
2018-03-17 15:01:43,0.07299100,0.05000000
2018-03-17 15:01:43,0.07299200,0.04900000
2018-03-17 15:01:43,0.07291900,0.14800000
2018-03-17 15:01:43,0.07299200,0.07800000
2018-03-17 15:01:44,0.07293200,0.15000000
2018-03-17 15:01:45,0.07299200,0.07700000
2018-03-17 15:01:45,0.07293200,0.15100000
2018-03-17 15:01:45,0.07293200,0.31800000
2018-03-17 15:01:45,0.07293200,0.26500000
2018-03-17 15:01:45,0.07293200,0.02100000
2018-03-17 15:01:45,0.07293200,0.02800000
2018-03-17 15:01:45,0.07293200,0.12800000
2018-03-17 15:01:46,0.07293200,0.10300000
2018-03-17 15:01:46,0.07292100,0.03800000
2018-03-17 15:01:46,0.07291800,0.16200000
2018-03-17 15:01:48,0.07291900,1.04100000
2018-03-17 15:01:48,0.07291900,0.00100000
2018-03-17 15:01:48,0.07291900,1.04000000
2018-03-17 15:01:49,0.07291800,0.60500000
2018-03-17 15:01:49,0.07291800,0.26700000
2018-03-17 15:01:51,0.07291900,0.00100000
2018-03-17 15:01:52,0.07292200,0.24500000
2018-03-17 15:01:55,0.07292200,0.36200000
2018-03-17 15:01:55,0.07292200,0.20100000
2018-03-17 15:01:59,0.07292300,18.24800000
2018-03-17 15:01:59,0.07292300,11.69400000
2018-03-17 15:02:04,0.07292400,0.06700000
2018-03-17 15:02:11,0.07292300,0.01400000
2018-03-17 15:02:11,0.07299200,0.00100000
2018-03-17 15:02:11,0.07299400,0.12200000
2018-03-17 15:02:11,0.07299400,0.11500000
2018-03-17 15:02:12,0.07292300,0.13000000
2018-03-17 15:02:12,0.07292300,0.22000000
2018-03-17 15:02:13,0.07292300,0.25000000
2018-03-17 15:02:14,0.07292300,0.25000000
2018-03-17 15:02:15,0.07292300,0.22000000
2018-03-17 15:02:15,0.07292300,0.26000000
2018-03-17 15:02:16,0.07292400,1.37500000
2018-03-17 15:02:16,0.07292500,0.09900000
2018-03-17 15:02:17,0.07292500,0.22000000
2018-03-17 15:02:18,0.07292500,0.22000000
2018-03-17 15:02:19,0.07292500,0.22000000
2018-03-17 15:02:20,0.07292500,0.30000000
2018-03-17 15:02:20,0.07292500,0.12800000
2018-03-17 15:02:21,0.07292500,0.31200000
2018-03-17 15:02:21,0.07292500,0.11600000
2018-03-17 15:02:22,0.07292500,0.04900000
2018-03-17 15:02:22,0.07292500,0.25600000
2018-03-17 15:02:22,0.07292200,0.04800000
2018-03-17 15:02:22,0.07292200,0.30400000
2018-03-17 15:02:22,0.07292500,0.22000000
2018-03-17 15:02:22,0.07292300,0.09900000
2018-03-17 15:02:22,0.07292200,1.09000000
2018-03-17 15:02:22,0.07292200,0.14500000
2018-03-17 15:02:23,0.07292600,1.37500000
2018-03-17 15:02:23,0.07292600,3.66500000
2018-03-17 15:02:23,0.07292700,0.20000000
2018-03-17 15:02:23,0.07292200,2.95200000
2018-03-17 15:02:23,0.07292700,0.10000000
2018-03-17 15:02:24,0.07292700,0.14000000
2018-03-17 15:02:24,0.07299400,0.00100000
2018-03-17 15:02:24,0.07299500,0.13800000
2018-03-17 15:02:24,0.07299500,0.13600000
2018-03-17 15:02:24,0.07299500,0.11100000
2018-03-17 15:02:24,0.07299600,0.05300000
2018-03-17 15:02:24,0.07299900,0.08200000
2018-03-17 15:02:24,0.07299900,0.28100000
2018-03-17 15:02:24,0.07299900,0.00100000
2018-03-17 15:02:24,0.07300800,0.05000000
2018-03-17 15:02:24,0.07301100,0.07400000
2018-03-17 15:02:24,0.07301700,0.10000000
2018-03-17 15:02:24,0.07302000,0.06400000
2018-03-17 15:02:26,0.07292800,0.41500000
2018-03-17 15:02:28,0.07293000,1.37400000
2018-03-17 15:02:28,0.07293000,1.85100000
2018-03-17 15:02:29,0.07293100,0.62900000
2018-03-17 15:02:30,0.07293200,0.74900000
2018-03-17 15:02:30,0.07293200,0.00100000
2018-03-17 15:02:30,0.07293100,0.19000000
2018-03-17 15:02:32,0.07293100,0.50000000
2018-03-17 15:02:33,0.07292700,0.21500000
2018-03-17 15:02:33,0.07293300,0.11500000
2018-03-17 15:02:37,0.07293300,0.00700000
2018-03-17 15:02:38,0.07293300,0.03800000
2018-03-17 15:02:38,0.07293300,3.67500000
2018-03-17 15:02:39,0.07293300,0.38700000
2018-03-17 15:02:41,0.07293300,0.74600000
2018-03-17 15:02:41,0.07293100,0.00400000
2018-03-17 15:02:43,0.07300700,0.01700000
2018-03-17 15:02:44,0.07300700,0.18300000
2018-03-17 15:02:44,0.07300800,0.71600000
2018-03-17 15:02:45,0.07300700,0.05000000
2018-03-17 15:02:45,0.07300800,0.32800000
2018-03-17 15:02:46,0.07301000,0.22200000
2018-03-17 15:02:46,0.07293400,0.21400000
2018-03-17 15:02:46,0.07293400,0.21400000
2018-03-17 15:02:46,0.07293400,0.08400000
2018-03-17 15:02:47,0.07300900,0.05800000
2018-03-17 15:02:47,0.07300900,1.81000000
2018-03-17 15:02:47,0.07300900,0.03700000
2018-03-17 15:02:48,0.07300900,0.05700000
2018-03-17 15:02:48,0.07300900,0.00100000
2018-03-17 15:02:48,0.07293400,0.05200000
2018-03-17 15:02:48,0.07293400,0.05700000
2018-03-17 15:02:48,0.07293400,0.01700000
2018-03-17 15:02:48,0.07293400,0.01400000
2018-03-17 15:02:48,0.07293400,0.05700000
2018-03-17 15:02:48,0.07293400,0.01900000
2018-03-17 15:02:49,0.07293400,0.03700000
2018-03-17 15:02:49,0.07293400,0.51900000
2018-03-17 15:02:51,0.07293400,0.01700000
2018-03-17 15:02:52,0.07293400,0.09100000
2018-03-17 15:02:52,0.07293400,2.46300000
2018-03-17 15:02:53,0.07293400,0.00100000
2018-03-17 15:02:53,0.07293300,0.01900000
2018-03-17 15:02:54,0.07297100,0.99900000
2018-03-17 15:02:54,0.07300900,0.70200000
2018-03-17 15:02:55,0.07293500,0.49500000
2018-03-17 15:02:56,0.07293500,1.37400000
2018-03-17 15:02:56,0.07293500,0.68200000
2018-03-17 15:02:58,0.07301000,0.04300000
2018-03-17 15:02:59,0.07301000,0.13600000
2018-03-17 15:03:00,0.07293700,0.03200000
2018-03-17 15:03:02,0.07293700,0.02800000
2018-03-17 15:03:02,0.07293700,3.79600000
2018-03-17 15:03:02,0.07301000,0.13700000
2018-03-17 15:03:03,0.07293700,0.00100000
2018-03-17 15:03:03,0.07293500,0.24300000
2018-03-17 15:03:03,0.07293300,0.56600000
2018-03-17 15:03:03,0.07293300,1.37400000
2018-03-17 15:03:03,0.07293300,1.76600000
2018-03-17 15:03:03,0.07293500,1.37000000
2018-03-17 15:03:03,0.07293500,0.00100000
2018-03-17 15:03:03,0.07293300,0.00100000
2018-03-17 15:03:03,0.07293100,0.43500000
2018-03-17 15:03:03,0.07292700,0.47400000
2018-03-17 15:03:04,0.07293700,0.01400000
2018-03-17 15:03:07,0.07300800,0.04500000
2018-03-17 15:03:07,0.07300800,0.20200000
2018-03-17 15:03:07,0.07301000,0.38800000
2018-03-17 15:03:07,0.07301200,0.06400000
2018-03-17 15:03:08,0.07301200,0.07200000
2018-03-17 15:03:08,0.07301200,0.22900000
2018-03-17 15:03:09,0.07293900,0.12900000
2018-03-17 15:03:09,0.07301900,0.20000000
2018-03-17 15:03:09,0.07293900,0.02100000
2018-03-17 15:03:09,0.07293900,0.70500000
2018-03-17 15:03:09,0.07302000,0.50600000
2018-03-17 15:03:09,0.07294000,0.19000000
2018-03-17 15:03:10,0.07302000,0.36300000
2018-03-17 15:03:10,0.07294000,0.29900000
2018-03-17 15:03:10,0.07294000,0.11100000
2018-03-17 15:03:10,0.07293900,0.29800000
2018-03-17 15:03:10,0.07302000,0.49100000
2018-03-17 15:03:10,0.07293900,0.08800000
2018-03-17 15:03:10,0.07293900,0.00100000
2018-03-17 15:03:10,0.07293800,0.03500000
2018-03-17 15:03:11,0.07293800,0.16400000
2018-03-17 15:03:11,0.07301900,0.20900000
2018-03-17 15:03:12,0.07301900,0.07500000
2018-03-17 15:03:12,0.07294100,0.85500000
2018-03-17 15:03:12,0.07301800,0.49000000
2018-03-17 15:03:13,0.07294200,0.20800000
2018-03-17 15:03:15,0.07301700,0.09500000
2018-03-17 15:03:15,0.07301700,0.08800000
2018-03-17 15:03:16,0.07301600,3.80900000
2018-03-17 15:03:18,0.07301600,0.20800000
2018-03-17 15:03:19,0.07301600,1.37000000
2018-03-17 15:03:19,0.07294000,0.25500000
2018-03-17 15:03:19,0.07301600,0.20700000
2018-03-17 15:03:19,0.07301000,0.04800000
2018-03-17 15:03:20,0.07301000,0.20200000
2018-03-17 15:03:20,0.07301000,0.67500000
2018-03-17 15:03:20,0.07301000,0.31600000
2018-03-17 15:03:20,0.07294000,0.67400000
2018-03-17 15:03:20,0.07294000,0.64200000
2018-03-17 15:03:20,0.07293900,0.24700000
2018-03-17 15:03:20,0.07301600,0.06300000
2018-03-17 15:03:20,0.07293900,0.19900000
2018-03-17 15:03:20,0.07301600,0.88500000
2018-03-17 15:03:20,0.07293900,0.01500000
2018-03-17 15:03:20,0.07293900,0.15500000
2018-03-17 15:03:20,0.07297700,17.53600000
2018-03-17 15:03:20,0.07301600,10.66300000
2018-03-17 15:03:20,0.07301600,3.82900000
2018-03-17 15:03:20,0.07301600,1.10400000
2018-03-17 15:03:20,0.07301700,0.09700000
2018-03-17 15:03:20,0.07301600,0.56300000
2018-03-17 15:03:20,0.07301600,0.79700000
2018-03-17 15:03:21,0.07301700,0.08500000
2018-03-17 15:03:21,0.07301700,0.09700000
2018-03-17 15:03:21,0.07301600,0.06100000
2018-03-17 15:03:21,0.07293900,1.03200000
2018-03-17 15:03:23,0.07294000,0.15700000
2018-03-17 15:03:24,0.07301800,0.00100000
2018-03-17 15:03:24,0.07301900,0.70200000
2018-03-17 15:03:24,0.07302000,0.00100000
2018-03-17 15:03:24,0.07302100,1.03100000
2018-03-17 15:03:24,0.07302400,3.50900000
2018-03-17 15:03:24,0.07302400,0.97600000
2018-03-17 15:03:24,0.07302500,0.33000000
2018-03-17 15:03:24,0.07302800,1.45300000
2018-03-17 15:03:24,0.07294200,0.03400000
2018-03-17 15:03:24,0.07302600,0.04300000
2018-03-17 15:03:25,0.07302600,0.07300000
2018-03-17 15:03:25,0.07294300,0.38600000
2018-03-17 15:03:25,0.07302600,0.46100000
2018-03-17 15:03:26,0.07302400,0.15700000
2018-03-17 15:03:26,0.07302500,0.11600000
2018-03-17 15:03:26,0.07294400,0.02100000
2018-03-17 15:03:27,0.07302500,0.08300000
2018-03-17 15:03:28,0.07302800,3.79400000
2018-03-17 15:03:28,0.07294700,0.38800000
2018-03-17 15:03:28,0.07294600,1.64100000
2018-03-17 15:03:28,0.07294500,0.44100000
2018-03-17 15:03:28,0.07294000,0.85200000
2018-03-17 15:03:29,0.07302800,0.28800000
2018-03-17 15:03:30,0.07294100,0.17900000
2018-03-17 15:03:31,0.07300800,0.11200000
2018-03-17 15:03:36,0.07295500,0.04900000
2018-03-17 15:03:40,0.07300800,0.00200000
2018-03-17 15:03:40,0.07302400,0.07600000
2018-03-17 15:03:43,0.07298900,27.14300000
2018-03-17 15:03:43,0.07302300,12.45100000
2018-03-17 15:03:44,0.07295600,0.44300000
2018-03-17 15:03:44,0.07295500,0.24700000
2018-03-17 15:03:45,0.07302400,0.41600000
2018-03-17 15:03:45,0.07302700,0.26200000
2018-03-17 15:03:45,0.07295300,0.02600000
2018-03-17 15:03:47,0.07302300,0.12000000
2018-03-17 15:03:48,0.07295300,0.03900000
2018-03-17 15:03:49,0.07302300,2.98400000
2018-03-17 15:03:49,0.07295300,0.03100000
2018-03-17 15:03:49,0.07295300,0.21900000
2018-03-17 15:03:49,0.07295300,0.11300000
2018-03-17 15:03:49,0.07295300,0.13800000
2018-03-17 15:03:49,0.07295500,1.06000000
2018-03-17 15:03:50,0.07295500,1.91800000
2018-03-17 15:03:50,0.07295500,0.00100000
2018-03-17 15:03:50,0.07295300,0.60900000
2018-03-17 15:03:50,0.07295300,4.19800000
2018-03-17 15:03:50,0.07300000,0.03200000
2018-03-17 15:03:51,0.07300000,0.61900000
2018-03-17 15:03:51,0.07300000,0.07700000
2018-03-17 15:03:53,0.07298500,0.11200000
2018-03-17 15:03:53,0.07295500,2.97900000
2018-03-17 15:03:54,0.07298500,0.02500000
2018-03-17 15:03:59,0.07295500,0.00100000
2018-03-17 15:03:59,0.07295300,0.00100000
2018-03-17 15:03:59,0.07295000,0.03000000
2018-03-17 15:03:59,0.07294100,0.02000000
2018-03-17 15:03:59,0.07294100,0.47500000
2018-03-17 15:04:01,0.07298500,0.00100000
2018-03-17 15:04:01,0.07300000,0.08400000
2018-03-17 15:04:02,0.07294200,2.79000000
2018-03-17 15:04:02,0.07300000,1.36900000
2018-03-17 15:04:02,0.07299900,0.26000000
2018-03-17 15:04:03,0.07294200,0.02100000
2018-03-17 15:04:03,0.07294200,0.02000000
2018-03-17 15:04:04,0.07297000,6.50900000
2018-03-17 15:04:04,0.07299900,4.59700000
2018-03-17 15:04:04,0.07299900,0.08000000
2018-03-17 15:04:04,0.07299900,0.18000000
2018-03-17 15:04:04,0.07293800,0.07900000
2018-03-17 15:04:04,0.07293800,0.04000000
2018-03-17 15:04:04,0.07293800,0.25900000
2018-03-17 15:04:04,0.07293800,0.25900000
2018-03-17 15:04:04,0.07293800,0.25900000
2018-03-17 15:04:05,0.07293800,1.97000000
2018-03-17 15:04:09,0.07300000,0.22800000
2018-03-17 15:04:14,0.07299900,1.07400000
2018-03-17 15:04:14,0.07300000,3.03500000
2018-03-17 15:04:16,0.07300000,0.04200000
2018-03-17 15:04:16,0.07300000,0.45100000
2018-03-17 15:04:19,0.07293800,0.00100000
2018-03-17 15:04:19,0.07293700,0.13800000
2018-03-17 15:04:19,0.07293500,0.38100000
2018-03-17 15:04:19,0.07293500,0.01900000
2018-03-17 15:04:20,0.07300000,0.13700000
2018-03-17 15:04:21,0.07293600,0.22800000
2018-03-17 15:04:21,0.07300000,0.14600000
2018-03-17 15:04:23,0.07300000,0.50000000
2018-03-17 15:04:23,0.07300000,0.63000000
2018-03-17 15:04:24,0.07300000,1.37000000
2018-03-17 15:04:24,0.07300000,0.68800000
2018-03-17 15:04:25,0.07293700,0.06000000
2018-03-17 15:04:25,0.07293700,0.27000000
2018-03-17 15:04:25,0.07293600,0.73000000
2018-03-17 15:04:30,0.07296700,1.67700000
2018-03-17 15:04:30,0.07299900,0.39800000
2018-03-17 15:04:30,0.07299900,0.89300000
2018-03-17 15:04:31,0.07293600,1.37100000
2018-03-17 15:04:31,0.07293600,0.53700000
2018-03-17 15:04:32,0.07293600,0.01600000
2018-03-17 15:04:33,0.07293600,0.02900000
2018-03-17 15:04:33,0.07293600,0.01900000
2018-03-17 15:04:35,0.07300000,0.00100000
2018-03-17 15:04:36,0.07300000,0.35600000
2018-03-17 15:04:36,0.07300000,0.03600000
2018-03-17 15:04:36,0.07294000,0.35500000
2018-03-17 15:04:36,0.07294000,0.39000000
2018-03-17 15:04:36,0.07294000,0.39100000
2018-03-17 15:04:36,0.07302200,0.37200000
2018-03-17 15:04:38,0.07302000,0.30000000
2018-03-17 15:04:38,0.07302100,0.36600000
2018-03-17 15:04:38,0.07302200,1.94500000
2018-03-17 15:04:38,0.07293700,0.30000000
2018-03-17 15:04:38,0.07293600,0.49300000
2018-03-17 15:04:38,0.07293500,0.52900000
2018-03-17 15:04:38,0.07293800,0.63400000
2018-03-17 15:04:39,0.07302100,0.49300000
2018-03-17 15:04:39,0.07302200,0.78700000
2018-03-17 15:04:39,0.07302300,0.04300000
2018-03-17 15:04:39,0.07293900,0.01000000
2018-03-17 15:04:39,0.07294100,0.13000000
2018-03-17 15:04:40,0.07294100,0.22000000
2018-03-17 15:04:40,0.07294000,0.36700000
2018-03-17 15:04:40,0.07293800,1.28300000
2018-03-17 15:04:41,0.07301900,0.59900000
2018-03-17 15:04:42,0.07301900,0.18000000
2018-03-17 15:04:42,0.07301800,0.22500000
2018-03-17 15:04:45,0.07301800,0.12500000
2018-03-17 15:04:46,0.07301900,0.07400000
2018-03-17 15:04:47,0.07293700,0.12000000
2018-03-17 15:04:48,0.07293700,0.39200000
2018-03-17 15:04:48,0.07293700,0.01600000
2018-03-17 15:04:49,0.07301800,0.28600000
2018-03-17 15:04:50,0.07301800,0.20700000
2018-03-17 15:04:51,0.07293800,0.49200000
2018-03-17 15:04:52,0.07293800,0.20500000
2018-03-17 15:04:53,0.07301700,0.49100000
2018-03-17 15:04:54,0.07293800,0.13300000
2018-03-17 15:04:55,0.07293900,0.04100000
2018-03-17 15:04:56,0.07301200,0.35500000
2018-03-17 15:04:57,0.07301100,0.29800000
2018-03-17 15:04:57,0.07301100,0.07800000
2018-03-17 15:04:58,0.07293800,0.04700000
2018-03-17 15:05:02,0.07293800,0.05900000
2018-03-17 15:05:02,0.07293800,0.35800000
2018-03-17 15:05:03,0.07301100,0.25400000
2018-03-17 15:05:04,0.07293800,0.17100000
2018-03-17 15:05:04,0.07293800,0.02900000
2018-03-17 15:05:04,0.07293800,0.47400000
2018-03-17 15:05:04,0.07297400,0.65400000
2018-03-17 15:05:04,0.07301100,0.00200000
2018-03-17 15:05:05,0.07301100,0.23800000
2018-03-17 15:05:05,0.07301100,0.00100000
2018-03-17 15:05:05,0.07293800,0.02100000
2018-03-17 15:05:05,0.07293800,0.14200000
2018-03-17 15:05:05,0.07293800,0.20200000
2018-03-17 15:05:05,0.07293800,0.01300000
2018-03-17 15:05:05,0.07293800,0.06300000
2018-03-17 15:05:05,0.07293800,0.20200000
2018-03-17 15:05:05,0.07293800,0.07700000
2018-03-17 15:05:05,0.07293800,0.23700000
2018-03-17 15:05:06,0.07293800,0.68500000
2018-03-17 15:05:08,0.07293800,0.02800000
2018-03-17 15:05:10,0.07293800,0.27400000
2018-03-17 15:05:12,0.07301200,0.00100000
2018-03-17 15:05:12,0.07301700,0.00100000
2018-03-17 15:05:12,0.07301800,0.00100000
2018-03-17 15:05:12,0.07301900,0.00100000
2018-03-17 15:05:12,0.07302100,0.01500000
2018-03-17 15:05:13,0.07302100,0.35200000
2018-03-17 15:05:13,0.07302300,0.08800000
2018-03-17 15:05:13,0.07302100,0.20000000
2018-03-17 15:05:13,0.07302100,0.15100000
2018-03-17 15:05:13,0.07302100,0.00100000
2018-03-17 15:05:13,0.07293900,0.05500000
2018-03-17 15:05:13,0.07293900,0.14500000
2018-03-17 15:05:13,0.07293800,0.00100000
2018-03-17 15:05:13,0.07293500,0.00300000
2018-03-17 15:05:13,0.07293500,0.14500000
2018-03-17 15:05:13,0.07293500,0.12400000
2018-03-17 15:05:13,0.07293500,0.11000000
2018-03-17 15:05:13,0.07293500,0.15100000
2018-03-17 15:05:13,0.07293500,0.15100000
2018-03-17 15:05:13,0.07293500,0.11100000
2018-03-17 15:05:13,0.07293500,0.15100000
2018-03-17 15:05:13,0.07293500,0.15100000
2018-03-17 15:05:13,0.07293500,0.15100000
2018-03-17 15:05:14,0.07296100,0.05300000
2018-03-17 15:05:14,0.07296100,0.53000000
2018-03-17 15:05:14,0.07296100,0.07700000
2018-03-17 15:05:14,0.07293900,0.52900000
2018-03-17 15:05:15,0.07302200,0.20000000
2018-03-17 15:05:15,0.07302200,2.98700000
2018-03-17 15:05:16,0.07302000,0.44700000
2018-03-17 15:05:16,0.07294200,0.19900000
2018-03-17 15:05:17,0.07302100,0.19900000
2018-03-17 15:05:17,0.07302200,0.08200000
2018-03-17 15:05:17,0.07302300,0.00100000
2018-03-17 15:05:17,0.07302500,0.00700000
2018-03-17 15:05:18,0.07294300,0.64800000
2018-03-17 15:05:18,0.07294200,0.04200000
2018-03-17 15:05:18,0.07302500,1.37000000
2018-03-17 15:05:18,0.07294400,0.17700000
2018-03-17 15:05:18,0.07294400,0.02200000
2018-03-17 15:05:18,0.07294200,0.12200000
2018-03-17 15:05:18,0.07302500,0.82200000
2018-03-17 15:05:19,0.07294200,0.17600000
2018-03-17 15:05:19,0.07302400,0.36200000
2018-03-17 15:05:20,0.07302100,0.44800000
2018-03-17 15:05:21,0.07302000,0.21300000
2018-03-17 15:05:23,0.07301900,0.20000000
2018-03-17 15:05:23,0.07294800,0.01600000
2018-03-17 15:05:23,0.07294800,1.75100000
2018-03-17 15:05:24,0.07301900,0.42300000
2018-03-17 15:05:25,0.07301900,0.10100000
2018-03-17 15:05:25,0.07302000,0.00100000
2018-03-17 15:05:25,0.07302400,0.00100000
2018-03-17 15:05:25,0.07302500,0.00100000
2018-03-17 15:05:25,0.07302600,0.01500000
2018-03-17 15:05:25,0.07294900,0.19900000
2018-03-17 15:05:26,0.07302600,0.05700000
2018-03-17 15:05:26,0.07302700,0.38600000
2018-03-17 15:05:26,0.07294900,0.36300000
2018-03-17 15:05:27,0.07302700,0.34900000
2018-03-17 15:05:27,0.07302700,0.69700000
2018-03-17 15:05:27,0.07295000,0.38600000
2018-03-17 15:05:27,0.07302700,0.32000000
2018-03-17 15:05:28,0.07302700,0.24800000
2018-03-17 15:05:28,0.07302700,0.17900000
2018-03-17 15:05:28,0.07295000,0.49600000
2018-03-17 15:05:28,0.07294800,0.00100000
2018-03-17 15:05:28,0.07293500,0.79300000
2018-03-17 15:05:30,0.07302400,0.88200000
2018-03-17 15:05:30,0.07302600,2.11600000
2018-03-17 15:05:30,0.07302700,0.27400000
2018-03-17 15:05:30,0.07302800,3.57300000
2018-03-17 15:05:31,0.07302800,1.37000000
2018-03-17 15:05:31,0.07302800,18.79500000
2018-03-17 15:05:32,0.07302800,1.37000000
2018-03-17 15:05:32,0.07302800,4.96600000
2018-03-17 15:05:35,0.07294700,0.19900000
2018-03-17 15:05:35,0.07302700,0.08700000
2018-03-17 15:05:35,0.07294800,0.60000000
2018-03-17 15:05:36,0.07294800,0.49500000
2018-03-17 15:05:36,0.07294800,0.00100000
2018-03-17 15:05:36,0.07294000,0.01500000
2018-03-17 15:05:37,0.07302600,0.22100000
2018-03-17 15:05:37,0.07294900,0.73900000
2018-03-17 15:05:39,0.07294000,0.01600000
2018-03-17 15:05:40,0.07302300,0.19900000
2018-03-17 15:05:40,0.07302400,0.86200000
2018-03-17 15:05:40,0.07294100,0.85900000
2018-03-17 15:05:41,0.07302300,0.13000000
2018-03-17 15:05:42,0.07302300,0.25600000
2018-03-17 15:05:45,0.07294700,0.20000000
2018-03-17 15:05:45,0.07294600,0.06000000
2018-03-17 15:05:45,0.07300000,1.37700000
2018-03-17 15:05:46,0.07300000,0.42100000
2018-03-17 15:05:46,0.07300000,0.59400000
2018-03-17 15:05:46,0.07300000,0.66100000
2018-03-17 15:05:46,0.07300000,0.01400000
2018-03-17 15:05:46,0.07300000,0.11200000
2018-03-17 15:05:47,0.07300000,0.03600000
2018-03-17 15:05:48,0.07300000,0.28600000
2018-03-17 15:05:49,0.07300000,1.37000000
2018-03-17 15:05:49,0.07300000,0.69100000
2018-03-17 15:05:51,0.07294100,2.34600000
2018-03-17 15:05:51,0.07294100,0.61800000
2018-03-17 15:05:52,0.07300000,1.37000000
2018-03-17 15:05:52,0.07300000,5.95000000
2018-03-17 15:05:52,0.07294000,0.04000000
2018-03-17 15:05:52,0.07300000,0.04300000
2018-03-17 15:05:53,0.07300000,0.33000000
2018-03-17 15:05:53,0.07300000,0.73800000
2018-03-17 15:05:53,0.07294000,0.22000000
2018-03-17 15:05:53,0.07294000,0.18800000
2018-03-17 15:05:53,0.07294000,0.01500000
2018-03-17 15:05:53,0.07294000,0.20600000
2018-03-17 15:05:53,0.07294100,0.15100000
2018-03-17 15:05:53,0.07300000,5.51400000
2018-03-17 15:05:53,0.07300000,0.08000000
2018-03-17 15:05:54,0.07300000,0.41200000
2018-03-17 15:05:56,0.07299900,0.05000000
2018-03-17 15:05:56,0.07299900,0.70500000
2018-03-17 15:05:56,0.07299900,0.05100000
2018-03-17 15:05:57,0.07299900,2.50800000
2018-03-17 15:05:57,0.07299900,1.24600000
2018-03-17 15:05:57,0.07299900,0.15200000
2018-03-17 15:05:58,0.07299900,0.22200000
2018-03-17 15:05:58,0.07299900,0.43200000
2018-03-17 15:05:58,0.07294100,0.01400000
2018-03-17 15:05:58,0.07293700,0.20700000
2018-03-17 15:05:58,0.07293700,0.06200000
2018-03-17 15:05:59,0.07293700,0.05900000
2018-03-17 15:06:00,0.07293700,0.03400000
2018-03-17 15:06:02,0.07293800,0.08700000
2018-03-17 15:06:04,0.07294000,0.01500000
2018-03-17 15:06:05,0.07294000,3.00000000
2018-03-17 15:06:06,0.07300000,0.00100000
2018-03-17 15:06:06,0.07302300,0.48100000
2018-03-17 15:06:06,0.07302400,0.19800000
2018-03-17 15:06:06,0.07302400,0.02800000
2018-03-17 15:06:06,0.07302400,0.06800000
2018-03-17 15:06:07,0.07302300,0.15400000
2018-03-17 15:06:07,0.07302300,0.04600000
2018-03-17 15:06:07,0.07302400,0.10800000
2018-03-17 15:06:07,0.07302400,0.04700000
2018-03-17 15:06:07,0.07302500,0.04600000
2018-03-17 15:06:07,0.07302500,0.02400000
2018-03-17 15:06:07,0.07302700,0.65600000
2018-03-17 15:06:08,0.07302300,0.85900000
2018-03-17 15:06:08,0.07302300,0.00100000
2018-03-17 15:06:08,0.07302400,0.16100000
2018-03-17 15:06:08,0.07302400,0.00100000
2018-03-17 15:06:08,0.07294200,0.16000000
2018-03-17 15:06:08,0.07294200,0.06800000
2018-03-17 15:06:08,0.07294200,0.13500000
2018-03-17 15:06:08,0.07294200,0.15900000
2018-03-17 15:06:08,0.07294200,0.15200000
2018-03-17 15:06:08,0.07294200,0.10400000
2018-03-17 15:06:09,0.07302700,0.54300000
2018-03-17 15:06:09,0.07302700,0.02600000
2018-03-17 15:06:10,0.07302600,0.36700000
2018-03-17 15:06:10,0.07296400,0.62000000
2018-03-17 15:06:10,0.07294300,0.80200000
2018-03-17 15:06:10,0.07293900,0.22000000
2018-03-17 15:06:10,0.07293800,0.13000000
2018-03-17 15:06:10,0.07293500,0.09800000
2018-03-17 15:06:11,0.07302400,1.01200000
2018-03-17 15:06:12,0.07302500,0.20000000
2018-03-17 15:06:13,0.07294400,0.01800000
2018-03-17 15:06:15,0.07302500,18.76800000
2018-03-17 15:06:16,0.07302600,0.00100000
2018-03-17 15:06:16,0.07302700,1.90800000
2018-03-17 15:06:16,0.07302800,1.09100000
2018-03-17 15:06:16,0.07302800,0.16200000
2018-03-17 15:06:16,0.07296000,0.18200000
2018-03-17 15:06:16,0.07295900,1.19200000
2018-03-17 15:06:16,0.07302800,2.27400000
2018-03-17 15:06:16,0.07295900,0.37000000
2018-03-17 15:06:16,0.07302800,3.00000000
2018-03-17 15:06:16,0.07302700,0.02200000
2018-03-17 15:06:16,0.07302700,0.07700000
2018-03-17 15:06:16,0.07302700,0.00100000
2018-03-17 15:06:16,0.07295900,0.00100000
2018-03-17 15:06:16,0.07294600,0.07500000
2018-03-17 15:06:16,0.07294600,0.07700000
2018-03-17 15:06:17,0.07302800,0.10500000
2018-03-17 15:06:17,0.07294600,0.05000000
2018-03-17 15:06:17,0.07302800,0.00100000
2018-03-17 15:06:17,0.07302900,1.09900000
2018-03-17 15:06:17,0.07303000,0.02500000
2018-03-17 15:06:18,0.07303000,0.54600000
2018-03-17 15:06:18,0.07302900,0.02200000
2018-03-17 15:06:18,0.07302900,0.49400000
2018-03-17 15:06:18,0.07302900,0.02000000
2018-03-17 15:06:18,0.07302900,0.33000000
2018-03-17 15:06:18,0.07302900,1.03400000
2018-03-17 15:06:18,0.07294700,0.33600000
2018-03-17 15:06:18,0.07294700,1.37400000
2018-03-17 15:06:18,0.07294700,0.04700000
2018-03-17 15:06:18,0.07294700,0.17800000
2018-03-17 15:06:18,0.07293900,0.22000000
2018-03-17 15:06:18,0.07293800,0.13000000
2018-03-17 15:06:18,0.07293500,0.39300000
2018-03-17 15:06:18,0.07293500,0.19900000
2018-03-17 15:06:18,0.07303300,0.53400000
2018-03-17 15:06:18,0.07293900,0.18700000
2018-03-17 15:06:18,0.07293900,0.01300000
2018-03-17 15:06:18,0.07293800,0.13000000
2018-03-17 15:06:18,0.07293500,0.10600000
2018-03-17 15:06:19,0.07303200,0.28600000
2018-03-17 15:06:19,0.07303100,0.02000000
2018-03-17 15:06:19,0.07303100,0.38000000
2018-03-17 15:06:19,0.07303200,0.30000000
2018-03-17 15:06:20,0.07303500,0.05800000
2018-03-17 15:06:20,0.07303500,0.29200000
2018-03-17 15:06:20,0.07303900,0.38800000
2018-03-17 15:06:20,0.07304000,1.14400000
2018-03-17 15:06:20,0.07304100,2.03400000
2018-03-17 15:06:20,0.07304500,0.29100000
2018-03-17 15:06:20,0.07304600,2.67600000
2018-03-17 15:06:20,0.07303500,0.06800000
2018-03-17 15:06:21,0.07304400,0.35000000
2018-03-17 15:06:21,0.07304600,0.33000000
2018-03-17 15:06:21,0.07302500,0.08600000
2018-03-17 15:06:21,0.07302500,0.29900000
2018-03-17 15:06:22,0.07302500,0.61400000
2018-03-17 15:06:22,0.07302500,0.00100000
2018-03-17 15:06:22,0.07295400,0.24900000
2018-03-17 15:06:22,0.07295400,0.01700000
2018-03-17 15:06:22,0.07295400,0.15200000
2018-03-17 15:06:22,0.07304600,0.49400000
2018-03-17 15:06:24,0.07305200,0.48800000
2018-03-17 15:06:24,0.07305400,0.19200000
2018-03-17 15:06:24,0.07295900,1.37400000
2018-03-17 15:06:24,0.07295900,0.66600000
2018-03-17 15:06:24,0.07305400,0.25800000
2018-03-17 15:06:25,0.07297100,0.09900000
2018-03-17 15:06:25,0.07297100,0.25000000
2018-03-17 15:06:25,0.07305300,0.68000000
2018-03-17 15:06:26,0.07305300,0.28600000
2018-03-17 15:06:26,0.07297300,0.09900000
2018-03-17 15:06:26,0.07297300,0.25000000
2018-03-17 15:06:26,0.07305300,0.58700000
2018-03-17 15:06:26,0.07305600,0.09300000
2018-03-17 15:06:27,0.07305500,0.48600000
2018-03-17 15:06:27,0.07297400,0.48700000
2018-03-17 15:06:28,0.07297400,1.23300000
2018-03-17 15:06:28,0.07297400,0.66700000
2018-03-17 15:06:28,0.07305600,0.01700000
2018-03-17 15:06:28,0.07305900,0.33600000
2018-03-17 15:06:28,0.07306000,0.01400000
2018-03-17 15:06:28,0.07306000,0.26400000
2018-03-17 15:06:28,0.07306000,0.04000000
2018-03-17 15:06:28,0.07306000,0.02500000
2018-03-17 15:06:29,0.07306100,0.78900000
2018-03-17 15:06:30,0.07306100,4.11300000
2018-03-17 15:06:30,0.07306100,0.08100000
2018-03-17 15:06:30,0.07306200,1.36800000
2018-03-17 15:06:30,0.07306200,0.18100000
2018-03-17 15:06:31,0.07306200,0.05600000
2018-03-17 15:06:31,0.07306000,0.00100000
2018-03-17 15:06:31,0.07300000,0.01800000
2018-03-17 15:06:32,0.07306800,0.01500000
2018-03-17 15:06:32,0.07300000,0.64200000
2018-03-17 15:06:32,0.07297500,0.59800000
2018-03-17 15:06:32,0.07306900,0.47500000
2018-03-17 15:06:32,0.07297500,0.39700000
2018-03-17 15:06:32,0.07306900,0.02500000
2018-03-17 15:06:32,0.07297600,0.16900000
2018-03-17 15:06:33,0.07307200,0.35000000
2018-03-17 15:06:33,0.07307200,0.02000000
2018-03-17 15:06:33,0.07307100,0.63800000
2018-03-17 15:06:33,0.07307200,0.33000000
2018-03-17 15:06:33,0.07307100,0.34900000
2018-03-17 15:06:34,0.07307100,0.64600000
2018-03-17 15:06:34,0.07307200,0.34900000
2018-03-17 15:06:35,0.07307000,0.16900000
2018-03-17 15:06:35,0.07299100,0.09900000
2018-03-17 15:06:35,0.07307300,0.02000000
2018-03-17 15:06:35,0.07299100,0.44800000
2018-03-17 15:06:35,0.07308000,0.01400000
2018-03-17 15:06:35,0.07308100,0.02800000
2018-03-17 15:06:36,0.07308200,1.28200000
2018-03-17 15:06:37,0.07308200,1.47700000
2018-03-17 15:06:38,0.07308200,0.47700000
2018-03-17 15:06:38,0.07299700,0.12400000
2018-03-17 15:06:39,0.07308200,0.09000000
2018-03-17 15:06:40,0.07308200,0.68800000
2018-03-17 15:06:40,0.07308200,0.13900000
2018-03-17 15:06:40,0.07308100,0.12400000
2018-03-17 15:06:40,0.07308200,1.18600000
2018-03-17 15:06:41,0.07300100,0.28300000
2018-03-17 15:06:42,0.07308200,0.25900000
2018-03-17 15:06:42,0.07308200,0.83400000
2018-03-17 15:06:42,0.07300300,0.13000000
2018-03-17 15:06:43,0.07308200,0.56100000
2018-03-17 15:06:43,0.07308200,0.74700000
2018-03-17 15:06:44,0.07308200,1.36800000
2018-03-17 15:06:44,0.07300500,0.02800000
2018-03-17 15:06:44,0.07300400,1.34400000
2018-03-17 15:06:44,0.07308200,2.89100000
2018-03-17 15:06:44,0.07300400,1.82900000
2018-03-17 15:06:44,0.07300400,1.27800000
2018-03-17 15:06:45,0.07304300,32.21800000
2018-03-17 15:06:45,0.07300400,5.16800000
2018-03-17 15:06:45,0.07300400,11.48200000
2018-03-17 15:06:45,0.07300400,4.13800000
2018-03-17 15:06:45,0.07300400,0.31200000
2018-03-17 15:06:45,0.07308200,0.00100000
2018-03-17 15:06:45,0.07308400,0.05800000
2018-03-17 15:06:46,0.07300300,0.09000000
2018-03-17 15:06:46,0.07308200,1.90300000
2018-03-17 15:06:47,0.07308200,1.36800000
2018-03-17 15:06:47,0.07308200,1.09100000
2018-03-17 15:06:47,0.07308200,1.58800000
2018-03-17 15:06:47,0.07308100,0.09000000
2018-03-17 15:06:47,0.07308200,0.28400000
2018-03-17 15:06:48,0.07308400,0.01200000
2018-03-17 15:06:48,0.07308700,0.24600000
2018-03-17 15:06:48,0.07309100,0.39600000
2018-03-17 15:06:48,0.07309300,0.37700000
2018-03-17 15:06:48,0.07309400,0.02100000
2018-03-17 15:06:48,0.07309700,0.10100000
2018-03-17 15:06:48,0.07309800,0.02000000
2018-03-17 15:06:48,0.07310000,1.18200000
2018-03-17 15:06:48,0.07310700,0.08000000
2018-03-17 15:06:48,0.07311300,0.02800000
2018-03-17 15:06:48,0.07311800,0.29600000
2018-03-17 15:06:48,0.07309300,0.17400000
2018-03-17 15:06:49,0.07311500,0.34900000
2018-03-17 15:06:50,0.07311500,0.00100000
2018-03-17 15:06:50,0.07311800,0.10300000
2018-03-17 15:06:53,0.07308300,0.47200000
2018-03-17 15:06:53,0.07308300,0.16400000
2018-03-17 15:06:53,0.07308300,0.02500000
2018-03-17 15:06:53,0.07308300,1.08800000
2018-03-17 15:06:53,0.07308300,0.30200000
2018-03-17 15:06:53,0.07308300,0.00100000
2018-03-17 15:06:53,0.07308200,0.00100000
2018-03-17 15:06:53,0.07302400,0.00100000
2018-03-17 15:06:54,0.07302500,0.34900000
2018-03-17 15:06:54,0.07302500,0.31900000
2018-03-17 15:06:54,0.07302500,0.34900000
2018-03-17 15:06:54,0.07302500,1.10000000
2018-03-17 15:06:54,0.07302500,0.28300000
2018-03-17 15:06:54,0.07302400,0.05500000
2018-03-17 15:06:54,0.07302500,0.78200000
2018-03-17 15:06:54,0.07311800,0.00100000
2018-03-17 15:06:54,0.07312000,0.01400000
2018-03-17 15:06:54,0.07312200,0.18500000
2018-03-17 15:06:55,0.07312200,0.20600000
2018-03-17 15:06:55,0.07302700,0.23000000
2018-03-17 15:06:55,0.07302600,1.14200000
2018-03-17 15:06:55,0.07302600,1.29700000
2018-03-17 15:06:55,0.07311700,0.24200000
2018-03-17 15:06:55,0.07305000,0.49900000
2018-03-17 15:06:55,0.07305000,0.32800000
2018-03-17 15:06:55,0.07305000,1.03300000
2018-03-17 15:06:55,0.07305000,0.71500000
2018-03-17 15:06:55,0.07305000,0.66900000
2018-03-17 15:06:55,0.07305000,0.04800000
2018-03-17 15:06:55,0.07305000,1.74400000
2018-03-17 15:06:55,0.07305000,0.16600000
2018-03-17 15:06:56,0.07308300,0.06500000
2018-03-17 15:06:56,0.07311700,0.95700000
2018-03-17 15:06:56,0.07308300,0.49600000
2018-03-17 15:06:56,0.07308300,0.20300000
2018-03-17 15:06:56,0.07308300,0.15300000
2018-03-17 15:06:56,0.07308300,0.44000000
2018-03-17 15:06:56,0.07308300,0.56600000
2018-03-17 15:06:56,0.07308300,0.86300000
2018-03-17 15:06:56,0.07308300,1.37200000
2018-03-17 15:06:56,0.07308300,0.25200000
2018-03-17 15:06:56,0.07308300,0.05000000
2018-03-17 15:06:56,0.07308300,1.05700000
2018-03-17 15:06:56,0.07308300,0.09400000
2018-03-17 15:06:56,0.07308300,0.18300000
2018-03-17 15:06:56,0.07308300,0.30000000
2018-03-17 15:06:56,0.07308300,0.29500000
2018-03-17 15:06:56,0.07308300,0.02700000
2018-03-17 15:06:56,0.07308300,0.25300000
2018-03-17 15:06:56,0.07308300,0.39600000
2018-03-17 15:06:56,0.07308300,0.12700000
2018-03-17 15:06:56,0.07308300,0.86100000
2018-03-17 15:06:56,0.07308300,0.60400000
2018-03-17 15:06:57,0.07308400,0.02500000
2018-03-17 15:06:57,0.07308400,0.00500000
2018-03-17 15:06:57,0.07308300,0.02400000
2018-03-17 15:06:58,0.07312200,0.00100000
2018-03-17 15:06:58,0.07312600,0.05200000
2018-03-17 15:06:58,0.07314000,0.01400000
2018-03-17 15:06:58,0.07315000,0.02800000
2018-03-17 15:06:58,0.07316000,0.01400000
2018-03-17 15:06:58,0.07317000,0.01400000
2018-03-17 15:06:58,0.07317300,2.00100000
2018-03-17 15:06:58,0.07317400,0.40000000
2018-03-17 15:06:58,0.07317700,0.32000000
2018-03-17 15:06:58,0.07317800,0.67900000
2018-03-17 15:06:58,0.07318000,1.11100000
2018-03-17 15:06:58,0.07318800,0.31500000
2018-03-17 15:06:58,0.07319000,0.01400000
2018-03-17 15:06:58,0.07319900,0.63100000
2018-03-17 15:06:58,0.07320000,6.51800000
2018-03-17 15:06:58,0.07308400,0.32000000
2018-03-17 15:06:58,0.07308300,1.05200000
2018-03-17 15:06:58,0.07308300,1.11900000
2018-03-17 15:06:58,0.07308400,0.31900000
2018-03-17 15:06:58,0.07308500,1.72700000
2018-03-17 15:06:59,0.07308600,0.19900000
2018-03-17 15:06:59,0.07308500,0.04600000
2018-03-17 15:06:59,0.07308600,0.05300000
2018-03-17 15:06:59,0.07308600,0.14700000
2018-03-17 15:06:59,0.07308500,0.22100000
2018-03-17 15:06:59,0.07308600,0.22000000
2018-03-17 15:06:59,0.07308500,0.47200000
2018-03-17 15:06:59,0.07308600,0.09900000
2018-03-17 15:06:59,0.07308600,0.04300000
2018-03-17 15:07:00,0.07316800,0.17300000
2018-03-17 15:07:01,0.07308900,0.38600000
2018-03-17 15:07:01,0.07309000,0.17300000
2018-03-17 15:07:01,0.07308900,0.32300000
2018-03-17 15:07:02,0.07308900,0.17300000
2018-03-17 15:07:02,0.07308900,0.05900000
2018-03-17 15:07:02,0.07308900,0.02300000
2018-03-17 15:07:03,0.07309000,0.52000000
2018-03-17 15:07:03,0.07309000,0.68000000
2018-03-17 15:07:03,0.07308900,0.51900000
2018-03-17 15:07:03,0.07308900,0.16400000
2018-03-17 15:07:03,0.07316700,0.01500000
2018-03-17 15:07:03,0.07316700,3.16600000
2018-03-17 15:07:06,0.07310100,0.02800000
2018-03-17 15:07:06,0.07310100,0.06000000
2018-03-17 15:07:06,0.07310100,0.86100000
2018-03-17 15:07:06,0.07310100,0.45000000
2018-03-17 15:07:07,0.07310100,0.03100000
2018-03-17 15:07:07,0.07310100,0.03000000
2018-03-17 15:07:07,0.07310100,0.09500000
2018-03-17 15:07:08,0.07310100,0.09500000
2018-03-17 15:07:09,0.07310100,0.03600000
2018-03-17 15:07:09,0.07310100,0.09500000
2018-03-17 15:07:10,0.07310100,0.06900000
2018-03-17 15:07:10,0.07310000,0.02600000
2018-03-17 15:07:10,0.07310000,0.02200000
2018-03-17 15:07:11,0.07310000,0.51500000
2018-03-17 15:07:11,0.07310000,0.07700000
2018-03-17 15:07:11,0.07310000,0.09500000
2018-03-17 15:07:11,0.07310000,0.01800000
2018-03-17 15:07:11,0.07310000,0.47000000
2018-03-17 15:07:11,0.07310000,1.50000000
2018-03-17 15:07:12,0.07310000,0.24200000
2018-03-17 15:07:12,0.07310000,0.09500000
2018-03-17 15:07:12,0.07310000,0.06200000
2018-03-17 15:07:12,0.07310000,0.05100000
2018-03-17 15:07:13,0.07313200,1.09300000
2018-03-17 15:07:13,0.07313200,0.00100000
2018-03-17 15:07:13,0.07310000,0.13000000
2018-03-17 15:07:13,0.07310000,0.05600000
2018-03-17 15:07:13,0.07310000,0.04000000
2018-03-17 15:07:13,0.07310000,0.33200000
2018-03-17 15:07:13,0.07310000,0.08400000
2018-03-17 15:07:13,0.07310000,0.09500000
2018-03-17 15:07:13,0.07310000,2.12000000
2018-03-17 15:07:14,0.07310100,0.03800000
2018-03-17 15:07:14,0.07310100,0.00300000
2018-03-17 15:07:14,0.07310000,0.03700000
2018-03-17 15:07:14,0.07310000,0.11700000
2018-03-17 15:07:14,0.07316700,0.00100000
2018-03-17 15:07:14,0.07316800,0.19500000
2018-03-17 15:07:14,0.07316900,0.04100000
2018-03-17 15:07:14,0.07317300,0.41300000
2018-03-17 15:07:14,0.07317400,0.04600000
2018-03-17 15:07:14,0.07319700,1.00900000
2018-03-17 15:07:14,0.07320000,5.19400000
2018-03-17 15:07:14,0.07320000,0.51700000
2018-03-17 15:07:14,0.07317400,0.09500000
2018-03-17 15:07:14,0.07317400,0.60100000
2018-03-17 15:07:14,0.07310100,0.09400000
2018-03-17 15:07:14,0.07310100,0.12000000
2018-03-17 15:07:15,0.07310200,0.09500000
2018-03-17 15:07:15,0.07317300,0.06800000
2018-03-17 15:07:15,0.07310200,7.86100000
2018-03-17 15:07:16,0.07310200,0.09500000
2018-03-17 15:07:16,0.07313700,13.66700000
2018-03-17 15:07:16,0.07317300,2.06900000
2018-03-17 15:07:16,0.07310200,5.81900000
2018-03-17 15:07:16,0.07310200,2.17000000
2018-03-17 15:07:16,0.07310200,0.44600000
2018-03-17 15:07:17,0.07310200,0.05000000
2018-03-17 15:07:17,0.07310200,0.09500000
2018-03-17 15:07:17,0.07310200,0.17400000
2018-03-17 15:07:18,0.07310200,0.00100000
2018-03-17 15:07:18,0.07310100,0.09400000
2018-03-17 15:07:19,0.07310100,0.40900000
2018-03-17 15:07:19,0.07310100,0.17400000
2018-03-17 15:07:19,0.07310100,0.09500000
2018-03-17 15:07:19,0.07310100,0.04700000
2018-03-17 15:07:20,0.07317300,0.25900000
2018-03-17 15:07:20,0.07310300,0.09500000
2018-03-17 15:07:20,0.07310300,1.33900000
2018-03-17 15:07:21,0.07317300,0.56000000
2018-03-17 15:07:21,0.07317300,0.15900000
2018-03-17 15:07:21,0.07317300,2.14100000
2018-03-17 15:07:22,0.07319900,0.13000000
2018-03-17 15:07:22,0.07320000,0.21200000
2018-03-17 15:07:22,0.07310300,0.63500000
2018-03-17 15:07:22,0.07310000,0.00500000
2018-03-17 15:07:22,0.07310500,0.07500000
2018-03-17 15:07:23,0.07319800,0.11100000
2018-03-17 15:07:23,0.07310700,0.10000000
2018-03-17 15:07:23,0.07310600,0.15500000
2018-03-17 15:07:23,0.07310700,0.69500000
2018-03-17 15:07:23,0.07312000,0.27800000
2018-03-17 15:07:23,0.07312000,0.02900000
2018-03-17 15:07:24,0.07319700,1.36600000
2018-03-17 15:07:24,0.07312000,0.13800000
2018-03-17 15:07:24,0.07312000,0.09800000
2018-03-17 15:07:24,0.07312000,0.69900000
2018-03-17 15:07:24,0.07312000,1.37000000
2018-03-17 15:07:24,0.07312000,0.03800000
2018-03-17 15:07:24,0.07319300,0.14000000
2018-03-17 15:07:24,0.07312000,0.22300000
2018-03-17 15:07:24,0.07312000,0.84400000
2018-03-17 15:07:24,0.07312000,1.11700000
2018-03-17 15:07:25,0.07319600,0.81200000
2018-03-17 15:07:25,0.07312000,0.22500000
2018-03-17 15:07:25,0.07312000,0.81600000
2018-03-17 15:07:26,0.07312100,0.07700000
2018-03-17 15:07:27,0.07312100,0.07000000
2018-03-17 15:07:27,0.07312100,0.04600000
2018-03-17 15:07:28,0.07319500,0.08900000
2018-03-17 15:07:28,0.07312200,0.40400000
2018-03-17 15:07:29,0.07315800,29.56200000
2018-03-17 15:07:29,0.07312200,16.20500000
2018-03-17 15:07:29,0.07312100,0.07700000
2018-03-17 15:07:31,0.07312200,0.32300000
2018-03-17 15:07:31,0.07312200,0.08100000
2018-03-17 15:07:31,0.07319500,1.11200000
2018-03-17 15:07:32,0.07319800,1.05600000
2018-03-17 15:07:32,0.07312300,0.06500000
2018-03-17 15:07:32,0.07312300,0.19500000
2018-03-17 15:07:33,0.07312300,0.39400000
2018-03-17 15:07:33,0.07312400,0.30800000
2018-03-17 15:07:33,0.07320000,1.35300000
2018-03-17 15:07:33,0.07320000,0.10000000
2018-03-17 15:07:33,0.07320000,0.00100000
2018-03-17 15:07:33,0.07320700,0.39800000
2018-03-17 15:07:34,0.07320000,0.09300000
2018-03-17 15:07:34,0.07320000,0.31100000
2018-03-17 15:07:34,0.07312500,0.09200000
2018-03-17 15:07:34,0.07312500,0.05900000
2018-03-17 15:07:34,0.07312400,0.34400000
2018-03-17 15:07:34,0.07312400,0.15200000
2018-03-17 15:07:34,0.07312400,0.29500000
2018-03-17 15:07:34,0.07312400,0.23100000
2018-03-17 15:07:34,0.07312300,0.17200000
2018-03-17 15:07:34,0.07312300,0.06400000
2018-03-17 15:07:34,0.07312300,0.13800000
2018-03-17 15:07:34,0.07312300,0.18500000
2018-03-17 15:07:34,0.07312300,0.32200000
2018-03-17 15:07:34,0.07312300,0.40300000
2018-03-17 15:07:34,0.07312300,0.22200000
2018-03-17 15:07:34,0.07312300,0.03400000
2018-03-17 15:07:34,0.07312300,0.40300000
2018-03-17 15:07:36,0.07320900,1.36600000
2018-03-17 15:07:36,0.07312700,1.37100000
2018-03-17 15:07:36,0.07320900,0.36100000
2018-03-17 15:07:36,0.07312700,1.75600000
2018-03-17 15:07:37,0.07312800,0.09500000
2018-03-17 15:07:38,0.07312800,0.66000000
2018-03-17 15:07:38,0.07312800,0.00100000
2018-03-17 15:07:38,0.07312700,0.00200000
2018-03-17 15:07:38,0.07312600,0.14700000
2018-03-17 15:07:38,0.07312600,0.14000000
2018-03-17 15:07:38,0.07312600,0.76100000
2018-03-17 15:07:38,0.07312600,0.00100000
2018-03-17 15:07:38,0.07312200,0.05300000
2018-03-17 15:07:38,0.07320900,1.11800000
2018-03-17 15:07:38,0.07320900,0.36800000
2018-03-17 15:07:38,0.07321000,0.00400000
2018-03-17 15:07:38,0.07312800,0.09500000
2018-03-17 15:07:39,0.07312900,1.55000000
2018-03-17 15:07:39,0.07320900,0.38800000
2018-03-17 15:07:39,0.07312900,0.00400000
2018-03-17 15:07:39,0.07312800,0.40100000
2018-03-17 15:07:39,0.07312700,0.88300000
2018-03-17 15:07:39,0.07312700,0.23600000
2018-03-17 15:07:39,0.07312600,0.99800000
2018-03-17 15:07:39,0.07312900,0.13300000
2018-03-17 15:07:39,0.07312900,0.09500000
2018-03-17 15:07:39,0.07312900,0.13200000
2018-03-17 15:07:39,0.07312900,0.19700000
2018-03-17 15:07:39,0.07312900,0.07700000
2018-03-17 15:07:40,0.07313000,0.09500000
2018-03-17 15:07:40,0.07313000,0.01600000
2018-03-17 15:07:40,0.07320900,0.10600000
2018-03-17 15:07:40,0.07320900,0.26200000
2018-03-17 15:07:40,0.07321000,0.01000000
2018-03-17 15:07:40,0.07321500,0.30800000
2018-03-17 15:07:40,0.07321600,1.87200000
2018-03-17 15:07:40,0.07321700,1.77400000
2018-03-17 15:07:40,0.07321800,0.13000000
2018-03-17 15:07:40,0.07322000,0.10700000
2018-03-17 15:07:40,0.07322200,0.35200000
2018-03-17 15:07:40,0.07322300,0.32400000
2018-03-17 15:07:40,0.07322800,0.06800000
2018-03-17 15:07:40,0.07323000,0.01400000
2018-03-17 15:07:40,0.07323300,0.05500000
2018-03-17 15:07:40,0.07324000,0.01400000
2018-03-17 15:07:40,0.07324800,1.99700000
2018-03-17 15:07:40,0.07325000,9.70700000
2018-03-17 15:07:40,0.07325400,0.40000000
2018-03-17 15:07:40,0.07325700,0.37700000
2018-03-17 15:07:40,0.07325800,0.49700000
2018-03-17 15:07:40,0.07326000,0.01400000
2018-03-17 15:07:40,0.07326900,0.04000000
2018-03-17 15:07:40,0.07327000,0.36600000
2018-03-17 15:07:40,0.07327500,0.62500000
2018-03-17 15:07:40,0.07327800,1.09400000
2018-03-17 15:07:40,0.07327900,0.26800000
2018-03-17 15:07:40,0.07328000,0.01400000
2018-03-17 15:07:40,0.07329000,0.01400000
2018-03-17 15:07:40,0.07329400,0.32800000
2018-03-17 15:07:40,0.07329600,0.92600000
2018-03-17 15:07:40,0.07329700,1.35300000
2018-03-17 15:07:40,0.07329900,1.64000000
2018-03-17 15:07:41,0.07321700,0.22000000
2018-03-17 15:07:41,0.07313000,0.27600000
2018-03-17 15:07:41,0.07313000,0.00100000
2018-03-17 15:07:41,0.07312900,0.00100000
2018-03-17 15:07:41,0.07312600,0.25500000
2018-03-17 15:07:41,0.07321700,0.22000000
2018-03-17 15:07:41,0.07321600,0.10600000
2018-03-17 15:07:41,0.07312700,0.35000000
2018-03-17 15:07:41,0.07312600,0.33900000
2018-03-17 15:07:41,0.07313100,0.09500000
2018-03-17 15:07:41,0.07313200,0.03400000
2018-03-17 15:07:42,0.07320800,0.06300000
2018-03-17 15:07:42,0.07313200,0.05100000
2018-03-17 15:07:42,0.07313200,0.80200000
2018-03-17 15:07:42,0.07313200,0.09500000
2018-03-17 15:07:42,0.07313200,0.09400000
2018-03-17 15:07:43,0.07313300,0.66500000
2018-03-17 15:07:43,0.07313300,0.44900000
2018-03-17 15:07:43,0.07313300,0.09500000
2018-03-17 15:07:44,0.07313200,0.09500000
2018-03-17 15:07:44,0.07320700,0.09500000
2018-03-17 15:07:45,0.07320600,1.11400000
2018-03-17 15:07:45,0.07320500,0.82000000
2018-03-17 15:07:45,0.07313200,0.09500000
2018-03-17 15:07:45,0.07320500,0.20500000
2018-03-17 15:07:45,0.07320800,0.06300000
2018-03-17 15:07:45,0.07320700,0.20300000
2018-03-17 15:07:45,0.07313200,0.29700000
2018-03-17 15:07:45,0.07313200,0.06500000
2018-03-17 15:07:46,0.07318700,0.05900000
2018-03-17 15:07:46,0.07313300,0.09500000
2018-03-17 15:07:46,0.07318700,0.00100000
2018-03-17 15:07:46,0.07320700,0.40600000
2018-03-17 15:07:47,0.07320800,0.75800000
2018-03-17 15:07:47,0.07320700,0.00100000
2018-03-17 15:07:47,0.07314100,0.09400000
2018-03-17 15:07:48,0.07322600,0.22000000
2018-03-17 15:07:48,0.07314300,0.07000000
2018-03-17 15:07:48,0.07323400,1.56400000
2018-03-17 15:07:48,0.07314300,0.09500000
2018-03-17 15:07:48,0.07314300,1.21000000
2018-03-17 15:07:48,0.07314200,0.09400000
2018-03-17 15:07:48,0.07314200,0.42000000
2018-03-17 15:07:48,0.07314400,0.29000000
2018-03-17 15:07:49,0.07322500,0.36900000
2018-03-17 15:07:49,0.07314500,0.16600000
2018-03-17 15:07:49,0.07314500,0.15400000
2018-03-17 15:07:49,0.07314400,0.06500000
2018-03-17 15:07:49,0.07314500,0.09500000
2018-03-17 15:07:50,0.07314500,0.07800000
2018-03-17 15:07:50,0.07323400,0.25100000
2018-03-17 15:07:50,0.07323400,0.02100000
2018-03-17 15:07:50,0.07314600,0.12900000
2018-03-17 15:07:50,0.07314600,0.25900000
2018-03-17 15:07:50,0.07314500,0.12800000
2018-03-17 15:07:50,0.07314600,0.09500000
2018-03-17 15:07:50,0.07314600,1.02000000
2018-03-17 15:07:50,0.07314600,5.09300000
2018-03-17 15:07:50,0.07314800,0.16000000
2018-03-17 15:07:51,0.07323200,0.24500000
2018-03-17 15:07:51,0.07314800,0.09500000
2018-03-17 15:07:51,0.07314800,0.30000000
2018-03-17 15:07:52,0.07314900,0.06300000
2018-03-17 15:07:52,0.07323100,1.19900000
2018-03-17 15:07:53,0.07322900,0.06300000
2018-03-17 15:07:53,0.07315500,0.31400000
2018-03-17 15:07:53,0.07323000,0.38800000
2018-03-17 15:07:53,0.07315600,0.50800000
2018-03-17 15:07:54,0.07315600,0.69100000
2018-03-17 15:07:54,0.07315600,0.25700000
2018-03-17 15:07:54,0.07315500,0.14700000
2018-03-17 15:07:54,0.07315000,0.28700000
2018-03-17 15:07:54,0.07315000,0.03900000
2018-03-17 15:07:54,0.07315600,0.09500000
2018-03-17 15:07:54,0.07323200,0.00100000
2018-03-17 15:07:54,0.07324700,0.09400000
2018-03-17 15:07:54,0.07324700,0.09500000
2018-03-17 15:07:54,0.07317900,0.32700000
2018-03-17 15:07:54,0.07317900,0.00200000
2018-03-17 15:07:54,0.07315600,0.09600000
2018-03-17 15:07:54,0.07315100,0.04600000
2018-03-17 15:07:54,0.07315100,0.32300000
2018-03-17 15:07:54,0.07315000,0.00500000
2018-03-17 15:07:54,0.07315000,0.14800000
2018-03-17 15:07:54,0.07315000,0.02100000
2018-03-17 15:07:54,0.07314000,0.01400000
2018-03-17 15:07:54,0.07313200,0.11300000
2018-03-17 15:07:55,0.07317900,0.02100000
2018-03-17 15:07:55,0.07315700,1.37000000
2018-03-17 15:07:55,0.07315700,0.18400000
2018-03-17 15:07:55,0.07317900,0.00100000
2018-03-17 15:07:55,0.07323000,0.02800000
2018-03-17 15:07:55,0.07323000,0.00100000
2018-03-17 15:07:55,0.07315700,0.39000000
2018-03-17 15:07:55,0.07315600,0.04600000
2018-03-17 15:07:55,0.07313200,0.42200000
2018-03-17 15:07:55,0.07313200,0.33200000
2018-03-17 15:07:55,0.07313000,0.01400000
2018-03-17 15:07:55,0.07312900,0.50600000
2018-03-17 15:07:55,0.07315700,0.00100000
2018-03-17 15:07:56,0.07317900,0.02100000
2018-03-17 15:07:56,0.07324600,0.11900000
2018-03-17 15:07:56,0.07317900,0.00100000
2018-03-17 15:07:56,0.07315700,0.02000000
2018-03-17 15:07:56,0.07315700,0.02100000
2018-03-17 15:07:56,0.07315700,0.02100000
2018-03-17 15:07:56,0.07320000,0.24100000
2018-03-17 15:07:57,0.07315800,0.68600000
2018-03-17 15:07:57,0.07320000,0.00200000
2018-03-17 15:07:57,0.07323100,1.01300000
2018-03-17 15:07:57,0.07323100,0.68200000
2018-03-17 15:07:57,0.07315800,0.68100000
2018-03-17 15:07:57,0.07323000,0.67400000
2018-03-17 15:07:58,0.07323100,0.27300000
2018-03-17 15:07:58,0.07315800,0.68600000
2018-03-17 15:07:58,0.07315800,0.14700000
2018-03-17 15:07:58,0.07312900,0.68500000
2018-03-17 15:07:58,0.07324400,0.13000000
2018-03-17 15:07:58,0.07324400,0.34900000
2018-03-17 15:07:58,0.07323000,0.23400000
2018-03-17 15:07:59,0.07322900,0.24600000
2018-03-17 15:07:59,0.07313200,0.22400000
2018-03-17 15:07:59,0.07313100,0.46200000
2018-03-17 15:08:00,0.07313300,0.15000000
2018-03-17 15:08:00,0.07313300,0.09500000
2018-03-17 15:08:01,0.07313300,0.07100000
2018-03-17 15:08:01,0.07322400,1.20100000
2018-03-17 15:08:01,0.07322500,1.56000000
2018-03-17 15:08:02,0.07322300,0.34000000
2018-03-17 15:08:02,0.07322200,1.15100000
2018-03-17 15:08:03,0.07321900,0.03200000
2018-03-17 15:08:03,0.07322100,0.65800000
2018-03-17 15:08:03,0.07322200,0.58600000
2018-03-17 15:08:03,0.07322300,0.10500000
2018-03-17 15:08:04,0.07322200,0.03400000
2018-03-17 15:08:04,0.07322200,0.41400000
2018-03-17 15:08:04,0.07322300,0.76500000
2018-03-17 15:08:04,0.07322400,0.35000000
2018-03-17 15:08:04,0.07322800,0.38900000
2018-03-17 15:08:04,0.07322900,0.43200000
2018-03-17 15:08:04,0.07324700,0.16600000
2018-03-17 15:08:04,0.07326000,0.33200000
2018-03-17 15:08:04,0.07328000,0.54700000
2018-03-17 15:08:04,0.07322900,0.02000000
2018-03-17 15:08:04,0.07322900,0.10000000
2018-03-17 15:08:04,0.07322900,0.10000000
2018-03-17 15:08:04,0.07322900,0.03600000
2018-03-17 15:08:04,0.07322900,0.03000000
2018-03-17 15:08:04,0.07322900,0.10000000
2018-03-17 15:08:04,0.07322900,0.02000000
2018-03-17 15:08:04,0.07328200,0.22900000
2018-03-17 15:08:04,0.07322900,0.10000000
2018-03-17 15:08:04,0.07322900,1.20100000
2018-03-17 15:08:04,0.07322900,0.00100000
2018-03-17 15:08:04,0.07322200,0.03800000
2018-03-17 15:08:04,0.07322200,0.19200000
2018-03-17 15:08:04,0.07322200,0.11200000
2018-03-17 15:08:04,0.07322200,0.10000000
2018-03-17 15:08:04,0.07322200,0.00600000
2018-03-17 15:08:04,0.07313600,0.20000000
2018-03-17 15:08:04,0.07313500,0.32000000
2018-03-17 15:08:04,0.07313500,0.19100000
2018-03-17 15:08:04,0.07313700,0.51500000
2018-03-17 15:08:04,0.07313500,0.68600000
2018-03-17 15:08:04,0.07329000,0.21200000
2018-03-17 15:08:04,0.07313500,0.73700000
2018-03-17 15:08:04,0.07322500,0.01500000
2018-03-17 15:08:04,0.07313500,0.11500000
2018-03-17 15:08:04,0.07314200,0.82900000
2018-03-17 15:08:05,0.07327700,1.36600000
2018-03-17 15:08:05,0.07327700,0.93800000
2018-03-17 15:08:05,0.07314800,0.71100000
2018-03-17 15:08:05,0.07314900,0.12700000
2018-03-17 15:08:06,0.07327200,0.50200000
2018-03-17 15:08:06,0.07317100,0.53200000
2018-03-17 15:08:06,0.07317100,0.53200000
2018-03-17 15:08:06,0.07317200,0.22000000
2018-03-17 15:08:06,0.07317100,0.53000000
2018-03-17 15:08:06,0.07317100,0.09900000
2018-03-17 15:08:06,0.07317200,0.04800000
2018-03-17 15:08:06,0.07317200,0.03800000
2018-03-17 15:08:06,0.07317300,0.09600000
2018-03-17 15:08:07,0.07317300,1.37000000
2018-03-17 15:08:07,0.07317300,1.24400000
2018-03-17 15:08:07,0.07317200,0.12600000
2018-03-17 15:08:07,0.07317200,0.28400000
2018-03-17 15:08:07,0.07317100,0.95900000
2018-03-17 15:08:07,0.07317100,0.04400000
2018-03-17 15:08:07,0.07317000,0.11900000
2018-03-17 15:08:07,0.07317000,0.41300000
2018-03-17 15:08:07,0.07317400,0.97100000
2018-03-17 15:08:07,0.07317400,0.00100000
2018-03-17 15:08:07,0.07317000,0.00100000
2018-03-17 15:08:07,0.07314900,0.68300000
2018-03-17 15:08:08,0.07325300,0.33500000
2018-03-17 15:08:08,0.07315100,0.12900000
2018-03-17 15:08:08,0.07317400,0.15300000
2018-03-17 15:08:09,0.07323100,0.03500000
2018-03-17 15:08:09,0.07317400,1.37000000
2018-03-17 15:08:09,0.07317400,0.02500000
2018-03-17 15:08:09,0.07317400,1.37000000
2018-03-17 15:08:09,0.07317400,0.67200000
2018-03-17 15:08:09,0.07315100,0.48900000
2018-03-17 15:08:09,0.07315000,0.90500000
2018-03-17 15:08:09,0.07315000,0.67100000
2018-03-17 15:08:09,0.07315100,0.10000000
2018-03-17 15:08:09,0.07315000,0.11100000
2018-03-17 15:08:10,0.07322600,0.19000000
2018-03-17 15:08:10,0.07314800,0.69900000
2018-03-17 15:08:11,0.07322000,0.33800000
2018-03-17 15:08:14,0.07322000,0.69000000
2018-03-17 15:08:14,0.07322000,2.03000000
2018-03-17 15:08:14,0.07323100,0.10800000
2018-03-17 15:08:14,0.07324200,0.20000000
2018-03-17 15:08:14,0.07324300,0.30100000
2018-03-17 15:08:14,0.07324300,0.13500000
2018-03-17 15:08:15,0.07314900,0.44900000
2018-03-17 15:08:15,0.07314800,0.00100000
2018-03-17 15:08:15,0.07314000,0.01400000
2018-03-17 15:08:15,0.07313400,1.08600000
2018-03-17 15:08:15,0.07315000,1.37000000
2018-03-17 15:08:15,0.07315100,0.34700000
2018-03-17 15:08:15,0.07315100,0.57500000
2018-03-17 15:08:15,0.07315100,1.13600000
2018-03-17 15:08:15,0.07315000,0.57400000
2018-03-17 15:08:15,0.07315000,0.68600000
2018-03-17 15:08:16,0.07315000,2.37200000
2018-03-17 15:08:16,0.07315000,0.07900000
2018-03-17 15:08:17,0.07316000,0.02100000
2018-03-17 15:08:17,0.07315000,0.03200000
2018-03-17 15:08:17,0.07316000,0.00100000
2018-03-17 15:08:18,0.07316000,0.17100000
2018-03-17 15:08:18,0.07316000,0.17400000
2018-03-17 15:08:18,0.07315000,0.10500000
2018-03-17 15:08:18,0.07323600,0.30800000
2018-03-17 15:08:19,0.07323500,0.58100000
2018-03-17 15:08:19,0.07323500,3.40400000
2018-03-17 15:08:19,0.07323600,0.77800000
2018-03-17 15:08:19,0.07323700,0.34900000
2018-03-17 15:08:19,0.07323800,0.49700000
2018-03-17 15:08:19,0.07323900,1.05100000
2018-03-17 15:08:19,0.07324100,0.38900000
2018-03-17 15:08:19,0.07324200,3.46300000
2018-03-17 15:08:19,0.07324300,0.35000000
2018-03-17 15:08:19,0.07326000,0.30900000
2018-03-17 15:08:19,0.07324300,0.33000000
2018-03-17 15:08:19,0.07327200,0.50000000
2018-03-17 15:08:19,0.07327800,1.09600000
2018-03-17 15:08:19,0.07328000,1.15400000
2018-03-17 15:08:19,0.07326000,0.02200000
2018-03-17 15:08:19,0.07316100,0.43200000
2018-03-17 15:08:20,0.07316200,1.37000000
2018-03-17 15:08:20,0.07316200,0.94200000
2018-03-17 15:08:20,0.07323400,0.61600000
2018-03-17 15:08:20,0.07316200,0.07900000
2018-03-17 15:08:20,0.07316200,1.18600000
2018-03-17 15:08:20,0.07316100,0.00200000
2018-03-17 15:08:20,0.07316200,0.13000000
2018-03-17 15:08:20,0.07316100,0.01400000
2018-03-17 15:08:20,0.07316200,0.13100000
2018-03-17 15:08:20,0.07316200,0.33200000
2018-03-17 15:08:20,0.07316200,0.00100000
2018-03-17 15:08:20,0.07323400,1.07200000
2018-03-17 15:08:20,0.07325900,0.30900000
2018-03-17 15:08:20,0.07316100,0.13600000
2018-03-17 15:08:21,0.07316200,0.05000000
2018-03-17 15:08:21,0.07316200,0.94300000
2018-03-17 15:08:21,0.07316200,0.56500000
2018-03-17 15:08:21,0.07316100,0.80400000
2018-03-17 15:08:21,0.07316400,0.11100000
2018-03-17 15:08:22,0.07316500,1.36900000
2018-03-17 15:08:22,0.07316500,0.06900000
2018-03-17 15:08:23,0.07316700,0.29000000
2018-03-17 15:08:23,0.07316700,0.00100000
2018-03-17 15:08:23,0.07316600,0.28900000
2018-03-17 15:08:23,0.07316600,1.69300000
2018-03-17 15:08:23,0.07316700,0.12100000
2018-03-17 15:08:23,0.07325300,0.07900000
2018-03-17 15:08:24,0.07316800,1.36900000
2018-03-17 15:08:24,0.07316800,0.14500000
2018-03-17 15:08:25,0.07316900,1.09800000
2018-03-17 15:08:25,0.07325100,0.37000000
2018-03-17 15:08:25,0.07325200,0.99500000
2018-03-17 15:08:25,0.07325200,0.02000000
2018-03-17 15:08:25,0.07325200,6.63900000
2018-03-17 15:08:25,0.07325300,1.98200000
2018-03-17 15:08:25,0.07327900,0.50000000
2018-03-17 15:08:25,0.07328000,12.08400000
2018-03-17 15:08:26,0.07325200,0.60100000
2018-03-17 15:08:26,0.07317100,0.37100000
2018-03-17 15:08:26,0.07317000,0.46700000
2018-03-17 15:08:26,0.07317000,0.37100000
2018-03-17 15:08:26,0.07317100,0.11800000
2018-03-17 15:08:26,0.07317100,1.15000000
2018-03-17 15:08:27,0.07317200,1.37000000
2018-03-17 15:08:27,0.07317200,0.18600000
2018-03-17 15:08:27,0.07317100,1.18100000
2018-03-17 15:08:27,0.07317100,0.18500000
2018-03-17 15:08:28,0.07325000,0.03700000
2018-03-17 15:08:28,0.07325000,0.02100000
2018-03-17 15:08:28,0.07325000,0.70200000
2018-03-17 15:08:28,0.07325100,0.94500000
2018-03-17 15:08:29,0.07317200,0.07500000
2018-03-17 15:08:30,0.07325200,0.00100000
2018-03-17 15:08:30,0.07326000,1.53600000
2018-03-17 15:08:31,0.07317200,0.57100000
2018-03-17 15:08:31,0.07325100,0.07500000
2018-03-17 15:08:31,0.07325900,4.07500000
2018-03-17 15:08:31,0.07325900,0.22300000
2018-03-17 15:08:31,0.07326900,0.02000000
2018-03-17 15:08:31,0.07327000,0.35000000
2018-03-17 15:08:31,0.07329000,17.27400000
2018-03-17 15:08:31,0.07329700,0.31500000
2018-03-17 15:08:31,0.07329800,0.50000000
2018-03-17 15:08:31,0.07329900,6.82100000
2018-03-17 15:08:32,0.07325000,0.09400000
2018-03-17 15:08:32,0.07325900,0.09800000
2018-03-17 15:08:32,0.07317600,0.02800000
2018-03-17 15:08:32,0.07325900,1.04600000
2018-03-17 15:08:32,0.07325900,0.04400000
2018-03-17 15:08:32,0.07325900,1.06400000
2018-03-17 15:08:32,0.07317600,0.04200000
2018-03-17 15:08:32,0.07317600,0.16500000
2018-03-17 15:08:32,0.07317600,0.02300000
2018-03-17 15:08:32,0.07317600,1.10700000
2018-03-17 15:08:33,0.07317600,0.08400000
2018-03-17 15:08:33,0.07323800,0.13800000
2018-03-17 15:08:34,0.07323800,0.01000000
2018-03-17 15:08:34,0.07326900,0.42300000
2018-03-17 15:08:34,0.07327600,0.35000000
2018-03-17 15:08:34,0.07329800,0.50000000
2018-03-17 15:08:34,0.07329900,1.49100000
2018-03-17 15:08:34,0.07327600,0.04000000
2018-03-17 15:08:34,0.07327500,3.55700000
2018-03-17 15:08:35,0.07327400,0.22800000
2018-03-17 15:08:35,0.07318100,0.07300000
2018-03-17 15:08:36,0.07327300,2.98800000
2018-03-17 15:08:36,0.07327400,1.70100000
2018-03-17 15:08:36,0.07327500,2.75700000
2018-03-17 15:08:36,0.07329000,3.66000000
2018-03-17 15:08:36,0.07318300,0.37400000
2018-03-17 15:08:36,0.07328500,0.35000000
2018-03-17 15:08:36,0.07328500,0.15200000
2018-03-17 15:08:36,0.07328500,0.26800000
2018-03-17 15:08:36,0.07329900,2.56700000
2018-03-17 15:08:36,0.07328500,0.20000000
2018-03-17 15:08:36,0.07329900,0.20000000
2018-03-17 15:08:36,0.07318500,0.23600000
2018-03-17 15:08:37,0.07318700,0.12700000
2018-03-17 15:08:37,0.07318700,0.10300000
2018-03-17 15:08:37,0.07318600,0.22500000
2018-03-17 15:08:37,0.07318800,0.12900000
2018-03-17 15:08:37,0.07318800,0.09900000
2018-03-17 15:08:37,0.07318900,0.40000000
2018-03-17 15:08:37,0.07318900,0.32800000
2018-03-17 15:08:37,0.07318900,0.70400000
2018-03-17 15:08:37,0.07318900,0.10600000
2018-03-17 15:08:37,0.07319000,0.32800000
2018-03-17 15:08:37,0.07319000,0.23600000
2018-03-17 15:08:37,0.07319000,0.32800000
2018-03-17 15:08:37,0.07319000,0.23600000
2018-03-17 15:08:38,0.07319000,2.70000000
2018-03-17 15:08:38,0.07319200,0.12900000
2018-03-17 15:08:38,0.07319300,0.12900000
2018-03-17 15:08:38,0.07319300,0.08600000
2018-03-17 15:08:38,0.07319300,0.10600000
2018-03-17 15:08:38,0.07319300,0.19800000
2018-03-17 15:08:38,0.07328200,0.10000000
2018-03-17 15:08:38,0.07328300,0.25000000
2018-03-17 15:08:38,0.07328100,1.53800000
2018-03-17 15:08:38,0.07328200,0.22000000
2018-03-17 15:08:38,0.07328300,0.08900000
2018-03-17 15:08:38,0.07328200,0.05000000
2018-03-17 15:08:39,0.07328200,0.19000000
2018-03-17 15:08:39,0.07328300,0.21000000
2018-03-17 15:08:39,0.07320000,0.45200000
2018-03-17 15:08:39,0.07328000,0.22000000
2018-03-17 15:08:39,0.07320000,0.21100000
2018-03-17 15:08:39,0.07328000,0.16000000
2018-03-17 15:08:39,0.07328000,1.99700000
2018-03-17 15:08:39,0.07320100,0.13900000
2018-03-17 15:08:39,0.07320100,0.31400000
2018-03-17 15:08:39,0.07320000,0.01400000
2018-03-17 15:08:39,0.07320400,0.05500000
2018-03-17 15:08:40,0.07328000,0.04200000
2018-03-17 15:08:40,0.07320400,0.34400000
2018-03-17 15:08:40,0.07320400,0.00100000
2018-03-17 15:08:40,0.07320000,0.06500000
2018-03-17 15:08:40,0.07328000,0.50000000
2018-03-17 15:08:40,0.07320000,1.09700000
2018-03-17 15:08:40,0.07320000,0.13600000
2018-03-17 15:08:40,0.07328000,0.25600000
2018-03-17 15:08:40,0.07320000,2.03200000
2018-03-17 15:08:40,0.07327900,0.02200000
2018-03-17 15:08:40,0.07327900,0.20300000
2018-03-17 15:08:40,0.07328400,0.06300000
2018-03-17 15:08:41,0.07328400,0.00400000
2018-03-17 15:08:41,0.07328700,0.22000000
2018-03-17 15:08:41,0.07329100,0.10000000
2018-03-17 15:08:41,0.07329900,0.07600000
2018-03-17 15:08:41,0.07320400,0.43700000
2018-03-17 15:08:41,0.07320100,0.36400000
2018-03-17 15:08:41,0.07320100,0.43700000
2018-03-17 15:08:41,0.07320100,0.24900000
2018-03-17 15:08:41,0.07320100,0.25100000
2018-03-17 15:08:41,0.07329100,0.22000000
2018-03-17 15:08:41,0.07329900,0.79000000
2018-03-17 15:08:41,0.07320200,0.24200000
2018-03-17 15:08:42,0.07320300,0.33900000
2018-03-17 15:08:42,0.07320400,0.20300000
2018-03-17 15:08:42,0.07320400,0.61600000
2018-03-17 15:08:42,0.07320400,0.11000000
2018-03-17 15:08:42,0.07320400,0.61800000
2018-03-17 15:08:42,0.07320400,0.24200000
2018-03-17 15:08:42,0.07320300,0.04300000
2018-03-17 15:08:42,0.07328600,0.69200000
2018-03-17 15:08:42,0.07328600,0.06800000
2018-03-17 15:08:42,0.07328600,0.44000000
2018-03-17 15:08:42,0.07329000,1.50000000
2018-03-17 15:08:42,0.07329300,0.10000000
2018-03-17 15:08:42,0.07329900,0.25800000
2018-03-17 15:08:42,0.07330000,0.90600000
2018-03-17 15:08:42,0.07320400,0.35100000
2018-03-17 15:08:42,0.07329000,0.71700000
2018-03-17 15:08:42,0.07329300,0.10000000
2018-03-17 15:08:42,0.07330000,0.29600000
2018-03-17 15:08:42,0.07331000,0.01400000
2018-03-17 15:08:42,0.07331200,0.33200000
2018-03-17 15:08:42,0.07331500,0.03300000
2018-03-17 15:08:43,0.07321500,0.25000000
2018-03-17 15:08:43,0.07329300,0.10000000
2018-03-17 15:08:43,0.07331500,3.13700000
2018-03-17 15:08:43,0.07331600,0.50000000
2018-03-17 15:08:43,0.07332000,0.03400000
2018-03-17 15:08:43,0.07332100,0.19200000
2018-03-17 15:08:43,0.07332300,1.15500000
2018-03-17 15:08:43,0.07329200,0.24200000
2018-03-17 15:08:43,0.07331300,0.10000000
2018-03-17 15:08:43,0.07331500,1.55900000
2018-03-17 15:08:43,0.07332300,2.80500000
2018-03-17 15:08:43,0.07331300,0.22000000
2018-03-17 15:08:43,0.07332300,1.27400000
2018-03-17 15:08:44,0.07321600,0.05800000
2018-03-17 15:08:44,0.07321600,0.80200000
2018-03-17 15:08:44,0.07322100,0.92800000
2018-03-17 15:08:45,0.07323000,1.36600000
2018-03-17 15:08:45,0.07323000,0.15800000
2018-03-17 15:08:45,0.07323000,0.21500000
2018-03-17 15:08:45,0.07332200,0.40000000
2018-03-17 15:08:45,0.07323000,0.02300000
2018-03-17 15:08:45,0.07323000,0.02000000
2018-03-17 15:08:45,0.07323000,0.44700000
2018-03-17 15:08:45,0.07323000,0.23600000
2018-03-17 15:08:46,0.07332200,0.08900000
2018-03-17 15:08:46,0.07323000,0.36600000
2018-03-17 15:08:46,0.07323200,0.32000000
2018-03-17 15:08:46,0.07323100,0.51100000
2018-03-17 15:08:46,0.07323100,0.09900000
2018-03-17 15:08:46,0.07332100,0.92800000
2018-03-17 15:08:46,0.07332200,0.00900000
2018-03-17 15:08:47,0.07332200,0.22600000
2018-03-17 15:08:47,0.07323400,0.09500000
2018-03-17 15:08:47,0.07323400,1.36400000
2018-03-17 15:08:47,0.07323400,0.02400000
2018-03-17 15:08:47,0.07323400,0.07500000
2018-03-17 15:08:47,0.07323300,0.02300000
2018-03-17 15:08:47,0.07332000,0.60900000
2018-03-17 15:08:47,0.07323400,0.31900000
2018-03-17 15:08:47,0.07323400,0.00100000
2018-03-17 15:08:47,0.07323300,0.09800000
2018-03-17 15:08:47,0.07323500,1.04800000
2018-03-17 15:08:47,0.07323500,0.05400000
2018-03-17 15:08:48,0.07323500,0.86100000
2018-03-17 15:08:48,0.07323500,0.26900000
2018-03-17 15:08:48,0.07323500,0.39900000
2018-03-17 15:08:48,0.07323400,0.26800000
2018-03-17 15:08:48,0.07332200,1.76200000
2018-03-17 15:08:48,0.07332200,0.00100000
2018-03-17 15:08:48,0.07332200,0.16400000
2018-03-17 15:08:48,0.07332200,0.36500000
2018-03-17 15:08:48,0.07332200,2.23200000
2018-03-17 15:08:48,0.07332200,1.80400000
2018-03-17 15:08:48,0.07332200,0.47800000
2018-03-17 15:08:48,0.07332200,0.08200000
2018-03-17 15:08:48,0.07332200,0.01900000
2018-03-17 15:08:48,0.07332200,0.29000000
2018-03-17 15:08:48,0.07332300,0.76600000
2018-03-17 15:08:48,0.07332400,0.03000000
2018-03-17 15:08:48,0.07332600,0.06700000
2018-03-17 15:08:49,0.07332200,0.30900000
2018-03-17 15:08:49,0.07332200,0.82800000
2018-03-17 15:08:49,0.07332200,0.10500000
2018-03-17 15:08:49,0.07332200,0.03300000
2018-03-17 15:08:49,0.07332200,0.03000000
2018-03-17 15:08:49,0.07332200,0.51200000
2018-03-17 15:08:49,0.07332200,0.48400000
2018-03-17 15:08:49,0.07332200,1.36400000
2018-03-17 15:08:49,0.07332200,0.05600000
2018-03-17 15:08:49,0.07332200,0.21700000
2018-03-17 15:08:49,0.07332200,0.02900000
2018-03-17 15:08:49,0.07332200,0.72700000
2018-03-17 15:08:49,0.07332200,0.03600000
2018-03-17 15:08:49,0.07332200,0.26800000
2018-03-17 15:08:49,0.07332200,0.18800000
2018-03-17 15:08:49,0.07332200,0.02200000
2018-03-17 15:08:49,0.07332200,1.36900000
2018-03-17 15:08:49,0.07332200,0.39900000
2018-03-17 15:08:49,0.07332200,0.09600000
2018-03-17 15:08:49,0.07332200,1.36700000
2018-03-17 15:08:49,0.07332200,0.11200000
2018-03-17 15:08:49,0.07332200,0.02600000
2018-03-17 15:08:49,0.07332200,0.60100000
2018-03-17 15:08:49,0.07332200,0.03200000
2018-03-17 15:08:49,0.07332200,0.08400000
2018-03-17 15:08:49,0.07332200,0.25500000
2018-03-17 15:08:49,0.07332200,0.60300000
2018-03-17 15:08:49,0.07332200,0.02800000
2018-03-17 15:08:49,0.07332200,0.83500000
2018-03-17 15:08:49,0.07332200,0.18600000
2018-03-17 15:08:49,0.07332200,0.01600000
2018-03-17 15:08:49,0.07332200,0.11000000
2018-03-17 15:08:49,0.07332200,0.18000000
2018-03-17 15:08:49,0.07332200,0.04700000
2018-03-17 15:08:49,0.07332200,0.37500000
2018-03-17 15:08:49,0.07332700,0.02900000
2018-03-17 15:08:49,0.07332200,0.07500000
2018-03-17 15:08:49,0.07332200,0.09500000
2018-03-17 15:08:49,0.07332200,1.45100000
2018-03-17 15:08:49,0.07332200,0.11200000
2018-03-17 15:08:50,0.07332200,0.04800000
2018-03-17 15:08:50,0.07332300,0.11000000
2018-03-17 15:08:50,0.07332300,0.10000000
2018-03-17 15:08:50,0.07332300,0.09400000
2018-03-17 15:08:50,0.07332300,0.64700000
2018-03-17 15:08:50,0.07332300,0.08700000
2018-03-17 15:08:50,0.07332300,0.67400000
2018-03-17 15:08:50,0.07332300,0.31800000
2018-03-17 15:08:51,0.07332300,3.00000000
2018-03-17 15:08:51,0.07332300,0.48000000
2018-03-17 15:08:51,0.07332300,0.07000000
2018-03-17 15:08:51,0.07332300,0.00400000
2018-03-17 15:08:51,0.07332300,1.97700000
2018-03-17 15:08:51,0.07332300,1.49600000
2018-03-17 15:08:51,0.07332300,0.25900000
2018-03-17 15:08:51,0.07332200,0.38000000
2018-03-17 15:08:52,0.07332200,1.36900000
2018-03-17 15:08:52,0.07332200,1.36500000
2018-03-17 15:08:52,0.07332200,0.77900000
2018-03-17 15:08:52,0.07332200,0.52000000
2018-03-17 15:08:52,0.07332300,0.03700000
2018-03-17 15:08:52,0.07332200,0.47200000
2018-03-17 15:08:52,0.07332200,0.62900000
2018-03-17 15:08:52,0.07332200,1.50000000
2018-03-17 15:08:53,0.07332300,0.86400000
2018-03-17 15:08:53,0.07332200,1.24000000
2018-03-17 15:08:53,0.07332200,0.15200000
2018-03-17 15:08:53,0.07332300,0.50500000
2018-03-17 15:08:53,0.07332200,0.08200000
2018-03-17 15:08:53,0.07332200,1.50000000
2018-03-17 15:08:53,0.07332200,1.55700000
2018-03-17 15:08:53,0.07326200,0.77000000
2018-03-17 15:08:53,0.07324000,2.67300000
2018-03-17 15:08:54,0.07330200,0.22100000
2018-03-17 15:08:54,0.07332200,0.07900000
2018-03-17 15:08:54,0.07332300,0.00100000
2018-03-17 15:08:54,0.07332700,0.00100000
2018-03-17 15:08:54,0.07333000,0.01400000
2018-03-17 15:08:54,0.07334000,0.01400000
2018-03-17 15:08:54,0.07334400,0.31000000
2018-03-17 15:08:54,0.07334700,0.04800000
2018-03-17 15:08:54,0.07335000,0.17600000
2018-03-17 15:08:54,0.07335000,0.03800000
2018-03-17 15:08:54,0.07336000,0.01400000
2018-03-17 15:08:54,0.07336400,0.15000000
2018-03-17 15:08:54,0.07324600,1.79100000
2018-03-17 15:08:55,0.07332200,0.04600000
2018-03-17 15:08:55,0.07336400,0.70100000
2018-03-17 15:08:55,0.07336500,0.11700000
2018-03-17 15:08:55,0.07324800,0.21900000
2018-03-17 15:08:56,0.07325000,0.57700000
2018-03-17 15:08:56,0.07325000,0.68500000
2018-03-17 15:08:56,0.07325000,0.29300000
2018-03-17 15:08:56,0.07325100,0.14200000
2018-03-17 15:08:57,0.07334200,0.03700000
2018-03-17 15:08:57,0.07325300,0.68500000
2018-03-17 15:08:57,0.07325400,0.15100000
2018-03-17 15:08:57,0.07326000,0.14500000
2018-03-17 15:08:57,0.07326000,0.02400000
2018-03-17 15:08:57,0.07326000,0.04400000
2018-03-17 15:08:57,0.07334100,1.55500000
2018-03-17 15:08:58,0.07326000,0.35300000
2018-03-17 15:08:59,0.07334200,0.49400000
2018-03-17 15:08:59,0.07326200,0.02900000
2018-03-17 15:08:59,0.07326200,0.34400000
2018-03-17 15:08:59,0.07326100,0.00500000
2018-03-17 15:08:59,0.07326100,0.04900000
2018-03-17 15:08:59,0.07326100,0.23700000
2018-03-17 15:08:59,0.07326100,0.12000000
2018-03-17 15:09:00,0.07334200,0.02600000
2018-03-17 15:09:00,0.07334200,0.11500000
2018-03-17 15:09:00,0.07334200,0.06000000
2018-03-17 15:09:00,0.07334200,0.13700000
2018-03-17 15:09:01,0.07336500,0.14500000
2018-03-17 15:09:02,0.07334200,0.00100000
2018-03-17 15:09:02,0.07327100,0.10800000
2018-03-17 15:09:02,0.07327100,0.02700000
2018-03-17 15:09:03,0.07327100,0.16500000
2018-03-17 15:09:03,0.07334900,0.11400000
2018-03-17 15:09:03,0.07334200,0.01400000
2018-03-17 15:09:03,0.07334200,0.00100000
2018-03-17 15:09:03,0.07327200,0.60200000
2018-03-17 15:09:03,0.07327100,1.19500000
2018-03-17 15:09:05,0.07334800,0.06700000
2018-03-17 15:09:05,0.07334700,0.86400000
2018-03-17 15:09:06,0.07334600,0.08700000
2018-03-17 15:09:06,0.07327800,0.45200000
2018-03-17 15:09:06,0.07327800,0.15300000
2018-03-17 15:09:06,0.07327800,0.21300000
2018-03-17 15:09:06,0.07327800,0.14900000
2018-03-17 15:09:06,0.07327800,0.10700000
2018-03-17 15:09:06,0.07327800,0.42500000
2018-03-17 15:09:07,0.07327800,0.49800000
2018-03-17 15:09:07,0.07326600,0.26700000
2018-03-17 15:09:08,0.07327800,0.04000000
2018-03-17 15:09:08,0.07326600,0.07900000
2018-03-17 15:09:08,0.07325300,0.35000000
2018-03-17 15:09:08,0.07325000,0.05000000
2018-03-17 15:09:08,0.07324700,0.29600000
2018-03-17 15:09:08,0.07325300,0.01600000
2018-03-17 15:09:09,0.07334500,0.20000000
2018-03-17 15:09:09,0.07325500,4.31300000
2018-03-17 15:09:09,0.07325400,1.74500000
2018-03-17 15:09:10,0.07332200,0.02300000
2018-03-17 15:09:11,0.07326100,0.04900000
2018-03-17 15:09:11,0.07334300,0.14100000
2018-03-17 15:09:11,0.07334300,0.14200000
2018-03-17 15:09:11,0.07334200,0.56400000
2018-03-17 15:09:11,0.07334300,0.12800000
2018-03-17 15:09:11,0.07334300,0.06100000
2018-03-17 15:09:12,0.07334300,0.39700000
2018-03-17 15:09:12,0.07328000,1.17500000
2018-03-17 15:09:13,0.07328200,0.06900000
2018-03-17 15:09:14,0.07328200,0.10300000
2018-03-17 15:09:14,0.07328300,0.14800000
2018-03-17 15:09:15,0.07328300,0.26900000
2018-03-17 15:09:15,0.07328500,0.15000000
2018-03-17 15:09:15,0.07334900,0.01200000
2018-03-17 15:09:15,0.07336500,0.00100000
2018-03-17 15:09:15,0.07337000,0.18700000
2018-03-17 15:09:15,0.07328800,0.16000000
2018-03-17 15:09:16,0.07328900,0.06800000
2018-03-17 15:09:16,0.07328900,0.13800000
2018-03-17 15:09:16,0.07328900,0.14900000
2018-03-17 15:09:17,0.07329000,0.14400000
2018-03-17 15:09:18,0.07336800,0.20500000
2018-03-17 15:09:18,0.07329000,0.35300000
2018-03-17 15:09:18,0.07329000,0.00100000
2018-03-17 15:09:18,0.07328900,0.35200000
2018-03-17 15:09:18,0.07328900,0.23000000
2018-03-17 15:09:20,0.07336800,0.14900000
2018-03-17 15:09:20,0.07329000,0.22000000
2018-03-17 15:09:20,0.07329000,0.00100000
2018-03-17 15:09:20,0.07328900,0.00100000
2018-03-17 15:09:20,0.07328200,0.12900000
2018-03-17 15:09:20,0.07328100,0.08900000
2018-03-17 15:09:21,0.07328900,0.04900000
2018-03-17 15:09:21,0.07328900,0.00100000
2018-03-17 15:09:21,0.07328200,0.04800000
2018-03-17 15:09:21,0.07328200,0.26000000
2018-03-17 15:09:21,0.07328200,0.11400000
2018-03-17 15:09:21,0.07328200,0.32200000
2018-03-17 15:09:21,0.07328900,0.05000000
2018-03-17 15:09:21,0.07336500,0.17200000
2018-03-17 15:09:21,0.07336600,0.02800000
2018-03-17 15:09:22,0.07328200,1.36600000
2018-03-17 15:09:22,0.07328300,0.14900000
2018-03-17 15:09:22,0.07328200,0.97300000
2018-03-17 15:09:22,0.07336500,0.58000000
2018-03-17 15:09:22,0.07336500,0.19900000
2018-03-17 15:09:22,0.07336500,1.30300000
2018-03-17 15:09:22,0.07328300,0.20000000
2018-03-17 15:09:22,0.07328100,0.03100000
2018-03-17 15:09:22,0.07328000,0.10000000
2018-03-17 15:09:22,0.07328000,0.10000000
2018-03-17 15:09:22,0.07328000,0.07100000
2018-03-17 15:09:22,0.07328000,0.60300000
2018-03-17 15:09:22,0.07328000,0.44900000
2018-03-17 15:09:22,0.07328000,0.05000000
2018-03-17 15:09:22,0.07328000,0.08700000
2018-03-17 15:09:22,0.07328000,0.04100000
2018-03-17 15:09:23,0.07328000,0.86300000
2018-03-17 15:09:23,0.07328000,0.09600000
2018-03-17 15:09:23,0.07328000,1.36400000
2018-03-17 15:09:23,0.07328000,0.14400000
2018-03-17 15:09:23,0.07328000,0.11500000
2018-03-17 15:09:24,0.07328100,0.03500000
2018-03-17 15:09:24,0.07328200,0.24400000
2018-03-17 15:09:24,0.07328100,0.65900000
2018-03-17 15:09:25,0.07328100,0.06400000
2018-03-17 15:09:25,0.07328100,0.02500000
2018-03-17 15:09:25,0.07336400,0.24400000
2018-03-17 15:09:25,0.07336500,0.03300000
2018-03-17 15:09:27,0.07328800,0.10300000
2018-03-17 15:09:27,0.07328800,0.00100000
2018-03-17 15:09:27,0.07336500,0.11600000
2018-03-17 15:09:27,0.07336600,0.08300000
2018-03-17 15:09:29,0.07336600,0.67700000
2018-03-17 15:09:30,0.07329000,0.06600000
2018-03-17 15:09:31,0.07336600,0.06700000
2018-03-17 15:09:31,0.07336600,0.57500000
2018-03-17 15:09:31,0.07336700,0.10200000
2018-03-17 15:09:33,0.07329100,1.46400000
2018-03-17 15:09:33,0.07329100,0.00100000
2018-03-17 15:09:33,0.07329000,0.00100000
2018-03-17 15:09:33,0.07328100,0.09300000
2018-03-17 15:09:33,0.07336700,0.20000000
2018-03-17 15:09:33,0.07328100,0.24400000
2018-03-17 15:09:34,0.07328200,0.10400000
2018-03-17 15:09:34,0.07328200,0.57400000
2018-03-17 15:09:34,0.07328200,0.09500000
2018-03-17 15:09:35,0.07328400,0.01600000
2018-03-17 15:09:35,0.07328400,0.16300000
2018-03-17 15:09:35,0.07328400,0.14300000
2018-03-17 15:09:36,0.07328400,0.03600000
2018-03-17 15:09:37,0.07336300,0.20400000
2018-03-17 15:09:38,0.07328400,0.09500000
2018-03-17 15:09:39,0.07328400,0.19700000
2018-03-17 15:09:39,0.07328400,0.08000000
2018-03-17 15:09:39,0.07328400,0.01500000
2018-03-17 15:09:40,0.07327400,0.30200000
2018-03-17 15:09:40,0.07327400,1.49900000
2018-03-17 15:09:40,0.07327500,0.57800000
2018-03-17 15:09:40,0.07328300,0.04400000
2018-03-17 15:09:40,0.07328300,0.05100000
2018-03-17 15:09:40,0.07336000,0.08800000
2018-03-17 15:09:40,0.07336100,0.13000000
2018-03-17 15:09:40,0.07336200,0.41900000
2018-03-17 15:09:41,0.07336100,0.36900000
2018-03-17 15:09:41,0.07336200,0.49500000
2018-03-17 15:09:41,0.07327600,0.09500000
2018-03-17 15:09:41,0.07327600,0.57900000
2018-03-17 15:09:41,0.07327500,0.09500000
2018-03-17 15:09:41,0.07327600,0.26400000
2018-03-17 15:09:42,0.07327600,0.10500000
2018-03-17 15:09:42,0.07327600,0.86200000
2018-03-17 15:09:42,0.07327600,0.25000000
2018-03-17 15:09:42,0.07327700,0.29100000
2018-03-17 15:09:42,0.07326900,0.11100000
2018-03-17 15:09:43,0.07327000,0.91500000
2018-03-17 15:09:43,0.07326900,0.58500000
2018-03-17 15:09:43,0.07326900,0.13500000
2018-03-17 15:09:43,0.07327000,0.09500000
2018-03-17 15:09:44,0.07327100,0.01200000
2018-03-17 15:09:44,0.07335500,0.30000000
2018-03-17 15:09:44,0.07327100,0.09500000
2018-03-17 15:09:45,0.07327100,0.09500000
2018-03-17 15:09:46,0.07327100,0.35800000
2018-03-17 15:09:46,0.07335400,0.02900000
2018-03-17 15:09:48,0.07327100,0.10000000
2018-03-17 15:09:49,0.07327100,0.02800000
2018-03-17 15:09:49,0.07327100,0.59300000
2018-03-17 15:09:49,0.07327100,0.00100000
2018-03-17 15:09:49,0.07327000,7.67000000
2018-03-17 15:09:49,0.07327000,0.14700000
2018-03-17 15:09:49,0.07327000,0.15400000
2018-03-17 15:09:49,0.07334300,0.03400000
2018-03-17 15:09:50,0.07327000,0.63200000
2018-03-17 15:09:51,0.07327000,0.02900000
2018-03-17 15:09:52,0.07327100,0.06000000
2018-03-17 15:09:53,0.07331200,0.57200000
2018-03-17 15:09:53,0.07327100,0.28400000
2018-03-17 15:09:53,0.07327100,0.02700000
2018-03-17 15:09:53,0.07327100,0.03200000
2018-03-17 15:09:53,0.07335400,0.02400000
2018-03-17 15:09:55,0.07327000,1.36600000
2018-03-17 15:09:55,0.07327000,0.68000000
2018-03-17 15:09:57,0.07327000,0.02400000
2018-03-17 15:09:59,0.07327000,0.74800000
2018-03-17 15:09:59,0.07332000,0.25400000
2018-03-17 15:09:59,0.07332000,0.03400000
2018-03-17 15:10:01,0.07327000,0.19500000
2018-03-17 15:10:01,0.07327000,0.13600000
2018-03-17 15:10:02,0.07327000,0.03200000
2018-03-17 15:10:02,0.07327000,0.24300000
2018-03-17 15:10:02,0.07327000,0.40400000
2018-03-17 15:10:02,0.07327000,0.02100000
2018-03-17 15:10:02,0.07327000,0.02800000
2018-03-17 15:10:03,0.07327000,0.17200000
2018-03-17 15:10:03,0.07331900,0.59600000
2018-03-17 15:10:03,0.07329400,1.14700000
2018-03-17 15:10:03,0.07331900,0.20600000
2018-03-17 15:10:04,0.07331900,0.38800000
2018-03-17 15:10:04,0.07332000,0.02100000
2018-03-17 15:10:04,0.07331900,0.00200000
2018-03-17 15:10:04,0.07327000,0.05100000
2018-03-17 15:10:04,0.07327000,0.04900000
2018-03-17 15:10:04,0.07326900,0.34000000
2018-03-17 15:10:04,0.07326900,0.38800000
2018-03-17 15:10:04,0.07326900,0.33600000
2018-03-17 15:10:04,0.07326900,0.38800000
2018-03-17 15:10:04,0.07335400,5.81000000
2018-03-17 15:10:04,0.07326900,0.26000000
2018-03-17 15:10:05,0.07330000,0.12700000
2018-03-17 15:10:05,0.07330000,0.30900000
2018-03-17 15:10:05,0.07330000,0.01800000
2018-03-17 15:10:05,0.07330000,0.11600000
2018-03-17 15:10:05,0.07335300,0.19600000
2018-03-17 15:10:05,0.07335400,1.29800000
2018-03-17 15:10:05,0.07330000,0.10600000
2018-03-17 15:10:06,0.07330000,0.00200000
2018-03-17 15:10:06,0.07327100,0.41300000
2018-03-17 15:10:07,0.07327200,0.01900000
2018-03-17 15:10:08,0.07327300,0.05700000
2018-03-17 15:10:08,0.07327300,0.45800000
2018-03-17 15:10:09,0.07327300,0.22300000
2018-03-17 15:10:09,0.07335000,0.17100000
2018-03-17 15:10:10,0.07334800,0.41300000
2018-03-17 15:10:10,0.07334900,0.29100000
2018-03-17 15:10:10,0.07335000,0.16000000
2018-03-17 15:10:12,0.07327500,0.27300000
2018-03-17 15:10:12,0.07327400,0.06400000
2018-03-17 15:10:14,0.07327100,0.74700000
2018-03-17 15:10:14,0.07327100,0.00300000
2018-03-17 15:10:14,0.07327100,0.09800000
2018-03-17 15:10:14,0.07327100,0.05400000
2018-03-17 15:10:15,0.07327100,0.55600000
2018-03-17 15:10:15,0.07327100,0.03900000
2018-03-17 15:10:15,0.07327100,0.00100000
2018-03-17 15:10:15,0.07334900,0.03900000
2018-03-17 15:10:15,0.07326900,0.23300000
2018-03-17 15:10:15,0.07334900,0.03500000
2018-03-17 15:10:15,0.07326900,0.11400000
2018-03-17 15:10:15,0.07334900,0.13100000
2018-03-17 15:10:15,0.07327100,0.05800000
2018-03-17 15:10:18,0.07334900,0.25900000
2018-03-17 15:10:18,0.07327200,0.46200000
2018-03-17 15:10:19,0.07334900,0.49700000
2018-03-17 15:10:20,0.07331000,1.47800000
2018-03-17 15:10:20,0.07334900,0.00100000
2018-03-17 15:10:20,0.07335000,0.43400000
2018-03-17 15:10:20,0.07334900,0.01900000
2018-03-17 15:10:20,0.07334900,0.61800000
2018-03-17 15:10:20,0.07327200,0.01800000
2018-03-17 15:10:20,0.07327200,0.15000000
2018-03-17 15:10:20,0.07327200,0.02900000
2018-03-17 15:10:20,0.07327200,0.63600000
2018-03-17 15:10:20,0.07327200,0.14100000
2018-03-17 15:10:20,0.07327200,0.04400000
2018-03-17 15:10:20,0.07327200,0.03800000
2018-03-17 15:10:20,0.07327200,0.05700000
2018-03-17 15:10:20,0.07327200,0.25200000
2018-03-17 15:10:20,0.07327100,0.01100000
2018-03-17 15:10:20,0.07327000,0.37300000
2018-03-17 15:10:20,0.07327000,0.39600000
2018-03-17 15:10:20,0.07327000,0.63600000
2018-03-17 15:10:20,0.07327000,0.14500000
2018-03-17 15:10:20,0.07327000,0.00700000
2018-03-17 15:10:20,0.07326900,0.12700000
2018-03-17 15:10:20,0.07326900,0.55800000
2018-03-17 15:10:21,0.07326900,0.08900000
2018-03-17 15:10:22,0.07330000,0.31300000
2018-03-17 15:10:22,0.07330000,0.77600000
2018-03-17 15:10:22,0.07326900,1.09100000
2018-03-17 15:10:22,0.07334200,0.07500000
2018-03-17 15:10:22,0.07335000,1.55800000
2018-03-17 15:10:22,0.07335100,0.87200000
2018-03-17 15:10:22,0.07335400,9.28700000
2018-03-17 15:10:23,0.07326900,1.04900000
2018-03-17 15:10:23,0.07334000,0.86400000
2018-03-17 15:10:23,0.07334000,1.39700000
2018-03-17 15:10:25,0.07334000,9.61400000
2018-03-17 15:10:25,0.07326300,0.10600000
2018-03-17 15:10:25,0.07334800,3.83400000
2018-03-17 15:10:25,0.07334900,0.60400000
2018-03-17 15:10:25,0.07335400,7.27300000
2018-03-17 15:10:26,0.07335300,0.61900000
2018-03-17 15:10:27,0.07335200,0.07400000
2018-03-17 15:10:27,0.07335200,0.02400000
2018-03-17 15:10:28,0.07328100,0.60000000
2018-03-17 15:10:28,0.07335100,3.08300000
2018-03-17 15:10:28,0.07335300,0.35000000
2018-03-17 15:10:28,0.07335300,0.12600000
2018-03-17 15:10:28,0.07335300,0.00100000
2018-03-17 15:10:28,0.07335300,0.01800000
2018-03-17 15:10:28,0.07335300,0.04100000
2018-03-17 15:10:28,0.07335300,0.35300000
2018-03-17 15:10:29,0.07335300,0.03600000
2018-03-17 15:10:29,0.07335300,0.36300000
2018-03-17 15:10:29,0.07335300,0.50400000
2018-03-17 15:10:29,0.07335300,0.03400000
2018-03-17 15:10:29,0.07335300,1.36700000
2018-03-17 15:10:29,0.07335300,0.20500000
2018-03-17 15:10:29,0.07335300,0.33400000
2018-03-17 15:10:29,0.07335300,0.14200000
2018-03-17 15:10:29,0.07335300,0.01900000
2018-03-17 15:10:29,0.07335300,0.53400000
2018-03-17 15:10:29,0.07335300,0.07000000
2018-03-17 15:10:29,0.07335300,0.02900000
2018-03-17 15:10:29,0.07335300,0.68200000
2018-03-17 15:10:29,0.07335400,0.86400000
2018-03-17 15:10:29,0.07335300,1.53900000
2018-03-17 15:10:29,0.07335300,0.21700000
2018-03-17 15:10:29,0.07335300,0.16500000
2018-03-17 15:10:29,0.07335400,0.08000000
2018-03-17 15:10:30,0.07335300,0.55500000
2018-03-17 15:10:30,0.07335300,0.68200000
2018-03-17 15:10:30,0.07335300,0.13400000
2018-03-17 15:10:30,0.07335300,0.26000000
2018-03-17 15:10:31,0.07335400,0.04200000
2018-03-17 15:10:31,0.07335400,1.00000000
2018-03-17 15:10:32,0.07335300,0.17000000
2018-03-17 15:10:32,0.07335300,0.21900000
2018-03-17 15:10:32,0.07335400,0.08600000
2018-03-17 15:10:32,0.07335400,0.46600000
2018-03-17 15:10:33,0.07335400,0.46000000
2018-03-17 15:10:33,0.07335300,0.32800000
2018-03-17 15:10:34,0.07335400,0.73300000
2018-03-17 15:10:34,0.07335400,1.36200000
2018-03-17 15:10:34,0.07335300,3.76900000
2018-03-17 15:10:34,0.07335400,2.37100000
2018-03-17 15:10:34,0.07328300,0.44000000
2018-03-17 15:10:35,0.07328400,0.20600000
2018-03-17 15:10:36,0.07335400,0.40600000
2018-03-17 15:10:37,0.07328600,0.23400000
2018-03-17 15:10:37,0.07328500,0.91500000
2018-03-17 15:10:37,0.07328600,0.13900000
2018-03-17 15:10:37,0.07328600,0.00200000
2018-03-17 15:10:37,0.07335300,0.13800000
2018-03-17 15:10:37,0.07335300,0.13300000
2018-03-17 15:10:37,0.07328500,0.02700000
2018-03-17 15:10:37,0.07335300,0.48500000
2018-03-17 15:10:38,0.07335400,0.04200000
2018-03-17 15:10:38,0.07335300,0.16900000
2018-03-17 15:10:38,0.07335300,0.00100000
2018-03-17 15:10:38,0.07328500,0.16800000
2018-03-17 15:10:38,0.07328500,0.16900000
2018-03-17 15:10:38,0.07328500,0.16900000
2018-03-17 15:10:38,0.07335400,0.86400000
2018-03-17 15:10:39,0.07335400,0.86400000
2018-03-17 15:10:39,0.07328300,0.04900000
2018-03-17 15:10:40,0.07335400,0.61400000
2018-03-17 15:10:43,0.07328500,0.01500000
2018-03-17 15:10:43,0.07335400,0.04000000
2018-03-17 15:10:44,0.07335400,2.44900000
2018-03-17 15:10:45,0.07335400,0.31500000
2018-03-17 15:10:45,0.07328500,0.04800000
2018-03-17 15:10:46,0.07335400,2.13400000
2018-03-17 15:10:46,0.07328500,0.00300000
2018-03-17 15:10:46,0.07328500,0.13100000
2018-03-17 15:10:46,0.07335400,5.55500000
2018-03-17 15:10:46,0.07335400,0.12900000
2018-03-17 15:10:46,0.07335400,0.07100000
2018-03-17 15:10:47,0.07335300,0.59100000
2018-03-17 15:10:47,0.07328500,0.04900000
2018-03-17 15:10:47,0.07328500,0.00100000
2018-03-17 15:10:47,0.07328300,0.00100000
2018-03-17 15:10:47,0.07328100,0.04700000
2018-03-17 15:10:47,0.07328100,0.04800000
2018-03-17 15:10:47,0.07328100,0.66300000
2018-03-17 15:10:48,0.07335300,0.00100000
2018-03-17 15:10:48,0.07335300,0.15000000
2018-03-17 15:10:48,0.07335300,0.31900000
2018-03-17 15:10:48,0.07335300,0.12100000
2018-03-17 15:10:48,0.07328100,0.15600000
2018-03-17 15:10:49,0.07335400,0.19000000
2018-03-17 15:10:49,0.07335400,0.19000000
2018-03-17 15:10:49,0.07335400,0.30800000
2018-03-17 15:10:49,0.07328100,0.35400000
2018-03-17 15:10:49,0.07327100,0.02500000
2018-03-17 15:10:49,0.07327100,0.18900000
2018-03-17 15:10:49,0.07327200,0.44100000
2018-03-17 15:10:49,0.07327100,0.18700000
2018-03-17 15:10:50,0.07335300,0.44000000
2018-03-17 15:10:50,0.07335400,0.69500000
2018-03-17 15:10:50,0.07335400,0.05000000
2018-03-17 15:10:50,0.07335400,0.13500000
2018-03-17 15:10:50,0.07335300,0.35000000
2018-03-17 15:10:50,0.07335400,0.51300000
2018-03-17 15:10:51,0.07335300,0.35000000
2018-03-17 15:10:51,0.07335400,0.45800000
2018-03-17 15:10:51,0.07328200,0.19500000
2018-03-17 15:10:52,0.07328200,0.26800000
2018-03-17 15:10:52,0.07328100,0.05000000
2018-03-17 15:10:52,0.07326700,0.24600000
2018-03-17 15:10:52,0.07326300,0.05000000
2018-03-17 15:10:52,0.07326100,0.05000000
2018-03-17 15:10:52,0.07325500,0.31500000
2018-03-17 15:10:52,0.07325300,0.05000000
2018-03-17 15:10:52,0.07325200,0.71100000
2018-03-17 15:10:52,0.07335200,0.04200000
2018-03-17 15:10:53,0.07335000,0.13800000
2018-03-17 15:10:53,0.07330000,0.10300000
2018-03-17 15:10:53,0.07330000,0.13600000
2018-03-17 15:10:53,0.07330000,0.10400000
2018-03-17 15:10:54,0.07330000,0.15700000
2018-03-17 15:10:56,0.07334900,1.36400000
2018-03-17 15:10:56,0.07330700,0.08800000
2018-03-17 15:10:56,0.07334900,0.00600000
2018-03-17 15:10:56,0.07335400,0.01600000
2018-03-17 15:10:56,0.07335400,0.05900000
2018-03-17 15:10:57,0.07335400,1.36400000
2018-03-17 15:10:57,0.07335400,17.27100000
2018-03-17 15:10:58,0.07335400,0.24900000
2018-03-17 15:10:58,0.07335400,0.68400000
2018-03-17 15:10:59,0.07330700,0.13400000
2018-03-17 15:10:59,0.07330700,1.58400000
2018-03-17 15:11:01,0.07334800,0.02400000
2018-03-17 15:11:01,0.07335300,0.55000000
2018-03-17 15:11:01,0.07335400,0.29000000
2018-03-17 15:11:01,0.07335400,0.67700000
2018-03-17 15:11:01,0.07334800,0.02300000
2018-03-17 15:11:01,0.07330700,0.00100000
2018-03-17 15:11:01,0.07330000,0.02000000
2018-03-17 15:11:02,0.07330700,0.05000000
2018-03-17 15:11:02,0.07330200,0.34100000
2018-03-17 15:11:02,0.07335400,1.23500000
2018-03-17 15:11:02,0.07330200,0.40800000
2018-03-17 15:11:03,0.07330200,0.00100000
2018-03-17 15:11:03,0.07330000,0.03400000
2018-03-17 15:11:03,0.07330000,4.35500000
2018-03-17 15:11:03,0.07330000,0.01200000
2018-03-17 15:11:03,0.07335300,0.06700000
2018-03-17 15:11:04,0.07335300,0.16900000
2018-03-17 15:11:04,0.07335400,0.33200000
2018-03-17 15:11:04,0.07335400,0.01500000
2018-03-17 15:11:04,0.07330000,5.93500000
2018-03-17 15:11:04,0.07330000,6.60200000
2018-03-17 15:11:05,0.07335400,1.36400000
2018-03-17 15:11:05,0.07330000,0.71100000
2018-03-17 15:11:05,0.07335300,0.06500000
2018-03-17 15:11:05,0.07335400,0.86400000
2018-03-17 15:11:05,0.07326300,0.96900000
2018-03-17 15:11:05,0.07326200,0.16600000
2018-03-17 15:11:05,0.07325800,0.15000000
2018-03-17 15:11:05,0.07325300,0.00900000
2018-03-17 15:11:05,0.07335200,0.02400000
2018-03-17 15:11:06,0.07335200,0.18900000
2018-03-17 15:11:06,0.07335200,0.12200000
2018-03-17 15:11:06,0.07335100,0.06700000
2018-03-17 15:11:06,0.07330000,0.74000000
2018-03-17 15:11:07,0.07335100,0.25300000
2018-03-17 15:11:07,0.07335200,0.10000000
2018-03-17 15:11:07,0.07335200,0.10000000
2018-03-17 15:11:07,0.07335200,0.10000000
2018-03-17 15:11:07,0.07335200,0.02000000
2018-03-17 15:11:07,0.07335200,0.10000000
2018-03-17 15:11:07,0.07335200,0.10000000
2018-03-17 15:11:07,0.07335200,0.10000000
2018-03-17 15:11:07,0.07335200,0.02000000
2018-03-17 15:11:07,0.07335200,0.10000000
2018-03-17 15:11:07,0.07335400,0.02200000
2018-03-17 15:11:07,0.07335200,0.10000000
2018-03-17 15:11:07,0.07335200,0.08000000
2018-03-17 15:11:07,0.07335100,0.02000000
2018-03-17 15:11:07,0.07335400,1.36600000
2018-03-17 15:11:07,0.07330000,0.00100000
2018-03-17 15:11:07,0.07327400,0.40000000
2018-03-17 15:11:07,0.07325200,0.04500000
2018-03-17 15:11:07,0.07335100,0.32000000
2018-03-17 15:11:07,0.07335400,0.20000000
2018-03-17 15:11:07,0.07325200,0.30500000
2018-03-17 15:11:07,0.07325000,0.22600000
2018-03-17 15:11:07,0.07325000,0.29900000
2018-03-17 15:11:07,0.07325000,0.20700000
2018-03-17 15:11:07,0.07325000,0.24800000
2018-03-17 15:11:07,0.07335100,0.34800000
2018-03-17 15:11:07,0.07325500,0.57500000
2018-03-17 15:11:08,0.07334900,0.29800000
2018-03-17 15:11:08,0.07334900,0.04000000
2018-03-17 15:11:09,0.07334800,0.04800000
2018-03-17 15:11:10,0.07334700,0.09400000
2018-03-17 15:11:10,0.07334700,0.00100000
2018-03-17 15:11:10,0.07330700,0.14600000
2018-03-17 15:11:10,0.07330700,0.37500000
2018-03-17 15:11:10,0.07334600,0.02700000
2018-03-17 15:11:11,0.07334500,0.03100000
2018-03-17 15:11:12,0.07334400,0.06300000
2018-03-17 15:11:12,0.07334300,0.03600000
2018-03-17 15:11:13,0.07330700,0.05300000
2018-03-17 15:11:14,0.07330700,0.00100000
2018-03-17 15:11:14,0.07327400,0.40000000
2018-03-17 15:11:14,0.07325600,0.07900000
2018-03-17 15:11:15,0.07330700,0.04900000
2018-03-17 15:11:15,0.07330700,0.00100000
2018-03-17 15:11:15,0.07325700,0.04800000
2018-03-17 15:11:15,0.07334100,0.04500000
2018-03-17 15:11:16,0.07327500,0.37000000
2018-03-17 15:11:16,0.07334100,0.04600000
2018-03-17 15:11:17,0.07327400,0.63000000
2018-03-17 15:11:18,0.07334200,0.40900000
2018-03-17 15:11:18,0.07334200,0.07100000
2018-03-17 15:11:18,0.07327400,0.02400000
2018-03-17 15:11:19,0.07334200,0.04700000
2018-03-17 15:11:19,0.07334700,0.07800000
2018-03-17 15:11:20,0.07327400,0.03900000
2018-03-17 15:11:20,0.07327400,0.03500000
2018-03-17 15:11:20,0.07327400,0.03500000
2018-03-17 15:11:20,0.07327400,0.05200000
2018-03-17 15:11:22,0.07334000,0.02100000
2018-03-17 15:11:23,0.07327400,0.36300000
2018-03-17 15:11:24,0.07327400,0.17400000
2018-03-17 15:11:24,0.07327400,0.15200000
2018-03-17 15:11:24,0.07327400,0.07400000
2018-03-17 15:11:24,0.07327400,0.05100000
2018-03-17 15:11:24,0.07325700,0.04500000
2018-03-17 15:11:25,0.07325700,0.00500000
2018-03-17 15:11:25,0.07325600,0.36900000
2018-03-17 15:11:25,0.07334000,1.36400000
2018-03-17 15:11:25,0.07325600,0.28300000
2018-03-17 15:11:25,0.07334000,1.62700000
2018-03-17 15:11:26,0.07333900,0.09100000
2018-03-17 15:11:26,0.07327400,0.05100000
2018-03-17 15:11:27,0.07327400,0.02100000
2018-03-17 15:11:27,0.07327400,0.04200000
2018-03-17 15:11:27,0.07327400,0.02200000
2018-03-17 15:11:27,0.07327400,0.04300000
2018-03-17 15:11:27,0.07327400,0.22100000
2018-03-17 15:11:27,0.07327400,0.03400000
2018-03-17 15:11:28,0.07327400,0.00900000
2018-03-17 15:11:28,0.07327400,0.39000000
2018-03-17 15:11:28,0.07327400,0.00100000
2018-03-17 15:11:28,0.07325700,0.02600000
2018-03-17 15:11:29,0.07327400,0.18900000
2018-03-17 15:11:29,0.07327400,0.10900000
2018-03-17 15:11:30,0.07327400,0.24200000
2018-03-17 15:11:31,0.07333400,0.33400000
2018-03-17 15:11:32,0.07327400,0.02100000
2018-03-17 15:11:32,0.07327400,0.00100000
2018-03-17 15:11:32,0.07327400,0.20100000
2018-03-17 15:11:32,0.07327400,0.05000000
2018-03-17 15:11:33,0.07333300,0.16600000
2018-03-17 15:11:33,0.07333300,0.17300000
2018-03-17 15:11:33,0.07327400,0.00100000
2018-03-17 15:11:33,0.07325000,0.08500000
2018-03-17 15:11:33,0.07325100,0.35000000
2018-03-17 15:11:33,0.07325100,0.05500000
2018-03-17 15:11:34,0.07332400,0.28600000
2018-03-17 15:11:34,0.07332300,0.13600000
2018-03-17 15:11:35,0.07327400,0.40000000
2018-03-17 15:11:35,0.07325300,0.35000000
2018-03-17 15:11:35,0.07325200,1.05400000
2018-03-17 15:11:35,0.07325100,0.64900000
2018-03-17 15:11:35,0.07325100,0.07800000
2018-03-17 15:11:35,0.07325300,0.20600000
2018-03-17 15:11:35,0.07325300,0.10000000
2018-03-17 15:11:36,0.07332400,0.06200000
2018-03-17 15:11:37,0.07332400,0.06500000
2018-03-17 15:11:37,0.07333900,0.61200000
2018-03-17 15:11:39,0.07327400,0.62600000
2018-03-17 15:11:40,0.07333900,0.29700000
2018-03-17 15:11:40,0.07334000,0.38000000
2018-03-17 15:11:40,0.07327400,0.02700000
2018-03-17 15:11:40,0.07327400,0.02300000
2018-03-17 15:11:41,0.07327400,0.02900000
2018-03-17 15:11:41,0.07327400,0.04300000
2018-03-17 15:11:41,0.07327400,0.04400000
2018-03-17 15:11:41,0.07327400,0.28400000
2018-03-17 15:11:42,0.07327400,0.05000000
2018-03-17 15:11:43,0.07333400,0.03100000
2018-03-17 15:11:43,0.07333900,0.53200000
2018-03-17 15:11:43,0.07334000,0.11400000
2018-03-17 15:11:43,0.07334000,0.73600000
2018-03-17 15:11:44,0.07327500,0.05200000
2018-03-17 15:11:44,0.07334000,0.07500000
2018-03-17 15:11:44,0.07334300,0.27700000
2018-03-17 15:11:44,0.07327500,0.00100000
2018-03-17 15:11:44,0.07327400,0.02800000
