DATE,PRICE,VOLUME
2018-03-21 21:59:59,0.06290100,1.35300000
2018-03-21 21:59:59,0.06290100,1.35600000
2018-03-21 22:00:00,0.06290000,0.12100000
2018-03-21 22:00:02,0.06290000,0.15800000
2018-03-21 22:00:02,0.06290000,0.04600000
2018-03-21 22:00:02,0.06290000,0.06200000
2018-03-21 22:00:03,0.06290000,0.87100000
2018-03-21 22:00:05,0.06290000,0.00100000
2018-03-21 22:00:05,0.06290000,0.01600000
2018-03-21 22:00:05,0.06290800,0.12700000
2018-03-21 22:00:05,0.06284800,0.31100000
2018-03-21 22:00:05,0.06284800,1.43000000
2018-03-21 22:00:06,0.06290800,0.03100000
2018-03-21 22:00:06,0.06284800,1.67300000
2018-03-21 22:00:07,0.06284800,0.04300000
2018-03-21 22:00:08,0.06285100,0.35900000
2018-03-21 22:00:08,0.06285100,0.00300000
2018-03-21 22:00:08,0.06284800,0.03500000
2018-03-21 22:00:09,0.06285100,0.73100000
2018-03-21 22:00:09,0.06287900,6.58300000
2018-03-21 22:00:09,0.06290700,2.66400000
2018-03-21 22:00:09,0.06290700,3.07600000
2018-03-21 22:00:09,0.06285100,0.87500000
2018-03-21 22:00:10,0.06285100,0.47600000
2018-03-21 22:00:10,0.06285200,0.27500000
2018-03-21 22:00:11,0.06285200,0.81500000
2018-03-21 22:00:11,0.06285200,0.00200000
2018-03-21 22:00:11,0.06285100,0.00200000
2018-03-21 22:00:11,0.06284800,0.47300000
2018-03-21 22:00:11,0.06290800,0.02800000
2018-03-21 22:00:11,0.06290800,0.09200000
2018-03-21 22:00:12,0.06284800,3.04200000
2018-03-21 22:00:12,0.06290800,0.23400000
2018-03-21 22:00:12,0.06290900,0.07200000
2018-03-21 22:00:13,0.06290900,0.03500000
2018-03-21 22:00:14,0.06290900,0.05000000
2018-03-21 22:00:14,0.06290900,0.20200000
2018-03-21 22:00:14,0.06284800,0.31100000
2018-03-21 22:00:15,0.06290900,0.93200000
2018-03-21 22:00:15,0.06291400,0.96100000
2018-03-21 22:00:15,0.06284800,0.59400000
2018-03-21 22:00:17,0.06290000,0.02400000
2018-03-21 22:00:18,0.06292400,0.29900000
2018-03-21 22:00:20,0.06293300,0.30700000
2018-03-21 22:00:20,0.06293200,0.17200000
2018-03-21 22:00:21,0.06293200,0.16000000
2018-03-21 22:00:24,0.06293800,0.04600000
2018-03-21 22:00:24,0.06290200,0.09200000
2018-03-21 22:00:25,0.06290200,0.09200000
2018-03-21 22:00:25,0.06290200,0.01000000
2018-03-21 22:00:25,0.06293800,0.03600000
2018-03-21 22:00:25,0.06293800,0.10100000
2018-03-21 22:00:25,0.06290200,0.07700000
2018-03-21 22:00:25,0.06293800,0.07600000
2018-03-21 22:00:26,0.06290000,0.07100000
2018-03-21 22:00:26,0.06293900,0.02000000
2018-03-21 22:00:29,0.06293900,0.00100000
2018-03-21 22:00:29,0.06294200,0.30000000
2018-03-21 22:00:29,0.06295000,0.43200000
2018-03-21 22:00:29,0.06295100,0.02700000
2018-03-21 22:00:29,0.06295300,0.02700000
2018-03-21 22:00:29,0.06295400,1.00600000
2018-03-21 22:00:29,0.06297300,0.62400000
2018-03-21 22:00:29,0.06297900,2.10500000
2018-03-21 22:00:29,0.06297900,0.86100000
2018-03-21 22:00:29,0.06298000,4.00000000
2018-03-21 22:00:29,0.06299900,2.14900000
2018-03-21 22:00:29,0.06300000,0.85900000
2018-03-21 22:00:29,0.06300000,0.34800000
2018-03-21 22:00:29,0.06300000,1.03400000
2018-03-21 22:00:29,0.06300100,0.20000000
2018-03-21 22:00:29,0.06300200,0.07200000
2018-03-21 22:00:29,0.06300800,0.02700000
2018-03-21 22:00:29,0.06301200,2.50000000
2018-03-21 22:00:29,0.06301800,0.46700000
2018-03-21 22:00:29,0.06301900,0.25200000
2018-03-21 22:00:29,0.06299900,0.05700000
2018-03-21 22:00:29,0.06301900,1.28800000
2018-03-21 22:00:29,0.06302400,0.02700000
2018-03-21 22:00:29,0.06303200,1.82400000
2018-03-21 22:00:29,0.06299900,0.06300000
2018-03-21 22:00:29,0.06299900,4.39900000
2018-03-21 22:00:29,0.06290000,0.00600000
2018-03-21 22:00:29,0.06287400,0.12000000
2018-03-21 22:00:29,0.06287400,0.35400000
2018-03-21 22:00:29,0.06285300,0.43900000
2018-03-21 22:00:29,0.06300000,0.25300000
2018-03-21 22:00:30,0.06288900,0.25300000
2018-03-21 22:00:30,0.06288900,0.01600000
2018-03-21 22:00:30,0.06294300,0.30000000
2018-03-21 22:00:30,0.06294400,1.58100000
2018-03-21 22:00:30,0.06295300,0.25300000
2018-03-21 22:00:30,0.06296100,5.50900000
2018-03-21 22:00:30,0.06296200,0.38200000
2018-03-21 22:00:30,0.06299900,2.71100000
2018-03-21 22:00:30,0.06299900,0.05200000
2018-03-21 22:00:30,0.06299900,0.10000000
2018-03-21 22:00:30,0.06299900,0.10000000
2018-03-21 22:00:30,0.06299900,0.08700000
2018-03-21 22:00:30,0.06299900,0.10000000
2018-03-21 22:00:30,0.06299900,0.02200000
2018-03-21 22:00:30,0.06299900,0.03900000
2018-03-21 22:00:30,0.06300000,0.01900000
2018-03-21 22:00:30,0.06299900,0.26900000
2018-03-21 22:00:31,0.06299900,0.02400000
2018-03-21 22:00:31,0.06292000,0.02300000
2018-03-21 22:00:32,0.06294500,0.04700000
2018-03-21 22:00:32,0.06294500,0.07900000
2018-03-21 22:00:32,0.06294500,0.05700000
2018-03-21 22:00:32,0.06294500,0.23900000
2018-03-21 22:00:32,0.06294500,3.34200000
2018-03-21 22:00:32,0.06294500,0.05500000
2018-03-21 22:00:33,0.06294600,1.57200000
2018-03-21 22:00:33,0.06294600,0.15900000
2018-03-21 22:00:33,0.06294800,1.68200000
2018-03-21 22:00:33,0.06294800,1.20500000
2018-03-21 22:00:34,0.06294800,2.74300000
2018-03-21 22:00:34,0.06294800,0.09500000
2018-03-21 22:00:34,0.06294800,0.47600000
2018-03-21 22:00:34,0.06295000,1.16000000
2018-03-21 22:00:34,0.06295000,3.84700000
2018-03-21 22:00:34,0.06295000,0.50200000
2018-03-21 22:00:34,0.06294900,1.07900000
2018-03-21 22:00:34,0.06294800,0.64800000
2018-03-21 22:00:35,0.06295000,0.84500000
2018-03-21 22:00:35,0.06294900,0.33000000
2018-03-21 22:00:35,0.06294800,0.03000000
2018-03-21 22:00:36,0.06302800,0.33000000
2018-03-21 22:00:36,0.06302900,3.33600000
2018-03-21 22:00:36,0.06303000,4.00000000
2018-03-21 22:00:36,0.06303700,1.03100000
2018-03-21 22:00:36,0.06303800,0.49300000
2018-03-21 22:00:36,0.06303900,4.46000000
2018-03-21 22:00:36,0.06302700,0.02200000
2018-03-21 22:00:36,0.06295200,1.25300000
2018-03-21 22:00:36,0.06295200,0.33200000
2018-03-21 22:00:36,0.06295100,0.68300000
2018-03-21 22:00:37,0.06302600,0.02200000
2018-03-21 22:00:37,0.06302600,0.38300000
2018-03-21 22:00:37,0.06295300,0.21500000
2018-03-21 22:00:38,0.06302400,0.02200000
2018-03-21 22:00:38,0.06295300,0.26600000
2018-03-21 22:00:39,0.06302400,0.02200000
2018-03-21 22:00:39,0.06295300,0.03600000
2018-03-21 22:00:39,0.06295300,0.08900000
2018-03-21 22:00:39,0.06295300,0.32100000
2018-03-21 22:00:39,0.06295000,0.07900000
2018-03-21 22:00:39,0.06295000,0.36800000
2018-03-21 22:00:40,0.06302200,0.02200000
2018-03-21 22:00:40,0.06295000,0.02900000
2018-03-21 22:00:40,0.06295400,0.02800000
2018-03-21 22:00:40,0.06295100,0.79000000
2018-03-21 22:00:40,0.06295000,0.35500000
2018-03-21 22:00:40,0.06294700,0.02400000
2018-03-21 22:00:40,0.06294400,0.18200000
2018-03-21 22:00:41,0.06294400,0.02300000
2018-03-21 22:00:41,0.06294500,0.17400000
2018-03-21 22:00:41,0.06294500,0.04100000
2018-03-21 22:00:42,0.06294500,0.35600000
2018-03-21 22:00:42,0.06294500,0.01800000
2018-03-21 22:00:42,0.06294500,0.05500000
2018-03-21 22:00:42,0.06294500,0.35600000
2018-03-21 22:00:42,0.06294500,0.02000000
2018-03-21 22:00:43,0.06294500,0.23700000
2018-03-21 22:00:43,0.06295100,0.14900000
2018-03-21 22:00:43,0.06295100,0.00100000
2018-03-21 22:00:43,0.06301600,0.03900000
2018-03-21 22:00:43,0.06301600,0.03000000
2018-03-21 22:00:43,0.06294500,0.01800000
2018-03-21 22:00:43,0.06294500,0.35600000
2018-03-21 22:00:43,0.06294500,0.35600000
2018-03-21 22:00:43,0.06294500,0.23800000
2018-03-21 22:00:43,0.06294400,0.11800000
2018-03-21 22:00:43,0.06294400,0.01700000
2018-03-21 22:00:44,0.06294400,0.11000000
2018-03-21 22:00:44,0.06294400,0.35600000
2018-03-21 22:00:44,0.06301500,1.84200000
2018-03-21 22:00:44,0.06294400,0.08700000
2018-03-21 22:00:45,0.06294500,0.12600000
2018-03-21 22:00:45,0.06294500,0.01600000
2018-03-21 22:00:46,0.06294500,0.11400000
2018-03-21 22:00:46,0.06294500,0.17900000
2018-03-21 22:00:47,0.06294500,0.21900000
2018-03-21 22:00:47,0.06294500,0.82500000
2018-03-21 22:00:47,0.06294500,0.20800000
2018-03-21 22:00:47,0.06294500,0.21000000
2018-03-21 22:00:48,0.06294500,0.15800000
2018-03-21 22:00:48,0.06294500,0.08700000
2018-03-21 22:00:48,0.06294400,0.01200000
2018-03-21 22:00:48,0.06294400,0.05500000
2018-03-21 22:00:50,0.06293500,0.00200000
2018-03-21 22:00:51,0.06293500,1.27100000
2018-03-21 22:00:51,0.06300500,0.48000000
2018-03-21 22:00:53,0.06293500,0.83400000
2018-03-21 22:00:53,0.06293400,0.02000000
2018-03-21 22:00:54,0.06300100,0.13900000
2018-03-21 22:00:54,0.06300000,0.23000000
2018-03-21 22:00:55,0.06300000,0.47400000
2018-03-21 22:00:55,0.06299900,0.22900000
2018-03-21 22:00:55,0.06300000,0.13100000
2018-03-21 22:00:55,0.06300100,0.94500000
2018-03-21 22:00:55,0.06293400,0.10200000
2018-03-21 22:00:56,0.06300400,0.03000000
2018-03-21 22:00:57,0.06293400,1.25800000
2018-03-21 22:00:58,0.06293300,0.73600000
2018-03-21 22:00:58,0.06300300,9.31400000
2018-03-21 22:00:58,0.06293500,0.61900000
2018-03-21 22:00:58,0.06293300,0.65200000
2018-03-21 22:00:59,0.06300200,2.48400000
2018-03-21 22:00:59,0.06300200,0.02000000
2018-03-21 22:01:01,0.06300000,0.28400000
2018-03-21 22:01:01,0.06293200,0.05300000
2018-03-21 22:01:01,0.06299900,0.35100000
2018-03-21 22:01:02,0.06299900,0.88700000
2018-03-21 22:01:02,0.06293900,0.15500000
2018-03-21 22:01:02,0.06293900,1.01000000
2018-03-21 22:01:02,0.06292500,1.52800000
2018-03-21 22:01:03,0.06292500,0.07700000
2018-03-21 22:01:03,0.06292200,0.03000000
2018-03-21 22:01:03,0.06292000,0.22200000
2018-03-21 22:01:04,0.06299800,0.79300000
2018-03-21 22:01:05,0.06293200,0.01700000
2018-03-21 22:01:05,0.06299700,0.43100000
2018-03-21 22:01:06,0.06292000,0.18700000
2018-03-21 22:01:06,0.06299600,0.03000000
2018-03-21 22:01:06,0.06299700,0.08300000
2018-03-21 22:01:08,0.06299400,0.25600000
2018-03-21 22:01:09,0.06299300,1.09100000
2018-03-21 22:01:09,0.06299400,2.04500000
2018-03-21 22:01:09,0.06299700,0.16900000
2018-03-21 22:01:09,0.06299700,0.02000000
2018-03-21 22:01:11,0.06294400,0.31500000
2018-03-21 22:01:11,0.06294300,1.00600000
2018-03-21 22:01:11,0.06293200,0.26800000
2018-03-21 22:01:11,0.06299200,0.04900000
2018-03-21 22:01:12,0.06293200,1.59500000
2018-03-21 22:01:13,0.06293300,0.53300000
2018-03-21 22:01:14,0.06299200,2.46400000
2018-03-21 22:01:16,0.06293400,0.03500000
2018-03-21 22:01:16,0.06296300,18.21100000
2018-03-21 22:01:16,0.06293400,0.41200000
2018-03-21 22:01:16,0.06293400,13.55600000
2018-03-21 22:01:17,0.06293400,0.03200000
2018-03-21 22:01:17,0.06293400,0.00100000
2018-03-21 22:01:17,0.06299200,0.03100000
2018-03-21 22:01:17,0.06299200,0.03200000
2018-03-21 22:01:17,0.06293300,0.62200000
2018-03-21 22:01:17,0.06293300,0.11400000
2018-03-21 22:01:17,0.06293300,0.01600000
2018-03-21 22:01:17,0.06299200,0.02700000
2018-03-21 22:01:18,0.06293300,1.59200000
2018-03-21 22:01:19,0.06295000,0.04900000
2018-03-21 22:01:21,0.06293300,0.33000000
2018-03-21 22:01:21,0.06295000,0.00100000
2018-03-21 22:01:21,0.06299200,0.01900000
2018-03-21 22:01:21,0.06299300,0.00800000
2018-03-21 22:01:22,0.06293300,0.16200000
2018-03-21 22:01:22,0.06293200,0.33000000
2018-03-21 22:01:22,0.06293200,0.35900000
2018-03-21 22:01:23,0.06299300,0.16700000
2018-03-21 22:01:23,0.06299300,0.61400000
2018-03-21 22:01:24,0.06299300,0.00100000
2018-03-21 22:01:24,0.06299600,0.44100000
2018-03-21 22:01:24,0.06293300,0.06000000
2018-03-21 22:01:24,0.06293200,0.36200000
2018-03-21 22:01:24,0.06293200,0.44200000
2018-03-21 22:01:25,0.06293300,0.01800000
2018-03-21 22:01:25,0.06293300,0.08600000
2018-03-21 22:01:26,0.06293300,0.48200000
2018-03-21 22:01:26,0.06300000,0.38000000
2018-03-21 22:01:26,0.06300000,0.17500000
2018-03-21 22:01:26,0.06293300,0.28300000
2018-03-21 22:01:29,0.06293600,0.15800000
2018-03-21 22:01:29,0.06293600,0.03800000
2018-03-21 22:01:30,0.06293600,0.21900000
2018-03-21 22:01:32,0.06293600,0.35900000
2018-03-21 22:01:32,0.06293600,0.04300000
2018-03-21 22:01:34,0.06293700,0.33000000
2018-03-21 22:01:34,0.06293700,0.02100000
2018-03-21 22:01:35,0.06293700,0.02200000
2018-03-21 22:01:36,0.06293600,0.02100000
2018-03-21 22:01:36,0.06300000,0.00100000
2018-03-21 22:01:37,0.06300200,0.02600000
2018-03-21 22:01:37,0.06293700,0.02100000
2018-03-21 22:01:37,0.06296900,0.72700000
2018-03-21 22:01:37,0.06293700,0.49700000
2018-03-21 22:01:39,0.06293700,0.63200000
2018-03-21 22:01:39,0.06293700,0.08400000
2018-03-21 22:01:40,0.06293700,0.11100000
2018-03-21 22:01:41,0.06300200,0.00100000
2018-03-21 22:01:41,0.06300500,1.56900000
2018-03-21 22:01:41,0.06300600,0.27000000
2018-03-21 22:01:41,0.06300600,0.07700000
2018-03-21 22:01:41,0.06300600,0.66300000
2018-03-21 22:01:42,0.06301800,0.44800000
2018-03-21 22:01:42,0.06301700,0.20700000
2018-03-21 22:01:42,0.06301600,0.01200000
2018-03-21 22:01:43,0.06294200,1.42800000
2018-03-21 22:01:44,0.06294500,0.33400000
2018-03-21 22:01:45,0.06301700,0.03600000
2018-03-21 22:01:45,0.06294700,0.03200000
2018-03-21 22:01:45,0.06294800,0.03200000
2018-03-21 22:01:46,0.06295000,0.08300000
2018-03-21 22:01:46,0.06294900,0.75600000
2018-03-21 22:01:47,0.06294900,0.07100000
2018-03-21 22:01:48,0.06294900,0.09900000
2018-03-21 22:01:48,0.06294900,0.04900000
2018-03-21 22:01:49,0.06294900,0.02900000
2018-03-21 22:01:50,0.06301200,0.05100000
2018-03-21 22:01:50,0.06295000,0.39800000
2018-03-21 22:01:51,0.06295000,0.14600000
2018-03-21 22:01:51,0.06295000,0.00100000
2018-03-21 22:01:51,0.06294900,0.10800000
2018-03-21 22:01:51,0.06294900,0.04000000
2018-03-21 22:01:52,0.06301000,0.05000000
2018-03-21 22:01:52,0.06301000,0.23600000
2018-03-21 22:01:53,0.06301000,0.73700000
2018-03-21 22:01:55,0.06301000,0.15900000
2018-03-21 22:01:56,0.06301000,1.27000000
2018-03-21 22:02:00,0.06301700,0.22000000
2018-03-21 22:02:01,0.06294700,0.03300000
2018-03-21 22:02:01,0.06294700,0.03300000
2018-03-21 22:02:02,0.06295100,0.05100000
2018-03-21 22:02:03,0.06295200,0.15300000
2018-03-21 22:02:05,0.06301700,0.00100000
2018-03-21 22:02:05,0.06301900,1.67100000
2018-03-21 22:02:05,0.06302500,0.32900000
2018-03-21 22:02:07,0.06303500,0.25000000
2018-03-21 22:02:07,0.06295700,0.21600000
2018-03-21 22:02:07,0.06303500,0.17700000
2018-03-21 22:02:07,0.06295800,0.08800000
2018-03-21 22:02:07,0.06295800,0.03300000
2018-03-21 22:02:08,0.06295900,0.25600000
2018-03-21 22:02:08,0.06295800,0.04300000
2018-03-21 22:02:08,0.06295800,0.02900000
2018-03-21 22:02:08,0.06295800,0.04500000
2018-03-21 22:02:09,0.06296100,0.32000000
2018-03-21 22:02:09,0.06296100,0.14600000
2018-03-21 22:02:09,0.06296100,0.02500000
2018-03-21 22:02:09,0.06303300,0.25500000
2018-03-21 22:02:10,0.06296200,1.15600000
2018-03-21 22:02:10,0.06303100,0.58800000
2018-03-21 22:02:11,0.06303000,0.02200000
2018-03-21 22:02:11,0.06296300,0.04500000
2018-03-21 22:02:11,0.06296300,0.04500000
2018-03-21 22:02:12,0.06303000,0.21500000
2018-03-21 22:02:13,0.06302900,0.87300000
2018-03-21 22:02:13,0.06302900,0.00200000
2018-03-21 22:02:13,0.06303300,0.00100000
2018-03-21 22:02:13,0.06303600,0.25100000
2018-03-21 22:02:14,0.06303600,0.10300000
2018-03-21 22:02:14,0.06303900,0.02000000
2018-03-21 22:02:14,0.06304200,0.08200000
2018-03-21 22:02:15,0.06296700,0.33000000
2018-03-21 22:02:15,0.06296700,0.06300000
2018-03-21 22:02:16,0.06297000,0.12600000
2018-03-21 22:02:16,0.06297000,0.11900000
2018-03-21 22:02:16,0.06304400,1.58500000
2018-03-21 22:02:16,0.06304400,0.22100000
2018-03-21 22:02:16,0.06304400,1.86600000
2018-03-21 22:02:17,0.06297200,0.02500000
2018-03-21 22:02:17,0.06297200,0.04900000
2018-03-21 22:02:18,0.06303000,0.15400000
2018-03-21 22:02:18,0.06303000,0.07800000
2018-03-21 22:02:18,0.06303000,0.22800000
2018-03-21 22:02:18,0.06303000,0.08400000
2018-03-21 22:02:18,0.06303000,0.14900000
2018-03-21 22:02:18,0.06303000,2.06400000
2018-03-21 22:02:18,0.06303000,1.79800000
2018-03-21 22:02:18,0.06297500,0.25600000
2018-03-21 22:02:18,0.06297400,0.08900000
2018-03-21 22:02:18,0.06297400,0.10600000
2018-03-21 22:02:19,0.06297500,0.21200000
2018-03-21 22:02:20,0.06297400,0.00100000
2018-03-21 22:02:22,0.06304200,0.20700000
2018-03-21 22:02:22,0.06304200,0.13100000
2018-03-21 22:02:23,0.06304100,0.24300000
2018-03-21 22:02:23,0.06297600,0.10500000
2018-03-21 22:02:25,0.06304200,0.26200000
2018-03-21 22:02:26,0.06304200,0.08100000
2018-03-21 22:02:26,0.06304300,0.06600000
2018-03-21 22:02:26,0.06304300,0.05600000
2018-03-21 22:02:28,0.06304300,0.13400000
2018-03-21 22:02:30,0.06304500,0.03200000
2018-03-21 22:02:31,0.06298200,1.23600000
2018-03-21 22:02:32,0.06304500,0.05000000
2018-03-21 22:02:32,0.06298300,0.02500000
2018-03-21 22:02:33,0.06298300,0.09900000
2018-03-21 22:02:34,0.06298400,0.13400000
2018-03-21 22:02:34,0.06298400,0.09800000
2018-03-21 22:02:35,0.06298400,0.02300000
2018-03-21 22:02:35,0.06298400,0.02000000
2018-03-21 22:02:36,0.06298500,0.04100000
2018-03-21 22:02:36,0.06298400,0.26200000
2018-03-21 22:02:37,0.06298400,0.91200000
2018-03-21 22:02:37,0.06298300,0.02700000
2018-03-21 22:02:37,0.06297700,1.60500000
2018-03-21 22:02:37,0.06297500,3.18800000
2018-03-21 22:02:37,0.06297400,2.26800000
2018-03-21 22:02:40,0.06298500,0.07200000
2018-03-21 22:02:40,0.06298500,0.15600000
2018-03-21 22:02:43,0.06303700,3.12800000
2018-03-21 22:02:45,0.06298500,0.68900000
2018-03-21 22:02:45,0.06297400,0.33700000
2018-03-21 22:02:45,0.06297400,0.68800000
2018-03-21 22:02:45,0.06297400,5.82300000
2018-03-21 22:02:47,0.06303900,1.34600000
2018-03-21 22:02:47,0.06303900,0.67200000
2018-03-21 22:02:49,0.06297500,0.05800000
2018-03-21 22:02:52,0.06304100,0.03200000
2018-03-21 22:02:54,0.06297600,0.01700000
2018-03-21 22:02:55,0.06304100,0.04700000
2018-03-21 22:02:56,0.06304100,0.17700000
2018-03-21 22:03:00,0.06304100,3.24300000
2018-03-21 22:03:01,0.06297900,0.02100000
2018-03-21 22:03:01,0.06297900,0.02700000
2018-03-21 22:03:03,0.06304500,0.36200000
2018-03-21 22:03:04,0.06298100,0.05400000
2018-03-21 22:03:07,0.06303900,0.18900000
2018-03-21 22:03:08,0.06304000,0.16000000
2018-03-21 22:03:08,0.06298200,0.07100000
2018-03-21 22:03:09,0.06304000,0.62300000
2018-03-21 22:03:09,0.06298200,0.17800000
2018-03-21 22:03:09,0.06298300,0.05500000
2018-03-21 22:03:10,0.06298300,0.76900000
2018-03-21 22:03:12,0.06298300,0.19900000
2018-03-21 22:03:13,0.06303900,0.24800000
2018-03-21 22:03:13,0.06298300,0.10100000
2018-03-21 22:03:15,0.06304000,1.58600000
2018-03-21 22:03:15,0.06298400,0.47000000
2018-03-21 22:03:15,0.06304000,0.81500000
2018-03-21 22:03:15,0.06304000,0.00100000
2018-03-21 22:03:16,0.06304100,0.09200000
2018-03-21 22:03:16,0.06298400,0.00100000
2018-03-21 22:03:17,0.06298300,0.00100000
2018-03-21 22:03:17,0.06298200,1.90000000
2018-03-21 22:03:17,0.06297400,0.47000000
2018-03-21 22:03:17,0.06296800,0.11400000
2018-03-21 22:03:18,0.06296300,0.02200000
2018-03-21 22:03:18,0.06297000,0.08100000
2018-03-21 22:03:19,0.06298300,0.15700000
2018-03-21 22:03:20,0.06304000,0.21200000
2018-03-21 22:03:20,0.06304000,0.39700000
2018-03-21 22:03:20,0.06304000,0.00100000
2018-03-21 22:03:20,0.06298300,0.22400000
2018-03-21 22:03:20,0.06298300,0.10000000
2018-03-21 22:03:20,0.06297100,0.01700000
2018-03-21 22:03:20,0.06297100,0.27000000
2018-03-21 22:03:20,0.06297100,0.39700000
2018-03-21 22:03:20,0.06297100,0.06400000
2018-03-21 22:03:22,0.06297200,0.04600000
2018-03-21 22:03:23,0.06303900,0.03100000
2018-03-21 22:03:24,0.06303800,0.07300000
2018-03-21 22:03:24,0.06298100,0.34200000
2018-03-21 22:03:26,0.06303700,1.58600000
2018-03-21 22:03:26,0.06303700,0.56200000
2018-03-21 22:03:26,0.06298200,0.02200000
2018-03-21 22:03:27,0.06303700,0.00100000
2018-03-21 22:03:27,0.06303800,0.03200000
2018-03-21 22:03:28,0.06303800,0.46800000
2018-03-21 22:03:28,0.06303900,0.29900000
2018-03-21 22:03:28,0.06298400,0.02200000
2018-03-21 22:03:28,0.06299500,0.18000000
2018-03-21 22:03:28,0.06299500,0.54700000
2018-03-21 22:03:29,0.06299500,1.09900000
2018-03-21 22:03:29,0.06299500,0.00100000
2018-03-21 22:03:29,0.06298400,0.02800000
2018-03-21 22:03:29,0.06299600,0.13300000
2018-03-21 22:03:29,0.06298400,0.01700000
2018-03-21 22:03:30,0.06299400,0.04700000
2018-03-21 22:03:30,0.06303900,0.00100000
2018-03-21 22:03:30,0.06298400,1.59400000
2018-03-21 22:03:30,0.06298400,0.07700000
2018-03-21 22:03:31,0.06298400,0.02200000
2018-03-21 22:03:34,0.06298600,0.55400000
2018-03-21 22:03:34,0.06298500,0.05300000
2018-03-21 22:03:38,0.06298800,0.03200000
2018-03-21 22:03:40,0.06298900,0.03100000
2018-03-21 22:03:40,0.06298900,0.03000000
2018-03-21 22:03:41,0.06298900,0.00100000
2018-03-21 22:03:41,0.06298800,0.04600000
2018-03-21 22:03:41,0.06299000,0.03100000
2018-03-21 22:03:41,0.06298800,0.65100000
2018-03-21 22:03:41,0.06298800,0.12700000
2018-03-21 22:03:43,0.06298400,0.43200000
2018-03-21 22:03:44,0.06298600,0.03800000
2018-03-21 22:03:45,0.06304100,0.00100000
2018-03-21 22:03:47,0.06304500,0.00600000
2018-03-21 22:03:47,0.06304700,0.03200000
2018-03-21 22:03:47,0.06298700,0.09400000
2018-03-21 22:03:48,0.06304700,0.12600000
2018-03-21 22:03:49,0.06304700,0.15500000
2018-03-21 22:03:49,0.06298700,0.00100000
2018-03-21 22:03:49,0.06298600,0.52200000
2018-03-21 22:03:49,0.06298600,0.23700000
2018-03-21 22:03:49,0.06298800,0.08500000
2018-03-21 22:03:49,0.06298800,0.12900000
2018-03-21 22:03:49,0.06304700,0.00100000
2018-03-21 22:03:49,0.06305200,0.08300000
2018-03-21 22:03:49,0.06305200,0.03100000
2018-03-21 22:03:49,0.06305400,0.18100000
2018-03-21 22:03:49,0.06305400,0.15600000
2018-03-21 22:03:49,0.06298600,0.12000000
2018-03-21 22:03:49,0.06305400,0.02700000
2018-03-21 22:03:50,0.06298600,0.10000000
2018-03-21 22:03:51,0.06301900,0.05900000
2018-03-21 22:03:51,0.06305300,0.33900000
2018-03-21 22:03:51,0.06305300,0.05000000
2018-03-21 22:03:51,0.06305300,0.00100000
2018-03-21 22:03:51,0.06305400,0.05700000
2018-03-21 22:03:52,0.06305400,0.04700000
2018-03-21 22:03:52,0.06305400,0.07900000
2018-03-21 22:03:52,0.06298600,0.36800000
2018-03-21 22:03:52,0.06306200,0.02000000
2018-03-21 22:03:53,0.06306100,0.02000000
2018-03-21 22:03:54,0.06299000,0.01700000
2018-03-21 22:03:54,0.06299000,0.01700000
2018-03-21 22:03:54,0.06306000,0.04100000
2018-03-21 22:03:55,0.06299100,0.11000000
2018-03-21 22:03:55,0.06299200,0.17300000
2018-03-21 22:03:56,0.06305900,0.02000000
2018-03-21 22:04:00,0.06305900,0.13600000
2018-03-21 22:04:02,0.06299500,0.09900000
2018-03-21 22:04:02,0.06306000,0.00600000
2018-03-21 22:04:02,0.06306200,0.00700000
2018-03-21 22:04:02,0.06306400,0.20100000
2018-03-21 22:04:02,0.06299500,0.31000000
2018-03-21 22:04:02,0.06299500,0.33400000
2018-03-21 22:04:02,0.06299500,0.04800000
2018-03-21 22:04:04,0.06299700,0.08000000
2018-03-21 22:04:05,0.06299700,0.06600000
2018-03-21 22:04:06,0.06299700,0.04000000
2018-03-21 22:04:06,0.06299700,1.40500000
2018-03-21 22:04:07,0.06299700,0.15200000
2018-03-21 22:04:07,0.06299700,0.15100000
2018-03-21 22:04:08,0.06299700,0.06200000
2018-03-21 22:04:08,0.06299700,0.00100000
2018-03-21 22:04:08,0.06299600,0.02400000
2018-03-21 22:04:09,0.06299500,0.27600000
2018-03-21 22:04:12,0.06299700,0.30000000
2018-03-21 22:04:12,0.06299400,0.04400000
2018-03-21 22:04:12,0.06299700,0.22900000
2018-03-21 22:04:12,0.06299700,0.55700000
2018-03-21 22:04:12,0.06299700,0.21400000
2018-03-21 22:04:12,0.06306400,0.23600000
2018-03-21 22:04:12,0.06299400,0.15400000
2018-03-21 22:04:13,0.06299800,0.27700000
2018-03-21 22:04:14,0.06299800,0.53500000
2018-03-21 22:04:15,0.06299900,0.02400000
2018-03-21 22:04:15,0.06306400,1.36800000
2018-03-21 22:04:16,0.06299900,0.29100000
2018-03-21 22:04:16,0.06299900,0.62300000
2018-03-21 22:04:17,0.06299300,0.37200000
2018-03-21 22:04:17,0.06299400,0.15000000
2018-03-21 22:04:18,0.06299400,0.08100000
2018-03-21 22:04:18,0.06299400,0.24900000
2018-03-21 22:04:18,0.06299400,0.01900000
2018-03-21 22:04:19,0.06299400,0.02600000
2018-03-21 22:04:20,0.06299400,0.14100000
2018-03-21 22:04:20,0.06299600,0.07600000
2018-03-21 22:04:21,0.06299600,0.02500000
2018-03-21 22:04:21,0.06299600,0.27500000
2018-03-21 22:04:22,0.06299600,0.13400000
2018-03-21 22:04:22,0.06299600,0.19300000
2018-03-21 22:04:23,0.06306400,0.37200000
2018-03-21 22:04:23,0.06306500,0.20000000
2018-03-21 22:04:23,0.06307200,0.90400000
2018-03-21 22:04:23,0.06307500,0.07100000
2018-03-21 22:04:23,0.06307500,0.10000000
2018-03-21 22:04:23,0.06307500,0.02900000
2018-03-21 22:04:23,0.06307500,0.06600000
2018-03-21 22:04:23,0.06307500,1.96100000
2018-03-21 22:04:23,0.06307500,0.23000000
2018-03-21 22:04:23,0.06307500,0.63700000
2018-03-21 22:04:23,0.06307500,0.02900000
2018-03-21 22:04:23,0.06307500,0.29000000
2018-03-21 22:04:23,0.06307500,0.47700000
2018-03-21 22:04:23,0.06307500,0.04900000
2018-03-21 22:04:23,0.06307500,0.20900000
2018-03-21 22:04:23,0.06307500,0.15300000
2018-03-21 22:04:23,0.06307500,0.28500000
2018-03-21 22:04:23,0.06307500,0.14100000
2018-03-21 22:04:23,0.06307500,0.20100000
2018-03-21 22:04:24,0.06307500,15.48700000
2018-03-21 22:04:24,0.06299600,0.09700000
2018-03-21 22:04:24,0.06299500,1.08300000
2018-03-21 22:04:25,0.06303300,1.58500000
2018-03-21 22:04:25,0.06303300,0.19100000
2018-03-21 22:04:28,0.06299900,0.21800000
2018-03-21 22:04:28,0.06299900,0.04300000
2018-03-21 22:04:29,0.06300000,0.17500000
2018-03-21 22:04:29,0.06300000,0.05100000
2018-03-21 22:04:30,0.06300000,0.04800000
2018-03-21 22:04:32,0.06300100,0.02900000
2018-03-21 22:04:32,0.06300100,0.02500000
2018-03-21 22:04:32,0.06303000,0.19900000
2018-03-21 22:04:34,0.06302900,0.39900000
2018-03-21 22:04:34,0.06302900,0.04400000
2018-03-21 22:04:34,0.06302900,0.17600000
2018-03-21 22:04:34,0.06302900,0.06200000
2018-03-21 22:04:35,0.06302900,0.20000000
2018-03-21 22:04:35,0.06302900,4.56100000
2018-03-21 22:04:35,0.06302900,0.03100000
2018-03-21 22:04:35,0.06303000,0.00100000
2018-03-21 22:04:35,0.06302900,0.06800000
2018-03-21 22:04:38,0.06302900,0.07200000
2018-03-21 22:04:39,0.06302900,0.70900000
2018-03-21 22:04:40,0.06302900,0.47400000
2018-03-21 22:04:40,0.06302900,0.04900000
2018-03-21 22:04:40,0.06302900,0.06400000
2018-03-21 22:04:40,0.06299900,0.44400000
2018-03-21 22:04:40,0.06302900,0.06400000
2018-03-21 22:04:41,0.06302900,0.16100000
2018-03-21 22:04:42,0.06303300,0.00100000
2018-03-21 22:04:42,0.06304900,0.04900000
2018-03-21 22:04:45,0.06304900,0.09000000
2018-03-21 22:04:45,0.06304900,0.20200000
2018-03-21 22:04:45,0.06302900,0.00100000
2018-03-21 22:04:45,0.06300000,0.15800000
2018-03-21 22:04:46,0.06300000,0.03000000
2018-03-21 22:04:46,0.06300000,0.07100000
2018-03-21 22:04:46,0.06304900,0.00100000
2018-03-21 22:04:46,0.06307500,0.02800000
2018-03-21 22:04:46,0.06307500,0.10000000
2018-03-21 22:04:46,0.06307500,0.10000000
2018-03-21 22:04:46,0.06307500,0.14900000
2018-03-21 22:04:48,0.06307500,0.08700000
2018-03-21 22:04:48,0.06310000,0.21800000
2018-03-21 22:04:50,0.06309700,0.53600000
2018-03-21 22:04:51,0.06301200,4.90300000
2018-03-21 22:04:51,0.06301100,3.74100000
2018-03-21 22:04:51,0.06301000,1.92600000
2018-03-21 22:04:51,0.06300600,0.44900000
2018-03-21 22:04:51,0.06299900,5.27600000
2018-03-21 22:04:52,0.06301200,1.07800000
2018-03-21 22:04:56,0.06301700,0.55200000
2018-03-21 22:04:59,0.06301700,0.03000000
2018-03-21 22:05:01,0.06301800,0.46500000
2018-03-21 22:05:02,0.06307600,0.18500000
2018-03-21 22:05:02,0.06307600,0.29900000
2018-03-21 22:05:02,0.06307600,0.18200000
2018-03-21 22:05:03,0.06307500,0.08800000
2018-03-21 22:05:03,0.06307500,0.08500000
2018-03-21 22:05:05,0.06307200,0.53900000
2018-03-21 22:05:05,0.06307200,1.06400000
2018-03-21 22:05:07,0.06307300,3.15700000
2018-03-21 22:05:07,0.06307500,1.97600000
2018-03-21 22:05:08,0.06307500,0.17800000
2018-03-21 22:05:08,0.06307500,0.12200000
2018-03-21 22:05:08,0.06307500,0.21600000
2018-03-21 22:05:08,0.06307500,0.01900000
2018-03-21 22:05:08,0.06307500,0.16000000
2018-03-21 22:05:08,0.06307500,1.17300000
2018-03-21 22:05:08,0.06307500,0.72100000
2018-03-21 22:05:08,0.06307500,0.03800000
2018-03-21 22:05:08,0.06307500,0.11000000
2018-03-21 22:05:08,0.06307500,1.04600000
2018-03-21 22:05:08,0.06307500,0.16000000
2018-03-21 22:05:08,0.06307500,0.31400000
2018-03-21 22:05:08,0.06307500,0.01500000
2018-03-21 22:05:09,0.06307500,1.20900000
2018-03-21 22:05:09,0.06307500,0.02100000
2018-03-21 22:05:09,0.06307500,0.05600000
2018-03-21 22:05:10,0.06307500,0.03200000
2018-03-21 22:05:10,0.06307500,1.13700000
2018-03-21 22:05:10,0.06307500,2.69400000
2018-03-21 22:05:10,0.06307500,0.45000000
2018-03-21 22:05:10,0.06307500,0.05300000
2018-03-21 22:05:10,0.06307500,1.43000000
2018-03-21 22:05:11,0.06307500,0.09900000
2018-03-21 22:05:11,0.06307500,1.58700000
2018-03-21 22:05:11,0.06307500,1.82600000
2018-03-21 22:05:11,0.06307600,0.06700000
2018-03-21 22:05:11,0.06307600,0.07000000
2018-03-21 22:05:12,0.06307600,0.00100000
2018-03-21 22:05:12,0.06307500,0.00100000
2018-03-21 22:05:12,0.06302300,0.07900000
2018-03-21 22:05:12,0.06301900,0.06800000
2018-03-21 22:05:12,0.06301900,0.00100000
2018-03-21 22:05:14,0.06302000,0.02900000
2018-03-21 22:05:14,0.06302000,0.30100000
2018-03-21 22:05:14,0.06302000,0.27000000
2018-03-21 22:05:16,0.06307900,0.29200000
2018-03-21 22:05:17,0.06308000,0.07200000
2018-03-21 22:05:17,0.06302100,0.02100000
2018-03-21 22:05:18,0.06308000,0.22800000
2018-03-21 22:05:18,0.06308000,0.08800000
2018-03-21 22:05:18,0.06308000,0.00100000
2018-03-21 22:05:18,0.06302100,0.02400000
2018-03-21 22:05:18,0.06301800,0.06300000
2018-03-21 22:05:18,0.06301800,0.08400000
2018-03-21 22:05:18,0.06301800,0.02200000
2018-03-21 22:05:18,0.06301800,0.08800000
2018-03-21 22:05:18,0.06301800,0.08800000
2018-03-21 22:05:19,0.06308700,0.03200000
2018-03-21 22:05:20,0.06308600,0.50500000
2018-03-21 22:05:21,0.06301800,0.02100000
2018-03-21 22:05:22,0.06301800,0.18700000
2018-03-21 22:05:22,0.06308800,1.27300000
2018-03-21 22:05:23,0.06302000,0.33100000
2018-03-21 22:05:24,0.06309100,0.44700000
2018-03-21 22:05:24,0.06309100,0.44200000
2018-03-21 22:05:24,0.06309100,0.00500000
2018-03-21 22:05:25,0.06307900,0.89300000
2018-03-21 22:05:25,0.06307900,0.43700000
2018-03-21 22:05:26,0.06307900,0.65900000
2018-03-21 22:05:26,0.06307900,1.58500000
2018-03-21 22:05:26,0.06307900,0.71600000
2018-03-21 22:05:26,0.06307900,0.90300000
2018-03-21 22:05:26,0.06302100,0.71500000
2018-03-21 22:05:26,0.06308900,0.33000000
2018-03-21 22:05:28,0.06308900,0.71600000
2018-03-21 22:05:28,0.06309000,0.87100000
2018-03-21 22:05:28,0.06309000,0.00100000
2018-03-21 22:05:28,0.06301900,0.57700000
2018-03-21 22:05:28,0.06301800,0.01000000
2018-03-21 22:05:28,0.06301700,0.28300000
2018-03-21 22:05:28,0.06301700,0.09900000
2018-03-21 22:05:29,0.06308800,0.02000000
2018-03-21 22:05:30,0.06301900,0.02900000
2018-03-21 22:05:30,0.06301900,0.00100000
2018-03-21 22:05:30,0.06301800,0.02200000
2018-03-21 22:05:31,0.06301600,0.10900000
2018-03-21 22:05:31,0.06301600,0.07000000
2018-03-21 22:05:31,0.06308800,0.15300000
2018-03-21 22:05:32,0.06301900,0.04700000
2018-03-21 22:05:32,0.06301900,0.09700000
2018-03-21 22:05:32,0.06301900,0.04800000
2018-03-21 22:05:34,0.06301900,0.02100000
2018-03-21 22:05:34,0.06302100,3.18400000
2018-03-21 22:05:37,0.06302200,0.93500000
2018-03-21 22:05:37,0.06302200,0.64200000
2018-03-21 22:05:38,0.06302200,0.63800000
2018-03-21 22:05:40,0.06308700,0.15200000
2018-03-21 22:05:42,0.06302200,0.00100000
2018-03-21 22:05:42,0.06302100,0.09900000
2018-03-21 22:05:42,0.06302100,1.15300000
2018-03-21 22:05:42,0.06302100,1.45600000
2018-03-21 22:05:42,0.06302000,0.64500000
2018-03-21 22:05:42,0.06302100,0.31700000
2018-03-21 22:05:42,0.06302100,0.15800000
2018-03-21 22:05:42,0.06302100,0.31700000
2018-03-21 22:05:42,0.06302100,0.15800000
2018-03-21 22:05:42,0.06302100,0.20700000
2018-03-21 22:05:42,0.06308800,0.03000000
2018-03-21 22:05:43,0.06308800,0.24400000
2018-03-21 22:05:43,0.06309000,0.76200000
2018-03-21 22:05:44,0.06302100,0.88900000
2018-03-21 22:05:45,0.06302100,1.25000000
2018-03-21 22:05:46,0.06302100,0.16100000
2018-03-21 22:05:47,0.06302100,0.40700000
2018-03-21 22:05:47,0.06302000,1.31600000
2018-03-21 22:05:47,0.06308000,0.10000000
2018-03-21 22:05:47,0.06308600,1.17400000
2018-03-21 22:05:47,0.06308700,0.20600000
2018-03-21 22:05:47,0.06308700,0.79400000
2018-03-21 22:05:47,0.06309200,0.51300000
2018-03-21 22:05:47,0.06309900,0.32100000
2018-03-21 22:05:47,0.06308000,0.06000000
2018-03-21 22:05:47,0.06302000,1.52000000
2018-03-21 22:05:47,0.06309900,0.76400000
2018-03-21 22:05:48,0.06310000,0.02000000
2018-03-21 22:05:48,0.06309900,0.15700000
2018-03-21 22:05:48,0.06302100,0.33700000
2018-03-21 22:05:49,0.06302300,0.19000000
2018-03-21 22:05:50,0.06302300,0.08800000
2018-03-21 22:05:50,0.06302400,0.07000000
2018-03-21 22:05:50,0.06302400,0.28900000
2018-03-21 22:05:51,0.06307800,0.21000000
2018-03-21 22:05:51,0.06307800,0.05900000
2018-03-21 22:05:51,0.06307900,0.15000000
2018-03-21 22:05:51,0.06307900,0.02000000
2018-03-21 22:05:51,0.06307900,0.62000000
2018-03-21 22:05:51,0.06307900,0.00100000
2018-03-21 22:05:53,0.06302400,0.10000000
2018-03-21 22:05:53,0.06302300,1.31500000
2018-03-21 22:05:53,0.06302300,0.11600000
2018-03-21 22:05:54,0.06302300,0.35300000
2018-03-21 22:05:54,0.06302300,0.11200000
2018-03-21 22:05:55,0.06302300,1.52200000
2018-03-21 22:05:55,0.06310000,0.97900000
2018-03-21 22:05:55,0.06302300,0.11600000
2018-03-21 22:05:57,0.06310400,3.27000000
2018-03-21 22:05:58,0.06303000,0.23900000
2018-03-21 22:05:58,0.06310500,0.07400000
2018-03-21 22:05:58,0.06310500,0.07900000
2018-03-21 22:06:02,0.06310100,0.23300000
2018-03-21 22:06:02,0.06303400,0.42600000
2018-03-21 22:06:02,0.06303400,0.02200000
2018-03-21 22:06:02,0.06303400,0.15300000
2018-03-21 22:06:02,0.06303400,0.06900000
2018-03-21 22:06:03,0.06303500,0.78900000
2018-03-21 22:06:03,0.06303200,0.05400000
2018-03-21 22:06:04,0.06310100,0.01700000
2018-03-21 22:06:05,0.06310000,0.24400000
2018-03-21 22:06:05,0.06310100,0.56200000
2018-03-21 22:06:05,0.06310200,0.23900000
2018-03-21 22:06:05,0.06310500,0.45100000
2018-03-21 22:06:05,0.06310500,0.23900000
2018-03-21 22:06:05,0.06310500,0.12600000
2018-03-21 22:06:06,0.06310500,1.50400000
2018-03-21 22:06:06,0.06303600,0.70500000
2018-03-21 22:06:06,0.06303400,1.60200000
2018-03-21 22:06:06,0.06303300,2.09300000
2018-03-21 22:06:08,0.06310300,0.70400000
2018-03-21 22:06:09,0.06310200,1.58400000
2018-03-21 22:06:09,0.06303400,0.61700000
2018-03-21 22:06:09,0.06310200,0.07100000
2018-03-21 22:06:09,0.06310200,0.00100000
2018-03-21 22:06:09,0.06310200,0.01700000
2018-03-21 22:06:09,0.06310200,0.00100000
2018-03-21 22:06:09,0.06303400,0.01600000
2018-03-21 22:06:10,0.06303300,0.02600000
2018-03-21 22:06:10,0.06303500,0.07800000
2018-03-21 22:06:11,0.06310300,0.61800000
2018-03-21 22:06:11,0.06310500,0.00100000
2018-03-21 22:06:11,0.06311300,2.09300000
2018-03-21 22:06:11,0.06311400,0.28800000
2018-03-21 22:06:12,0.06311300,0.19900000
2018-03-21 22:06:13,0.06311300,0.06300000
2018-03-21 22:06:13,0.06311300,0.01500000
2018-03-21 22:06:13,0.06311800,0.03000000
2018-03-21 22:06:13,0.06312100,0.03200000
2018-03-21 22:06:15,0.06312100,5.38500000
2018-03-21 22:06:16,0.06312100,0.32900000
2018-03-21 22:06:16,0.06312200,0.03000000
2018-03-21 22:06:16,0.06312300,0.05500000
2018-03-21 22:06:16,0.06312200,0.02600000
2018-03-21 22:06:16,0.06304600,0.69900000
2018-03-21 22:06:16,0.06304600,0.91400000
2018-03-21 22:06:16,0.06304600,0.49100000
2018-03-21 22:06:16,0.06304500,0.39700000
2018-03-21 22:06:17,0.06312300,0.06700000
2018-03-21 22:06:19,0.06304900,1.22600000
2018-03-21 22:06:19,0.06304900,0.24200000
2018-03-21 22:06:19,0.06312000,0.22100000
2018-03-21 22:06:19,0.06304900,2.52500000
2018-03-21 22:06:19,0.06304700,0.44800000
2018-03-21 22:06:19,0.06304600,0.30000000
2018-03-21 22:06:19,0.06304500,0.03000000
2018-03-21 22:06:19,0.06303900,0.67000000
2018-03-21 22:06:19,0.06303700,0.05400000
2018-03-21 22:06:19,0.06303300,0.00100000
2018-03-21 22:06:19,0.06303200,1.41100000
2018-03-21 22:06:19,0.06302900,1.00600000
2018-03-21 22:06:19,0.06302400,0.26300000
2018-03-21 22:06:19,0.06302300,1.66300000
2018-03-21 22:06:19,0.06301900,0.08700000
2018-03-21 22:06:19,0.06301300,0.44100000
2018-03-21 22:06:19,0.06304600,0.04200000
2018-03-21 22:06:20,0.06302500,0.13000000
2018-03-21 22:06:20,0.06301300,0.02700000
2018-03-21 22:06:20,0.06304700,0.06200000
2018-03-21 22:06:20,0.06304700,1.52200000
2018-03-21 22:06:20,0.06302500,0.03000000
2018-03-21 22:06:20,0.06300800,0.46700000
2018-03-21 22:06:20,0.06300700,1.83700000
2018-03-21 22:06:20,0.06300200,0.04800000
2018-03-21 22:06:20,0.06302500,0.03000000
2018-03-21 22:06:20,0.06304700,0.15500000
2018-03-21 22:06:21,0.06304700,0.04200000
2018-03-21 22:06:21,0.06304700,0.04900000
2018-03-21 22:06:21,0.06304700,0.32900000
2018-03-21 22:06:22,0.06304700,0.21600000
2018-03-21 22:06:24,0.06305400,0.03500000
2018-03-21 22:06:24,0.06305400,1.43500000
2018-03-21 22:06:24,0.06305400,0.07800000
2018-03-21 22:06:24,0.06305400,2.42200000
2018-03-21 22:06:24,0.06302800,0.14600000
2018-03-21 22:06:24,0.06302700,0.58500000
2018-03-21 22:06:25,0.06302700,1.28000000
2018-03-21 22:06:25,0.06302700,1.56400000
2018-03-21 22:06:26,0.06310600,0.23100000
2018-03-21 22:06:26,0.06310700,0.11000000
2018-03-21 22:06:26,0.06303100,0.11300000
2018-03-21 22:06:26,0.06310600,0.03000000
2018-03-21 22:06:26,0.06310600,0.02400000
2018-03-21 22:06:26,0.06310600,0.14300000
2018-03-21 22:06:26,0.06310600,0.13100000
2018-03-21 22:06:27,0.06310500,0.08700000
2018-03-21 22:06:27,0.06305500,0.14500000
2018-03-21 22:06:28,0.06305500,0.83000000
2018-03-21 22:06:28,0.06310200,1.38300000
2018-03-21 22:06:29,0.06305500,0.11300000
2018-03-21 22:06:29,0.06305500,0.11000000
2018-03-21 22:06:29,0.06305500,0.02800000
2018-03-21 22:06:30,0.06310200,0.91900000
2018-03-21 22:06:32,0.06305900,0.07800000
2018-03-21 22:06:32,0.06305900,0.02700000
2018-03-21 22:06:33,0.06305500,1.59500000
2018-03-21 22:06:33,0.06305500,0.36200000
2018-03-21 22:06:34,0.06305500,0.00100000
2018-03-21 22:06:34,0.06303500,0.02700000
2018-03-21 22:06:34,0.06305500,0.09800000
2018-03-21 22:06:35,0.06303500,0.17200000
2018-03-21 22:06:35,0.06303200,0.17200000
2018-03-21 22:06:35,0.06303200,0.35200000
2018-03-21 22:06:36,0.06303400,0.03800000
2018-03-21 22:06:36,0.06303400,0.01700000
2018-03-21 22:06:36,0.06303400,1.00900000
2018-03-21 22:06:36,0.06303300,0.01600000
2018-03-21 22:06:36,0.06305500,0.00100000
2018-03-21 22:06:36,0.06305500,0.05800000
2018-03-21 22:06:36,0.06310300,0.47300000
2018-03-21 22:06:37,0.06305500,0.02800000
2018-03-21 22:06:37,0.06303300,0.02300000
2018-03-21 22:06:37,0.06303200,0.06600000
2018-03-21 22:06:37,0.06303200,0.93000000
2018-03-21 22:06:38,0.06303300,0.31200000
2018-03-21 22:06:38,0.06303300,0.00100000
2018-03-21 22:06:38,0.06303100,0.01000000
2018-03-21 22:06:38,0.06310000,0.05500000
2018-03-21 22:06:38,0.06310000,0.08000000
2018-03-21 22:06:39,0.06303100,0.78000000
2018-03-21 22:06:40,0.06303000,0.41700000
2018-03-21 22:06:41,0.06309800,1.17100000
2018-03-21 22:06:42,0.06309700,0.91800000
2018-03-21 22:06:43,0.06309700,0.05100000
2018-03-21 22:06:44,0.06309700,0.10400000
2018-03-21 22:06:44,0.06305500,0.01700000
2018-03-21 22:06:44,0.06303000,0.98300000
2018-03-21 22:06:45,0.06309700,2.28400000
2018-03-21 22:06:46,0.06303000,0.16000000
2018-03-21 22:06:46,0.06303000,0.04000000
2018-03-21 22:06:46,0.06303000,0.01800000
2018-03-21 22:06:47,0.06303000,0.81500000
2018-03-21 22:06:49,0.06302700,0.31500000
2018-03-21 22:06:49,0.06302700,0.15300000
2018-03-21 22:06:49,0.06302700,0.07800000
2018-03-21 22:06:49,0.06302700,0.83800000
2018-03-21 22:06:49,0.06302700,0.00100000
2018-03-21 22:06:49,0.06300000,0.11000000
2018-03-21 22:06:49,0.06299300,0.18400000
2018-03-21 22:06:51,0.06309700,0.83000000
2018-03-21 22:06:51,0.06309700,0.46300000
2018-03-21 22:06:51,0.06299700,0.03000000
2018-03-21 22:06:51,0.06299700,0.03000000
2018-03-21 22:06:51,0.06299700,0.03000000
2018-03-21 22:06:51,0.06309600,0.66300000
2018-03-21 22:06:51,0.06309600,0.31000000
2018-03-21 22:06:51,0.06309600,0.31000000
2018-03-21 22:06:51,0.06309600,0.60500000
2018-03-21 22:06:52,0.06299900,0.03000000
2018-03-21 22:06:52,0.06300000,0.08900000
2018-03-21 22:06:53,0.06300200,0.07900000
2018-03-21 22:06:54,0.06309300,0.08800000
2018-03-21 22:06:54,0.06309300,0.09900000
2018-03-21 22:06:56,0.06300700,0.14200000
2018-03-21 22:06:58,0.06308800,0.07900000
2018-03-21 22:06:58,0.06308900,0.04300000
2018-03-21 22:06:58,0.06308900,0.12200000
2018-03-21 22:06:58,0.06301100,0.04000000
2018-03-21 22:06:58,0.06308900,0.12200000
2018-03-21 22:06:58,0.06308900,0.10400000
2018-03-21 22:06:58,0.06309100,0.01800000
2018-03-21 22:06:58,0.06308900,0.03000000
2018-03-21 22:06:58,0.06309100,0.09200000
2018-03-21 22:06:59,0.06308900,0.03000000
2018-03-21 22:06:59,0.06309100,0.09200000
2018-03-21 22:06:59,0.06308900,0.02400000
2018-03-21 22:06:59,0.06301200,1.58700000
2018-03-21 22:06:59,0.06301400,0.30000000
2018-03-21 22:06:59,0.06301300,0.35500000
2018-03-21 22:06:59,0.06309200,0.11000000
2018-03-21 22:06:59,0.06308800,0.12200000
2018-03-21 22:07:00,0.06308700,0.08700000
2018-03-21 22:07:00,0.06301600,0.08800000
2018-03-21 22:07:00,0.06301500,0.07300000
2018-03-21 22:07:00,0.06301600,0.08800000
2018-03-21 22:07:00,0.06308700,0.26800000
2018-03-21 22:07:02,0.06308600,0.05700000
2018-03-21 22:07:03,0.06308500,0.80600000
2018-03-21 22:07:03,0.06308500,0.00900000
2018-03-21 22:07:03,0.06308600,0.18100000
2018-03-21 22:07:03,0.06308700,0.03700000
2018-03-21 22:07:03,0.06308700,1.16000000
2018-03-21 22:07:03,0.06301800,1.12400000
2018-03-21 22:07:04,0.06308600,0.03600000
2018-03-21 22:07:04,0.06308600,0.40300000
2018-03-21 22:07:04,0.06308600,0.01000000
2018-03-21 22:07:04,0.06308700,0.00500000
2018-03-21 22:07:05,0.06308800,0.39100000
2018-03-21 22:07:09,0.06308700,0.00200000
2018-03-21 22:07:09,0.06302100,0.31300000
2018-03-21 22:07:11,0.06302200,0.26300000
2018-03-21 22:07:15,0.06302400,0.00300000
2018-03-21 22:07:15,0.06308800,0.00600000
2018-03-21 22:07:17,0.06302600,0.01600000
2018-03-21 22:07:18,0.06302600,0.29700000
2018-03-21 22:07:19,0.06302600,0.29400000
2018-03-21 22:07:20,0.06309600,0.42400000
2018-03-21 22:07:20,0.06309600,0.18300000
2018-03-21 22:07:20,0.06309700,0.24200000
2018-03-21 22:07:23,0.06302700,0.04400000
2018-03-21 22:07:23,0.06309500,0.38700000
2018-03-21 22:07:24,0.06309500,0.03900000
2018-03-21 22:07:26,0.06302600,0.73900000
2018-03-21 22:07:26,0.06302600,0.55700000
2018-03-21 22:07:26,0.06302700,0.44900000
2018-03-21 22:07:26,0.06302600,0.15200000
2018-03-21 22:07:26,0.06309000,0.11400000
2018-03-21 22:07:27,0.06302600,1.58700000
2018-03-21 22:07:28,0.06302600,0.05200000
2018-03-21 22:07:28,0.06309000,0.00100000
2018-03-21 22:07:28,0.06309500,0.06800000
2018-03-21 22:07:28,0.06309500,0.54800000
2018-03-21 22:07:29,0.06302700,0.03100000
2018-03-21 22:07:29,0.06302700,0.42400000
2018-03-21 22:07:30,0.06309500,0.44900000
2018-03-21 22:07:32,0.06302800,0.11200000
2018-03-21 22:07:32,0.06302800,0.22300000
2018-03-21 22:07:32,0.06309600,0.38900000
2018-03-21 22:07:32,0.06309600,0.10900000
2018-03-21 22:07:34,0.06302800,0.29700000
2018-03-21 22:07:35,0.06302700,0.01600000
2018-03-21 22:07:36,0.06309500,2.33400000
2018-03-21 22:07:37,0.06302800,1.18700000
2018-03-21 22:07:37,0.06302600,0.20300000
2018-03-21 22:07:37,0.06301900,0.36200000
2018-03-21 22:07:38,0.06301900,0.01800000
2018-03-21 22:07:39,0.06302700,0.01700000
2018-03-21 22:07:39,0.06302700,1.00000000
2018-03-21 22:07:40,0.06302700,0.09100000
2018-03-21 22:07:41,0.06302700,0.15200000
2018-03-21 22:07:43,0.06305900,7.40800000
2018-03-21 22:07:43,0.06309200,1.08000000
2018-03-21 22:07:43,0.06309200,2.76500000
2018-03-21 22:07:44,0.06302700,0.80600000
2018-03-21 22:07:44,0.06302700,0.21000000
2018-03-21 22:07:44,0.06302700,0.12200000
2018-03-21 22:07:45,0.06302700,0.09200000
2018-03-21 22:07:45,0.06309400,1.12400000
2018-03-21 22:07:48,0.06302700,0.10500000
2018-03-21 22:07:51,0.06309500,0.20900000
2018-03-21 22:07:52,0.06309500,0.29300000
2018-03-21 22:07:52,0.06309600,0.38700000
2018-03-21 22:07:52,0.06309600,0.07900000
2018-03-21 22:07:52,0.06309700,0.21300000
2018-03-21 22:07:56,0.06302800,1.63500000
2018-03-21 22:07:57,0.06309500,0.01800000
2018-03-21 22:07:58,0.06302800,0.92200000
2018-03-21 22:07:59,0.06309600,0.10300000
2018-03-21 22:08:00,0.06302800,0.04800000
2018-03-21 22:08:00,0.06302700,0.16300000
2018-03-21 22:08:00,0.06302700,7.89600000
2018-03-21 22:08:00,0.06302700,0.15900000
2018-03-21 22:08:00,0.06302700,0.19100000
2018-03-21 22:08:00,0.06302700,13.18900000
2018-03-21 22:08:00,0.06301900,1.12000000
2018-03-21 22:08:00,0.06301700,1.00600000
2018-03-21 22:08:00,0.06300000,0.02000000
2018-03-21 22:08:00,0.06298100,0.65800000
2018-03-21 22:08:00,0.06298000,0.03600000
2018-03-21 22:08:00,0.06302700,0.04800000
2018-03-21 22:08:00,0.06302700,0.07300000
2018-03-21 22:08:00,0.06302700,0.03000000
2018-03-21 22:08:01,0.06302700,0.95500000
2018-03-21 22:08:01,0.06302700,0.03000000
2018-03-21 22:08:01,0.06302700,0.03000000
2018-03-21 22:08:01,0.06302700,0.03000000
2018-03-21 22:08:01,0.06302700,0.02300000
2018-03-21 22:08:01,0.06302700,0.65800000
2018-03-21 22:08:01,0.06302700,0.35800000
2018-03-21 22:08:02,0.06302700,0.07900000
2018-03-21 22:08:02,0.06302700,0.50700000
2018-03-21 22:08:04,0.06302700,0.08000000
2018-03-21 22:08:04,0.06302700,0.38000000
2018-03-21 22:08:04,0.06302700,0.04700000
2018-03-21 22:08:05,0.06302700,0.06300000
2018-03-21 22:08:05,0.06302700,0.01700000
2018-03-21 22:08:05,0.06302700,6.30800000
2018-03-21 22:08:07,0.06298600,0.76500000
2018-03-21 22:08:07,0.06298700,0.04600000
2018-03-21 22:08:07,0.06298600,0.80900000
2018-03-21 22:08:08,0.06298600,0.17500000
2018-03-21 22:08:11,0.06298700,0.03900000
2018-03-21 22:08:12,0.06298700,0.66600000
2018-03-21 22:08:12,0.06298700,0.02200000
2018-03-21 22:08:13,0.06303800,0.02400000
2018-03-21 22:08:13,0.06303800,0.15000000
2018-03-21 22:08:13,0.06298700,0.09900000
2018-03-21 22:08:14,0.06298700,0.02400000
2018-03-21 22:08:14,0.06298600,0.15600000
2018-03-21 22:08:14,0.06298600,0.02300000
2018-03-21 22:08:14,0.06298600,0.02200000
2018-03-21 22:08:14,0.06298600,0.26200000
2018-03-21 22:08:14,0.06298500,0.60000000
2018-03-21 22:08:14,0.06298300,0.41000000
2018-03-21 22:08:15,0.06303800,0.05300000
2018-03-21 22:08:15,0.06298300,0.05100000
2018-03-21 22:08:15,0.06303700,0.83200000
2018-03-21 22:08:15,0.06298300,0.00100000
2018-03-21 22:08:15,0.06303700,0.17100000
2018-03-21 22:08:16,0.06298600,0.45000000
2018-03-21 22:08:16,0.06298000,0.51300000
2018-03-21 22:08:16,0.06298000,0.37000000
2018-03-21 22:08:16,0.06298000,0.45000000
2018-03-21 22:08:17,0.06298000,0.01900000
2018-03-21 22:08:17,0.06298000,0.06100000
2018-03-21 22:08:17,0.06298000,0.00100000
2018-03-21 22:08:17,0.06297200,0.03500000
2018-03-21 22:08:17,0.06296500,0.06100000
2018-03-21 22:08:19,0.06296600,0.40500000
2018-03-21 22:08:20,0.06296600,0.91500000
2018-03-21 22:08:20,0.06296500,0.33200000
2018-03-21 22:08:21,0.06296500,0.31700000
2018-03-21 22:08:21,0.06296500,0.04800000
2018-03-21 22:08:21,0.06296500,0.01300000
2018-03-21 22:08:21,0.06303200,0.04700000
2018-03-21 22:08:21,0.06303200,0.06000000
2018-03-21 22:08:21,0.06303200,0.06000000
2018-03-21 22:08:21,0.06303200,0.06000000
2018-03-21 22:08:21,0.06303200,0.06000000
2018-03-21 22:08:21,0.06296400,0.06100000
2018-03-21 22:08:22,0.06296500,0.10000000
2018-03-21 22:08:22,0.06296500,1.08700000
2018-03-21 22:08:23,0.06296600,0.02100000
2018-03-21 22:08:23,0.06296600,0.98400000
2018-03-21 22:08:23,0.06296600,0.00100000
2018-03-21 22:08:23,0.06296500,0.00100000
2018-03-21 22:08:23,0.06296300,0.07700000
2018-03-21 22:08:23,0.06295400,0.16500000
2018-03-21 22:08:23,0.06295400,0.07700000
2018-03-21 22:08:23,0.06295500,0.96000000
2018-03-21 22:08:23,0.06295600,0.93900000
2018-03-21 22:08:24,0.06295800,0.11000000
2018-03-21 22:08:24,0.06295700,0.53000000
2018-03-21 22:08:25,0.06295900,0.76600000
2018-03-21 22:08:25,0.06303000,0.03500000
2018-03-21 22:08:26,0.06302800,1.24700000
2018-03-21 22:08:27,0.06302800,0.46100000
2018-03-21 22:08:27,0.06302800,0.97300000
2018-03-21 22:08:27,0.06302900,0.46000000
2018-03-21 22:08:28,0.06302900,0.16100000
2018-03-21 22:08:28,0.06296200,0.24600000
2018-03-21 22:08:28,0.06296200,0.63600000
2018-03-21 22:08:30,0.06296200,0.21600000
2018-03-21 22:08:31,0.06296200,0.03800000
2018-03-21 22:08:32,0.06296200,0.23600000
2018-03-21 22:08:32,0.06296100,2.14800000
2018-03-21 22:08:32,0.06296100,0.00100000
2018-03-21 22:08:32,0.06295400,0.09600000
2018-03-21 22:08:32,0.06296200,0.03600000
2018-03-21 22:08:32,0.06296200,0.00200000
2018-03-21 22:08:32,0.06302900,0.03500000
2018-03-21 22:08:32,0.06302900,0.03700000
2018-03-21 22:08:32,0.06302900,0.03200000
2018-03-21 22:08:32,0.06295400,0.08900000
2018-03-21 22:08:32,0.06302900,0.03700000
2018-03-21 22:08:32,0.06302900,0.03700000
2018-03-21 22:08:32,0.06302900,0.03600000
2018-03-21 22:08:32,0.06302900,0.03700000
2018-03-21 22:08:32,0.06295400,0.41000000
2018-03-21 22:08:32,0.06295400,0.01600000
2018-03-21 22:08:32,0.06295400,0.29000000
2018-03-21 22:08:35,0.06302600,0.61600000
2018-03-21 22:08:36,0.06295600,0.28900000
2018-03-21 22:08:36,0.06295600,0.05200000
2018-03-21 22:08:36,0.06295300,0.37600000
2018-03-21 22:08:38,0.06295400,0.28200000
2018-03-21 22:08:38,0.06295400,0.15900000
2018-03-21 22:08:38,0.06295400,0.15900000
2018-03-21 22:08:38,0.06295400,0.05400000
2018-03-21 22:08:39,0.06302400,0.32700000
2018-03-21 22:08:39,0.06295400,1.88200000
2018-03-21 22:08:40,0.06302300,0.11400000
2018-03-21 22:08:41,0.06302200,0.13800000
2018-03-21 22:08:42,0.06302100,0.44900000
2018-03-21 22:08:43,0.06295500,0.03900000
2018-03-21 22:08:43,0.06302100,0.00100000
2018-03-21 22:08:43,0.06302200,0.00100000
2018-03-21 22:08:43,0.06302300,2.01700000
2018-03-21 22:08:43,0.06302500,0.02500000
2018-03-21 22:08:43,0.06302500,0.42500000
2018-03-21 22:08:43,0.06302700,0.59800000
2018-03-21 22:08:43,0.06302800,0.25800000
2018-03-21 22:08:43,0.06303100,0.11900000
2018-03-21 22:08:43,0.06303500,0.33000000
2018-03-21 22:08:43,0.06303800,0.40700000
2018-03-21 22:08:44,0.06303500,0.29300000
2018-03-21 22:08:44,0.06303500,0.20200000
2018-03-21 22:08:46,0.06295900,0.04300000
2018-03-21 22:08:47,0.06303000,0.57600000
2018-03-21 22:08:47,0.06305300,0.03000000
2018-03-21 22:08:47,0.06305400,0.30000000
2018-03-21 22:08:47,0.06306400,0.27800000
2018-03-21 22:08:47,0.06306500,0.20000000
2018-03-21 22:08:47,0.06307300,0.47100000
2018-03-21 22:08:47,0.06309500,3.46200000
2018-03-21 22:08:48,0.06305400,0.30000000
2018-03-21 22:08:48,0.06306900,0.03000000
2018-03-21 22:08:48,0.06310000,0.40600000
2018-03-21 22:08:48,0.06296600,0.03000000
2018-03-21 22:08:49,0.06305200,0.93900000
2018-03-21 22:08:49,0.06306700,0.24500000
2018-03-21 22:08:50,0.06305300,0.01700000
2018-03-21 22:08:50,0.06297100,0.01600000
2018-03-21 22:08:50,0.06297100,0.01600000
2018-03-21 22:08:51,0.06297200,0.36400000
2018-03-21 22:08:51,0.06302700,0.03400000
2018-03-21 22:08:51,0.06302700,0.71300000
2018-03-21 22:08:51,0.06302700,0.01800000
2018-03-21 22:08:52,0.06306400,0.24000000
2018-03-21 22:08:52,0.06302700,0.03500000
2018-03-21 22:08:52,0.06302700,0.02900000
2018-03-21 22:08:52,0.06302700,0.48200000
2018-03-21 22:08:53,0.06306300,0.36400000
2018-03-21 22:08:53,0.06306400,0.69700000
2018-03-21 22:08:53,0.06306400,2.98100000
2018-03-21 22:08:53,0.06302700,0.31000000
2018-03-21 22:08:53,0.06302700,0.11600000
2018-03-21 22:08:54,0.06302700,0.35300000
2018-03-21 22:08:54,0.06302700,0.60400000
2018-03-21 22:08:54,0.06299300,0.82300000
2018-03-21 22:08:55,0.06299400,0.04500000
2018-03-21 22:08:56,0.06302800,0.02100000
2018-03-21 22:08:56,0.06302800,0.11400000
2018-03-21 22:08:56,0.06306600,0.25900000
2018-03-21 22:08:56,0.06302800,0.03500000
2018-03-21 22:08:58,0.06306400,0.28100000
2018-03-21 22:08:58,0.06298100,0.48000000
2018-03-21 22:08:59,0.06305600,0.57000000
2018-03-21 22:08:59,0.06305600,1.60300000
2018-03-21 22:09:01,0.06298400,0.11500000
2018-03-21 22:09:02,0.06298500,0.01800000
2018-03-21 22:09:02,0.06298500,0.01700000
2018-03-21 22:09:02,0.06298500,0.02000000
2018-03-21 22:09:02,0.06298500,0.15800000
2018-03-21 22:09:02,0.06305200,1.05200000
2018-03-21 22:09:04,0.06305000,0.25200000
2018-03-21 22:09:05,0.06298400,0.15900000
2018-03-21 22:09:05,0.06298400,1.83600000
2018-03-21 22:09:05,0.06298400,0.98600000
2018-03-21 22:09:05,0.06297900,0.49400000
2018-03-21 22:09:05,0.06297800,0.03000000
2018-03-21 22:09:05,0.06297100,0.32100000
2018-03-21 22:09:05,0.06297100,0.61600000
2018-03-21 22:09:06,0.06299500,0.08800000
2018-03-21 22:09:06,0.06299500,0.06500000
2018-03-21 22:09:07,0.06299500,0.06100000
2018-03-21 22:09:07,0.06299500,0.01000000
2018-03-21 22:09:07,0.06304700,0.01400000
2018-03-21 22:09:07,0.06304700,0.02300000
2018-03-21 22:09:07,0.06297900,0.11200000
2018-03-21 22:09:09,0.06304700,0.17100000
2018-03-21 22:09:10,0.06304700,0.11000000
2018-03-21 22:09:11,0.06297800,0.25200000
2018-03-21 22:09:11,0.06297900,0.25900000
2018-03-21 22:09:11,0.06297800,0.11500000
2018-03-21 22:09:11,0.06297600,0.33000000
2018-03-21 22:09:11,0.06297000,0.45400000
2018-03-21 22:09:12,0.06297900,0.25700000
2018-03-21 22:09:12,0.06297900,0.45100000
2018-03-21 22:09:12,0.06297900,0.00100000
2018-03-21 22:09:12,0.06297400,0.25800000
2018-03-21 22:09:13,0.06297400,0.24800000
2018-03-21 22:09:14,0.06304500,0.42800000
2018-03-21 22:09:15,0.06297600,0.01800000
2018-03-21 22:09:17,0.06297700,0.06000000
2018-03-21 22:09:17,0.06297700,0.03500000
2018-03-21 22:09:18,0.06304400,0.31800000
2018-03-21 22:09:18,0.06297700,0.03200000
2018-03-21 22:09:19,0.06297700,0.12600000
2018-03-21 22:09:19,0.06297700,0.32900000
2018-03-21 22:09:20,0.06297900,0.01600000
2018-03-21 22:09:21,0.06304400,0.24400000
2018-03-21 22:09:21,0.06297900,0.00100000
2018-03-21 22:09:21,0.06297700,0.00100000
2018-03-21 22:09:21,0.06297700,1.07600000
2018-03-21 22:09:21,0.06297700,0.21600000
2018-03-21 22:09:21,0.06304400,0.21100000
2018-03-21 22:09:21,0.06304500,0.08900000
2018-03-21 22:09:21,0.06304600,0.26700000
2018-03-21 22:09:21,0.06304600,0.09400000
2018-03-21 22:09:21,0.06297500,0.31000000
2018-03-21 22:09:22,0.06297600,0.87800000
2018-03-21 22:09:22,0.06297600,0.79400000
2018-03-21 22:09:23,0.06304500,0.13000000
2018-03-21 22:09:24,0.06304400,0.17100000
2018-03-21 22:09:24,0.06297700,0.48100000
2018-03-21 22:09:26,0.06304000,0.10300000
2018-03-21 22:09:26,0.06297700,0.00100000
2018-03-21 22:09:26,0.06297500,0.00100000
2018-03-21 22:09:26,0.06297000,0.04600000
2018-03-21 22:09:26,0.06296800,0.06700000
2018-03-21 22:09:26,0.06304000,0.00100000
2018-03-21 22:09:26,0.06304400,1.03800000
2018-03-21 22:09:26,0.06296800,0.40300000
2018-03-21 22:09:27,0.06296900,0.35000000
2018-03-21 22:09:28,0.06304100,0.02400000
2018-03-21 22:09:28,0.06297000,0.36100000
2018-03-21 22:09:31,0.06297200,0.24100000
2018-03-21 22:09:31,0.06297200,0.01800000
2018-03-21 22:09:31,0.06297100,0.13700000
2018-03-21 22:09:31,0.06297100,0.01700000
2018-03-21 22:09:31,0.06304000,0.35500000
2018-03-21 22:09:31,0.06296600,0.06300000
2018-03-21 22:09:32,0.06297100,0.06800000
2018-03-21 22:09:32,0.06303900,0.25900000
2018-03-21 22:09:32,0.06304000,0.00600000
2018-03-21 22:09:32,0.06304100,0.43500000
2018-03-21 22:09:32,0.06304100,0.06700000
2018-03-21 22:09:32,0.06296600,0.02900000
2018-03-21 22:09:32,0.06296700,0.02900000
2018-03-21 22:09:32,0.06304000,0.12100000
2018-03-21 22:09:33,0.06303900,0.18100000
2018-03-21 22:09:33,0.06304000,1.32000000
2018-03-21 22:09:33,0.06304000,0.18100000
2018-03-21 22:09:35,0.06304000,0.01900000
2018-03-21 22:09:36,0.06303900,0.34600000
2018-03-21 22:09:37,0.06303900,0.17100000
2018-03-21 22:09:38,0.06297200,0.77300000
2018-03-21 22:09:39,0.06303900,0.00900000
2018-03-21 22:09:39,0.06304000,0.00100000
2018-03-21 22:09:39,0.06304100,0.09200000
2018-03-21 22:09:39,0.06304200,0.02500000
2018-03-21 22:09:39,0.06304200,0.16500000
2018-03-21 22:09:40,0.06304200,0.15200000
2018-03-21 22:09:40,0.06297300,0.03000000
2018-03-21 22:09:40,0.06297100,0.10000000
2018-03-21 22:09:40,0.06296800,0.30000000
2018-03-21 22:09:40,0.06296500,0.04800000
2018-03-21 22:09:40,0.06304200,0.21200000
2018-03-21 22:09:40,0.06297300,0.03000000
2018-03-21 22:09:40,0.06297400,0.02900000
2018-03-21 22:09:40,0.06297400,0.37900000
2018-03-21 22:09:40,0.06297400,0.23000000
2018-03-21 22:09:41,0.06304700,0.30000000
2018-03-21 22:09:41,0.06305000,0.03000000
2018-03-21 22:09:41,0.06305300,0.60400000
2018-03-21 22:09:41,0.06305600,0.01700000
2018-03-21 22:09:41,0.06306400,0.02700000
2018-03-21 22:09:41,0.06306700,1.74600000
2018-03-21 22:09:41,0.06309500,0.49200000
2018-03-21 22:09:42,0.06297900,0.49200000
2018-03-21 22:09:42,0.06297800,0.24300000
2018-03-21 22:09:42,0.06297900,0.22800000
2018-03-21 22:09:42,0.06297900,2.81800000
2018-03-21 22:09:42,0.06298000,0.12300000
2018-03-21 22:09:42,0.06298000,1.51400000
2018-03-21 22:09:42,0.06298000,0.20000000
2018-03-21 22:09:43,0.06298000,0.20000000
2018-03-21 22:09:43,0.06298000,0.46100000
2018-03-21 22:09:43,0.06298000,1.28200000
2018-03-21 22:09:43,0.06298000,0.03400000
2018-03-21 22:09:43,0.06307200,0.20600000
2018-03-21 22:09:43,0.06298000,0.51800000
2018-03-21 22:09:43,0.06297900,0.46800000
2018-03-21 22:09:43,0.06298000,0.07900000
2018-03-21 22:09:43,0.06298000,0.02100000
2018-03-21 22:09:43,0.06298000,0.06000000
2018-03-21 22:09:47,0.06298700,0.17600000
2018-03-21 22:09:48,0.06305600,0.13000000
2018-03-21 22:09:48,0.06306000,0.14800000
2018-03-21 22:09:50,0.06305700,0.32300000
2018-03-21 22:09:50,0.06298800,0.11500000
2018-03-21 22:09:50,0.06298800,0.09200000
2018-03-21 22:09:50,0.06298900,0.41000000
2018-03-21 22:09:52,0.06305400,0.81300000
2018-03-21 22:09:52,0.06305300,0.02000000
2018-03-21 22:09:52,0.06298900,0.06200000
2018-03-21 22:09:53,0.06305100,0.10500000
2018-03-21 22:09:53,0.06298900,0.04700000
2018-03-21 22:09:55,0.06305100,0.41700000
2018-03-21 22:09:55,0.06305100,1.05800000
2018-03-21 22:09:55,0.06305200,0.85800000
2018-03-21 22:09:55,0.06305300,0.50200000
2018-03-21 22:09:55,0.06305500,2.05200000
2018-03-21 22:09:55,0.06305500,0.42700000
2018-03-21 22:09:55,0.06305700,0.06200000
2018-03-21 22:09:55,0.06298900,0.00100000
2018-03-21 22:09:55,0.06298200,0.11100000
2018-03-21 22:09:56,0.06304900,0.03000000
2018-03-21 22:09:56,0.06305000,0.38500000
2018-03-21 22:09:56,0.06304900,0.03000000
2018-03-21 22:09:56,0.06305000,1.55300000
2018-03-21 22:09:56,0.06305000,0.28200000
2018-03-21 22:09:56,0.06298200,0.10000000
2018-03-21 22:09:56,0.06298200,0.15100000
2018-03-21 22:09:56,0.06297900,0.52800000
2018-03-21 22:09:56,0.06297600,1.00600000
2018-03-21 22:09:56,0.06297100,1.85600000
2018-03-21 22:09:56,0.06297100,0.29300000
2018-03-21 22:09:56,0.06297000,0.01600000
2018-03-21 22:09:56,0.06296900,0.03000000
2018-03-21 22:09:56,0.06296500,0.15200000
2018-03-21 22:09:56,0.06295900,0.02700000
2018-03-21 22:09:56,0.06295800,0.16800000
2018-03-21 22:09:56,0.06295700,0.55200000
2018-03-21 22:09:56,0.06295300,1.11600000
2018-03-21 22:09:56,0.06295700,1.93800000
2018-03-21 22:09:56,0.06295700,0.03000000
2018-03-21 22:09:56,0.06295700,0.15800000
2018-03-21 22:09:56,0.06295700,0.17200000
2018-03-21 22:09:56,0.06295700,0.03000000
2018-03-21 22:09:56,0.06295700,0.15800000
2018-03-21 22:09:56,0.06295700,0.20900000
2018-03-21 22:09:56,0.06295700,0.03000000
2018-03-21 22:09:56,0.06295700,0.20800000
2018-03-21 22:09:56,0.06295700,0.03000000
2018-03-21 22:09:56,0.06295700,0.08000000
2018-03-21 22:09:56,0.06295700,0.31600000
2018-03-21 22:09:56,0.06295700,0.03000000
2018-03-21 22:09:56,0.06295700,1.41500000
2018-03-21 22:09:57,0.06304700,0.12500000
2018-03-21 22:09:57,0.06297300,0.09900000
2018-03-21 22:09:58,0.06304600,0.06500000
2018-03-21 22:09:58,0.06297400,0.14300000
2018-03-21 22:09:59,0.06304500,0.09800000
2018-03-21 22:10:02,0.06304300,0.04900000
2018-03-21 22:10:02,0.06304300,0.04900000
2018-03-21 22:10:03,0.06297500,0.09900000
2018-03-21 22:10:03,0.06297600,0.06200000
2018-03-21 22:10:03,0.06297500,0.75900000
2018-03-21 22:10:03,0.06297400,0.35400000
2018-03-21 22:10:04,0.06304500,0.19600000
2018-03-21 22:10:04,0.06304500,0.00200000
2018-03-21 22:10:04,0.06305000,1.10400000
2018-03-21 22:10:04,0.06304500,0.01500000
2018-03-21 22:10:04,0.06298700,0.09600000
2018-03-21 22:10:05,0.06298700,0.09000000
2018-03-21 22:10:05,0.06304300,0.12200000
2018-03-21 22:10:05,0.06298700,0.02600000
2018-03-21 22:10:05,0.06304300,0.02200000
2018-03-21 22:10:06,0.06304300,1.40200000
2018-03-21 22:10:07,0.06304400,0.42900000
2018-03-21 22:10:10,0.06304400,0.00800000
2018-03-21 22:10:10,0.06305100,0.58300000
2018-03-21 22:10:10,0.06305300,0.11500000
2018-03-21 22:10:10,0.06305400,0.33000000
2018-03-21 22:10:10,0.06305700,1.00600000
2018-03-21 22:10:10,0.06306200,0.06000000
2018-03-21 22:10:10,0.06306500,0.20000000
2018-03-21 22:10:10,0.06310000,0.18300000
2018-03-21 22:10:10,0.06305400,0.33000000
2018-03-21 22:10:10,0.06306500,0.10000000
2018-03-21 22:10:10,0.06306500,0.10000000
2018-03-21 22:10:10,0.06306500,0.10000000
2018-03-21 22:10:10,0.06306500,0.03000000
2018-03-21 22:10:10,0.06306500,0.10000000
2018-03-21 22:10:10,0.06306500,0.10000000
2018-03-21 22:10:10,0.06306500,0.10000000
2018-03-21 22:10:10,0.06306500,0.03000000
2018-03-21 22:10:10,0.06306500,0.10000000
2018-03-21 22:10:10,0.06306500,0.10000000
2018-03-21 22:10:10,0.06306500,0.10000000
2018-03-21 22:10:10,0.06306500,0.03000000
2018-03-21 22:10:10,0.06306500,0.10000000
2018-03-21 22:10:10,0.06306500,0.10000000
2018-03-21 22:10:10,0.06306500,0.10000000
2018-03-21 22:10:10,0.06306500,0.10000000
2018-03-21 22:10:10,0.06306500,0.58200000
2018-03-21 22:10:11,0.06305400,0.31900000
2018-03-21 22:10:11,0.06305400,0.03100000
2018-03-21 22:10:11,0.06305400,0.03000000
2018-03-21 22:10:12,0.06305400,0.05900000
2018-03-21 22:10:12,0.06305400,0.00400000
2018-03-21 22:10:12,0.06299100,0.01100000
2018-03-21 22:10:12,0.06299100,0.06200000
2018-03-21 22:10:12,0.06299100,0.06200000
2018-03-21 22:10:12,0.06299100,0.31000000
2018-03-21 22:10:12,0.06299100,1.16100000
2018-03-21 22:10:13,0.06305400,0.04600000
2018-03-21 22:10:13,0.06305400,0.00100000
2018-03-21 22:10:13,0.06299400,0.04500000
2018-03-21 22:10:13,0.06299500,0.01700000
2018-03-21 22:10:15,0.06307700,0.16300000
2018-03-21 22:10:16,0.06307600,0.03400000
2018-03-21 22:10:16,0.06305100,0.48200000
2018-03-21 22:10:16,0.06305100,0.32300000
2018-03-21 22:10:16,0.06307500,0.03700000
2018-03-21 22:10:16,0.06307600,0.01700000
2018-03-21 22:10:17,0.06307800,0.06200000
2018-03-21 22:10:17,0.06307900,0.23700000
2018-03-21 22:10:19,0.06300700,0.01600000
2018-03-21 22:10:19,0.06308000,0.66400000
2018-03-21 22:10:19,0.06308000,0.31700000
2018-03-21 22:10:19,0.06308000,0.34600000
2018-03-21 22:10:19,0.06308000,0.66100000
2018-03-21 22:10:20,0.06307900,0.42200000
2018-03-21 22:10:21,0.06301100,0.01500000
2018-03-21 22:10:21,0.06301100,0.16900000
2018-03-21 22:10:21,0.06301000,0.01400000
2018-03-21 22:10:21,0.06301000,0.46900000
2018-03-21 22:10:21,0.06307900,0.18000000
2018-03-21 22:10:22,0.06300900,0.00500000
2018-03-21 22:10:22,0.06301100,0.36800000
2018-03-21 22:10:22,0.06301000,0.22900000
2018-03-21 22:10:22,0.06300200,0.08000000
2018-03-21 22:10:22,0.06307700,0.45200000
2018-03-21 22:10:23,0.06307700,0.80900000
2018-03-21 22:10:23,0.06307700,0.80700000
2018-03-21 22:10:24,0.06301100,0.07000000
2018-03-21 22:10:24,0.06301100,0.07700000
2018-03-21 22:10:24,0.06307700,1.25100000
2018-03-21 22:10:24,0.06301100,0.03700000
2018-03-21 22:10:24,0.06301100,0.01800000
2018-03-21 22:10:24,0.06307700,0.07900000
2018-03-21 22:10:24,0.06301100,0.55900000
2018-03-21 22:10:25,0.06307700,0.25900000
2018-03-21 22:10:25,0.06308000,0.12100000
2018-03-21 22:10:26,0.06308000,0.04200000
2018-03-21 22:10:26,0.06300900,0.21300000
2018-03-21 22:10:26,0.06307900,0.09700000
2018-03-21 22:10:26,0.06307900,0.09600000
2018-03-21 22:10:29,0.06301100,2.88200000
2018-03-21 22:10:29,0.06300300,0.11600000
2018-03-21 22:10:31,0.06307600,0.04700000
2018-03-21 22:10:31,0.06307600,0.06200000
2018-03-21 22:10:32,0.06307600,0.04700000
2018-03-21 22:10:32,0.06307600,0.44700000
2018-03-21 22:10:33,0.06301200,0.04700000
2018-03-21 22:10:33,0.06307600,0.17100000
2018-03-21 22:10:33,0.06307600,0.04700000
2018-03-21 22:10:35,0.06307600,0.04700000
2018-03-21 22:10:35,0.06301200,0.11400000
2018-03-21 22:10:40,0.06307400,0.19100000
2018-03-21 22:10:41,0.06307400,0.03100000
2018-03-21 22:10:41,0.06307400,0.03500000
2018-03-21 22:10:44,0.06307400,0.61100000
2018-03-21 22:10:44,0.06301200,0.02100000
2018-03-21 22:10:45,0.06307400,0.09400000
2018-03-21 22:10:45,0.06307400,0.00100000
2018-03-21 22:10:45,0.06307500,0.42100000
2018-03-21 22:10:45,0.06307500,0.16000000
2018-03-21 22:10:45,0.06301300,0.01800000
2018-03-21 22:10:46,0.06301300,0.01900000
2018-03-21 22:10:46,0.06307500,0.32300000
2018-03-21 22:10:47,0.06301300,0.07000000
2018-03-21 22:10:47,0.06301300,1.91500000
2018-03-21 22:10:47,0.06301300,1.77200000
2018-03-21 22:10:47,0.06301300,0.10700000
2018-03-21 22:10:47,0.06307500,0.04300000
2018-03-21 22:10:48,0.06301200,0.03200000
2018-03-21 22:10:48,0.06300900,1.00600000
2018-03-21 22:10:48,0.06300000,0.58200000
2018-03-21 22:10:48,0.06307500,0.15800000
2018-03-21 22:10:49,0.06307500,0.08300000
2018-03-21 22:10:49,0.06307500,0.00100000
2018-03-21 22:10:49,0.06307600,0.14700000
2018-03-21 22:10:49,0.06307600,0.14900000
2018-03-21 22:10:50,0.06307600,0.24700000
2018-03-21 22:10:50,0.06307600,0.01800000
2018-03-21 22:10:50,0.06307600,0.43300000
2018-03-21 22:10:50,0.06300500,0.03000000
2018-03-21 22:10:50,0.06309000,0.46900000
2018-03-21 22:10:51,0.06309000,0.03300000
2018-03-21 22:10:51,0.06309000,0.08600000
2018-03-21 22:10:51,0.06308900,0.03000000
2018-03-21 22:10:51,0.06309000,0.43800000
2018-03-21 22:10:52,0.06309300,0.01900000
2018-03-21 22:10:52,0.06301000,0.15500000
2018-03-21 22:10:52,0.06301000,0.46000000
2018-03-21 22:10:52,0.06301000,0.12600000
2018-03-21 22:10:53,0.06301000,0.18900000
2018-03-21 22:10:53,0.06309200,0.17300000
2018-03-21 22:10:55,0.06301600,0.10100000
2018-03-21 22:10:55,0.06301700,0.14900000
2018-03-21 22:10:55,0.06309100,0.22400000
2018-03-21 22:10:56,0.06308900,0.10100000
2018-03-21 22:10:56,0.06309000,0.05800000
2018-03-21 22:10:59,0.06305500,0.21600000
2018-03-21 22:10:59,0.06308900,0.39200000
2018-03-21 22:10:59,0.06308900,0.09900000
2018-03-21 22:11:01,0.06309700,1.09900000
2018-03-21 22:11:02,0.06309700,0.65600000
2018-03-21 22:11:02,0.06309700,0.65600000
2018-03-21 22:11:02,0.06302500,0.26000000
2018-03-21 22:11:02,0.06302400,0.07400000
2018-03-21 22:11:02,0.06309600,0.03400000
2018-03-21 22:11:03,0.06309600,0.11500000
2018-03-21 22:11:03,0.06310000,0.03300000
2018-03-21 22:11:03,0.06302500,0.22500000
2018-03-21 22:11:03,0.06302400,0.72000000
2018-03-21 22:11:03,0.06302300,0.05500000
2018-03-21 22:11:04,0.06302600,0.45600000
2018-03-21 22:11:05,0.06302600,0.10000000
2018-03-21 22:11:08,0.06302500,0.44100000
2018-03-21 22:11:13,0.06309100,0.28200000
2018-03-21 22:11:14,0.06309000,0.03800000
2018-03-21 22:11:15,0.06301400,1.37700000
2018-03-21 22:11:15,0.06301400,3.15800000
2018-03-21 22:11:15,0.06301400,0.64100000
2018-03-21 22:11:15,0.06301500,0.63400000
2018-03-21 22:11:16,0.06308900,0.39900000
2018-03-21 22:11:18,0.06308700,0.07600000
2018-03-21 22:11:19,0.06301700,0.14300000
2018-03-21 22:11:19,0.06301700,0.83200000
2018-03-21 22:11:23,0.06301600,0.30000000
2018-03-21 22:11:26,0.06301600,0.22000000
2018-03-21 22:11:26,0.06301600,0.01500000
2018-03-21 22:11:27,0.06307700,0.08600000
2018-03-21 22:11:27,0.06307800,0.39500000
2018-03-21 22:11:28,0.06307800,0.11400000
2018-03-21 22:11:29,0.06307700,0.29200000
2018-03-21 22:11:30,0.06301600,0.01100000
2018-03-21 22:11:30,0.06300200,0.34000000
2018-03-21 22:11:30,0.06307600,0.83700000
2018-03-21 22:11:32,0.06300300,0.02900000
2018-03-21 22:11:32,0.06307400,0.89700000
2018-03-21 22:11:32,0.06300300,0.03100000
2018-03-21 22:11:33,0.06302600,0.19800000
2018-03-21 22:11:33,0.06302600,0.00100000
2018-03-21 22:11:33,0.06300300,0.19700000
2018-03-21 22:11:33,0.06307400,0.04400000
2018-03-21 22:11:34,0.06300100,0.01000000
2018-03-21 22:11:37,0.06307300,0.11000000
2018-03-21 22:11:38,0.06307300,1.56700000
2018-03-21 22:11:38,0.06307200,0.25600000
2018-03-21 22:11:39,0.06300500,0.27000000
2018-03-21 22:11:39,0.06300500,0.04500000
2018-03-21 22:11:39,0.06307200,0.02500000
2018-03-21 22:11:40,0.06307200,0.77800000
2018-03-21 22:11:40,0.06307200,0.03000000
2018-03-21 22:11:41,0.06307200,0.02500000
2018-03-21 22:11:41,0.06307200,1.21500000
2018-03-21 22:11:41,0.06307200,0.07800000
2018-03-21 22:11:41,0.06307200,0.41400000
2018-03-21 22:11:41,0.06307400,0.07300000
2018-03-21 22:11:42,0.06307400,1.31600000
2018-03-21 22:11:42,0.06300600,0.21900000
2018-03-21 22:11:43,0.06307000,0.04300000
2018-03-21 22:11:43,0.06300800,0.01700000
2018-03-21 22:11:44,0.06307000,0.26800000
2018-03-21 22:11:44,0.06307000,0.00400000
2018-03-21 22:11:44,0.06307100,0.17100000
2018-03-21 22:11:44,0.06300800,0.98900000
2018-03-21 22:11:44,0.06300700,0.27100000
2018-03-21 22:11:45,0.06307000,0.82700000
2018-03-21 22:11:45,0.06300900,0.09300000
2018-03-21 22:11:46,0.06306900,0.29800000
2018-03-21 22:11:47,0.06301000,2.00000000
2018-03-21 22:11:48,0.06306900,0.08800000
2018-03-21 22:11:49,0.06307000,0.27000000
2018-03-21 22:11:49,0.06306800,0.08800000
2018-03-21 22:11:50,0.06301000,0.14700000
2018-03-21 22:11:51,0.06306700,0.65300000
2018-03-21 22:11:51,0.06306700,0.25300000
2018-03-21 22:11:51,0.06303700,12.69500000
2018-03-21 22:11:51,0.06306700,6.51700000
2018-03-21 22:11:52,0.06306700,3.41200000
2018-03-21 22:11:52,0.06300800,0.90300000
2018-03-21 22:11:52,0.06300800,0.10300000
2018-03-21 22:11:52,0.06300500,0.10000000
2018-03-21 22:11:52,0.06300300,0.09800000
2018-03-21 22:11:52,0.06300200,0.02500000
2018-03-21 22:11:56,0.06301000,0.01900000
2018-03-21 22:11:56,0.06307400,0.04100000
2018-03-21 22:11:57,0.06301100,0.05900000
2018-03-21 22:11:57,0.06307300,0.07200000
2018-03-21 22:11:59,0.06307300,0.16800000
2018-03-21 22:11:59,0.06307300,0.01800000
2018-03-21 22:12:04,0.06301300,0.02700000
2018-03-21 22:12:04,0.06307100,0.01700000
2018-03-21 22:12:10,0.06301300,0.00100000
2018-03-21 22:12:10,0.06301100,0.24500000
2018-03-21 22:12:10,0.06301100,0.40100000
2018-03-21 22:12:12,0.06307100,0.17200000
2018-03-21 22:12:12,0.06307100,0.13700000
2018-03-21 22:12:12,0.06301100,0.22100000
2018-03-21 22:12:12,0.06300200,0.43900000
2018-03-21 22:12:12,0.06300200,0.22000000
2018-03-21 22:12:13,0.06307100,0.69600000
2018-03-21 22:12:13,0.06307100,0.00100000
2018-03-21 22:12:13,0.06307200,0.01800000
2018-03-21 22:12:14,0.06301200,0.05200000
2018-03-21 22:12:14,0.06301200,0.00100000
2018-03-21 22:12:14,0.06300400,0.33000000
2018-03-21 22:12:14,0.06300300,0.14300000
2018-03-21 22:12:14,0.06300400,0.19400000
2018-03-21 22:12:14,0.06307200,0.02800000
2018-03-21 22:12:15,0.06307100,0.03500000
2018-03-21 22:12:16,0.06307100,0.09300000
2018-03-21 22:12:17,0.06300600,0.33500000
2018-03-21 22:12:17,0.06307100,0.04700000
2018-03-21 22:12:18,0.06300700,0.16000000
2018-03-21 22:12:20,0.06300800,0.41400000
2018-03-21 22:12:21,0.06300800,0.06500000
2018-03-21 22:12:21,0.06300800,0.28900000
2018-03-21 22:12:23,0.06300800,0.05600000
2018-03-21 22:12:23,0.06300800,0.00100000
2018-03-21 22:12:23,0.06300200,0.01400000
2018-03-21 22:12:23,0.06300300,0.22400000
2018-03-21 22:12:24,0.06300300,0.26000000
2018-03-21 22:12:26,0.06300000,2.91700000
2018-03-21 22:12:28,0.06300000,0.00100000
2018-03-21 22:12:28,0.06299900,0.01800000
2018-03-21 22:12:28,0.06299900,0.56400000
2018-03-21 22:12:28,0.06306800,0.66800000
2018-03-21 22:12:29,0.06306700,1.33500000
2018-03-21 22:12:29,0.06300800,0.07200000
2018-03-21 22:12:30,0.06300400,0.53900000
2018-03-21 22:12:30,0.06300000,0.42000000
2018-03-21 22:12:30,0.06300800,0.00100000
2018-03-21 22:12:30,0.06306500,0.03700000
2018-03-21 22:12:30,0.06300000,2.29400000
2018-03-21 22:12:32,0.06306700,0.08400000
2018-03-21 22:12:32,0.06300000,0.00100000
2018-03-21 22:12:32,0.06299900,0.00100000
2018-03-21 22:12:32,0.06299800,0.85000000
2018-03-21 22:12:32,0.06306700,0.05000000
2018-03-21 22:12:32,0.06306700,0.17400000
2018-03-21 22:12:33,0.06306700,0.05900000
2018-03-21 22:12:33,0.06306700,0.10800000
2018-03-21 22:12:33,0.06299700,0.03800000
2018-03-21 22:12:34,0.06299800,0.68000000
2018-03-21 22:12:34,0.06299700,0.27000000
2018-03-21 22:12:34,0.06299700,0.08400000
2018-03-21 22:12:34,0.06298300,0.33000000
2018-03-21 22:12:34,0.06297900,0.54000000
2018-03-21 22:12:35,0.06298400,2.39100000
2018-03-21 22:12:35,0.06298400,0.00300000
2018-03-21 22:12:35,0.06298200,0.33000000
2018-03-21 22:12:35,0.06297900,0.16800000
2018-03-21 22:12:35,0.06298500,0.63400000
2018-03-21 22:12:35,0.06298500,0.15900000
2018-03-21 22:12:35,0.06304700,0.46800000
2018-03-21 22:12:35,0.06304700,0.00900000
2018-03-21 22:12:35,0.06306400,0.11400000
2018-03-21 22:12:37,0.06306100,0.99200000
2018-03-21 22:12:37,0.06306100,0.00100000
2018-03-21 22:12:37,0.06306200,0.20800000
2018-03-21 22:12:41,0.06305800,0.55600000
2018-03-21 22:12:42,0.06305700,0.03900000
2018-03-21 22:12:42,0.06305600,0.15800000
2018-03-21 22:12:43,0.06298800,1.46600000
2018-03-21 22:12:43,0.06298700,0.45000000
2018-03-21 22:12:43,0.06298600,0.77700000
2018-03-21 22:12:43,0.06298300,1.00600000
2018-03-21 22:12:43,0.06298100,0.30000000
2018-03-21 22:12:43,0.06297400,2.10400000
2018-03-21 22:12:44,0.06305400,0.06000000
2018-03-21 22:12:44,0.06298200,0.63400000
2018-03-21 22:12:45,0.06305200,0.03300000
2018-03-21 22:12:47,0.06304800,0.45100000
2018-03-21 22:12:48,0.06304700,0.15100000
2018-03-21 22:12:48,0.06304700,0.41500000
2018-03-21 22:12:50,0.06298400,0.13300000
2018-03-21 22:12:50,0.06298400,0.63500000
2018-03-21 22:12:51,0.06298600,0.04100000
2018-03-21 22:12:51,0.06297400,0.07400000
2018-03-21 22:12:51,0.06297400,0.04000000
2018-03-21 22:12:51,0.06298000,0.01700000
2018-03-21 22:12:54,0.06304400,0.33300000
2018-03-21 22:12:55,0.06304300,0.05400000
2018-03-21 22:12:55,0.06304300,0.79000000
2018-03-21 22:12:55,0.06304300,0.08400000
2018-03-21 22:12:55,0.06298000,10.67500000
2018-03-21 22:12:55,0.06297400,0.70500000
2018-03-21 22:12:56,0.06303300,0.03400000
2018-03-21 22:12:56,0.06303300,0.54800000
2018-03-21 22:12:56,0.06304300,0.03300000
2018-03-21 22:12:56,0.06304300,0.33700000
2018-03-21 22:12:56,0.06304300,0.24400000
2018-03-21 22:12:57,0.06304300,0.25800000
2018-03-21 22:12:58,0.06304300,0.00100000
2018-03-21 22:12:58,0.06304800,0.00100000
2018-03-21 22:12:58,0.06305000,0.30700000
2018-03-21 22:12:59,0.06305000,0.12700000
2018-03-21 22:12:59,0.06305000,0.01600000
2018-03-21 22:12:59,0.06305600,0.67600000
2018-03-21 22:12:59,0.06297900,0.51200000
2018-03-21 22:13:01,0.06304300,0.02800000
2018-03-21 22:13:01,0.06305500,0.52400000
2018-03-21 22:13:02,0.06301200,0.13900000
2018-03-21 22:13:02,0.06298200,0.05500000
2018-03-21 22:13:02,0.06298200,0.09000000
2018-03-21 22:13:02,0.06298200,0.24000000
2018-03-21 22:13:02,0.06298100,0.14400000
2018-03-21 22:13:02,0.06304700,0.02400000
2018-03-21 22:13:03,0.06298200,0.29900000
2018-03-21 22:13:03,0.06298200,0.20000000
2018-03-21 22:13:03,0.06298200,0.20000000
2018-03-21 22:13:04,0.06304700,0.02400000
2018-03-21 22:13:04,0.06298200,0.20000000
2018-03-21 22:13:04,0.06298200,0.05500000
2018-03-21 22:13:04,0.06304700,0.01700000
2018-03-21 22:13:07,0.06298200,0.02800000
2018-03-21 22:13:08,0.06304300,0.38300000
2018-03-21 22:13:08,0.06298200,0.02000000
2018-03-21 22:13:08,0.06298200,0.15000000
2018-03-21 22:13:08,0.06298200,0.02700000
2018-03-21 22:13:08,0.06298200,0.01700000
2018-03-21 22:13:09,0.06304400,0.42300000
2018-03-21 22:13:11,0.06298300,0.01900000
2018-03-21 22:13:11,0.06304200,0.22700000
2018-03-21 22:13:12,0.06304100,1.00500000
2018-03-21 22:13:12,0.06304700,0.30100000
2018-03-21 22:13:14,0.06298300,0.31400000
2018-03-21 22:13:14,0.06298200,0.06300000
2018-03-21 22:13:14,0.06298100,1.15200000
2018-03-21 22:13:14,0.06297700,1.00600000
2018-03-21 22:13:14,0.06297400,0.24700000
2018-03-21 22:13:14,0.06298300,0.06600000
2018-03-21 22:13:14,0.06298300,0.02300000
2018-03-21 22:13:15,0.06298300,0.15300000
2018-03-21 22:13:15,0.06298300,0.15300000
2018-03-21 22:13:15,0.06298300,0.02300000
2018-03-21 22:13:16,0.06298300,0.63500000
2018-03-21 22:13:16,0.06298300,0.15800000
2018-03-21 22:13:17,0.06304500,0.04500000
2018-03-21 22:13:18,0.06298300,0.31700000
2018-03-21 22:13:18,0.06298300,0.69800000
2018-03-21 22:13:18,0.06298300,0.07100000
2018-03-21 22:13:19,0.06298300,0.22600000
2018-03-21 22:13:19,0.06298300,0.71800000
2018-03-21 22:13:19,0.06298300,0.04400000
2018-03-21 22:13:19,0.06298300,0.33700000
2018-03-21 22:13:19,0.06298300,0.12400000
2018-03-21 22:13:19,0.06298300,0.22000000
2018-03-21 22:13:19,0.06304400,0.98400000
2018-03-21 22:13:19,0.06304400,0.40800000
2018-03-21 22:13:19,0.06304400,0.36600000
2018-03-21 22:13:19,0.06304400,0.02300000
2018-03-21 22:13:24,0.06301000,2.43200000
2018-03-21 22:13:24,0.06304100,1.25400000
2018-03-21 22:13:25,0.06304100,1.11600000
2018-03-21 22:13:26,0.06304600,0.22500000
2018-03-21 22:13:26,0.06304700,0.06400000
2018-03-21 22:13:26,0.06306100,0.30000000
2018-03-21 22:13:26,0.06306800,0.03000000
2018-03-21 22:13:26,0.06307200,0.00100000
2018-03-21 22:13:26,0.06307400,0.48900000
2018-03-21 22:13:26,0.06309200,0.06000000
2018-03-21 22:13:26,0.06309500,0.05800000
2018-03-21 22:13:27,0.06304800,0.04900000
2018-03-21 22:13:27,0.06298100,1.25200000
2018-03-21 22:13:28,0.06298200,0.95700000
2018-03-21 22:13:30,0.06305300,0.14000000
2018-03-21 22:13:30,0.06305300,0.15900000
2018-03-21 22:13:35,0.06298500,0.25300000
2018-03-21 22:13:36,0.06298600,0.15400000
2018-03-21 22:13:37,0.06298400,0.05600000
2018-03-21 22:13:37,0.06298400,0.00100000
2018-03-21 22:13:37,0.06298200,0.05200000
2018-03-21 22:13:44,0.06301700,3.65900000
2018-03-21 22:13:45,0.06298400,1.44100000
2018-03-21 22:13:45,0.06302300,0.43400000
2018-03-21 22:13:46,0.06302300,0.04000000
2018-03-21 22:13:46,0.06302300,0.01900000
2018-03-21 22:13:47,0.06302300,0.30100000
2018-03-21 22:13:47,0.06305100,0.25900000
2018-03-21 22:13:48,0.06298300,0.31000000
2018-03-21 22:13:48,0.06305100,0.37300000
2018-03-21 22:13:49,0.06298400,0.11000000
2018-03-21 22:13:50,0.06305100,0.02600000
2018-03-21 22:13:51,0.06298400,0.93800000
2018-03-21 22:13:55,0.06305100,0.58200000
2018-03-21 22:14:00,0.06305100,0.46000000
2018-03-21 22:14:00,0.06305100,0.02900000
2018-03-21 22:14:00,0.06305200,0.25300000
2018-03-21 22:14:00,0.06305800,0.03500000
2018-03-21 22:14:02,0.06298500,1.47500000
2018-03-21 22:14:02,0.06298600,0.08000000
2018-03-21 22:14:03,0.06298600,0.76800000
2018-03-21 22:14:03,0.06298500,0.17900000
2018-03-21 22:14:03,0.06298500,0.00100000
2018-03-21 22:14:04,0.06298600,0.15900000
2018-03-21 22:14:04,0.06305500,0.08700000
2018-03-21 22:14:05,0.06298600,0.04300000
2018-03-21 22:14:08,0.06305500,0.13600000
2018-03-21 22:14:08,0.06305500,0.14600000
2018-03-21 22:14:08,0.06305600,2.71600000
2018-03-21 22:14:08,0.06305700,1.10500000
2018-03-21 22:14:08,0.06305700,1.85100000
2018-03-21 22:14:08,0.06305500,0.13600000
2018-03-21 22:14:10,0.06306000,0.09200000
2018-03-21 22:14:11,0.06298900,0.09300000
2018-03-21 22:14:11,0.06306200,0.20600000
2018-03-21 22:14:12,0.06299100,0.24700000
2018-03-21 22:14:12,0.06299100,0.20100000
2018-03-21 22:14:13,0.06306100,0.44700000
2018-03-21 22:14:13,0.06299200,0.14500000
2018-03-21 22:14:13,0.06299200,0.19900000
2018-03-21 22:14:14,0.06306100,0.00100000
2018-03-21 22:14:14,0.06306200,0.09100000
2018-03-21 22:14:14,0.06306200,0.09200000
2018-03-21 22:14:14,0.06299300,0.85900000
2018-03-21 22:14:14,0.06299300,0.00100000
2018-03-21 22:14:14,0.06299200,1.25400000
2018-03-21 22:14:15,0.06299300,0.10600000
2018-03-21 22:14:15,0.06299300,0.00100000
2018-03-21 22:14:15,0.06306100,0.10500000
2018-03-21 22:14:15,0.06306100,0.04600000
2018-03-21 22:14:15,0.06306100,0.10600000
2018-03-21 22:14:15,0.06306100,0.10600000
2018-03-21 22:14:15,0.06306100,0.10600000
2018-03-21 22:14:16,0.06306000,0.09200000
2018-03-21 22:14:16,0.06299400,0.29500000
2018-03-21 22:14:16,0.06299300,0.03000000
2018-03-21 22:14:16,0.06299300,0.42500000
2018-03-21 22:14:17,0.06299400,0.05000000
2018-03-21 22:14:21,0.06306000,0.14900000
2018-03-21 22:14:22,0.06299300,0.05600000
2018-03-21 22:14:25,0.06306000,1.87900000
2018-03-21 22:14:28,0.06299400,0.15800000
2018-03-21 22:14:28,0.06299400,0.68300000
2018-03-21 22:14:28,0.06306100,0.15700000
2018-03-21 22:14:28,0.06306100,0.23000000
2018-03-21 22:14:28,0.06306100,0.04700000
2018-03-21 22:14:28,0.06306200,0.10900000
2018-03-21 22:14:28,0.06306200,0.02700000
2018-03-21 22:14:28,0.06306200,0.17000000
2018-03-21 22:14:28,0.06306200,0.08700000
2018-03-21 22:14:28,0.06299300,0.01800000
2018-03-21 22:14:28,0.06299300,0.98900000
2018-03-21 22:14:29,0.06306000,0.02300000
2018-03-21 22:14:30,0.06306000,0.03500000
2018-03-21 22:14:30,0.06306200,0.23300000
2018-03-21 22:14:32,0.06299300,1.01100000
2018-03-21 22:14:33,0.06299300,1.90500000
2018-03-21 22:14:34,0.06299400,0.33500000
2018-03-21 22:14:36,0.06306000,0.16000000
2018-03-21 22:14:37,0.06299200,0.07400000
2018-03-21 22:14:38,0.06305900,0.03600000
2018-03-21 22:14:38,0.06305900,0.32000000
2018-03-21 22:14:38,0.06305900,0.03500000
2018-03-21 22:14:38,0.06299200,0.18600000
2018-03-21 22:14:38,0.06299000,0.90400000
2018-03-21 22:14:38,0.06298500,0.01700000
2018-03-21 22:14:38,0.06298400,0.01600000
2018-03-21 22:14:38,0.06298300,0.84200000
2018-03-21 22:14:38,0.06298300,0.03400000
2018-03-21 22:14:38,0.06298300,0.03400000
2018-03-21 22:14:41,0.06301000,0.05100000
2018-03-21 22:14:42,0.06301000,0.02900000
2018-03-21 22:14:42,0.06301000,0.11000000
2018-03-21 22:14:42,0.06305900,2.96800000
2018-03-21 22:14:43,0.06306000,0.09900000
2018-03-21 22:14:45,0.06305500,0.04900000
2018-03-21 22:14:45,0.06305500,0.06100000
2018-03-21 22:14:45,0.06306000,0.00200000
2018-03-21 22:14:45,0.06306000,0.17400000
2018-03-21 22:14:45,0.06306000,0.00100000
2018-03-21 22:14:45,0.06301000,0.17300000
2018-03-21 22:14:47,0.06301000,0.11300000
2018-03-21 22:14:47,0.06301000,0.62000000
2018-03-21 22:14:49,0.06306100,0.56900000
2018-03-21 22:14:52,0.06301000,0.60000000
2018-03-21 22:14:56,0.06303500,0.94100000
2018-03-21 22:14:56,0.06306000,0.12000000
2018-03-21 22:14:56,0.06306000,0.51200000
2018-03-21 22:14:58,0.06306100,0.39100000
2018-03-21 22:15:01,0.06306000,0.04600000
2018-03-21 22:15:02,0.06306000,0.00100000
2018-03-21 22:15:04,0.06306000,0.01600000
2018-03-21 22:15:04,0.06306000,0.00100000
2018-03-21 22:15:04,0.06301000,0.00100000
2018-03-21 22:15:04,0.06300100,0.01400000
2018-03-21 22:15:05,0.06306100,0.00100000
2018-03-21 22:15:05,0.06306200,1.15800000
2018-03-21 22:15:05,0.06307300,1.09600000
2018-03-21 22:15:05,0.06307300,0.03100000
2018-03-21 22:15:05,0.06301100,0.02000000
2018-03-21 22:15:05,0.06299700,0.48000000
2018-03-21 22:15:07,0.06306100,0.04400000
2018-03-21 22:15:07,0.06306100,0.01600000
2018-03-21 22:15:07,0.06306900,0.04300000
2018-03-21 22:15:07,0.06306900,0.05900000
2018-03-21 22:15:07,0.06306900,1.62000000
2018-03-21 22:15:08,0.06306900,0.17500000
2018-03-21 22:15:10,0.06300300,0.47300000
2018-03-21 22:15:13,0.06307200,0.05000000
2018-03-21 22:15:13,0.06300400,0.12300000
2018-03-21 22:15:17,0.06300400,0.04000000
2018-03-21 22:15:17,0.06300400,0.31100000
2018-03-21 22:15:17,0.06307100,1.11600000
2018-03-21 22:15:17,0.06307100,0.48800000
2018-03-21 22:15:17,0.06300400,0.59700000
2018-03-21 22:15:20,0.06307200,3.42200000
2018-03-21 22:15:21,0.06307300,0.34400000
2018-03-21 22:15:21,0.06300500,0.04000000
2018-03-21 22:15:21,0.06303900,0.45600000
2018-03-21 22:15:22,0.06300500,0.51600000
2018-03-21 22:15:22,0.06300500,0.45700000
2018-03-21 22:15:22,0.06300500,0.07100000
2018-03-21 22:15:22,0.06307300,0.16100000
2018-03-21 22:15:22,0.06300500,0.03200000
2018-03-21 22:15:23,0.06307200,0.25900000
2018-03-21 22:15:23,0.06307200,0.28000000
2018-03-21 22:15:23,0.06307300,0.06800000
2018-03-21 22:15:23,0.06307300,0.29500000
2018-03-21 22:15:23,0.06300600,0.03400000
2018-03-21 22:15:27,0.06300600,0.16500000
2018-03-21 22:15:27,0.06306100,0.08900000
2018-03-21 22:15:27,0.06300600,0.11100000
2018-03-21 22:15:27,0.06306100,0.00100000
2018-03-21 22:15:27,0.06307300,0.08800000
2018-03-21 22:15:28,0.06300600,0.26300000
2018-03-21 22:15:28,0.06300600,0.18400000
2018-03-21 22:15:28,0.06299800,1.60100000
2018-03-21 22:15:28,0.06299700,4.62000000
2018-03-21 22:15:28,0.06299400,0.21900000
2018-03-21 22:15:28,0.06299200,1.00600000
2018-03-21 22:15:28,0.06298200,0.31100000
2018-03-21 22:15:28,0.06298000,0.85800000
2018-03-21 22:15:29,0.06307000,0.05100000
2018-03-21 22:15:32,0.06299900,0.20000000
2018-03-21 22:15:32,0.06299800,0.22600000
2018-03-21 22:15:32,0.06299700,0.40500000
2018-03-21 22:15:32,0.06306600,1.00500000
2018-03-21 22:15:32,0.06306400,0.22500000
2018-03-21 22:15:32,0.06306400,0.00100000
2018-03-21 22:15:32,0.06306500,0.22400000
2018-03-21 22:15:33,0.06306500,1.01600000
2018-03-21 22:15:33,0.06306400,0.19800000
2018-03-21 22:15:35,0.06306500,0.20600000
2018-03-21 22:15:35,0.06306500,0.38500000
2018-03-21 22:15:36,0.06306600,0.04400000
2018-03-21 22:15:36,0.06299800,0.17800000
2018-03-21 22:15:40,0.06299900,0.40500000
2018-03-21 22:15:41,0.06299800,0.04300000
2018-03-21 22:15:41,0.06299900,0.01800000
2018-03-21 22:15:41,0.06299800,0.58700000
2018-03-21 22:15:42,0.06306500,0.03200000
2018-03-21 22:15:43,0.06306400,0.07000000
2018-03-21 22:15:43,0.06306400,0.18800000
2018-03-21 22:15:43,0.06306400,0.09100000
2018-03-21 22:15:44,0.06306500,0.14800000
2018-03-21 22:15:44,0.06299900,0.01800000
2018-03-21 22:15:45,0.06306300,0.16800000
2018-03-21 22:15:47,0.06306600,0.45800000
2018-03-21 22:15:47,0.06306600,0.44600000
2018-03-21 22:15:47,0.06306700,0.02400000
2018-03-21 22:15:47,0.06306400,0.11400000
2018-03-21 22:15:47,0.06306400,0.06000000
2018-03-21 22:15:47,0.06306400,0.28400000
2018-03-21 22:15:47,0.06299900,0.10700000
2018-03-21 22:15:47,0.06299800,0.06600000
2018-03-21 22:15:47,0.06299800,0.02000000
2018-03-21 22:15:47,0.06299800,0.22600000
2018-03-21 22:15:47,0.06299800,0.45700000
2018-03-21 22:15:47,0.06299800,0.03900000
2018-03-21 22:15:47,0.06307000,0.30900000
2018-03-21 22:15:47,0.06307300,0.16100000
2018-03-21 22:15:47,0.06306600,0.07500000
2018-03-21 22:15:47,0.06307300,0.47000000
2018-03-21 22:15:47,0.06307300,0.47000000
2018-03-21 22:15:48,0.06307300,1.62000000
2018-03-21 22:15:48,0.06306700,0.46900000
2018-03-21 22:15:48,0.06306700,0.00100000
2018-03-21 22:15:48,0.06306600,0.03100000
2018-03-21 22:15:48,0.06307300,0.19600000
2018-03-21 22:15:48,0.06307400,0.33000000
2018-03-21 22:15:48,0.06309500,0.02000000
2018-03-21 22:15:48,0.06309800,0.16800000
2018-03-21 22:15:48,0.06310000,0.06100000
2018-03-21 22:15:48,0.06307400,0.33000000
2018-03-21 22:15:48,0.06310000,0.14000000
2018-03-21 22:15:48,0.06306600,0.17400000
2018-03-21 22:15:48,0.06307300,0.05800000
2018-03-21 22:15:48,0.06310000,0.79300000
2018-03-21 22:15:48,0.06310000,0.98800000
2018-03-21 22:15:48,0.06307300,0.22600000
2018-03-21 22:15:48,0.06310000,0.47100000
2018-03-21 22:15:49,0.06307400,0.02700000
2018-03-21 22:15:49,0.06307400,0.33400000
2018-03-21 22:15:49,0.06307400,0.04000000
2018-03-21 22:15:49,0.06310000,0.47000000
2018-03-21 22:15:49,0.06307400,0.06900000
2018-03-21 22:15:49,0.06307300,0.03900000
2018-03-21 22:15:49,0.06310000,0.47000000
2018-03-21 22:15:49,0.06310000,0.47100000
2018-03-21 22:15:49,0.06307300,0.06800000
2018-03-21 22:15:50,0.06307300,0.53800000
2018-03-21 22:15:50,0.06307300,0.00100000
2018-03-21 22:15:50,0.06306700,0.17500000
2018-03-21 22:15:50,0.06306700,0.05800000
2018-03-21 22:15:50,0.06306700,0.23600000
2018-03-21 22:15:50,0.06310000,1.23700000
2018-03-21 22:15:50,0.06310300,0.16400000
2018-03-21 22:15:51,0.06306700,0.00100000
2018-03-21 22:15:51,0.06306600,0.02800000
2018-03-21 22:15:52,0.06306600,0.23000000
2018-03-21 22:15:52,0.06306600,0.10000000
2018-03-21 22:15:52,0.06306600,0.05100000
2018-03-21 22:15:52,0.06306600,0.22700000
2018-03-21 22:15:52,0.06303900,0.12400000
2018-03-21 22:15:52,0.06303900,0.02800000
2018-03-21 22:15:53,0.06299900,0.42600000
2018-03-21 22:15:55,0.06308500,0.67400000
2018-03-21 22:16:00,0.06308200,0.20200000
2018-03-21 22:16:01,0.06308400,0.22100000
2018-03-21 22:16:02,0.06301600,0.14300000
2018-03-21 22:16:02,0.06301600,0.08100000
2018-03-21 22:16:03,0.06301700,0.02500000
2018-03-21 22:16:04,0.06301600,0.02000000
2018-03-21 22:16:04,0.06301200,0.08900000
2018-03-21 22:16:04,0.06308400,0.01700000
2018-03-21 22:16:05,0.06301500,0.01000000
2018-03-21 22:16:06,0.06301600,0.45600000
2018-03-21 22:16:06,0.06301500,1.84000000
2018-03-21 22:16:07,0.06301500,0.08400000
2018-03-21 22:16:07,0.06301500,1.38700000
2018-03-21 22:16:09,0.06308300,0.09800000
2018-03-21 22:16:10,0.06308300,0.09000000
2018-03-21 22:16:10,0.06301500,0.12600000
2018-03-21 22:16:11,0.06308300,0.03300000
2018-03-21 22:16:11,0.06305000,1.03800000
2018-03-21 22:16:11,0.06301600,0.35400000
2018-03-21 22:16:15,0.06302200,0.14300000
2018-03-21 22:16:16,0.06308300,0.03500000
2018-03-21 22:16:16,0.06302200,0.10700000
2018-03-21 22:16:16,0.06302200,0.91000000
2018-03-21 22:16:17,0.06308300,0.16000000
2018-03-21 22:16:18,0.06308300,0.26100000
2018-03-21 22:16:18,0.06308400,2.56300000
2018-03-21 22:16:18,0.06302200,0.32300000
2018-03-21 22:16:20,0.06302200,0.74700000
2018-03-21 22:16:21,0.06302200,0.30300000
2018-03-21 22:16:21,0.06308400,0.15300000
2018-03-21 22:16:22,0.06302300,0.05300000
2018-03-21 22:16:22,0.06302200,0.22500000
2018-03-21 22:16:23,0.06302200,0.33000000
2018-03-21 22:16:23,0.06308300,0.11500000
2018-03-21 22:16:23,0.06308400,1.65500000
2018-03-21 22:16:23,0.06308400,0.61800000
2018-03-21 22:16:23,0.06308500,0.18500000
2018-03-21 22:16:23,0.06308500,0.04500000
2018-03-21 22:16:23,0.06309300,0.80300000
2018-03-21 22:16:23,0.06308500,0.06000000
2018-03-21 22:16:24,0.06309300,0.20300000
2018-03-21 22:16:24,0.06309300,0.58900000
2018-03-21 22:16:24,0.06309300,0.08000000
2018-03-21 22:16:24,0.06309600,0.32000000
2018-03-21 22:16:24,0.06309300,0.03500000
2018-03-21 22:16:24,0.06309300,0.09900000
2018-03-21 22:16:24,0.06308500,0.12500000
2018-03-21 22:16:24,0.06302200,0.28900000
2018-03-21 22:16:24,0.06302200,0.13000000
2018-03-21 22:16:24,0.06302200,0.51100000
2018-03-21 22:16:24,0.06302200,0.25400000
2018-03-21 22:16:24,0.06302200,0.19100000
2018-03-21 22:16:24,0.06309600,0.31000000
2018-03-21 22:16:24,0.06309600,0.20000000
2018-03-21 22:16:24,0.06309900,0.33000000
2018-03-21 22:16:24,0.06309500,1.44400000
2018-03-21 22:16:24,0.06309900,0.33000000
2018-03-21 22:16:24,0.06310300,2.40100000
2018-03-21 22:16:25,0.06309900,0.32000000
2018-03-21 22:16:25,0.06309900,0.21000000
2018-03-21 22:16:25,0.06310500,0.02400000
2018-03-21 22:16:25,0.06308300,0.02100000
2018-03-21 22:16:25,0.06308300,0.05300000
2018-03-21 22:16:25,0.06302600,0.02000000
2018-03-21 22:16:25,0.06302600,0.21200000
2018-03-21 22:16:25,0.06302600,0.21300000
2018-03-21 22:16:26,0.06309300,0.51000000
2018-03-21 22:16:26,0.06310200,0.31500000
2018-03-21 22:16:28,0.06308300,0.02200000
2018-03-21 22:16:28,0.06308300,0.00200000
2018-03-21 22:16:28,0.06303000,0.15600000
2018-03-21 22:16:28,0.06306100,0.48000000
2018-03-21 22:16:30,0.06303100,0.02900000
2018-03-21 22:16:30,0.06305500,0.47300000
2018-03-21 22:16:30,0.06307900,0.16700000
2018-03-21 22:16:31,0.06303100,0.05400000
2018-03-21 22:16:32,0.06308000,0.02300000
2018-03-21 22:16:32,0.06310500,0.09100000
2018-03-21 22:16:32,0.06311500,0.13000000
2018-03-21 22:16:32,0.06311600,0.22600000
2018-03-21 22:16:32,0.06311500,0.07900000
2018-03-21 22:16:32,0.06311500,0.11000000
2018-03-21 22:16:32,0.06311500,0.03300000
2018-03-21 22:16:32,0.06303100,0.14300000
2018-03-21 22:16:32,0.06303100,0.13400000
2018-03-21 22:16:32,0.06302400,0.08700000
2018-03-21 22:16:32,0.06302400,0.22100000
2018-03-21 22:16:32,0.06302400,0.22100000
2018-03-21 22:16:32,0.06303100,0.22100000
2018-03-21 22:16:32,0.06311600,0.11200000
2018-03-21 22:16:32,0.06311500,0.47000000
2018-03-21 22:16:32,0.06311400,0.19900000
2018-03-21 22:16:32,0.06311500,0.27100000
2018-03-21 22:16:32,0.06311500,0.32900000
2018-03-21 22:16:32,0.06311600,0.14100000
2018-03-21 22:16:32,0.06311500,0.11100000
2018-03-21 22:16:32,0.06311500,0.11100000
2018-03-21 22:16:33,0.06311400,0.11100000
2018-03-21 22:16:33,0.06311400,0.47000000
2018-03-21 22:16:33,0.06311400,0.47000000
2018-03-21 22:16:33,0.06311400,0.26000000
2018-03-21 22:16:33,0.06311300,0.26000000
2018-03-21 22:16:33,0.06311300,0.26000000
2018-03-21 22:16:33,0.06311300,0.04000000
2018-03-21 22:16:33,0.06311400,0.43100000
2018-03-21 22:16:33,0.06311300,0.27500000
2018-03-21 22:16:33,0.06311400,0.02200000
2018-03-21 22:16:34,0.06311300,0.08300000
2018-03-21 22:16:34,0.06311400,0.21400000
2018-03-21 22:16:34,0.06311400,0.23400000
2018-03-21 22:16:34,0.06311400,0.47100000
2018-03-21 22:16:34,0.06311400,0.16100000
2018-03-21 22:16:34,0.06311400,0.47100000
2018-03-21 22:16:34,0.06311400,0.47100000
2018-03-21 22:16:34,0.06311400,0.47100000
2018-03-21 22:16:34,0.06311400,0.16100000
2018-03-21 22:16:35,0.06303800,0.05700000
2018-03-21 22:16:35,0.06311300,2.31900000
2018-03-21 22:16:35,0.06311300,0.46800000
2018-03-21 22:16:35,0.06303900,0.09700000
2018-03-21 22:16:35,0.06311300,0.07400000
2018-03-21 22:16:35,0.06311400,0.06800000
2018-03-21 22:16:35,0.06311500,0.02700000
2018-03-21 22:16:35,0.06311700,0.55200000
2018-03-21 22:16:35,0.06312300,1.59800000
2018-03-21 22:16:36,0.06312300,0.43200000
2018-03-21 22:16:36,0.06312300,1.22600000
2018-03-21 22:16:36,0.06312400,0.08800000
2018-03-21 22:16:36,0.06312400,0.00700000
2018-03-21 22:16:36,0.06311300,0.26800000
2018-03-21 22:16:36,0.06311300,0.12700000
2018-03-21 22:16:36,0.06312500,1.57500000
2018-03-21 22:16:36,0.06312500,3.49300000
2018-03-21 22:16:36,0.06312800,2.00800000
2018-03-21 22:16:36,0.06312800,0.52600000
2018-03-21 22:16:36,0.06313000,1.26700000
2018-03-21 22:16:36,0.06313200,0.66600000
2018-03-21 22:16:36,0.06313200,0.62800000
2018-03-21 22:16:36,0.06313300,0.03000000
2018-03-21 22:16:36,0.06314100,5.63000000
2018-03-21 22:16:36,0.06311300,0.11400000
2018-03-21 22:16:36,0.06311300,0.10700000
2018-03-21 22:16:36,0.06303900,0.11300000
2018-03-21 22:16:36,0.06303900,0.07200000
2018-03-21 22:16:36,0.06303900,0.22000000
2018-03-21 22:16:36,0.06303900,0.20600000
2018-03-21 22:16:37,0.06311300,2.78200000
2018-03-21 22:16:38,0.06304300,0.19900000
2018-03-21 22:16:40,0.06304600,0.32900000
2018-03-21 22:16:41,0.06304800,0.19500000
2018-03-21 22:16:41,0.06311200,0.08700000
2018-03-21 22:16:45,0.06313700,0.10100000
2018-03-21 22:16:46,0.06313600,0.29900000
2018-03-21 22:16:47,0.06306100,0.32700000
2018-03-21 22:16:47,0.06313800,0.12300000
2018-03-21 22:16:47,0.06306300,0.03000000
2018-03-21 22:16:47,0.06306300,0.24800000
2018-03-21 22:16:48,0.06306300,0.13300000
2018-03-21 22:16:48,0.06306300,3.44800000
2018-03-21 22:16:48,0.06306300,0.88100000
2018-03-21 22:16:48,0.06306300,0.10000000
2018-03-21 22:16:48,0.06306300,0.10000000
2018-03-21 22:16:48,0.06306300,0.10000000
2018-03-21 22:16:48,0.06306300,0.10000000
2018-03-21 22:16:48,0.06306300,0.10000000
2018-03-21 22:16:48,0.06306300,0.10000000
2018-03-21 22:16:48,0.06306300,0.10000000
2018-03-21 22:16:48,0.06306300,0.10000000
2018-03-21 22:16:48,0.06306300,0.10000000
2018-03-21 22:16:48,0.06306300,0.10000000
2018-03-21 22:16:48,0.06306300,0.18200000
2018-03-21 22:16:48,0.06306300,0.16600000
2018-03-21 22:16:48,0.06306300,0.10000000
2018-03-21 22:16:48,0.06306300,0.10000000
2018-03-21 22:16:48,0.06306300,0.10000000
2018-03-21 22:16:48,0.06306300,0.06700000
2018-03-21 22:16:48,0.06306300,0.45800000
2018-03-21 22:16:48,0.06306300,0.10000000
2018-03-21 22:16:48,0.06306300,0.10000000
2018-03-21 22:16:48,0.06306300,0.10000000
2018-03-21 22:16:48,0.06306300,0.10000000
2018-03-21 22:16:48,0.06306300,0.10000000
2018-03-21 22:16:48,0.06306300,0.10000000
2018-03-21 22:16:48,0.06306300,0.10000000
2018-03-21 22:16:48,0.06306300,0.10000000
2018-03-21 22:16:48,0.06306300,0.07900000
2018-03-21 22:16:48,0.06306300,0.10000000
2018-03-21 22:16:48,0.06306300,0.09900000
2018-03-21 22:16:49,0.06306400,0.22900000
2018-03-21 22:16:50,0.06313700,0.79500000
2018-03-21 22:16:50,0.06313800,0.26100000
2018-03-21 22:16:50,0.06313800,1.59000000
2018-03-21 22:16:50,0.06313800,0.09800000
2018-03-21 22:16:50,0.06313800,1.54700000
2018-03-21 22:16:50,0.06313800,4.40200000
2018-03-21 22:16:50,0.06313800,0.11200000
2018-03-21 22:16:50,0.06313800,0.07200000
2018-03-21 22:16:50,0.06313800,0.02400000
2018-03-21 22:16:50,0.06313800,0.02900000
2018-03-21 22:16:50,0.06313800,0.17200000
2018-03-21 22:16:50,0.06313800,0.10000000
2018-03-21 22:16:50,0.06313800,0.38400000
2018-03-21 22:16:50,0.06313800,0.38100000
2018-03-21 22:16:50,0.06313800,0.11500000
2018-03-21 22:16:50,0.06313800,0.91300000
2018-03-21 22:16:50,0.06313800,0.15400000
2018-03-21 22:16:50,0.06306500,0.19400000
2018-03-21 22:16:50,0.06306500,0.47900000
2018-03-21 22:16:50,0.06306500,0.01600000
2018-03-21 22:16:50,0.06306500,0.15800000
2018-03-21 22:16:51,0.06306700,0.26100000
2018-03-21 22:16:51,0.06306600,1.52300000
2018-03-21 22:16:52,0.06313700,0.43500000
2018-03-21 22:16:52,0.06313700,0.37300000
2018-03-21 22:16:52,0.06313900,0.09800000
2018-03-21 22:16:52,0.06313600,0.09000000
2018-03-21 22:16:55,0.06313500,0.22200000
2018-03-21 22:16:59,0.06313600,0.17000000
2018-03-21 22:17:00,0.06313600,0.00100000
2018-03-21 22:17:00,0.06314000,0.29600000
2018-03-21 22:17:00,0.06307000,0.37300000
2018-03-21 22:17:00,0.06307000,0.19500000
2018-03-21 22:17:01,0.06307000,0.09000000
2018-03-21 22:17:01,0.06314100,12.61400000
2018-03-21 22:17:02,0.06307300,0.02900000
2018-03-21 22:17:02,0.06307300,0.02200000
2018-03-21 22:17:03,0.06314600,0.50100000
2018-03-21 22:17:03,0.06307300,0.49200000
2018-03-21 22:17:04,0.06314600,0.58400000
2018-03-21 22:17:04,0.06307500,0.84800000
2018-03-21 22:17:05,0.06314700,0.02800000
2018-03-21 22:17:05,0.06307600,0.19900000
2018-03-21 22:17:05,0.06307700,1.59800000
2018-03-21 22:17:05,0.06307700,0.00100000
2018-03-21 22:17:05,0.06307600,0.47400000
2018-03-21 22:17:05,0.06307400,0.71600000
2018-03-21 22:17:06,0.06314400,0.21100000
2018-03-21 22:17:06,0.06314300,0.44400000
2018-03-21 22:17:06,0.06307500,0.22600000
2018-03-21 22:17:07,0.06314200,0.12200000
2018-03-21 22:17:07,0.06314200,0.13900000
2018-03-21 22:17:07,0.06314300,0.01100000
2018-03-21 22:17:07,0.06314400,0.10900000
2018-03-21 22:17:07,0.06314400,0.51800000
2018-03-21 22:17:07,0.06307700,0.02900000
2018-03-21 22:17:08,0.06314100,1.01100000
2018-03-21 22:17:08,0.06314100,0.57900000
2018-03-21 22:17:08,0.06307700,0.43800000
2018-03-21 22:17:09,0.06314100,0.99900000
2018-03-21 22:17:09,0.06311000,3.76400000
2018-03-21 22:17:09,0.06307700,0.87700000
2018-03-21 22:17:09,0.06307700,0.46700000
2018-03-21 22:17:09,0.06307700,0.01700000
2018-03-21 22:17:09,0.06307700,0.09200000
2018-03-21 22:17:09,0.06314000,0.02400000
2018-03-21 22:17:10,0.06314300,0.22200000
2018-03-21 22:17:11,0.06307700,0.47500000
2018-03-21 22:17:11,0.06314300,0.00400000
2018-03-21 22:17:11,0.06314400,0.01000000
2018-03-21 22:17:11,0.06314500,0.01000000
2018-03-21 22:17:12,0.06314500,0.06100000
2018-03-21 22:17:12,0.06314500,0.17200000
2018-03-21 22:17:12,0.06314100,0.02400000
2018-03-21 22:17:12,0.06307800,0.02300000
2018-03-21 22:17:13,0.06307900,0.07900000
2018-03-21 22:17:14,0.06313800,0.01700000
2018-03-21 22:17:14,0.06307700,0.08200000
2018-03-21 22:17:15,0.06308000,0.23600000
2018-03-21 22:17:15,0.06308000,0.30100000
2018-03-21 22:17:16,0.06308100,0.63400000
2018-03-21 22:17:16,0.06314500,0.00400000
2018-03-21 22:17:17,0.06314000,0.02400000
2018-03-21 22:17:17,0.06308500,0.02300000
2018-03-21 22:17:17,0.06314500,0.70300000
2018-03-21 22:17:17,0.06308500,0.02300000
2018-03-21 22:17:17,0.06314500,0.19700000
2018-03-21 22:17:17,0.06308500,0.51400000
2018-03-21 22:17:17,0.06308500,0.19000000
2018-03-21 22:17:17,0.06307700,0.15600000
2018-03-21 22:17:17,0.06307700,0.57100000
2018-03-21 22:17:18,0.06314500,0.16000000
2018-03-21 22:17:18,0.06307700,1.91500000
2018-03-21 22:17:18,0.06307600,0.30800000
2018-03-21 22:17:18,0.06307600,0.48300000
2018-03-21 22:17:18,0.06314500,1.57900000
2018-03-21 22:17:18,0.06314500,0.41900000
2018-03-21 22:17:18,0.06307600,0.06600000
2018-03-21 22:17:19,0.06314400,0.16000000
2018-03-21 22:17:19,0.06314400,1.57900000
2018-03-21 22:17:19,0.06314400,9.43900000
2018-03-21 22:17:19,0.06314500,0.00800000
2018-03-21 22:17:19,0.06314600,2.42000000
2018-03-21 22:17:20,0.06314600,0.62900000
2018-03-21 22:17:20,0.06314600,0.09800000
2018-03-21 22:17:21,0.06314500,0.06100000
2018-03-21 22:17:21,0.06307900,0.04000000
2018-03-21 22:17:22,0.06309000,0.09900000
2018-03-21 22:17:22,0.06309100,0.51100000
2018-03-21 22:17:25,0.06314500,0.00400000
