DATE,PRICE,VOLUME
2018-03-17 23:00:00,0.07026200,0.01800000
2018-03-17 23:00:01,0.07026200,0.13600000
2018-03-17 23:00:03,0.07026200,0.34500000
2018-03-17 23:00:03,0.07026200,0.15300000
2018-03-17 23:00:03,0.07026200,0.00100000
2018-03-17 23:00:04,0.07026200,0.00600000
2018-03-17 23:00:05,0.07026200,0.16100000
2018-03-17 23:00:05,0.07026200,0.00200000
2018-03-17 23:00:05,0.07021600,1.60400000
2018-03-17 23:00:05,0.07021500,0.51000000
2018-03-17 23:00:05,0.07021400,1.78900000
2018-03-17 23:00:06,0.07032100,0.06600000
2018-03-17 23:00:06,0.07021500,0.04500000
2018-03-17 23:00:07,0.07032100,0.03000000
2018-03-17 23:00:10,0.07031200,0.00700000
2018-03-17 23:00:12,0.07030500,2.19600000
2018-03-17 23:00:15,0.07029900,0.03700000
2018-03-17 23:00:15,0.07029900,0.00100000
2018-03-17 23:00:15,0.07030000,0.03600000
2018-03-17 23:00:15,0.07030000,0.03600000
2018-03-17 23:00:17,0.07029800,0.12900000
2018-03-17 23:00:17,0.07029900,0.58200000
2018-03-17 23:00:18,0.07029800,0.21000000
2018-03-17 23:00:18,0.07029800,0.03500000
2018-03-17 23:00:22,0.07022400,0.18600000
2018-03-17 23:00:23,0.07029800,0.51400000
2018-03-17 23:00:23,0.07029800,0.04100000
2018-03-17 23:00:23,0.07022400,0.61600000
2018-03-17 23:00:23,0.07022400,0.22700000
2018-03-17 23:00:24,0.07029800,0.00300000
2018-03-17 23:00:29,0.07029700,0.06700000
2018-03-17 23:00:32,0.07029700,0.03500000
2018-03-17 23:00:33,0.07029700,1.01600000
2018-03-17 23:00:33,0.07023200,0.36000000
2018-03-17 23:00:33,0.07023200,0.36000000
2018-03-17 23:00:33,0.07029700,0.05400000
2018-03-17 23:00:34,0.07023200,0.36000000
2018-03-17 23:00:34,0.07023200,0.28100000
2018-03-17 23:00:35,0.07023200,0.00100000
2018-03-17 23:00:35,0.07022000,0.06700000
2018-03-17 23:00:35,0.07029700,0.03400000
2018-03-17 23:00:39,0.07029800,0.09400000
2018-03-17 23:00:39,0.07029900,0.46400000
2018-03-17 23:00:40,0.07029900,0.08300000
2018-03-17 23:00:41,0.07030000,0.15900000
2018-03-17 23:00:42,0.07030000,0.14200000
2018-03-17 23:00:43,0.07022400,0.25200000
2018-03-17 23:00:43,0.07022600,0.07800000
2018-03-17 23:00:44,0.07022600,0.02100000
2018-03-17 23:00:44,0.07022600,0.09000000
2018-03-17 23:00:45,0.07022600,0.09800000
2018-03-17 23:00:49,0.07023900,0.21000000
2018-03-17 23:00:49,0.07030000,0.00500000
2018-03-17 23:00:51,0.07030000,0.00100000
2018-03-17 23:00:51,0.07031100,0.01200000
2018-03-17 23:00:52,0.07031100,0.27000000
2018-03-17 23:00:52,0.07031100,0.00500000
2018-03-17 23:00:52,0.07031200,0.15800000
2018-03-17 23:00:53,0.07031200,1.11400000
2018-03-17 23:00:53,0.07023900,0.34500000
2018-03-17 23:00:53,0.07023900,0.10200000
2018-03-17 23:00:53,0.07023900,0.10200000
2018-03-17 23:00:53,0.07023900,0.10100000
2018-03-17 23:00:55,0.07024000,0.41700000
2018-03-17 23:00:56,0.07031200,0.93300000
2018-03-17 23:00:56,0.07031200,0.35400000
2018-03-17 23:01:00,0.07031200,0.00100000
2018-03-17 23:01:00,0.07031200,0.09800000
2018-03-17 23:01:01,0.07032900,0.14100000
2018-03-17 23:01:02,0.07032900,0.14100000
2018-03-17 23:01:03,0.07031200,0.00100000
2018-03-17 23:01:03,0.07024900,0.99400000
2018-03-17 23:01:04,0.07030000,0.09900000
2018-03-17 23:01:04,0.07024900,0.16600000
2018-03-17 23:01:04,0.07032900,0.09200000
2018-03-17 23:01:04,0.07032900,1.32400000
2018-03-17 23:01:04,0.07032900,0.01600000
2018-03-17 23:01:05,0.07032900,0.14100000
2018-03-17 23:01:05,0.07025100,0.01700000
2018-03-17 23:01:06,0.07025200,0.02100000
2018-03-17 23:01:07,0.07032800,0.79000000
2018-03-17 23:01:07,0.07032800,0.58900000
2018-03-17 23:01:07,0.07032900,1.39000000
2018-03-17 23:01:08,0.07032700,1.42100000
2018-03-17 23:01:08,0.07032700,0.20100000
2018-03-17 23:01:08,0.07032700,1.62200000
2018-03-17 23:01:09,0.07032700,0.00100000
2018-03-17 23:01:09,0.07033600,0.09800000
2018-03-17 23:01:09,0.07033800,0.00100000
2018-03-17 23:01:09,0.07034800,0.17400000
2018-03-17 23:01:09,0.07035700,0.25700000
2018-03-17 23:01:09,0.07036000,0.18000000
2018-03-17 23:01:10,0.07025700,0.89900000
2018-03-17 23:01:10,0.07025700,0.77400000
2018-03-17 23:01:11,0.07035400,2.37000000
2018-03-17 23:01:11,0.07035500,1.57500000
2018-03-17 23:01:12,0.07026100,0.42100000
2018-03-17 23:01:13,0.07035300,0.23800000
2018-03-17 23:01:14,0.07035100,0.02700000
2018-03-17 23:01:15,0.07026900,0.15500000
2018-03-17 23:01:15,0.07035000,0.17800000
2018-03-17 23:01:16,0.07034900,0.14100000
2018-03-17 23:01:16,0.07027000,0.88400000
2018-03-17 23:01:16,0.07034900,0.22600000
2018-03-17 23:01:16,0.07027000,0.42800000
2018-03-17 23:01:17,0.07027200,0.20000000
2018-03-17 23:01:17,0.07027100,0.60500000
2018-03-17 23:01:19,0.07034900,0.01800000
2018-03-17 23:01:19,0.07034900,0.07600000
2018-03-17 23:01:19,0.07035100,0.01700000
2018-03-17 23:01:19,0.07035100,0.02200000
2018-03-17 23:01:19,0.07035100,0.00100000
2018-03-17 23:01:20,0.07035900,0.43700000
2018-03-17 23:01:20,0.07027600,0.35500000
2018-03-17 23:01:21,0.07035900,0.14200000
2018-03-17 23:01:22,0.07027900,1.42700000
2018-03-17 23:01:22,0.07027900,0.33000000
2018-03-17 23:01:22,0.07028000,0.60200000
2018-03-17 23:01:22,0.07035800,0.15500000
2018-03-17 23:01:22,0.07035900,2.85200000
2018-03-17 23:01:22,0.07036000,0.07800000
2018-03-17 23:01:22,0.07036000,2.45400000
2018-03-17 23:01:23,0.07036000,0.05200000
2018-03-17 23:01:23,0.07036000,0.12800000
2018-03-17 23:01:23,0.07036000,0.02100000
2018-03-17 23:01:23,0.07036000,0.02900000
2018-03-17 23:01:23,0.07036000,0.08400000
2018-03-17 23:01:23,0.07036000,0.34600000
2018-03-17 23:01:23,0.07036000,1.68800000
2018-03-17 23:01:23,0.07036000,0.04900000
2018-03-17 23:01:23,0.07036000,0.01600000
2018-03-17 23:01:23,0.07036000,2.04800000
2018-03-17 23:01:23,0.07028100,0.39200000
2018-03-17 23:01:23,0.07028100,0.03000000
2018-03-17 23:01:23,0.07028100,0.05800000
2018-03-17 23:01:23,0.07028100,0.02700000
2018-03-17 23:01:23,0.07028000,0.00100000
2018-03-17 23:01:23,0.07027700,0.15300000
2018-03-17 23:01:23,0.07028100,0.35500000
2018-03-17 23:01:23,0.07027700,0.35600000
2018-03-17 23:01:24,0.07035700,0.15200000
2018-03-17 23:01:25,0.07035500,0.26300000
2018-03-17 23:01:25,0.07035500,1.22600000
2018-03-17 23:01:27,0.07035300,0.11300000
2018-03-17 23:01:27,0.07035400,0.35400000
2018-03-17 23:01:27,0.07035400,0.00100000
2018-03-17 23:01:27,0.07035600,0.50700000
2018-03-17 23:01:27,0.07035700,0.00100000
2018-03-17 23:01:27,0.07036000,0.13700000
2018-03-17 23:01:27,0.07036300,0.06500000
2018-03-17 23:01:27,0.07028200,0.18900000
2018-03-17 23:01:27,0.07028300,0.10800000
2018-03-17 23:01:28,0.07035300,0.04200000
2018-03-17 23:01:28,0.07035500,0.07200000
2018-03-17 23:01:29,0.07028300,0.29800000
2018-03-17 23:01:31,0.07031700,0.76600000
2018-03-17 23:01:31,0.07035300,0.31700000
2018-03-17 23:01:32,0.07035500,0.68700000
2018-03-17 23:01:33,0.07035400,0.10700000
2018-03-17 23:01:37,0.07028300,0.01800000
2018-03-17 23:01:37,0.07035400,0.00100000
2018-03-17 23:01:37,0.07035500,0.00100000
2018-03-17 23:01:37,0.07036200,0.02600000
2018-03-17 23:01:38,0.07036200,0.02900000
2018-03-17 23:01:39,0.07036100,0.29700000
2018-03-17 23:01:39,0.07028400,0.02500000
2018-03-17 23:01:41,0.07036100,0.00100000
2018-03-17 23:01:41,0.07036200,0.00100000
2018-03-17 23:01:41,0.07036300,0.07800000
2018-03-17 23:01:42,0.07036300,0.13800000
2018-03-17 23:01:42,0.07036300,0.13700000
2018-03-17 23:01:42,0.07036300,0.21200000
2018-03-17 23:01:42,0.07036300,0.00100000
2018-03-17 23:01:42,0.07036300,0.02100000
2018-03-17 23:01:42,0.07036300,0.04500000
2018-03-17 23:01:42,0.07036300,0.04700000
2018-03-17 23:01:42,0.07028600,0.06500000
2018-03-17 23:01:43,0.07036700,0.05500000
2018-03-17 23:01:43,0.07036700,0.00100000
2018-03-17 23:01:43,0.07036800,0.05400000
2018-03-17 23:01:43,0.07036800,0.07200000
2018-03-17 23:01:44,0.07036800,0.32100000
2018-03-17 23:01:44,0.07029000,0.08300000
2018-03-17 23:01:45,0.07036800,0.09400000
2018-03-17 23:01:47,0.07036300,0.02500000
2018-03-17 23:01:47,0.07036300,0.00300000
2018-03-17 23:01:47,0.07029200,0.02400000
2018-03-17 23:01:47,0.07029200,0.02700000
2018-03-17 23:01:48,0.07036700,0.01700000
2018-03-17 23:01:50,0.07031200,0.08300000
2018-03-17 23:01:50,0.07031200,0.08300000
2018-03-17 23:01:52,0.07036700,0.00100000
2018-03-17 23:01:52,0.07036800,0.08800000
2018-03-17 23:01:52,0.07036900,0.20000000
2018-03-17 23:01:52,0.07037000,5.30700000
2018-03-17 23:01:52,0.07037000,0.06200000
2018-03-17 23:01:54,0.07037000,2.00100000
2018-03-17 23:01:56,0.07036700,0.07400000
2018-03-17 23:01:56,0.07036700,0.00100000
2018-03-17 23:01:56,0.07031300,0.06600000
2018-03-17 23:01:58,0.07034200,0.29600000
2018-03-17 23:01:58,0.07031400,0.11700000
2018-03-17 23:02:02,0.07032400,0.04400000
2018-03-17 23:02:02,0.07032400,0.05300000
2018-03-17 23:02:02,0.07032400,0.29500000
2018-03-17 23:02:02,0.07032400,0.00100000
2018-03-17 23:02:02,0.07032300,0.29400000
2018-03-17 23:02:03,0.07032300,1.41800000
2018-03-17 23:02:03,0.07032300,0.65700000
2018-03-17 23:02:06,0.07032300,0.00100000
2018-03-17 23:02:06,0.07032000,0.27600000
2018-03-17 23:02:07,0.07032300,0.09100000
2018-03-17 23:02:07,0.07032300,0.00100000
2018-03-17 23:02:07,0.07037000,0.00100000
2018-03-17 23:02:07,0.07037400,0.03200000
2018-03-17 23:02:07,0.07037400,0.09100000
2018-03-17 23:02:13,0.07032100,0.09700000
2018-03-17 23:02:16,0.07032000,0.28800000
2018-03-17 23:02:18,0.07032100,0.05000000
2018-03-17 23:02:18,0.07037400,0.92300000
2018-03-17 23:02:18,0.07037400,0.28200000
2018-03-17 23:02:18,0.07037400,0.67300000
2018-03-17 23:02:18,0.07037400,0.67000000
2018-03-17 23:02:18,0.07037400,0.04700000
2018-03-17 23:02:19,0.07037400,0.19200000
2018-03-17 23:02:19,0.07032100,0.02300000
2018-03-17 23:02:20,0.07032100,0.00100000
2018-03-17 23:02:20,0.07032000,1.68200000
2018-03-17 23:02:20,0.07032000,0.26900000
2018-03-17 23:02:21,0.07032000,0.14400000
2018-03-17 23:02:21,0.07037400,0.08900000
2018-03-17 23:02:21,0.07037400,0.17900000
2018-03-17 23:02:23,0.07032000,0.02300000
2018-03-17 23:02:24,0.07032000,0.21300000
2018-03-17 23:02:27,0.07032000,0.32700000
2018-03-17 23:02:27,0.07032000,0.05500000
2018-03-17 23:02:27,0.07037400,0.23300000
2018-03-17 23:02:29,0.07032100,0.08300000
2018-03-17 23:02:29,0.07032100,0.06600000
2018-03-17 23:02:30,0.07034700,0.73900000
2018-03-17 23:02:30,0.07032100,0.35800000
2018-03-17 23:02:30,0.07032000,3.67900000
2018-03-17 23:02:30,0.07032000,0.71100000
2018-03-17 23:02:30,0.07031400,0.01500000
2018-03-17 23:02:31,0.07032000,1.81800000
2018-03-17 23:02:31,0.07032000,1.42100000
2018-03-17 23:02:31,0.07032000,1.54400000
2018-03-17 23:02:31,0.07032000,0.76400000
2018-03-17 23:02:33,0.07032000,2.06900000
2018-03-17 23:02:33,0.07032000,1.39400000
2018-03-17 23:02:35,0.07031900,0.26300000
2018-03-17 23:02:36,0.07032000,0.39100000
2018-03-17 23:02:36,0.07032000,1.62200000
2018-03-17 23:02:37,0.07031400,0.09600000
2018-03-17 23:02:37,0.07030600,0.37700000
2018-03-17 23:02:38,0.07030600,0.02900000
2018-03-17 23:02:38,0.07030600,0.01500000
2018-03-17 23:02:39,0.07032000,0.71100000
2018-03-17 23:02:39,0.07032000,0.14400000
2018-03-17 23:02:39,0.07032000,0.09100000
2018-03-17 23:02:40,0.07032000,0.37900000
2018-03-17 23:02:41,0.07032000,1.39100000
2018-03-17 23:02:41,0.07032000,0.80700000
2018-03-17 23:02:41,0.07030600,0.12900000
2018-03-17 23:02:43,0.07030400,0.21800000
2018-03-17 23:02:44,0.07030600,0.74000000
2018-03-17 23:02:44,0.07030600,1.17300000
2018-03-17 23:02:44,0.07030600,1.93400000
2018-03-17 23:02:45,0.07032000,0.01500000
2018-03-17 23:02:46,0.07032000,0.53700000
2018-03-17 23:02:47,0.07032000,0.04400000
2018-03-17 23:02:48,0.07031800,0.07300000
2018-03-17 23:02:50,0.07031700,0.02900000
2018-03-17 23:02:50,0.07031700,0.15700000
2018-03-17 23:02:51,0.07030600,0.55900000
2018-03-17 23:02:51,0.07031700,0.03600000
2018-03-17 23:02:52,0.07031700,0.02800000
2018-03-17 23:02:52,0.07031700,0.04200000
2018-03-17 23:02:53,0.07031700,0.11600000
2018-03-17 23:02:53,0.07030600,1.56900000
2018-03-17 23:02:55,0.07032000,0.71100000
2018-03-17 23:02:56,0.07030600,0.13100000
2018-03-17 23:02:56,0.07030400,0.04700000
2018-03-17 23:03:02,0.07030600,0.01500000
2018-03-17 23:03:02,0.07030600,0.05900000
2018-03-17 23:03:02,0.07030600,0.08100000
2018-03-17 23:03:02,0.07030600,0.04700000
2018-03-17 23:03:02,0.07032000,1.03800000
2018-03-17 23:03:03,0.07032000,0.14200000
2018-03-17 23:03:03,0.07032000,0.14100000
2018-03-17 23:03:05,0.07031900,0.16300000
2018-03-17 23:03:05,0.07031200,0.29600000
2018-03-17 23:03:05,0.07031900,0.00600000
2018-03-17 23:03:06,0.07032000,0.33400000
2018-03-17 23:03:06,0.07032000,0.47100000
2018-03-17 23:03:07,0.07032000,0.03500000
2018-03-17 23:03:08,0.07032000,0.27600000
2018-03-17 23:03:08,0.07032000,0.37000000
2018-03-17 23:03:09,0.07030600,1.10700000
2018-03-17 23:03:09,0.07030400,0.14500000
2018-03-17 23:03:09,0.07029200,0.13000000
2018-03-17 23:03:09,0.07028800,0.05200000
2018-03-17 23:03:09,0.07028300,0.14500000
2018-03-17 23:03:09,0.07028200,0.28800000
2018-03-17 23:03:09,0.07027700,0.28300000
2018-03-17 23:03:13,0.07031900,0.30400000
2018-03-17 23:03:16,0.07031900,0.00200000
2018-03-17 23:03:16,0.07032000,0.26000000
2018-03-17 23:03:19,0.07032000,0.05200000
2018-03-17 23:03:19,0.07032000,0.05300000
2018-03-17 23:03:23,0.07026800,0.19300000
2018-03-17 23:03:23,0.07032000,0.49800000
2018-03-17 23:03:23,0.07032000,0.04500000
2018-03-17 23:03:23,0.07032000,0.16500000
2018-03-17 23:03:23,0.07032000,0.16500000
2018-03-17 23:03:24,0.07026800,0.36400000
2018-03-17 23:03:24,0.07026800,0.29900000
2018-03-17 23:03:24,0.07026800,0.19100000
2018-03-17 23:03:24,0.07032000,1.37900000
2018-03-17 23:03:24,0.07032000,0.19000000
2018-03-17 23:03:24,0.07032000,0.19000000
2018-03-17 23:03:24,0.07032000,0.02300000
2018-03-17 23:03:24,0.07032000,0.19000000
2018-03-17 23:03:24,0.07032000,0.18800000
2018-03-17 23:03:24,0.07032000,0.19000000
2018-03-17 23:03:24,0.07032000,0.11000000
2018-03-17 23:03:24,0.07026700,0.01900000
2018-03-17 23:03:24,0.07025300,0.09100000
2018-03-17 23:03:27,0.07032000,0.55700000
2018-03-17 23:03:28,0.07025300,0.13200000
2018-03-17 23:03:33,0.07032000,0.23600000
2018-03-17 23:03:34,0.07026300,0.05300000
2018-03-17 23:03:34,0.07026300,0.05400000
2018-03-17 23:03:34,0.07031900,0.05900000
2018-03-17 23:03:35,0.07029100,0.51000000
2018-03-17 23:03:35,0.07031900,0.24400000
2018-03-17 23:03:41,0.07026300,0.11800000
2018-03-17 23:03:42,0.07032000,0.10700000
2018-03-17 23:03:42,0.07032000,0.02600000
2018-03-17 23:03:42,0.07032000,0.30100000
2018-03-17 23:03:43,0.07032000,0.05200000
2018-03-17 23:03:43,0.07032000,0.02000000
2018-03-17 23:03:44,0.07026300,0.02800000
2018-03-17 23:03:44,0.07026300,0.02900000
2018-03-17 23:03:47,0.07026300,0.82700000
2018-03-17 23:03:49,0.07032000,0.48800000
2018-03-17 23:03:49,0.07037800,0.10400000
2018-03-17 23:03:49,0.07037900,0.48400000
2018-03-17 23:03:49,0.07038000,1.46400000
2018-03-17 23:03:49,0.07038000,0.15000000
2018-03-17 23:03:49,0.07038000,0.14200000
2018-03-17 23:03:49,0.07038000,0.72100000
2018-03-17 23:03:49,0.07038000,0.14200000
2018-03-17 23:03:49,0.07038000,0.14200000
2018-03-17 23:03:49,0.07038000,0.14200000
2018-03-17 23:03:49,0.07038000,0.35300000
2018-03-17 23:03:49,0.07038000,1.07200000
2018-03-17 23:03:49,0.07038000,1.07200000
2018-03-17 23:03:49,0.07038000,0.62800000
2018-03-17 23:03:49,0.07026300,0.00100000
2018-03-17 23:03:49,0.07025300,0.00100000
2018-03-17 23:03:49,0.07025200,0.62200000
2018-03-17 23:03:49,0.07023300,0.38800000
2018-03-17 23:03:49,0.07023300,0.17400000
2018-03-17 23:03:49,0.07023200,0.14300000
2018-03-17 23:03:49,0.07022300,0.29300000
2018-03-17 23:03:49,0.07020800,0.38000000
2018-03-17 23:03:49,0.07020700,0.13900000
2018-03-17 23:03:49,0.07020900,0.04700000
2018-03-17 23:03:49,0.07020900,0.24600000
2018-03-17 23:03:49,0.07020900,0.02800000
2018-03-17 23:03:49,0.07021400,0.42600000
2018-03-17 23:03:53,0.07037200,0.04500000
2018-03-17 23:03:57,0.07034300,0.14100000
2018-03-17 23:03:58,0.07027000,0.02900000
2018-03-17 23:03:58,0.07027000,0.10800000
2018-03-17 23:03:58,0.07033700,0.30600000
2018-03-17 23:03:58,0.07033700,0.00100000
2018-03-17 23:03:58,0.07034200,0.02500000
2018-03-17 23:04:00,0.07034200,0.39600000
2018-03-17 23:04:01,0.07027100,0.02400000
2018-03-17 23:04:02,0.07027200,0.02100000
2018-03-17 23:04:04,0.07035300,0.01300000
2018-03-17 23:04:06,0.07027800,0.03500000
2018-03-17 23:04:06,0.07035300,0.06300000
2018-03-17 23:04:06,0.07037800,0.57000000
2018-03-17 23:04:07,0.07028100,0.32100000
2018-03-17 23:04:08,0.07037600,0.00300000
2018-03-17 23:04:08,0.07037600,0.54800000
2018-03-17 23:04:08,0.07037300,0.71300000
2018-03-17 23:04:08,0.07037300,0.71200000
2018-03-17 23:04:08,0.07037300,0.13800000
2018-03-17 23:04:09,0.07037300,0.28600000
2018-03-17 23:04:09,0.07037400,0.21400000
2018-03-17 23:04:11,0.07037400,2.85400000
2018-03-17 23:04:12,0.07037200,0.03300000
2018-03-17 23:04:14,0.07037100,0.01800000
2018-03-17 23:04:14,0.07037100,0.01800000
2018-03-17 23:04:15,0.07037000,0.16600000
2018-03-17 23:04:16,0.07037100,0.08000000
2018-03-17 23:04:19,0.07029700,0.20000000
2018-03-17 23:04:19,0.07027100,0.01600000
2018-03-17 23:04:19,0.07023100,0.18300000
2018-03-17 23:04:20,0.07036800,0.25000000
2018-03-17 23:04:20,0.07036900,0.15000000
2018-03-17 23:04:20,0.07036900,3.29800000
2018-03-17 23:04:20,0.07037100,0.50300000
2018-03-17 23:04:21,0.07036900,0.02700000
2018-03-17 23:04:27,0.07036300,0.15500000
2018-03-17 23:04:28,0.07036200,0.20000000
2018-03-17 23:04:30,0.07028800,0.12000000
2018-03-17 23:04:33,0.07036500,0.10200000
2018-03-17 23:04:33,0.07036800,0.05000000
2018-03-17 23:04:34,0.07029400,0.03600000
2018-03-17 23:04:34,0.07029400,0.05900000
2018-03-17 23:04:35,0.07029400,0.23500000
2018-03-17 23:04:35,0.07028800,0.34700000
2018-03-17 23:04:35,0.07027100,0.26700000
2018-03-17 23:04:35,0.07027100,0.02300000
2018-03-17 23:04:38,0.07027500,0.12500000
2018-03-17 23:04:40,0.07036600,0.49000000
2018-03-17 23:04:42,0.07036700,0.32600000
2018-03-17 23:04:42,0.07032200,0.02700000
2018-03-17 23:04:43,0.07032200,0.03900000
2018-03-17 23:04:43,0.07028500,0.05800000
2018-03-17 23:04:43,0.07028500,0.01700000
2018-03-17 23:04:43,0.07028400,0.01500000
2018-03-17 23:04:43,0.07032200,0.01400000
2018-03-17 23:04:43,0.07036700,0.03600000
2018-03-17 23:04:43,0.07036700,0.02000000
2018-03-17 23:04:43,0.07036800,0.03200000
2018-03-17 23:04:46,0.07032200,0.07300000
2018-03-17 23:04:46,0.07032200,0.00100000
2018-03-17 23:04:46,0.07036800,0.06600000
2018-03-17 23:04:49,0.07036800,0.07900000
2018-03-17 23:04:49,0.07037100,0.63100000
2018-03-17 23:04:50,0.07037100,0.37200000
2018-03-17 23:04:50,0.07038000,0.33800000
2018-03-17 23:04:53,0.07029700,0.15600000
2018-03-17 23:04:53,0.07029600,0.13500000
2018-03-17 23:04:55,0.07032200,0.07900000
2018-03-17 23:04:55,0.07029900,0.01700000
2018-03-17 23:04:55,0.07029900,0.01500000
2018-03-17 23:05:02,0.07030100,0.08400000
2018-03-17 23:05:02,0.07030100,0.14000000
2018-03-17 23:05:02,0.07030100,0.12600000
2018-03-17 23:05:02,0.07030100,0.10300000
2018-03-17 23:05:03,0.07030100,0.15700000
2018-03-17 23:05:04,0.07032200,0.08100000
2018-03-17 23:05:04,0.07037900,0.08000000
2018-03-17 23:05:04,0.07037900,0.07500000
2018-03-17 23:05:04,0.07037900,0.01200000
2018-03-17 23:05:04,0.07038000,0.06800000
2018-03-17 23:05:04,0.07029000,0.18500000
2018-03-17 23:05:04,0.07038000,0.16600000
2018-03-17 23:05:04,0.07038200,0.27300000
2018-03-17 23:05:04,0.07038500,0.61000000
2018-03-17 23:05:04,0.07039100,0.48500000
2018-03-17 23:05:04,0.07040000,0.32000000
2018-03-17 23:05:04,0.07037900,0.10000000
2018-03-17 23:05:05,0.07030000,0.57900000
2018-03-17 23:05:05,0.07037900,0.05500000
2018-03-17 23:05:06,0.07030100,0.50600000
2018-03-17 23:05:06,0.07030100,0.18500000
2018-03-17 23:05:06,0.07030100,0.15700000
2018-03-17 23:05:06,0.07037800,0.02100000
2018-03-17 23:05:06,0.07037800,0.01900000
2018-03-17 23:05:07,0.07033300,0.01800000
2018-03-17 23:05:07,0.07037800,0.00200000
2018-03-17 23:05:07,0.07038600,0.01500000
2018-03-17 23:05:07,0.07039000,0.01500000
2018-03-17 23:05:07,0.07039700,0.01500000
2018-03-17 23:05:07,0.07040000,0.58100000
2018-03-17 23:05:07,0.07042100,0.07500000
2018-03-17 23:05:07,0.07042100,0.01500000
2018-03-17 23:05:07,0.07042100,0.01500000
2018-03-17 23:05:07,0.07042600,0.01700000
2018-03-17 23:05:07,0.07042100,0.23500000
2018-03-17 23:05:07,0.07042100,0.03400000
2018-03-17 23:05:07,0.07042100,0.00700000
2018-03-17 23:05:07,0.07030100,0.03500000
2018-03-17 23:05:07,0.07030100,0.11000000
2018-03-17 23:05:07,0.07030100,0.02100000
2018-03-17 23:05:07,0.07030100,0.14800000
2018-03-17 23:05:07,0.07030100,0.08300000
2018-03-17 23:05:07,0.07029900,0.01600000
2018-03-17 23:05:07,0.07029000,0.00200000
2018-03-17 23:05:07,0.07028000,0.01900000
2018-03-17 23:05:07,0.07027000,0.03900000
2018-03-17 23:05:07,0.07037700,0.09100000
2018-03-17 23:05:08,0.07037600,0.01900000
2018-03-17 23:05:08,0.07037600,0.03100000
2018-03-17 23:05:09,0.07027500,0.05100000
2018-03-17 23:05:09,0.07037500,0.38200000
2018-03-17 23:05:09,0.07037600,0.46000000
2018-03-17 23:05:10,0.07037200,0.09800000
2018-03-17 23:05:11,0.07027900,0.50000000
2018-03-17 23:05:11,0.07037300,0.07000000
2018-03-17 23:05:12,0.07037300,0.22700000
2018-03-17 23:05:13,0.07037300,0.15100000
2018-03-17 23:05:14,0.07037200,0.28100000
2018-03-17 23:05:16,0.07032200,0.01900000
2018-03-17 23:05:16,0.07032200,0.12300000
2018-03-17 23:05:16,0.07037200,0.01800000
2018-03-17 23:05:16,0.07037200,0.14100000
2018-03-17 23:05:16,0.07037200,0.14000000
2018-03-17 23:05:17,0.07029600,0.11000000
2018-03-17 23:05:18,0.07029700,0.14400000
2018-03-17 23:05:18,0.07037200,0.90700000
2018-03-17 23:05:18,0.07037300,0.08400000
2018-03-17 23:05:18,0.07037400,0.07700000
2018-03-17 23:05:18,0.07037400,0.02600000
2018-03-17 23:05:18,0.07029700,0.06100000
2018-03-17 23:05:19,0.07037400,0.16000000
2018-03-17 23:05:19,0.07037300,0.06500000
2018-03-17 23:05:20,0.07037300,0.13600000
2018-03-17 23:05:22,0.07037300,0.00400000
2018-03-17 23:05:22,0.07037300,0.02900000
2018-03-17 23:05:23,0.07037300,0.00100000
2018-03-17 23:05:23,0.07034500,0.71100000
2018-03-17 23:05:23,0.07030100,0.23100000
2018-03-17 23:05:24,0.07034500,0.23500000
2018-03-17 23:05:24,0.07034500,0.07300000
2018-03-17 23:05:25,0.07034500,0.06800000
2018-03-17 23:05:25,0.07034500,1.61200000
2018-03-17 23:05:25,0.07036600,0.08300000
2018-03-17 23:05:25,0.07036600,0.00100000
2018-03-17 23:05:25,0.07027700,0.08200000
2018-03-17 23:05:25,0.07027700,0.08300000
2018-03-17 23:05:25,0.07027700,0.08300000
2018-03-17 23:05:25,0.07027700,0.08300000
2018-03-17 23:05:25,0.07027700,0.08300000
2018-03-17 23:05:26,0.07028500,0.46000000
2018-03-17 23:05:27,0.07041800,0.06000000
2018-03-17 23:05:29,0.07030400,0.01700000
2018-03-17 23:05:29,0.07031300,0.03700000
2018-03-17 23:05:29,0.07040000,0.46000000
2018-03-17 23:05:29,0.07040400,0.25000000
2018-03-17 23:05:29,0.07040500,0.28100000
2018-03-17 23:05:29,0.07041000,0.21900000
2018-03-17 23:05:29,0.07041700,0.05600000
2018-03-17 23:05:29,0.07042100,0.14100000
2018-03-17 23:05:29,0.07042300,0.01500000
2018-03-17 23:05:29,0.07042600,0.25600000
2018-03-17 23:05:29,0.07042800,0.18700000
2018-03-17 23:05:29,0.07043300,0.24700000
2018-03-17 23:05:30,0.07043300,0.16900000
2018-03-17 23:05:30,0.07043300,0.42600000
2018-03-17 23:05:30,0.07043300,0.14100000
2018-03-17 23:05:30,0.07043300,0.14100000
2018-03-17 23:05:30,0.07043300,0.05400000
2018-03-17 23:05:30,0.07043300,0.08400000
2018-03-17 23:05:30,0.07043300,1.10000000
2018-03-17 23:05:30,0.07043300,0.11300000
2018-03-17 23:05:30,0.07043300,0.11600000
2018-03-17 23:05:30,0.07043300,0.42700000
2018-03-17 23:05:30,0.07043300,0.04900000
2018-03-17 23:05:30,0.07043300,0.09000000
2018-03-17 23:05:30,0.07043300,0.38200000
2018-03-17 23:05:30,0.07043300,0.42800000
2018-03-17 23:05:30,0.07043300,0.11200000
2018-03-17 23:05:30,0.07043300,0.06400000
2018-03-17 23:05:30,0.07043300,1.09100000
2018-03-17 23:05:30,0.07034500,0.62200000
2018-03-17 23:05:30,0.07034500,0.10600000
2018-03-17 23:05:30,0.07031300,0.00400000
2018-03-17 23:05:30,0.07031300,0.11000000
2018-03-17 23:05:30,0.07031300,0.02100000
2018-03-17 23:05:32,0.07032100,0.03500000
2018-03-17 23:05:32,0.07032100,1.66100000
2018-03-17 23:05:32,0.07032100,0.11800000
2018-03-17 23:05:32,0.07032000,0.32800000
2018-03-17 23:05:32,0.07031900,0.20000000
2018-03-17 23:05:32,0.07031800,1.00800000
2018-03-17 23:05:32,0.07032100,0.02600000
2018-03-17 23:05:32,0.07043200,0.04700000
2018-03-17 23:05:32,0.07043200,0.45200000
2018-03-17 23:05:33,0.07043100,0.32100000
2018-03-17 23:05:34,0.07032600,0.81600000
2018-03-17 23:05:34,0.07032600,0.89000000
2018-03-17 23:05:34,0.07042900,0.21700000
2018-03-17 23:05:34,0.07043000,0.23400000
2018-03-17 23:05:34,0.07032800,0.19000000
2018-03-17 23:05:36,0.07033300,0.15600000
2018-03-17 23:05:36,0.07033200,0.02500000
2018-03-17 23:05:36,0.07033400,1.77700000
2018-03-17 23:05:37,0.07033400,0.12200000
2018-03-17 23:05:38,0.07033500,0.05000000
2018-03-17 23:05:41,0.07033500,1.14000000
2018-03-17 23:05:41,0.07033500,0.42700000
2018-03-17 23:05:41,0.07033400,0.89100000
2018-03-17 23:05:41,0.07033300,0.35600000
2018-03-17 23:05:41,0.07032600,0.57000000
2018-03-17 23:05:41,0.07032400,0.57000000
2018-03-17 23:05:42,0.07032800,0.59200000
2018-03-17 23:05:43,0.07041000,0.09300000
2018-03-17 23:05:45,0.07040600,0.08800000
2018-03-17 23:05:46,0.07040500,0.22300000
2018-03-17 23:05:46,0.07040600,0.15700000
2018-03-17 23:05:46,0.07040600,0.71000000
2018-03-17 23:05:47,0.07032900,0.17600000
2018-03-17 23:05:47,0.07040600,0.34300000
2018-03-17 23:05:48,0.07032900,0.04400000
2018-03-17 23:05:50,0.07032500,0.15500000
2018-03-17 23:05:50,0.07032500,0.12000000
2018-03-17 23:05:51,0.07032500,0.04600000
2018-03-17 23:05:51,0.07032500,0.95300000
2018-03-17 23:05:51,0.07032500,0.49600000
2018-03-17 23:05:51,0.07032500,0.00100000
2018-03-17 23:05:52,0.07032500,0.08300000
2018-03-17 23:05:52,0.07040400,0.02900000
2018-03-17 23:05:52,0.07040400,0.08200000
2018-03-17 23:05:52,0.07032400,0.01100000
2018-03-17 23:05:52,0.07032400,0.14400000
2018-03-17 23:05:53,0.07032400,0.64200000
2018-03-17 23:05:54,0.07031100,0.55400000
2018-03-17 23:05:54,0.07030000,0.89700000
2018-03-17 23:05:54,0.07030000,0.91300000
2018-03-17 23:05:55,0.07030000,0.77000000
2018-03-17 23:05:57,0.07030200,0.04200000
2018-03-17 23:06:01,0.07030300,3.57600000
2018-03-17 23:06:02,0.07032400,0.00100000
2018-03-17 23:06:02,0.07038400,0.13300000
2018-03-17 23:06:03,0.07038400,0.17400000
2018-03-17 23:06:06,0.07030600,0.01500000
2018-03-17 23:06:07,0.07030300,0.01600000
2018-03-17 23:06:08,0.07038200,0.01500000
2018-03-17 23:06:08,0.07038300,0.04200000
2018-03-17 23:06:08,0.07030300,0.01900000
2018-03-17 23:06:08,0.07030000,4.48100000
2018-03-17 23:06:10,0.07033000,0.15800000
2018-03-17 23:06:10,0.07033000,0.09500000
2018-03-17 23:06:10,0.07033000,0.07100000
2018-03-17 23:06:10,0.07033000,0.50800000
2018-03-17 23:06:10,0.07033000,0.35600000
2018-03-17 23:06:10,0.07033000,0.02900000
2018-03-17 23:06:10,0.07030200,0.10100000
2018-03-17 23:06:11,0.07030100,0.04400000
2018-03-17 23:06:12,0.07030400,0.02400000
2018-03-17 23:06:14,0.07030500,0.04100000
2018-03-17 23:06:16,0.07030500,0.00100000
2018-03-17 23:06:17,0.07030400,0.04300000
2018-03-17 23:06:17,0.07030400,0.00100000
2018-03-17 23:06:17,0.07030500,0.01800000
2018-03-17 23:06:17,0.07038100,0.02400000
2018-03-17 23:06:17,0.07030000,0.03600000
2018-03-17 23:06:17,0.07038100,0.04100000
2018-03-17 23:06:17,0.07038100,0.04300000
2018-03-17 23:06:17,0.07030000,0.42400000
2018-03-17 23:06:18,0.07030100,0.61800000
2018-03-17 23:06:19,0.07030100,0.10500000
2018-03-17 23:06:19,0.07038000,0.12300000
2018-03-17 23:06:20,0.07038000,0.04100000
2018-03-17 23:06:20,0.07030000,0.80600000
2018-03-17 23:06:20,0.07030000,0.21000000
2018-03-17 23:06:21,0.07030100,0.09600000
2018-03-17 23:06:21,0.07030000,0.00100000
2018-03-17 23:06:21,0.07029000,0.01200000
2018-03-17 23:06:24,0.07037300,0.05600000
2018-03-17 23:06:24,0.07037200,0.14200000
2018-03-17 23:06:26,0.07029000,0.10400000
2018-03-17 23:06:27,0.07036000,0.01900000
2018-03-17 23:06:28,0.07029000,0.04200000
2018-03-17 23:06:28,0.07029000,0.02900000
2018-03-17 23:06:28,0.07036000,0.71000000
2018-03-17 23:06:30,0.07035700,0.20000000
2018-03-17 23:06:32,0.07035600,0.02700000
2018-03-17 23:06:33,0.07035500,0.07600000
2018-03-17 23:06:39,0.07027800,0.20000000
2018-03-17 23:06:39,0.07027200,1.42300000
2018-03-17 23:06:39,0.07027000,2.37700000
2018-03-17 23:06:42,0.07027000,0.07200000
2018-03-17 23:06:45,0.07027300,0.04400000
2018-03-17 23:06:47,0.07027100,0.12900000
2018-03-17 23:06:48,0.07027200,0.03600000
2018-03-17 23:06:48,0.07027200,0.64700000
2018-03-17 23:06:49,0.07027800,0.02000000
2018-03-17 23:06:49,0.07027000,0.09500000
2018-03-17 23:06:49,0.07034400,0.01600000
2018-03-17 23:06:49,0.07034400,0.01500000
2018-03-17 23:06:51,0.07027000,0.41400000
2018-03-17 23:06:52,0.07034400,0.49300000
2018-03-17 23:06:52,0.07034400,0.89800000
2018-03-17 23:06:53,0.07027000,0.11000000
2018-03-17 23:06:54,0.07034300,0.47200000
2018-03-17 23:06:55,0.07034300,0.91700000
2018-03-17 23:06:57,0.07029600,0.02300000
2018-03-17 23:06:57,0.07034300,0.05300000
2018-03-17 23:06:59,0.07033800,0.13200000
2018-03-17 23:06:59,0.07033800,0.20100000
2018-03-17 23:06:59,0.07033800,0.03600000
2018-03-17 23:06:59,0.07034300,0.00100000
2018-03-17 23:06:59,0.07035400,0.06800000
2018-03-17 23:06:59,0.07035500,0.26300000
2018-03-17 23:07:04,0.07035500,0.01600000
2018-03-17 23:07:06,0.07029600,0.00800000
2018-03-17 23:07:06,0.07029200,0.02200000
2018-03-17 23:07:06,0.07027000,0.09700000
2018-03-17 23:07:07,0.07027100,0.12700000
2018-03-17 23:07:11,0.07027000,0.04500000
2018-03-17 23:07:11,0.07027000,0.21100000
2018-03-17 23:07:11,0.07034400,0.22400000
2018-03-17 23:07:11,0.07034400,0.96700000
2018-03-17 23:07:11,0.07034400,0.18900000
2018-03-17 23:07:11,0.07035100,0.53300000
2018-03-17 23:07:12,0.07035500,0.04200000
2018-03-17 23:07:12,0.07030100,0.06600000
2018-03-17 23:07:12,0.07029600,0.09000000
2018-03-17 23:07:12,0.07027100,0.29600000
2018-03-17 23:07:12,0.07035400,0.10500000
2018-03-17 23:07:15,0.07031400,0.82000000
2018-03-17 23:07:15,0.07027400,0.42200000
2018-03-17 23:07:18,0.07027800,0.14900000
2018-03-17 23:07:20,0.07027700,0.10000000
2018-03-17 23:07:23,0.07031500,1.38900000
2018-03-17 23:07:23,0.07027700,0.67700000
2018-03-17 23:07:23,0.07027700,1.36200000
2018-03-17 23:07:26,0.07035400,0.14200000
2018-03-17 23:07:27,0.07027600,0.06500000
2018-03-17 23:07:28,0.07027700,0.21800000
2018-03-17 23:07:28,0.07027700,0.25700000
2018-03-17 23:07:28,0.07035300,0.06200000
2018-03-17 23:07:28,0.07035300,0.13200000
2018-03-17 23:07:29,0.07035300,0.39300000
2018-03-17 23:07:29,0.07027700,0.06100000
2018-03-17 23:07:30,0.07027700,0.00100000
2018-03-17 23:07:30,0.07027600,0.00100000
2018-03-17 23:07:30,0.07027200,0.12700000
2018-03-17 23:07:32,0.07027000,1.42300000
2018-03-17 23:07:32,0.07027000,0.35600000
2018-03-17 23:07:32,0.07027000,0.09300000
2018-03-17 23:07:34,0.07027000,0.15200000
2018-03-17 23:07:38,0.07027000,0.62100000
2018-03-17 23:07:38,0.07034900,0.03200000
2018-03-17 23:07:39,0.07027000,0.03400000
2018-03-17 23:07:39,0.07034900,0.47300000
2018-03-17 23:07:39,0.07027000,0.01500000
2018-03-17 23:07:39,0.07027000,0.01500000
2018-03-17 23:07:39,0.07027000,0.01500000
2018-03-17 23:07:39,0.07027000,0.01500000
2018-03-17 23:07:41,0.07027000,0.06300000
2018-03-17 23:07:41,0.07027000,0.42700000
2018-03-17 23:07:41,0.07035000,0.03200000
2018-03-17 23:07:43,0.07035000,0.06400000
2018-03-17 23:07:44,0.07035000,0.01100000
2018-03-17 23:07:44,0.07035100,0.02100000
2018-03-17 23:07:46,0.07035100,0.07900000
2018-03-17 23:07:46,0.07035100,0.19700000
2018-03-17 23:07:47,0.07035100,0.03200000
2018-03-17 23:07:47,0.07035100,0.06500000
2018-03-17 23:07:48,0.07035100,0.04800000
2018-03-17 23:07:49,0.07027200,0.08600000
2018-03-17 23:07:50,0.07035000,0.05900000
2018-03-17 23:07:50,0.07035000,0.05200000
2018-03-17 23:07:50,0.07035100,0.00200000
2018-03-17 23:07:50,0.07035200,0.03200000
2018-03-17 23:07:51,0.07034900,0.08300000
2018-03-17 23:07:51,0.07034000,0.08100000
2018-03-17 23:07:52,0.07034000,0.13000000
2018-03-17 23:07:53,0.07034000,0.00100000
2018-03-17 23:07:53,0.07034900,0.00300000
2018-03-17 23:07:53,0.07035200,0.02900000
2018-03-17 23:07:53,0.07035400,0.15100000
2018-03-17 23:07:54,0.07035400,0.04600000
2018-03-17 23:07:54,0.07035400,0.28200000
2018-03-17 23:07:54,0.07035400,0.17000000
2018-03-17 23:07:55,0.07035400,0.13500000
2018-03-17 23:07:55,0.07035400,0.04600000
2018-03-17 23:07:57,0.07035400,0.91400000
2018-03-17 23:07:58,0.07035400,0.25600000
2018-03-17 23:07:58,0.07035800,0.14300000
2018-03-17 23:07:59,0.07035700,0.14200000
2018-03-17 23:08:00,0.07035700,1.81400000
2018-03-17 23:08:00,0.07035800,0.21300000
2018-03-17 23:08:00,0.07035900,0.38300000
2018-03-17 23:08:00,0.07037400,0.25200000
2018-03-17 23:08:00,0.07039100,0.29600000
2018-03-17 23:08:00,0.07027900,0.07300000
2018-03-17 23:08:00,0.07034900,0.07400000
2018-03-17 23:08:02,0.07034800,0.19800000
2018-03-17 23:08:03,0.07034900,0.00100000
2018-03-17 23:08:03,0.07039900,0.06500000
2018-03-17 23:08:03,0.07039800,0.04100000
2018-03-17 23:08:05,0.07039800,0.05100000
2018-03-17 23:08:05,0.07035000,0.02400000
2018-03-17 23:08:05,0.07035000,0.17600000
2018-03-17 23:08:05,0.07034900,0.01500000
2018-03-17 23:08:05,0.07029800,0.00800000
2018-03-17 23:08:05,0.07029800,0.12600000
2018-03-17 23:08:05,0.07029800,0.04000000
2018-03-17 23:08:06,0.07029900,0.05600000
2018-03-17 23:08:06,0.07039700,0.29100000
2018-03-17 23:08:09,0.07030700,1.37800000
2018-03-17 23:08:10,0.07031000,0.02900000
2018-03-17 23:08:11,0.07031100,0.16800000
2018-03-17 23:08:11,0.07031100,0.02900000
2018-03-17 23:08:11,0.07039100,0.20100000
2018-03-17 23:08:11,0.07039200,0.07200000
2018-03-17 23:08:11,0.07039200,0.01600000
2018-03-17 23:08:11,0.07039900,0.25500000
2018-03-17 23:08:11,0.07039900,0.08900000
2018-03-17 23:08:12,0.07031200,0.05400000
2018-03-17 23:08:12,0.07039800,0.61500000
2018-03-17 23:08:13,0.07039700,0.28100000
2018-03-17 23:08:15,0.07031800,0.03200000
2018-03-17 23:08:16,0.07032000,0.55900000
2018-03-17 23:08:16,0.07039700,0.05300000
2018-03-17 23:08:16,0.07039000,0.01600000
2018-03-17 23:08:20,0.07039000,0.28400000
2018-03-17 23:08:20,0.07039000,0.13200000
2018-03-17 23:08:23,0.07038900,0.05500000
2018-03-17 23:08:23,0.07032300,0.08700000
2018-03-17 23:08:23,0.07038200,0.42400000
2018-03-17 23:08:24,0.07038200,0.26500000
2018-03-17 23:08:25,0.07032300,0.08000000
2018-03-17 23:08:26,0.07030800,0.66500000
2018-03-17 23:08:30,0.07030200,0.17000000
2018-03-17 23:08:32,0.07030500,0.35400000
2018-03-17 23:08:33,0.07030600,0.66500000
2018-03-17 23:08:33,0.07030600,0.00100000
2018-03-17 23:08:33,0.07030500,0.00100000
2018-03-17 23:08:33,0.07030300,0.38300000
2018-03-17 23:08:33,0.07030200,0.00100000
2018-03-17 23:08:33,0.07029800,0.26500000
2018-03-17 23:08:33,0.07028900,0.01400000
2018-03-17 23:08:33,0.07030600,0.33200000
2018-03-17 23:08:33,0.07030600,0.17600000
2018-03-17 23:08:33,0.07029000,0.15600000
2018-03-17 23:08:33,0.07028900,0.17500000
2018-03-17 23:08:36,0.07037800,0.18400000
2018-03-17 23:08:36,0.07029200,0.37600000
2018-03-17 23:08:38,0.07037600,0.68600000
2018-03-17 23:08:38,0.07029500,0.15600000
2018-03-17 23:08:38,0.07029400,1.31700000
2018-03-17 23:08:39,0.07037300,0.15600000
2018-03-17 23:08:43,0.07037000,0.57500000
2018-03-17 23:08:43,0.07037000,0.00100000
2018-03-17 23:08:43,0.07037200,0.20400000
2018-03-17 23:08:44,0.07037200,0.30300000
2018-03-17 23:08:44,0.07037200,0.00100000
2018-03-17 23:08:44,0.07037300,0.02300000
2018-03-17 23:08:45,0.07037300,0.05500000
2018-03-17 23:08:45,0.07037300,0.06600000
2018-03-17 23:08:45,0.07037300,0.01900000
2018-03-17 23:08:45,0.07029700,0.05800000
2018-03-17 23:08:45,0.07029700,0.13900000
2018-03-17 23:08:45,0.07029700,0.08400000
2018-03-17 23:08:47,0.07030300,0.05600000
2018-03-17 23:08:48,0.07038000,0.52200000
2018-03-17 23:08:48,0.07038100,0.73700000
2018-03-17 23:08:49,0.07038100,0.05000000
2018-03-17 23:08:49,0.07030400,0.19900000
2018-03-17 23:08:49,0.07030400,0.07600000
2018-03-17 23:08:50,0.07030600,0.07800000
2018-03-17 23:08:50,0.07030600,0.06600000
2018-03-17 23:08:50,0.07030500,0.01100000
2018-03-17 23:08:50,0.07038000,0.05900000
2018-03-17 23:08:50,0.07038000,0.21100000
2018-03-17 23:08:51,0.07037900,0.19900000
2018-03-17 23:08:51,0.07038000,0.02000000
2018-03-17 23:08:51,0.07038900,0.00100000
2018-03-17 23:08:51,0.07039000,0.12700000
2018-03-17 23:08:51,0.07039200,0.05100000
2018-03-17 23:08:52,0.07039200,0.09600000
2018-03-17 23:08:52,0.07039100,1.80100000
2018-03-17 23:08:52,0.07039000,0.16100000
2018-03-17 23:08:53,0.07039000,0.12700000
2018-03-17 23:08:53,0.07027600,0.79000000
2018-03-17 23:08:53,0.07030200,0.02700000
2018-03-17 23:08:53,0.07030200,0.14200000
2018-03-17 23:08:53,0.07030200,0.00100000
2018-03-17 23:08:53,0.07039100,0.13700000
2018-03-17 23:08:53,0.07039100,0.14200000
2018-03-17 23:08:54,0.07028200,0.02000000
2018-03-17 23:08:55,0.07037700,0.06800000
2018-03-17 23:08:55,0.07028300,0.11000000
2018-03-17 23:08:55,0.07028300,0.01900000
2018-03-17 23:08:57,0.07037500,0.06300000
2018-03-17 23:08:57,0.07031000,0.21700000
2018-03-17 23:08:57,0.07031000,0.00100000
2018-03-17 23:08:57,0.07029300,0.21600000
2018-03-17 23:08:57,0.07029300,0.08800000
2018-03-17 23:08:57,0.07029300,0.10700000
2018-03-17 23:08:58,0.07029500,0.42700000
2018-03-17 23:08:59,0.07029600,0.52700000
2018-03-17 23:09:02,0.07033400,6.72500000
2018-03-17 23:09:02,0.07029700,2.43500000
2018-03-17 23:09:05,0.07036700,0.19900000
2018-03-17 23:09:05,0.07036800,0.06600000
2018-03-17 23:09:05,0.07036900,0.05000000
2018-03-17 23:09:05,0.07037300,0.28500000
2018-03-17 23:09:08,0.07029800,0.02200000
2018-03-17 23:09:11,0.07029800,0.04000000
2018-03-17 23:09:13,0.07029800,0.13800000
2018-03-17 23:09:13,0.07029600,0.01600000
2018-03-17 23:09:13,0.07028100,0.39300000
2018-03-17 23:09:13,0.07028200,0.15600000
2018-03-17 23:09:13,0.07027400,0.50000000
2018-03-17 23:09:14,0.07027500,0.13200000
2018-03-17 23:09:16,0.07028600,0.22100000
2018-03-17 23:09:18,0.07028700,0.15500000
2018-03-17 23:09:20,0.07036000,0.13500000
2018-03-17 23:09:21,0.07036000,0.63100000
2018-03-17 23:09:22,0.07027600,0.05500000
2018-03-17 23:09:23,0.07035900,0.16300000
2018-03-17 23:09:24,0.07035900,0.18600000
2018-03-17 23:09:24,0.07035900,0.02500000
2018-03-17 23:09:25,0.07035900,0.27000000
2018-03-17 23:09:25,0.07028100,0.21300000
2018-03-17 23:09:26,0.07035800,0.21200000
2018-03-17 23:09:28,0.07035800,0.04800000
2018-03-17 23:09:29,0.07035700,0.09300000
2018-03-17 23:09:30,0.07032000,0.15600000
2018-03-17 23:09:30,0.07035700,0.00200000
2018-03-17 23:09:30,0.07035700,0.01500000
2018-03-17 23:09:30,0.07035900,0.00100000
2018-03-17 23:09:30,0.07036200,0.00900000
2018-03-17 23:09:31,0.07036200,0.07500000
2018-03-17 23:09:31,0.07028300,0.05900000
2018-03-17 23:09:31,0.07028300,0.14100000
2018-03-17 23:09:31,0.07027100,0.13400000
2018-03-17 23:09:32,0.07036200,0.26500000
2018-03-17 23:09:32,0.07036000,2.25000000
2018-03-17 23:09:32,0.07036100,0.08700000
2018-03-17 23:09:32,0.07036100,2.24700000
2018-03-17 23:09:36,0.07028500,0.19000000
2018-03-17 23:09:36,0.07028500,0.07300000
2018-03-17 23:09:37,0.07028600,0.35500000
2018-03-17 23:09:42,0.07027900,0.06000000
2018-03-17 23:09:43,0.07036300,0.55400000
2018-03-17 23:09:44,0.07028100,0.27300000
2018-03-17 23:09:45,0.07035600,0.03900000
2018-03-17 23:09:47,0.07035400,0.04100000
2018-03-17 23:09:49,0.07035300,0.13100000
2018-03-17 23:09:49,0.07035300,0.00300000
2018-03-17 23:09:49,0.07035700,0.38500000
2018-03-17 23:09:49,0.07036300,0.00100000
2018-03-17 23:09:49,0.07036800,0.43100000
2018-03-17 23:09:49,0.07039900,0.00100000
2018-03-17 23:09:49,0.07040500,0.49800000
2018-03-17 23:09:49,0.07040600,0.08400000
2018-03-17 23:09:49,0.07040800,0.68700000
2018-03-17 23:09:50,0.07028700,0.01900000
2018-03-17 23:09:50,0.07035300,0.04600000
2018-03-17 23:09:51,0.07030600,0.28000000
2018-03-17 23:09:51,0.07030600,0.27300000
2018-03-17 23:09:53,0.07030600,0.00100000
2018-03-17 23:09:53,0.07030500,0.05000000
2018-03-17 23:09:53,0.07030500,0.00500000
2018-03-17 23:09:53,0.07035300,0.00400000
2018-03-17 23:09:53,0.07040800,0.01500000
2018-03-17 23:09:55,0.07029700,0.16200000
2018-03-17 23:09:57,0.07030000,0.11300000
2018-03-17 23:09:57,0.07030100,0.68100000
2018-03-17 23:10:04,0.07030600,0.10300000
2018-03-17 23:10:04,0.07030600,0.03500000
2018-03-17 23:10:06,0.07030600,0.05600000
2018-03-17 23:10:09,0.07030700,0.09800000
2018-03-17 23:10:09,0.07034400,0.22100000
2018-03-17 23:10:09,0.07030700,0.00300000
2018-03-17 23:10:10,0.07038100,0.06300000
2018-03-17 23:10:10,0.07030600,0.10400000
2018-03-17 23:10:10,0.07038100,0.09200000
2018-03-17 23:10:10,0.07030600,0.09600000
2018-03-17 23:10:10,0.07030100,0.01600000
2018-03-17 23:10:10,0.07028900,0.13800000
2018-03-17 23:10:11,0.07037900,0.12000000
2018-03-17 23:10:15,0.07029800,0.68700000
2018-03-17 23:10:15,0.07029800,0.17900000
2018-03-17 23:10:15,0.07037400,0.04500000
2018-03-17 23:10:15,0.07037500,1.33800000
2018-03-17 23:10:15,0.07037600,0.10600000
2018-03-17 23:10:15,0.07037700,0.13800000
2018-03-17 23:10:15,0.07037900,0.16200000
2018-03-17 23:10:15,0.07039000,0.55400000
2018-03-17 23:10:15,0.07040800,0.11400000
2018-03-17 23:10:15,0.07041300,0.33400000
2018-03-17 23:10:15,0.07042000,0.33900000
2018-03-17 23:10:15,0.07042800,0.26500000
2018-03-17 23:10:15,0.07043100,0.08400000
2018-03-17 23:10:15,0.07043200,3.07100000
2018-03-17 23:10:16,0.07029900,0.03200000
2018-03-17 23:10:16,0.07030000,0.22200000
2018-03-17 23:10:21,0.07029000,0.14200000
2018-03-17 23:10:21,0.07037000,0.02200000
2018-03-17 23:10:22,0.07029100,0.40000000
2018-03-17 23:10:24,0.07029200,0.32700000
2018-03-17 23:10:24,0.07028500,0.57000000
2018-03-17 23:10:24,0.07028500,0.28400000
2018-03-17 23:10:25,0.07028700,0.07900000
2018-03-17 23:10:25,0.07028600,0.10100000
2018-03-17 23:10:25,0.07028500,0.07300000
2018-03-17 23:10:26,0.07028500,0.06800000
2018-03-17 23:10:27,0.07028500,0.09100000
2018-03-17 23:10:28,0.07028500,0.10600000
2018-03-17 23:10:28,0.07028500,0.07700000
2018-03-17 23:10:30,0.07028500,0.89700000
2018-03-17 23:10:31,0.07035900,0.14100000
2018-03-17 23:10:32,0.07028500,0.00300000
2018-03-17 23:10:32,0.07028500,0.07600000
2018-03-17 23:10:34,0.07028500,0.27900000
2018-03-17 23:10:34,0.07027000,0.03900000
2018-03-17 23:10:34,0.07027000,0.27800000
2018-03-17 23:10:34,0.07027000,0.02900000
2018-03-17 23:10:34,0.07027000,1.15800000
2018-03-17 23:10:34,0.07025000,0.18700000
2018-03-17 23:10:34,0.07024600,0.43900000
2018-03-17 23:10:34,0.07024100,0.30000000
2018-03-17 23:10:34,0.07023900,0.11500000
2018-03-17 23:10:35,0.07024000,0.10200000
2018-03-17 23:10:35,0.07024200,0.09800000
2018-03-17 23:10:37,0.07026000,0.15200000
2018-03-17 23:10:37,0.07025900,0.74500000
2018-03-17 23:10:38,0.07026200,0.03400000
2018-03-17 23:10:39,0.07026300,0.15600000
2018-03-17 23:10:43,0.07033800,0.24900000
2018-03-17 23:10:43,0.07030100,0.20800000
2018-03-17 23:10:43,0.07026500,0.29200000
2018-03-17 23:10:43,0.07033800,0.00100000
2018-03-17 23:10:43,0.07034500,0.05300000
2018-03-17 23:10:43,0.07026500,0.08500000
2018-03-17 23:10:43,0.07034500,0.00600000
2018-03-17 23:10:43,0.07034600,0.20100000
2018-03-17 23:10:44,0.07034500,0.78900000
2018-03-17 23:10:48,0.07034400,0.22800000
2018-03-17 23:10:48,0.07034400,0.19100000
2018-03-17 23:10:49,0.07034400,0.14200000
2018-03-17 23:10:49,0.07034800,0.40100000
2018-03-17 23:10:49,0.07035300,0.35700000
2018-03-17 23:10:49,0.07036900,0.38800000
2018-03-17 23:10:50,0.07027000,0.08600000
2018-03-17 23:10:52,0.07034400,0.01500000
2018-03-17 23:10:54,0.07034400,0.03400000
2018-03-17 23:10:56,0.07027000,0.11300000
2018-03-17 23:10:56,0.07026800,0.38400000
2018-03-17 23:10:56,0.07026700,0.51300000
2018-03-17 23:10:57,0.07026700,0.18800000
2018-03-17 23:10:59,0.07034300,0.38400000
2018-03-17 23:10:59,0.07034400,0.09800000
2018-03-17 23:11:02,0.07036200,0.12800000
2018-03-17 23:11:03,0.07036000,0.03500000
2018-03-17 23:11:03,0.07036600,0.04600000
2018-03-17 23:11:04,0.07034400,0.01500000
2018-03-17 23:11:05,0.07035900,0.11100000
2018-03-17 23:11:07,0.07035900,0.08700000
2018-03-17 23:11:11,0.07036600,0.01900000
2018-03-17 23:11:13,0.07034400,0.25100000
2018-03-17 23:11:13,0.07034400,0.00100000
2018-03-17 23:11:13,0.07028500,0.20000000
2018-03-17 23:11:13,0.07028400,0.05000000
2018-03-17 23:11:13,0.07028400,0.25100000
2018-03-17 23:11:16,0.07034400,0.30000000
2018-03-17 23:11:19,0.07032900,0.36900000
2018-03-17 23:11:20,0.07032900,0.22800000
2018-03-17 23:11:20,0.07028400,0.15900000
2018-03-17 23:11:20,0.07027000,0.09900000
2018-03-17 23:11:20,0.07027000,0.22700000
2018-03-17 23:11:20,0.07027000,0.15500000
2018-03-17 23:11:20,0.07026800,0.07200000
2018-03-17 23:11:20,0.07032900,0.05400000
2018-03-17 23:11:20,0.07032900,0.00100000
2018-03-17 23:11:20,0.07034400,0.00100000
2018-03-17 23:11:20,0.07036600,0.02900000
2018-03-17 23:11:20,0.07040000,0.02300000
2018-03-17 23:11:21,0.07032900,0.21200000
2018-03-17 23:11:21,0.07032900,0.00100000
2018-03-17 23:11:21,0.07027600,0.20000000
2018-03-17 23:11:21,0.07027500,0.01100000
2018-03-17 23:11:23,0.07028100,0.12700000
2018-03-17 23:11:27,0.07030000,0.11100000
2018-03-17 23:11:27,0.07030000,0.04400000
2018-03-17 23:11:28,0.07030100,0.63500000
2018-03-17 23:11:30,0.07030500,0.35600000
2018-03-17 23:11:32,0.07037300,0.15400000
2018-03-17 23:11:33,0.07037100,0.12400000
2018-03-17 23:11:33,0.07037100,0.01400000
2018-03-17 23:11:33,0.07037200,0.02700000
2018-03-17 23:11:39,0.07036800,0.17400000
2018-03-17 23:11:39,0.07036900,4.92300000
2018-03-17 23:11:39,0.07037200,0.35600000
2018-03-17 23:11:39,0.07040000,1.73100000
2018-03-17 23:11:39,0.07040000,0.02200000
2018-03-17 23:11:39,0.07040000,0.31900000
2018-03-17 23:11:39,0.07040000,0.25200000
2018-03-17 23:11:39,0.07040000,0.41800000
2018-03-17 23:11:39,0.07040400,0.03200000
2018-03-17 23:11:39,0.07040000,0.29400000
2018-03-17 23:11:39,0.07040400,0.28000000
2018-03-17 23:11:39,0.07041900,0.28000000
2018-03-17 23:11:39,0.07043200,0.49600000
2018-03-17 23:11:39,0.07043300,0.04300000
2018-03-17 23:11:39,0.07044000,20.17900000
2018-03-17 23:11:39,0.07044600,1.13900000
2018-03-17 23:11:39,0.07044800,0.24200000
2018-03-17 23:11:39,0.07045500,0.27500000
2018-03-17 23:11:39,0.07045700,0.34900000
2018-03-17 23:11:39,0.07046000,0.02600000
2018-03-17 23:11:39,0.07046500,0.15900000
2018-03-17 23:11:39,0.07047100,0.25500000
2018-03-17 23:11:39,0.07048400,0.13500000
2018-03-17 23:11:39,0.07048500,1.83600000
2018-03-17 23:11:39,0.07048800,0.51400000
2018-03-17 23:11:39,0.07049400,0.26300000
2018-03-17 23:11:39,0.07049700,0.11900000
2018-03-17 23:11:39,0.07049800,2.50000000
2018-03-17 23:11:39,0.07050000,7.33300000
2018-03-17 23:11:39,0.07050300,0.38700000
2018-03-17 23:11:39,0.07050800,0.98100000
2018-03-17 23:11:39,0.07051400,0.40000000
2018-03-17 23:11:39,0.07051700,0.32000000
2018-03-17 23:11:39,0.07052600,0.29800000
2018-03-17 23:11:39,0.07052700,0.40000000
2018-03-17 23:11:39,0.07052800,0.33800000
2018-03-17 23:11:39,0.07053200,1.40600000
2018-03-17 23:11:39,0.07053300,0.39400000
2018-03-17 23:11:39,0.07053800,0.96300000
2018-03-17 23:11:39,0.07056500,0.55600000
2018-03-17 23:11:39,0.07040100,0.05000000
2018-03-17 23:11:39,0.07040100,0.15400000
2018-03-17 23:11:40,0.07044200,0.01500000
2018-03-17 23:11:40,0.07045100,0.01500000
2018-03-17 23:11:40,0.07045300,0.01500000
2018-03-17 23:11:40,0.07046300,0.01500000
2018-03-17 23:11:40,0.07047500,0.01500000
2018-03-17 23:11:40,0.07050300,0.01500000
2018-03-17 23:11:40,0.07050500,0.03000000
2018-03-17 23:11:40,0.07044000,0.07500000
2018-03-17 23:11:40,0.07044000,0.79300000
2018-03-17 23:11:40,0.07044000,0.05000000
2018-03-17 23:11:40,0.07044000,0.48600000
2018-03-17 23:11:40,0.07044000,0.15300000
2018-03-17 23:11:40,0.07044000,0.08500000
2018-03-17 23:11:40,0.07044000,0.57700000
2018-03-17 23:11:40,0.07044000,0.02300000
2018-03-17 23:11:40,0.07044000,0.05000000
2018-03-17 23:11:40,0.07044000,0.41000000
2018-03-17 23:11:40,0.07044000,1.42200000
2018-03-17 23:11:40,0.07044000,0.19000000
2018-03-17 23:11:40,0.07044000,0.75700000
2018-03-17 23:11:40,0.07044000,0.14600000
2018-03-17 23:11:40,0.07044000,0.72600000
2018-03-17 23:11:40,0.07044000,0.07800000
2018-03-17 23:11:40,0.07044000,0.35400000
2018-03-17 23:11:40,0.07044000,0.79300000
2018-03-17 23:11:40,0.07044000,1.42200000
2018-03-17 23:11:40,0.07044000,0.05000000
2018-03-17 23:11:40,0.07044000,1.42000000
2018-03-17 23:11:40,0.07044000,0.18000000
2018-03-17 23:11:40,0.07040100,0.38200000
2018-03-17 23:11:40,0.07040000,0.15500000
2018-03-17 23:11:40,0.07028000,0.47000000
2018-03-17 23:11:40,0.07028000,0.27700000
2018-03-17 23:11:40,0.07028000,0.06700000
2018-03-17 23:11:40,0.07028000,0.16700000
2018-03-17 23:11:40,0.07028000,0.32200000
2018-03-17 23:11:40,0.07028000,0.19600000
2018-03-17 23:11:40,0.07028500,0.84800000
2018-03-17 23:11:40,0.07028500,0.17900000
2018-03-17 23:11:40,0.07041700,0.02200000
2018-03-17 23:11:40,0.07040200,0.08000000
2018-03-17 23:11:40,0.07036800,0.05000000
2018-03-17 23:11:40,0.07040200,0.37600000
2018-03-17 23:11:40,0.07041700,0.05800000
2018-03-17 23:11:40,0.07042000,0.50000000
2018-03-17 23:11:40,0.07042100,0.33800000
2018-03-17 23:11:40,0.07042500,0.50000000
2018-03-17 23:11:40,0.07044000,0.64300000
2018-03-17 23:11:40,0.07048300,0.15800000
2018-03-17 23:11:40,0.07050800,0.40000000
2018-03-17 23:11:40,0.07051200,0.01500000
2018-03-17 23:11:40,0.07052800,0.01500000
2018-03-17 23:11:40,0.07054000,0.01500000
2018-03-17 23:11:40,0.07058100,1.35900000
2018-03-17 23:11:40,0.07058200,1.34800000
2018-03-17 23:11:41,0.07057600,0.01600000
2018-03-17 23:11:41,0.07040100,0.34900000
2018-03-17 23:11:41,0.07040100,0.04300000
2018-03-17 23:11:41,0.07039600,0.33400000
2018-03-17 23:11:42,0.07039500,0.03500000
2018-03-17 23:11:42,0.07039500,0.16500000
2018-03-17 23:11:42,0.07037100,0.31900000
2018-03-17 23:11:42,0.07039600,0.40000000
2018-03-17 23:11:42,0.07039600,0.26100000
2018-03-17 23:11:43,0.07039600,0.03200000
2018-03-17 23:11:43,0.07037600,0.55700000
2018-03-17 23:11:43,0.07040100,1.12200000
2018-03-17 23:11:43,0.07039600,0.05000000
2018-03-17 23:11:44,0.07049000,0.25800000
2018-03-17 23:11:44,0.07037800,0.36400000
2018-03-17 23:11:44,0.07040700,0.08900000
2018-03-17 23:11:44,0.07040700,0.12800000
2018-03-17 23:11:44,0.07040700,0.05800000
2018-03-17 23:11:44,0.07037800,0.21600000
2018-03-17 23:11:44,0.07037800,0.27400000
2018-03-17 23:11:44,0.07038000,0.28400000
2018-03-17 23:11:45,0.07038100,0.15600000
2018-03-17 23:11:45,0.07038000,2.41300000
2018-03-17 23:11:45,0.07048000,0.20000000
2018-03-17 23:11:45,0.07038100,0.71300000
2018-03-17 23:11:46,0.07047900,0.40000000
2018-03-17 23:11:46,0.07038200,0.19900000
2018-03-17 23:11:47,0.07038300,0.19900000
2018-03-17 23:11:47,0.07038300,0.31100000
2018-03-17 23:11:47,0.07038200,0.40200000
2018-03-17 23:11:47,0.07038200,0.03900000
2018-03-17 23:11:47,0.07046900,0.05300000
2018-03-17 23:11:47,0.07038300,0.03100000
2018-03-17 23:11:48,0.07038300,2.16800000
2018-03-17 23:11:48,0.07038200,0.58400000
2018-03-17 23:11:48,0.07038300,0.05600000
2018-03-17 23:11:48,0.07038200,0.03900000
2018-03-17 23:11:49,0.07038400,0.35700000
2018-03-17 23:11:49,0.07038200,1.24800000
2018-03-17 23:11:50,0.07038500,0.54600000
2018-03-17 23:11:50,0.07038500,2.74800000
2018-03-17 23:11:50,0.07038200,0.19000000
2018-03-17 23:11:51,0.07038200,1.05200000
2018-03-17 23:11:51,0.07038200,0.11000000
2018-03-17 23:11:51,0.07038200,0.15300000
2018-03-17 23:11:51,0.07037600,0.00100000
2018-03-17 23:11:51,0.07037200,0.36300000
2018-03-17 23:11:51,0.07035000,0.13000000
2018-03-17 23:11:51,0.07033500,0.28600000
2018-03-17 23:11:54,0.07033800,1.75600000
2018-03-17 23:11:54,0.07033700,0.20000000
2018-03-17 23:11:54,0.07033600,0.04300000
2018-03-17 23:11:54,0.07032700,0.34900000
2018-03-17 23:11:54,0.07031600,0.46700000
2018-03-17 23:11:57,0.07044800,0.01600000
2018-03-17 23:12:00,0.07033100,0.42600000
2018-03-17 23:12:00,0.07033100,0.02500000
2018-03-17 23:12:02,0.07033100,0.78000000
2018-03-17 23:12:03,0.07043300,0.19900000
2018-03-17 23:12:03,0.07043400,0.43000000
2018-03-17 23:12:03,0.07043400,0.35000000
2018-03-17 23:12:03,0.07043500,2.70300000
2018-03-17 23:12:04,0.07033600,0.01500000
2018-03-17 23:12:05,0.07033800,0.06200000
2018-03-17 23:12:06,0.07042900,0.00200000
2018-03-17 23:12:11,0.07034400,0.13700000
2018-03-17 23:12:11,0.07034500,0.56700000
2018-03-17 23:12:12,0.07034500,0.13800000
2018-03-17 23:12:12,0.07034400,0.10000000
2018-03-17 23:12:12,0.07034400,0.49100000
2018-03-17 23:12:12,0.07034400,0.34700000
2018-03-17 23:12:13,0.07042100,0.91100000
2018-03-17 23:12:13,0.07041900,2.31100000
2018-03-17 23:12:16,0.07033900,1.42100000
2018-03-17 23:12:16,0.07033900,0.19400000
2018-03-17 23:12:17,0.07033600,1.42100000
2018-03-17 23:12:17,0.07033600,0.23000000
2018-03-17 23:12:21,0.07033600,0.33900000
2018-03-17 23:12:21,0.07041300,0.30200000
2018-03-17 23:12:22,0.07041200,0.33800000
2018-03-17 23:12:22,0.07033500,0.16200000
2018-03-17 23:12:23,0.07033500,1.42100000
2018-03-17 23:12:23,0.07033500,0.16000000
2018-03-17 23:12:23,0.07033500,0.71000000
2018-03-17 23:12:27,0.07041200,1.04600000
2018-03-17 23:12:29,0.07034000,0.04100000
2018-03-17 23:12:31,0.07041000,0.42200000
2018-03-17 23:12:31,0.07041000,0.00200000
2018-03-17 23:12:32,0.07034000,0.00100000
2018-03-17 23:12:32,0.07033500,0.00100000
2018-03-17 23:12:32,0.07033400,0.44900000
2018-03-17 23:12:36,0.07033400,0.11800000
2018-03-17 23:12:36,0.07033400,0.24600000
2018-03-17 23:12:37,0.07033400,0.83700000
2018-03-17 23:12:37,0.07040700,0.14200000
2018-03-17 23:12:40,0.07033400,0.35600000
2018-03-17 23:12:40,0.07033400,0.23400000
2018-03-17 23:12:44,0.07037100,0.59200000
2018-03-17 23:12:44,0.07033500,0.47600000
2018-03-17 23:12:49,0.07040700,0.05700000
2018-03-17 23:12:50,0.07033500,0.18000000
2018-03-17 23:12:50,0.07033500,0.17200000
2018-03-17 23:12:50,0.07033500,0.04700000
2018-03-17 23:12:51,0.07033500,0.00100000
2018-03-17 23:12:51,0.07033400,0.00800000
2018-03-17 23:12:51,0.07033400,0.15200000
2018-03-17 23:12:51,0.07033100,0.04800000
2018-03-17 23:12:52,0.07033400,0.15100000
2018-03-17 23:12:52,0.07033100,0.13000000
2018-03-17 23:12:52,0.07033400,0.00100000
2018-03-17 23:12:52,0.07040400,0.02800000
2018-03-17 23:12:52,0.07040400,0.12500000
2018-03-17 23:12:52,0.07040400,0.04800000
2018-03-17 23:12:52,0.07040700,0.01800000
2018-03-17 23:12:52,0.07033100,0.26700000
2018-03-17 23:12:55,0.07040700,0.51000000
2018-03-17 23:12:55,0.07040800,0.20000000
2018-03-17 23:12:57,0.07033100,0.15100000
2018-03-17 23:12:57,0.07040000,0.92600000
2018-03-17 23:12:58,0.07039900,0.04800000
2018-03-17 23:12:58,0.07036500,1.14100000
2018-03-17 23:12:58,0.07033100,0.30300000
2018-03-17 23:12:59,0.07033100,0.01700000
2018-03-17 23:12:59,0.07033100,0.13400000
2018-03-17 23:12:59,0.07039900,0.00200000
2018-03-17 23:12:59,0.07040000,0.01400000
2018-03-17 23:13:03,0.07033000,0.02900000
2018-03-17 23:13:04,0.07039000,0.01600000
2018-03-17 23:13:09,0.07033100,0.03000000
2018-03-17 23:13:10,0.07033100,0.11900000
2018-03-17 23:13:10,0.07038900,0.22000000
2018-03-17 23:13:12,0.07035600,0.05000000
2018-03-17 23:13:13,0.07035600,0.01600000
2018-03-17 23:13:15,0.07033100,0.23600000
2018-03-17 23:13:15,0.07033100,0.17600000
2018-03-17 23:13:16,0.07035600,0.03400000
2018-03-17 23:13:17,0.07033100,0.00100000
2018-03-17 23:13:17,0.07033100,0.17300000
2018-03-17 23:13:17,0.07033100,0.00100000
2018-03-17 23:13:17,0.07035600,0.00100000
2018-03-17 23:13:17,0.07038800,0.07100000
2018-03-17 23:13:17,0.07038900,0.09300000
2018-03-17 23:13:19,0.07033100,0.01900000
2018-03-17 23:13:20,0.07038900,0.12500000
2018-03-17 23:13:21,0.07033100,0.00100000
2018-03-17 23:13:21,0.07033000,0.00500000
2018-03-17 23:13:21,0.07030400,0.03000000
2018-03-17 23:13:23,0.07030700,0.66600000
2018-03-17 23:13:23,0.07038700,0.30700000
2018-03-17 23:13:26,0.07038700,0.15600000
2018-03-17 23:13:27,0.07030400,0.06500000
2018-03-17 23:13:27,0.07029700,0.14700000
2018-03-17 23:13:28,0.07029900,0.19200000
2018-03-17 23:13:29,0.07030100,0.54800000
2018-03-17 23:13:31,0.07030200,0.16500000
2018-03-17 23:13:31,0.07030200,0.17400000
2018-03-17 23:13:31,0.07030100,0.79900000
2018-03-17 23:13:31,0.07037800,0.07400000
2018-03-17 23:13:33,0.07037700,0.07900000
2018-03-17 23:13:34,0.07037600,0.09500000
2018-03-17 23:13:35,0.07037600,0.15200000
2018-03-17 23:13:37,0.07037600,0.40800000
2018-03-17 23:13:37,0.07037600,1.34700000
2018-03-17 23:13:37,0.07037600,0.04100000
2018-03-17 23:13:38,0.07030500,0.20000000
2018-03-17 23:13:38,0.07030400,0.09000000
2018-03-17 23:13:38,0.07034000,1.92600000
2018-03-17 23:13:38,0.07030400,0.59700000
2018-03-17 23:13:38,0.07030400,0.03700000
2018-03-17 23:13:38,0.07030400,0.05200000
2018-03-17 23:13:38,0.07030400,0.00100000
2018-03-17 23:13:38,0.07037600,0.05100000
2018-03-17 23:13:38,0.07038100,0.04300000
2018-03-17 23:13:39,0.07038000,0.03200000
2018-03-17 23:13:39,0.07038100,0.53100000
2018-03-17 23:13:39,0.07038200,0.51000000
2018-03-17 23:13:39,0.07038500,0.38500000
2018-03-17 23:13:39,0.07038700,3.26100000
2018-03-17 23:13:39,0.07038800,0.31000000
2018-03-17 23:13:39,0.07038900,0.74100000
2018-03-17 23:13:39,0.07039000,1.60600000
2018-03-17 23:13:39,0.07040000,2.62400000
2018-03-17 23:13:45,0.07031100,0.46600000
2018-03-17 23:13:47,0.07031300,0.19200000
2018-03-17 23:13:48,0.07031300,0.89600000
2018-03-17 23:13:48,0.07031200,0.35700000
2018-03-17 23:13:48,0.07030100,0.05600000
2018-03-17 23:13:48,0.07029800,0.06300000
2018-03-17 23:13:48,0.07029700,0.14300000
2018-03-17 23:13:48,0.07031300,0.20000000
2018-03-17 23:13:48,0.07029700,0.08500000
2018-03-17 23:13:48,0.07029600,1.05000000
2018-03-17 23:13:48,0.07029100,0.18500000
2018-03-17 23:13:48,0.07039000,0.03300000
2018-03-17 23:13:50,0.07038400,0.62200000
2018-03-17 23:13:50,0.07038400,0.21500000
2018-03-17 23:13:51,0.07029600,0.03300000
2018-03-17 23:13:51,0.07029600,3.04000000
2018-03-17 23:13:51,0.07029500,2.35400000
2018-03-17 23:13:51,0.07029000,1.54300000
2018-03-17 23:13:55,0.07037600,0.28400000
2018-03-17 23:13:56,0.07037400,0.42000000
2018-03-17 23:13:58,0.07037300,0.01400000
2018-03-17 23:14:02,0.07029000,1.59900000
2018-03-17 23:14:02,0.07037100,0.20700000
2018-03-17 23:14:02,0.07037100,0.16000000
2018-03-17 23:14:03,0.07037100,0.04300000
2018-03-17 23:14:03,0.07037100,0.01600000
2018-03-17 23:14:04,0.07029100,0.15700000
2018-03-17 23:14:05,0.07029200,0.08700000
2018-03-17 23:14:12,0.07037000,0.04800000
2018-03-17 23:14:15,0.07031100,0.04800000
2018-03-17 23:14:16,0.07031100,0.08700000
2018-03-17 23:14:17,0.07037000,0.29400000
2018-03-17 23:14:17,0.07031100,0.18800000
2018-03-17 23:14:17,0.07031100,0.02300000
2018-03-17 23:14:19,0.07037000,0.05400000
2018-03-17 23:14:20,0.07037100,0.01700000
2018-03-17 23:14:23,0.07031000,0.32100000
2018-03-17 23:14:25,0.07031500,0.18300000
2018-03-17 23:14:26,0.07029700,0.55300000
2018-03-17 23:14:31,0.07033400,0.70800000
2018-03-17 23:14:31,0.07029800,0.24600000
2018-03-17 23:14:31,0.07029800,0.38200000
2018-03-17 23:14:31,0.07029700,0.00100000
2018-03-17 23:14:31,0.07029200,0.05600000
2018-03-17 23:14:31,0.07029000,0.03100000
2018-03-17 23:14:32,0.07029100,0.09100000
2018-03-17 23:14:32,0.07037100,0.04700000
2018-03-17 23:14:32,0.07029100,0.09400000
2018-03-17 23:14:36,0.07029300,0.06600000
2018-03-17 23:14:36,0.07029300,0.06700000
2018-03-17 23:14:38,0.07037000,0.33400000
2018-03-17 23:14:39,0.07037000,0.22100000
2018-03-17 23:14:40,0.07037000,0.02100000
2018-03-17 23:14:42,0.07037000,0.11600000
2018-03-17 23:14:44,0.07029400,0.36100000
2018-03-17 23:14:44,0.07029400,0.43200000
2018-03-17 23:14:44,0.07037000,0.27000000
2018-03-17 23:14:49,0.07029600,0.14600000
2018-03-17 23:14:49,0.07029600,0.14600000
2018-03-17 23:14:50,0.07036900,0.21300000
2018-03-17 23:14:50,0.07037000,0.05700000
2018-03-17 23:14:50,0.07033300,9.12500000
2018-03-17 23:14:50,0.07029600,3.57400000
2018-03-17 23:14:51,0.07029500,0.12300000
2018-03-17 23:14:53,0.07037000,0.77200000
2018-03-17 23:14:56,0.07036900,0.07900000
2018-03-17 23:14:56,0.07036900,0.23600000
2018-03-17 23:14:56,0.07036900,0.01500000
2018-03-17 23:14:57,0.07036900,0.00900000
2018-03-17 23:14:57,0.07037000,0.82100000
2018-03-17 23:14:57,0.07037000,0.82500000
2018-03-17 23:14:58,0.07031200,0.07100000
2018-03-17 23:14:58,0.07030600,0.79800000
2018-03-17 23:14:58,0.07030600,0.86900000
2018-03-17 23:14:58,0.07037000,0.11800000
2018-03-17 23:15:00,0.07037000,0.00200000
2018-03-17 23:15:00,0.07037100,0.17100000
2018-03-17 23:15:01,0.07036900,0.13300000
2018-03-17 23:15:02,0.07037100,0.26100000
2018-03-17 23:15:02,0.07037700,0.19200000
2018-03-17 23:15:02,0.07037800,0.74100000
2018-03-17 23:15:02,0.07038100,3.07300000
2018-03-17 23:15:02,0.07039000,0.58200000
2018-03-17 23:15:02,0.07040000,3.43600000
2018-03-17 23:15:02,0.07040800,0.26100000
2018-03-17 23:15:02,0.07036600,0.02000000
2018-03-17 23:15:02,0.07034100,0.11600000
2018-03-17 23:15:02,0.07034100,0.01400000
2018-03-17 23:15:02,0.07031300,0.15600000
2018-03-17 23:15:02,0.07031200,0.05800000
2018-03-17 23:15:02,0.07030600,0.03200000
2018-03-17 23:15:02,0.07030600,0.11600000
2018-03-17 23:15:02,0.07029500,0.14100000
2018-03-17 23:15:02,0.07037600,0.22800000
2018-03-17 23:15:03,0.07036900,0.01500000
2018-03-17 23:15:03,0.07036900,0.00100000
2018-03-17 23:15:04,0.07033800,0.16900000
2018-03-17 23:15:04,0.07033800,0.01700000
2018-03-17 23:15:07,0.07033800,0.05500000
2018-03-17 23:15:07,0.07035500,0.33500000
2018-03-17 23:15:08,0.07035500,0.17700000
2018-03-17 23:15:08,0.07040500,0.40000000
2018-03-17 23:15:09,0.07040400,0.05000000
2018-03-17 23:15:10,0.07040400,0.04800000
2018-03-17 23:15:11,0.07033800,0.00100000
2018-03-17 23:15:11,0.07030100,1.17800000
2018-03-17 23:15:11,0.07040400,0.04300000
2018-03-17 23:15:11,0.07030100,0.22300000
2018-03-17 23:15:12,0.07030300,0.43900000
2018-03-17 23:15:12,0.07040200,0.06600000
2018-03-17 23:15:12,0.07039200,0.55400000
2018-03-17 23:15:12,0.07040100,0.80700000
2018-03-17 23:15:12,0.07040200,1.10700000
2018-03-17 23:15:15,0.07030900,0.15500000
2018-03-17 23:15:16,0.07030900,0.34400000
2018-03-17 23:15:17,0.07031000,0.25800000
2018-03-17 23:15:17,0.07031100,0.31000000
2018-03-17 23:15:18,0.07038500,0.16100000
2018-03-17 23:15:19,0.07031000,0.11200000
2018-03-17 23:15:20,0.07029800,0.05200000
2018-03-17 23:15:21,0.07029900,0.21700000
2018-03-17 23:15:22,0.07037800,0.42100000
2018-03-17 23:15:22,0.07037800,0.33700000
2018-03-17 23:15:22,0.07037800,0.28900000
2018-03-17 23:15:23,0.07030000,0.04100000
2018-03-17 23:15:23,0.07030000,0.26300000
2018-03-17 23:15:23,0.07037700,0.20000000
2018-03-17 23:15:23,0.07037800,0.14500000
2018-03-17 23:15:23,0.07030000,0.07800000
2018-03-17 23:15:23,0.07037800,0.22000000
2018-03-17 23:15:23,0.07030000,0.86100000
2018-03-17 23:15:23,0.07029900,0.16900000
2018-03-17 23:15:23,0.07029600,0.13700000
2018-03-17 23:15:24,0.07037700,0.38200000
2018-03-17 23:15:24,0.07037800,0.22800000
2018-03-17 23:15:24,0.07037900,0.34300000
2018-03-17 23:15:24,0.07038000,0.55400000
2018-03-17 23:15:24,0.07038600,0.71400000
2018-03-17 23:15:24,0.07040500,1.38100000
2018-03-17 23:15:24,0.07040500,0.02300000
2018-03-17 23:15:24,0.07037900,0.01500000
2018-03-17 23:15:24,0.07037900,0.03600000
2018-03-17 23:15:24,0.07037900,0.16900000
2018-03-17 23:15:25,0.07037900,0.10300000
2018-03-17 23:15:25,0.07037900,0.21700000
2018-03-17 23:15:25,0.07037900,0.41200000
2018-03-17 23:15:25,0.07037700,0.31900000
2018-03-17 23:15:25,0.07037700,0.06200000
2018-03-17 23:15:26,0.07039100,0.05000000
2018-03-17 23:15:27,0.07037800,1.31000000
2018-03-17 23:15:27,0.07037800,0.02900000
2018-03-17 23:15:28,0.07037800,0.46800000
2018-03-17 23:15:28,0.07037800,0.85700000
2018-03-17 23:15:28,0.07037700,0.00100000
2018-03-17 23:15:28,0.07035700,0.55400000
2018-03-17 23:15:29,0.07038200,0.12800000
2018-03-17 23:15:30,0.07038200,0.05000000
2018-03-17 23:15:32,0.07037800,0.17300000
2018-03-17 23:15:32,0.07037800,0.17300000
2018-03-17 23:15:33,0.07037800,0.73500000
2018-03-17 23:15:33,0.07038100,0.49700000
2018-03-17 23:15:33,0.07038500,0.36900000
2018-03-17 23:15:33,0.07034300,0.04900000
2018-03-17 23:15:33,0.07034300,0.08000000
2018-03-17 23:15:34,0.07030300,0.21200000
2018-03-17 23:15:34,0.07030300,0.00100000
2018-03-17 23:15:34,0.07029600,0.26300000
2018-03-17 23:15:34,0.07029500,0.14500000
2018-03-17 23:15:34,0.07029000,0.72400000
2018-03-17 23:15:35,0.07034300,0.05000000
2018-03-17 23:15:35,0.07034300,0.00100000
2018-03-17 23:15:35,0.07038200,0.30200000
2018-03-17 23:15:36,0.07039000,0.77900000
2018-03-17 23:15:38,0.07034300,0.55900000
2018-03-17 23:15:38,0.07034300,0.16100000
2018-03-17 23:15:39,0.07034300,0.00100000
2018-03-17 23:15:39,0.07038800,0.26400000
2018-03-17 23:15:40,0.07038800,0.04900000
2018-03-17 23:15:40,0.07030000,0.28700000
2018-03-17 23:15:41,0.07030200,0.26500000
2018-03-17 23:15:41,0.07037500,1.31200000
2018-03-17 23:15:41,0.07030100,0.29100000
2018-03-17 23:15:42,0.07037500,0.01500000
2018-03-17 23:15:42,0.07037500,0.00100000
2018-03-17 23:15:42,0.07038700,0.01400000
2018-03-17 23:15:42,0.07038700,0.41700000
2018-03-17 23:15:43,0.07039000,0.10000000
2018-03-17 23:15:43,0.07039000,0.16600000
2018-03-17 23:15:43,0.07039100,0.00100000
2018-03-17 23:15:43,0.07040200,0.09800000
2018-03-17 23:15:44,0.07038900,0.70300000
2018-03-17 23:15:44,0.07030500,0.53500000
2018-03-17 23:15:46,0.07038700,0.02000000
2018-03-17 23:15:47,0.07037500,0.13400000
2018-03-17 23:15:47,0.07037500,0.01700000
2018-03-17 23:15:47,0.07030900,0.12200000
2018-03-17 23:15:49,0.07030900,0.14300000
2018-03-17 23:15:49,0.07030500,0.55400000
2018-03-17 23:15:49,0.07030000,0.46600000
2018-03-17 23:15:53,0.07030000,0.93700000
2018-03-17 23:15:53,0.07029200,0.05000000
2018-03-17 23:15:53,0.07029000,1.30900000
2018-03-17 23:15:54,0.07029300,0.51300000
2018-03-17 23:15:54,0.07035000,0.06600000
2018-03-17 23:15:54,0.07029200,0.04200000
2018-03-17 23:15:54,0.07035000,0.02000000
2018-03-17 23:15:54,0.07035000,0.00100000
2018-03-17 23:15:54,0.07037200,0.01900000
2018-03-17 23:15:54,0.07029100,0.03900000
2018-03-17 23:15:55,0.07029100,0.70300000
2018-03-17 23:15:57,0.07029100,0.00100000
2018-03-17 23:15:57,0.07029000,0.12300000
2018-03-17 23:15:58,0.07029000,1.13600000
2018-03-17 23:15:58,0.07029000,0.04500000
2018-03-17 23:15:59,0.07029000,0.56400000
2018-03-17 23:16:01,0.07032800,0.14400000
2018-03-17 23:16:02,0.07029000,0.31900000
2018-03-17 23:16:02,0.07032800,0.00100000
2018-03-17 23:16:02,0.07032900,0.05100000
2018-03-17 23:16:02,0.07036900,0.17400000
2018-03-17 23:16:02,0.07037000,0.04000000
2018-03-17 23:16:02,0.07027700,0.30700000
2018-03-17 23:16:02,0.07027800,0.61700000
2018-03-17 23:16:02,0.07027700,0.00100000
2018-03-17 23:16:02,0.07026800,0.00600000
2018-03-17 23:16:02,0.07025800,0.05000000
2018-03-17 23:16:02,0.07024700,0.50000000
2018-03-17 23:16:02,0.07024200,0.04100000
2018-03-17 23:16:03,0.07027900,0.04200000
2018-03-17 23:16:04,0.07032800,0.01500000
2018-03-17 23:16:05,0.07036800,0.12600000
2018-03-17 23:16:06,0.07036800,0.07700000
2018-03-17 23:16:11,0.07036800,0.35100000
2018-03-17 23:16:13,0.07032800,0.02000000
2018-03-17 23:16:13,0.07032800,1.18700000
2018-03-17 23:16:13,0.07036700,0.28200000
2018-03-17 23:16:13,0.07036700,0.86100000
2018-03-17 23:16:16,0.07036700,0.05000000
2018-03-17 23:16:16,0.07036800,0.02000000
2018-03-17 23:16:21,0.07036800,0.05500000
2018-03-17 23:16:21,0.07037000,0.12200000
2018-03-17 23:16:22,0.07032900,0.13600000
2018-03-17 23:16:22,0.07032900,2.42700000
2018-03-17 23:16:22,0.07032800,0.50000000
2018-03-17 23:16:22,0.07028300,0.69900000
2018-03-17 23:16:26,0.07028800,1.16000000
2018-03-17 23:16:26,0.07028700,0.02600000
2018-03-17 23:16:26,0.07028700,0.14600000
2018-03-17 23:16:27,0.07028900,0.16100000
2018-03-17 23:16:28,0.07029000,0.02700000
2018-03-17 23:16:28,0.07028000,0.12700000
2018-03-17 23:16:29,0.07028100,0.17300000
2018-03-17 23:16:31,0.07028200,0.08800000
2018-03-17 23:16:31,0.07028200,0.06100000
2018-03-17 23:16:32,0.07031400,0.05000000
2018-03-17 23:16:32,0.07028200,0.22800000
2018-03-17 23:16:32,0.07031300,0.01600000
2018-03-17 23:16:32,0.07031300,0.07500000
2018-03-17 23:16:32,0.07031300,0.06500000
2018-03-17 23:16:32,0.07031400,0.00100000
2018-03-17 23:16:32,0.07036200,0.08900000
2018-03-17 23:16:32,0.07036200,0.15500000
2018-03-17 23:16:34,0.07035800,0.11100000
2018-03-17 23:16:35,0.07035700,1.60400000
2018-03-17 23:16:35,0.07035700,1.25800000
2018-03-17 23:16:36,0.07027300,0.10100000
2018-03-17 23:16:37,0.07035500,0.73200000
2018-03-17 23:16:37,0.07035500,0.41400000
2018-03-17 23:16:37,0.07035600,0.17100000
2018-03-17 23:16:37,0.07027400,0.15400000
2018-03-17 23:16:38,0.07027500,0.69400000
2018-03-17 23:16:40,0.07027500,0.15600000
2018-03-17 23:16:40,0.07027400,0.24400000
2018-03-17 23:16:40,0.07027300,0.20000000
2018-03-17 23:16:40,0.07027100,0.12000000
2018-03-17 23:16:40,0.07026800,0.45500000
2018-03-17 23:16:41,0.07027000,0.11600000
2018-03-17 23:16:41,0.07035300,0.15300000
2018-03-17 23:16:42,0.07035000,0.06200000
2018-03-17 23:16:43,0.07026800,0.19600000
2018-03-17 23:16:44,0.07034500,0.19900000
2018-03-17 23:16:44,0.07034800,0.10500000
2018-03-17 23:16:45,0.07026900,0.03900000
2018-03-17 23:16:45,0.07026900,0.04200000
2018-03-17 23:16:45,0.07026900,0.02400000
2018-03-17 23:16:45,0.07026800,0.50100000
2018-03-17 23:16:45,0.07026700,0.55000000
2018-03-17 23:16:45,0.07026000,0.20000000
2018-03-17 23:16:45,0.07024200,0.00900000
2018-03-17 23:16:45,0.07023400,1.67400000
2018-03-17 23:16:45,0.07023300,2.50000000
2018-03-17 23:16:45,0.07022100,0.05700000
2018-03-17 23:16:45,0.07021800,0.02600000
2018-03-17 23:16:45,0.07021700,0.28300000
2018-03-17 23:16:45,0.07020800,0.59000000
2018-03-17 23:16:45,0.07020700,0.26100000
2018-03-17 23:16:45,0.07020200,0.56200000
2018-03-17 23:16:45,0.07020100,5.00000000
2018-03-17 23:16:45,0.07020000,1.04700000
2018-03-17 23:16:45,0.07019900,0.15300000
2018-03-17 23:16:45,0.07019800,0.27300000
2018-03-17 23:16:45,0.07019200,1.00000000
2018-03-17 23:16:45,0.07019100,0.15900000
2018-03-17 23:16:45,0.07019000,0.30000000
2018-03-17 23:16:45,0.07018900,0.04500000
2018-03-17 23:16:46,0.07024800,0.02800000
2018-03-17 23:16:46,0.07024800,0.01500000
2018-03-17 23:16:46,0.07034800,0.02700000
2018-03-17 23:16:46,0.07034800,0.04200000
2018-03-17 23:16:46,0.07024700,0.03200000
2018-03-17 23:16:46,0.07024700,0.06200000
2018-03-17 23:16:46,0.07034600,0.03100000
2018-03-17 23:16:48,0.07031500,0.01400000
2018-03-17 23:16:51,0.07024200,0.04000000
2018-03-17 23:16:51,0.07021600,1.15200000
2018-03-17 23:16:52,0.07021800,1.16900000
2018-03-17 23:16:54,0.07022100,0.10900000
2018-03-17 23:16:56,0.07029600,0.15100000
2018-03-17 23:16:56,0.07022100,0.28300000
2018-03-17 23:16:56,0.07022000,0.06900000
2018-03-17 23:16:56,0.07021000,0.05600000
2018-03-17 23:16:56,0.07018900,0.19400000
2018-03-17 23:16:56,0.07018500,0.06800000
2018-03-17 23:16:56,0.07018200,0.21400000
2018-03-17 23:16:56,0.07018100,0.16500000
2018-03-17 23:16:56,0.07018000,0.20000000
2018-03-17 23:16:56,0.07017900,0.58100000
2018-03-17 23:16:56,0.07017800,2.05600000
2018-03-17 23:16:56,0.07017000,0.00100000
2018-03-17 23:16:56,0.07016200,2.15900000
2018-03-17 23:16:56,0.07015900,0.27300000
2018-03-17 23:16:56,0.07015700,0.13500000
2018-03-17 23:16:56,0.07015500,0.04200000
2018-03-17 23:16:56,0.07015400,0.12500000
2018-03-17 23:16:56,0.07015200,0.59300000
2018-03-17 23:16:58,0.07029000,0.02000000
2018-03-17 23:16:59,0.07028600,0.13100000
2018-03-17 23:17:03,0.07027900,0.24100000
2018-03-17 23:17:05,0.07027700,0.05100000
2018-03-17 23:17:05,0.07018300,0.05800000
2018-03-17 23:17:05,0.07027600,0.15700000
2018-03-17 23:17:07,0.07027500,0.16400000
2018-03-17 23:17:08,0.07027500,0.14900000
2018-03-17 23:17:08,0.07027500,0.43000000
2018-03-17 23:17:08,0.07027400,0.04400000
2018-03-17 23:17:10,0.07027300,1.41500000
2018-03-17 23:17:10,0.07027300,1.75000000
2018-03-17 23:17:11,0.07027300,0.57600000
2018-03-17 23:17:11,0.07027400,0.38500000
2018-03-17 23:17:11,0.07027600,0.45400000
2018-03-17 23:17:11,0.07027600,0.25100000
2018-03-17 23:17:12,0.07020000,0.70700000
2018-03-17 23:17:12,0.07020000,0.76700000
2018-03-17 23:17:12,0.07019400,1.35400000
2018-03-17 23:17:12,0.07020000,0.22600000
2018-03-17 23:17:12,0.07020000,0.12800000
2018-03-17 23:17:12,0.07020000,1.41500000
2018-03-17 23:17:12,0.07020000,0.14200000
2018-03-17 23:17:12,0.07020000,0.09100000
2018-03-17 23:17:12,0.07020000,0.71200000
2018-03-17 23:17:12,0.07020000,2.00300000
2018-03-17 23:17:12,0.07020000,0.03800000
2018-03-17 23:17:12,0.07020000,0.13300000
2018-03-17 23:17:12,0.07020000,0.14200000
2018-03-17 23:17:12,0.07019900,0.08100000
2018-03-17 23:17:13,0.07019500,0.35000000
2018-03-17 23:17:15,0.07019800,0.12800000
2018-03-17 23:17:15,0.07019800,0.05000000
2018-03-17 23:17:15,0.07020000,0.01100000
2018-03-17 23:17:15,0.07020000,0.10900000
2018-03-17 23:17:15,0.07020000,0.15900000
2018-03-17 23:17:15,0.07020000,0.04900000
2018-03-17 23:17:15,0.07020000,0.09800000
2018-03-17 23:17:15,0.07020000,0.14500000
2018-03-17 23:17:15,0.07020000,0.05000000
2018-03-17 23:17:15,0.07020000,0.35100000
2018-03-17 23:17:16,0.07018100,0.29700000
2018-03-17 23:17:16,0.07020000,0.89800000
2018-03-17 23:17:16,0.07020000,1.42200000
2018-03-17 23:17:16,0.07020000,0.30400000
2018-03-17 23:17:16,0.07020000,0.87300000
2018-03-17 23:17:16,0.07020000,0.16000000
2018-03-17 23:17:16,0.07020000,0.23800000
2018-03-17 23:17:16,0.07020000,4.89500000
2018-03-17 23:17:16,0.07020000,0.08100000
2018-03-17 23:17:17,0.07020000,1.42300000
2018-03-17 23:17:17,0.07020000,0.02100000
2018-03-17 23:17:17,0.07020000,1.34200000
2018-03-17 23:17:18,0.07020000,1.42300000
2018-03-17 23:17:18,0.07020000,0.89400000
2018-03-17 23:17:18,0.07020000,0.04600000
2018-03-17 23:17:18,0.07020000,0.22000000
2018-03-17 23:17:18,0.07020000,0.01900000
2018-03-17 23:17:19,0.07020000,0.35200000
2018-03-17 23:17:19,0.07020000,0.02700000
2018-03-17 23:17:20,0.07020000,0.39300000
2018-03-17 23:17:20,0.07019900,0.09300000
2018-03-17 23:17:20,0.07019900,0.14100000
2018-03-17 23:17:20,0.07020000,0.06100000
2018-03-17 23:17:20,0.07020000,0.05600000
2018-03-17 23:17:21,0.07020000,0.66100000
2018-03-17 23:17:21,0.07020000,1.42700000
2018-03-17 23:17:21,0.07020000,0.15600000
2018-03-17 23:17:21,0.07020000,0.32100000
2018-03-17 23:17:21,0.07020000,0.22600000
2018-03-17 23:17:22,0.07020000,0.03300000
2018-03-17 23:17:24,0.07020000,0.71200000
2018-03-17 23:17:25,0.07020000,0.36500000
2018-03-17 23:17:25,0.07020000,0.20100000
2018-03-17 23:17:26,0.07020000,0.11800000
2018-03-17 23:17:29,0.07020000,0.33000000
2018-03-17 23:17:30,0.07019900,0.20600000
2018-03-17 23:17:32,0.07020000,3.08800000
2018-03-17 23:17:33,0.07020000,0.02500000
2018-03-17 23:17:36,0.07020000,0.71200000
2018-03-17 23:17:37,0.07020000,0.08800000
2018-03-17 23:17:38,0.07020000,0.86400000
2018-03-17 23:17:38,0.07020000,0.69200000
2018-03-17 23:17:39,0.07019900,0.15600000
2018-03-17 23:17:40,0.07019000,1.08800000
2018-03-17 23:17:40,0.07019900,0.33400000
2018-03-17 23:17:40,0.07019900,0.06800000
2018-03-17 23:17:40,0.07019900,0.04100000
2018-03-17 23:17:40,0.07020000,0.60100000
2018-03-17 23:17:40,0.07019900,0.04500000
2018-03-17 23:17:41,0.07020000,0.10500000
2018-03-17 23:17:43,0.07020000,0.01700000
2018-03-17 23:17:44,0.07020000,0.66500000
2018-03-17 23:17:44,0.07020000,0.90600000
2018-03-17 23:17:44,0.07020000,0.06900000
2018-03-17 23:17:46,0.07019900,0.00100000
2018-03-17 23:17:46,0.07018100,0.00100000
2018-03-17 23:17:46,0.07018000,0.10700000
2018-03-17 23:17:46,0.07017400,0.14100000
2018-03-17 23:17:47,0.07019900,1.55100000
2018-03-17 23:17:48,0.07020000,0.27200000
2018-03-17 23:17:48,0.07019900,0.07200000
2018-03-17 23:17:52,0.07017500,0.03400000
2018-03-17 23:17:54,0.07020000,0.00100000
2018-03-17 23:17:54,0.07025000,0.69000000
2018-03-17 23:17:54,0.07026000,0.17300000
2018-03-17 23:17:55,0.07025900,0.50900000
2018-03-17 23:17:56,0.07025900,0.15400000
2018-03-17 23:17:57,0.07025900,1.41500000
2018-03-17 23:17:57,0.07025900,0.06400000
2018-03-17 23:18:01,0.07025900,0.16400000
2018-03-17 23:18:01,0.07026000,1.03100000
2018-03-17 23:18:01,0.07027300,0.03500000
2018-03-17 23:18:01,0.07026000,0.54000000
2018-03-17 23:18:02,0.07026000,0.05200000
2018-03-17 23:18:02,0.07026000,0.08800000
2018-03-17 23:18:03,0.07026000,0.36600000
2018-03-17 23:18:04,0.07026900,14.16700000
2018-03-17 23:18:04,0.07027800,8.50200000
2018-03-17 23:18:04,0.07027800,8.23700000
2018-03-17 23:18:05,0.07026000,0.07700000
2018-03-17 23:18:07,0.07027900,0.59000000
2018-03-17 23:18:08,0.07027900,0.06300000
2018-03-17 23:18:08,0.07026000,0.10400000
2018-03-17 23:18:08,0.07027800,0.45900000
2018-03-17 23:18:10,0.07026900,40.33700000
2018-03-17 23:18:10,0.07027800,13.07800000
2018-03-17 23:18:10,0.07026000,0.15400000
2018-03-17 23:18:10,0.07026000,0.01900000
2018-03-17 23:18:10,0.07027900,0.22800000
2018-03-17 23:18:12,0.07026000,0.03000000
2018-03-17 23:18:14,0.07027900,0.38700000
2018-03-17 23:18:17,0.07027200,1.17300000
2018-03-17 23:18:17,0.07028500,0.39400000
2018-03-17 23:18:17,0.07026000,0.05100000
2018-03-17 23:18:18,0.07026000,1.43000000
2018-03-17 23:18:18,0.07026000,0.18200000
2018-03-17 23:18:19,0.07026000,0.48100000
2018-03-17 23:18:23,0.07028600,0.01600000
2018-03-17 23:18:23,0.07031900,0.13400000
2018-03-17 23:18:23,0.07031800,0.44900000
2018-03-17 23:18:24,0.07027900,0.16000000
2018-03-17 23:18:24,0.07031800,2.20400000
2018-03-17 23:18:24,0.07027900,5.63100000
2018-03-17 23:18:25,0.07028900,12.12900000
2018-03-17 23:18:25,0.07031800,2.86100000
2018-03-17 23:18:25,0.07031800,2.65300000
2018-03-17 23:18:28,0.07026000,0.11900000
2018-03-17 23:18:28,0.07026000,0.34900000
2018-03-17 23:18:29,0.07026000,0.11600000
2018-03-17 23:18:30,0.07026000,0.57400000
2018-03-17 23:18:30,0.07026000,0.23500000
2018-03-17 23:18:31,0.07026000,0.08000000
2018-03-17 23:18:32,0.07026000,0.87400000
2018-03-17 23:18:32,0.07024800,0.44000000
2018-03-17 23:18:32,0.07026000,0.01500000
2018-03-17 23:18:33,0.07020000,1.21000000
2018-03-17 23:18:34,0.07020600,0.07000000
2018-03-17 23:18:34,0.07017500,1.34500000
2018-03-17 23:18:35,0.07025900,0.64700000
2018-03-17 23:18:35,0.07025900,0.06100000
2018-03-17 23:18:35,0.07025900,0.19900000
2018-03-17 23:18:40,0.07018100,0.64600000
2018-03-17 23:18:43,0.07018100,0.00100000
2018-03-17 23:18:43,0.07018000,0.71400000
2018-03-17 23:18:45,0.07025800,0.60700000
2018-03-17 23:18:46,0.07025800,0.86400000
2018-03-17 23:18:46,0.07025800,0.12700000
2018-03-17 23:18:46,0.07025700,0.20200000
2018-03-17 23:18:47,0.07025700,0.03900000
2018-03-17 23:18:47,0.07017700,0.34600000
2018-03-17 23:18:48,0.07025600,0.35300000
2018-03-17 23:18:57,0.07025500,0.11400000
2018-03-17 23:18:57,0.07025500,0.87600000
2018-03-17 23:18:57,0.07025500,0.72300000
2018-03-17 23:18:57,0.07025500,21.41100000
2018-03-17 23:18:57,0.07025700,0.57100000
2018-03-17 23:18:57,0.07025900,0.71400000
2018-03-17 23:18:57,0.07026000,0.00100000
2018-03-17 23:18:58,0.07030700,0.22200000
2018-03-17 23:18:58,0.07028200,1.36500000
2018-03-17 23:18:58,0.07028300,0.26100000
2018-03-17 23:18:58,0.07030700,1.82900000
2018-03-17 23:18:58,0.07030800,1.00000000
2018-03-17 23:18:59,0.07028200,0.18400000
2018-03-17 23:18:59,0.07028200,0.01500000
2018-03-17 23:19:00,0.07020300,0.03000000
2018-03-17 23:19:04,0.07021600,0.16300000
2018-03-17 23:19:04,0.07021700,0.09500000
2018-03-17 23:19:04,0.07021700,0.01600000
2018-03-17 23:19:09,0.07030600,0.06500000
2018-03-17 23:19:09,0.07022700,0.20700000
2018-03-17 23:19:09,0.07022900,0.15600000
2018-03-17 23:19:10,0.07022900,0.27300000
2018-03-17 23:19:12,0.07023200,0.14800000
2018-03-17 23:19:12,0.07030400,0.02000000
2018-03-17 23:19:12,0.07030400,0.23700000
2018-03-17 23:19:12,0.07030800,1.13300000
2018-03-17 23:19:12,0.07031500,0.55900000
2018-03-17 23:19:13,0.07031500,1.42100000
2018-03-17 23:19:13,0.07031500,0.53400000
2018-03-17 23:19:13,0.07031500,0.25900000
2018-03-17 23:19:13,0.07031500,0.42700000
2018-03-17 23:19:13,0.07031500,0.12900000
2018-03-17 23:19:13,0.07031500,0.33300000
2018-03-17 23:19:13,0.07031500,0.03500000
2018-03-17 23:19:13,0.07031500,0.58200000
2018-03-17 23:19:13,0.07031500,0.16000000
2018-03-17 23:19:13,0.07031500,1.30200000
2018-03-17 23:19:13,0.07023500,0.25000000
2018-03-17 23:19:13,0.07023500,0.07000000
2018-03-17 23:19:13,0.07022900,0.04200000
2018-03-17 23:19:13,0.07020800,0.00500000
2018-03-17 23:19:14,0.07031600,0.10800000
2018-03-17 23:19:14,0.07031600,0.05000000
2018-03-17 23:19:14,0.07021800,0.02500000
2018-03-17 23:19:15,0.07031500,0.02500000
2018-03-17 23:19:16,0.07022100,0.15500000
2018-03-17 23:19:16,0.07022000,0.02400000
2018-03-17 23:19:17,0.07022200,1.42300000
2018-03-17 23:19:17,0.07022200,0.67200000
2018-03-17 23:19:17,0.07022300,0.02400000
2018-03-17 23:19:18,0.07022300,1.42300000
2018-03-17 23:19:18,0.07022800,0.15600000
2018-03-17 23:19:18,0.07022900,0.12500000
2018-03-17 23:19:18,0.07022900,0.87700000
2018-03-17 23:19:18,0.07028000,0.12400000
2018-03-17 23:19:18,0.07028000,0.04700000
2018-03-17 23:19:18,0.07028000,0.06500000
2018-03-17 23:19:18,0.07022300,2.81800000
2018-03-17 23:19:18,0.07028000,0.08300000
2018-03-17 23:19:19,0.07022400,0.28300000
2018-03-17 23:19:19,0.07022400,0.26100000
2018-03-17 23:19:20,0.07021500,0.15200000
2018-03-17 23:19:20,0.07031400,0.00400000
2018-03-17 23:19:20,0.07021600,0.15600000
2018-03-17 23:19:20,0.07021500,0.00100000
2018-03-17 23:19:20,0.07017800,1.02900000
2018-03-17 23:19:21,0.07021700,0.58400000
2018-03-17 23:19:21,0.07021700,0.00100000
2018-03-17 23:19:21,0.07021600,0.27200000
2018-03-17 23:19:21,0.07021800,0.11400000
2018-03-17 23:19:21,0.07021800,0.11300000
2018-03-17 23:19:22,0.07021900,0.35900000
2018-03-17 23:19:22,0.07021800,0.04000000
2018-03-17 23:19:22,0.07030400,0.15500000
2018-03-17 23:19:22,0.07021800,0.41100000
2018-03-17 23:19:22,0.07030400,0.00100000
2018-03-17 23:19:22,0.07030600,0.20000000
2018-03-17 23:19:22,0.07030700,0.19900000
2018-03-17 23:19:22,0.07021800,0.01600000
2018-03-17 23:19:23,0.07030400,0.02900000
2018-03-17 23:19:23,0.07022100,0.15200000
2018-03-17 23:19:23,0.07022000,0.15600000
2018-03-17 23:19:23,0.07021900,3.90200000
2018-03-17 23:19:23,0.07021800,6.09400000
2018-03-17 23:19:23,0.07021600,1.18300000
2018-03-17 23:19:23,0.07017900,0.39200000
2018-03-17 23:19:23,0.07017900,2.38700000
2018-03-17 23:19:23,0.07017800,0.24200000
2018-03-17 23:19:23,0.07017400,0.18700000
2018-03-17 23:19:23,0.07017000,0.82200000
2018-03-17 23:19:25,0.07029600,0.15000000
2018-03-17 23:19:26,0.07029600,0.33500000
2018-03-17 23:19:26,0.07029500,0.30100000
2018-03-17 23:19:26,0.07029600,0.05900000
2018-03-17 23:19:27,0.07029600,0.06600000
2018-03-17 23:19:27,0.07021900,0.08000000
2018-03-17 23:19:28,0.07029600,0.05000000
2018-03-17 23:19:28,0.07029600,0.07900000
2018-03-17 23:19:28,0.07029600,0.00200000
2018-03-17 23:19:28,0.07029900,0.17800000
2018-03-17 23:19:28,0.07022000,0.03200000
2018-03-17 23:19:29,0.07029900,0.02900000
2018-03-17 23:19:29,0.07029900,0.07600000
2018-03-17 23:19:31,0.07022400,0.25000000
2018-03-17 23:19:31,0.07022300,0.03000000
2018-03-17 23:19:32,0.07021800,0.16800000
2018-03-17 23:19:32,0.07021800,0.00100000
2018-03-17 23:19:32,0.07017500,1.42100000
2018-03-17 23:19:32,0.07017000,2.19700000
2018-03-17 23:19:32,0.07016200,0.05700000
2018-03-17 23:19:32,0.07015800,0.58000000
2018-03-17 23:19:32,0.07015200,1.36200000
2018-03-17 23:19:33,0.07029100,0.66100000
2018-03-17 23:19:34,0.07028500,0.51500000
2018-03-17 23:19:35,0.07026400,0.12800000
2018-03-17 23:19:35,0.07025800,0.03000000
2018-03-17 23:19:35,0.07025800,0.19000000
2018-03-17 23:19:35,0.07026300,0.02800000
2018-03-17 23:19:36,0.07025300,0.08700000
2018-03-17 23:19:36,0.07015400,0.10500000
2018-03-17 23:19:37,0.07024600,0.02500000
2018-03-17 23:19:37,0.07024100,0.02300000
2018-03-17 23:19:37,0.07024100,0.53800000
2018-03-17 23:19:38,0.07021500,0.05600000
2018-03-17 23:19:38,0.07024000,0.35900000
2018-03-17 23:19:39,0.07023500,0.25700000
2018-03-17 23:19:39,0.07023500,0.00100000
2018-03-17 23:19:39,0.07024500,0.25000000
2018-03-17 23:19:39,0.07024500,0.13300000
2018-03-17 23:19:40,0.07024500,0.00300000
2018-03-17 23:19:40,0.07024600,0.21700000
2018-03-17 23:19:40,0.07024600,0.04300000
2018-03-17 23:19:40,0.07024600,0.00100000
2018-03-17 23:19:40,0.07025000,0.04000000
2018-03-17 23:19:41,0.07021500,0.03400000
2018-03-17 23:19:41,0.07025000,0.23700000
2018-03-17 23:19:41,0.07025000,0.36600000
2018-03-17 23:19:42,0.07025000,0.15700000
2018-03-17 23:19:42,0.07025000,0.03100000
2018-03-17 23:19:42,0.07025000,2.44200000
2018-03-17 23:19:43,0.07021600,0.25400000
2018-03-17 23:19:43,0.07025000,0.05000000
2018-03-17 23:19:43,0.07021600,0.06300000
2018-03-17 23:19:44,0.07021600,0.04400000
2018-03-17 23:19:44,0.07024900,0.07500000
2018-03-17 23:19:45,0.07024900,0.03600000
2018-03-17 23:19:45,0.07024900,0.12800000
2018-03-17 23:19:47,0.07021500,0.30800000
2018-03-17 23:19:47,0.07021500,0.00100000
2018-03-17 23:19:47,0.07015500,0.14400000
2018-03-17 23:19:48,0.07024700,0.09000000
2018-03-17 23:19:48,0.07024700,0.02100000
2018-03-17 23:19:49,0.07024600,1.42300000
2018-03-17 23:19:49,0.07024600,0.46800000
2018-03-17 23:19:49,0.07024600,0.10200000
2018-03-17 23:19:49,0.07015800,0.10800000
2018-03-17 23:19:49,0.07024600,0.09900000
2018-03-17 23:19:51,0.07024500,1.42300000
2018-03-17 23:19:51,0.07024500,0.06100000
2018-03-17 23:19:51,0.07024500,0.10800000
2018-03-17 23:19:52,0.07024400,0.36300000
2018-03-17 23:19:53,0.07024400,0.35800000
2018-03-17 23:19:54,0.07024300,0.64100000
2018-03-17 23:19:57,0.07024300,0.01500000
2018-03-17 23:19:58,0.07024400,0.05100000
2018-03-17 23:19:58,0.07026400,0.49900000
2018-03-17 23:19:59,0.07026400,0.07500000
2018-03-17 23:20:00,0.07024200,0.07100000
2018-03-17 23:20:02,0.07017200,0.28400000
2018-03-17 23:20:04,0.07024200,0.01500000
2018-03-17 23:20:06,0.07017200,0.07800000
2018-03-17 23:20:06,0.07015500,0.06300000
2018-03-17 23:20:10,0.07024000,0.11700000
2018-03-17 23:20:12,0.07024200,0.03100000
2018-03-17 23:20:13,0.07024200,1.00700000
2018-03-17 23:20:13,0.07026400,0.85800000
2018-03-17 23:20:13,0.07026400,0.03600000
2018-03-17 23:20:13,0.07026400,0.35500000
2018-03-17 23:20:13,0.07026400,0.42500000
2018-03-17 23:20:13,0.07026400,0.13000000
2018-03-17 23:20:13,0.07026400,0.03500000
2018-03-17 23:20:13,0.07016400,0.36000000
2018-03-17 23:20:13,0.07016300,0.51300000
2018-03-17 23:20:13,0.07016200,0.03600000
2018-03-17 23:20:13,0.07016200,0.17300000
2018-03-17 23:20:13,0.07016200,0.10300000
2018-03-17 23:20:13,0.07016200,0.07400000
2018-03-17 23:20:13,0.07015500,0.48700000
2018-03-17 23:20:13,0.07015200,0.19700000
2018-03-17 23:20:13,0.07015200,0.20100000
2018-03-17 23:20:13,0.07015200,0.06200000
2018-03-17 23:20:16,0.07026000,0.08900000
2018-03-17 23:20:17,0.07025900,0.42600000
2018-03-17 23:20:19,0.07024700,0.52400000
2018-03-17 23:20:20,0.07017800,0.11400000
2018-03-17 23:20:20,0.07024600,0.35900000
2018-03-17 23:20:20,0.07024700,0.36200000
2018-03-17 23:20:20,0.07024700,0.02300000
2018-03-17 23:20:21,0.07024700,0.20000000
2018-03-17 23:20:22,0.07024700,0.03900000
2018-03-17 23:20:24,0.07024700,0.25400000
2018-03-17 23:20:24,0.07017800,0.02700000
2018-03-17 23:20:29,0.07024600,0.88600000
2018-03-17 23:20:29,0.07024600,0.93200000
2018-03-17 23:20:29,0.07025800,0.39900000
2018-03-17 23:20:32,0.07025800,0.18700000
2018-03-17 23:20:33,0.07017900,0.17900000
2018-03-17 23:20:34,0.07018000,0.77300000
2018-03-17 23:20:34,0.07017900,0.36800000
2018-03-17 23:20:34,0.07025600,0.02400000
2018-03-17 23:20:38,0.07025600,0.07500000
2018-03-17 23:20:39,0.07018000,0.35500000
2018-03-17 23:20:39,0.07018000,0.02300000
2018-03-17 23:20:40,0.07025600,0.09000000
2018-03-17 23:20:40,0.07018100,0.09800000
2018-03-17 23:20:45,0.07017700,0.09200000
2018-03-17 23:20:45,0.07025500,0.00200000
2018-03-17 23:20:48,0.07017700,0.00100000
2018-03-17 23:20:48,0.07017500,0.09600000
2018-03-17 23:20:48,0.07017500,0.24600000
2018-03-17 23:20:49,0.07025400,0.14700000
2018-03-17 23:20:50,0.07018000,0.20000000
2018-03-17 23:20:50,0.07017600,0.09400000
2018-03-17 23:20:51,0.07025300,0.02800000
2018-03-17 23:20:51,0.07025300,0.02300000
2018-03-17 23:20:52,0.07025300,0.03700000
2018-03-17 23:20:52,0.07017600,0.05000000
2018-03-17 23:20:52,0.07025300,0.00800000
2018-03-17 23:20:52,0.07025400,0.00100000
2018-03-17 23:20:52,0.07025500,0.53100000
2018-03-17 23:20:54,0.07017700,0.14000000
2018-03-17 23:20:58,0.07017800,0.45600000
2018-03-17 23:20:59,0.07025300,0.09900000
2018-03-17 23:20:59,0.07017600,0.09400000
2018-03-17 23:21:01,0.07017600,0.00700000
2018-03-17 23:21:01,0.07017500,0.00100000
2018-03-17 23:21:01,0.07015200,1.00400000
2018-03-17 23:21:01,0.07015100,1.17700000
2018-03-17 23:21:02,0.07025000,0.02200000
2018-03-17 23:21:02,0.07025000,0.01700000
2018-03-17 23:21:02,0.07025000,0.04500000
2018-03-17 23:21:02,0.07025000,0.60900000
2018-03-17 23:21:02,0.07015500,1.42500000
2018-03-17 23:21:02,0.07015600,0.65700000
2018-03-17 23:21:03,0.07024800,0.18000000
2018-03-17 23:21:03,0.07024700,0.03200000
2018-03-17 23:21:04,0.07015700,0.01600000
2018-03-17 23:21:04,0.07024600,0.18400000
2018-03-17 23:21:04,0.07024600,1.09600000
2018-03-17 23:21:04,0.07024600,0.17300000
2018-03-17 23:21:04,0.07024800,0.09100000
2018-03-17 23:21:04,0.07024900,0.62300000
2018-03-17 23:21:05,0.07015800,0.29100000
2018-03-17 23:21:05,0.07016000,0.94300000
2018-03-17 23:21:06,0.07016000,0.36000000
2018-03-17 23:21:06,0.07024400,0.05700000
2018-03-17 23:21:10,0.07016500,0.36100000
2018-03-17 23:21:11,0.07024200,0.19200000
2018-03-17 23:21:12,0.07016400,0.09000000
2018-03-17 23:21:13,0.07016400,0.00100000
2018-03-17 23:21:13,0.07015100,0.04800000
2018-03-17 23:21:17,0.07015600,0.03900000
2018-03-17 23:21:17,0.07023400,0.36200000
2018-03-17 23:21:19,0.07023500,0.03300000
2018-03-17 23:21:20,0.07023400,0.04100000
2018-03-17 23:21:20,0.07015900,0.36100000
2018-03-17 23:21:21,0.07015800,0.06500000
2018-03-17 23:21:21,0.07023400,0.17900000
2018-03-17 23:21:22,0.07023300,0.16200000
2018-03-17 23:21:22,0.07015300,0.18000000
2018-03-17 23:21:23,0.07015600,0.09000000
2018-03-17 23:21:24,0.07019200,0.40100000
2018-03-17 23:21:24,0.07015400,0.04100000
2018-03-17 23:21:24,0.07015300,0.31100000
2018-03-17 23:21:24,0.07015300,0.20300000
2018-03-17 23:21:24,0.07023200,0.89800000
2018-03-17 23:21:27,0.07023100,0.04800000
2018-03-17 23:21:27,0.07023100,0.13100000
2018-03-17 23:21:27,0.07023200,0.04900000
2018-03-17 23:21:27,0.07023900,0.74600000
2018-03-17 23:21:27,0.07024100,0.64200000
2018-03-17 23:21:31,0.07023000,0.70900000
2018-03-17 23:21:31,0.07015200,0.04900000
2018-03-17 23:21:32,0.07023000,0.10900000
2018-03-17 23:21:32,0.07023000,0.18000000
2018-03-17 23:21:36,0.07015400,0.00200000
2018-03-17 23:21:37,0.07019200,2.68100000
2018-03-17 23:21:37,0.07015400,0.79900000
2018-03-17 23:21:37,0.07015400,0.94200000
2018-03-17 23:21:37,0.07015400,0.00100000
2018-03-17 23:21:39,0.07022900,0.64700000
2018-03-17 23:21:39,0.07023000,0.28600000
2018-03-17 23:21:39,0.07023000,0.22500000
2018-03-17 23:21:39,0.07024100,0.33800000
2018-03-17 23:21:44,0.07015900,1.19100000
2018-03-17 23:21:44,0.07015800,0.42600000
2018-03-17 23:21:44,0.07015700,0.33800000
2018-03-17 23:21:44,0.07015600,0.13200000
2018-03-17 23:21:44,0.07016000,0.57000000
2018-03-17 23:21:45,0.07023700,0.51900000
2018-03-17 23:21:45,0.07024000,0.07400000
2018-03-17 23:21:45,0.07016000,0.03900000
2018-03-17 23:21:45,0.07024100,0.59300000
2018-03-17 23:21:45,0.07020000,2.27600000
2018-03-17 23:21:45,0.07016000,0.83600000
2018-03-17 23:21:48,0.07016200,0.06700000
2018-03-17 23:21:50,0.07016200,0.16900000
2018-03-17 23:21:50,0.07016100,0.10300000
2018-03-17 23:21:52,0.07019900,0.31400000
2018-03-17 23:21:52,0.07016200,0.69700000
2018-03-17 23:21:52,0.07016200,0.18800000
2018-03-17 23:21:57,0.07015600,0.04300000
2018-03-17 23:21:57,0.07015700,0.02800000
2018-03-17 23:21:58,0.07015700,0.07000000
2018-03-17 23:21:58,0.07015700,0.02800000
2018-03-17 23:21:59,0.07023500,0.04100000
2018-03-17 23:22:02,0.07023500,0.00800000
2018-03-17 23:22:02,0.07023600,0.04000000
2018-03-17 23:22:02,0.07015800,0.08500000
2018-03-17 23:22:02,0.07023600,0.24200000
2018-03-17 23:22:03,0.07023500,0.14200000
2018-03-17 23:22:03,0.07023500,0.02900000
2018-03-17 23:22:03,0.07023500,0.14200000
2018-03-17 23:22:03,0.07023500,0.01500000
2018-03-17 23:22:03,0.07023500,0.09400000
2018-03-17 23:22:03,0.07023500,0.14200000
2018-03-17 23:22:03,0.07023500,0.15700000
2018-03-17 23:22:03,0.07023500,0.08600000
2018-03-17 23:22:03,0.07023600,0.07100000
2018-03-17 23:22:03,0.07023500,0.59200000
2018-03-17 23:22:03,0.07023500,0.03800000
2018-03-17 23:22:03,0.07023500,0.24600000
2018-03-17 23:22:03,0.07023500,0.05000000
2018-03-17 23:22:03,0.07023500,0.92300000
2018-03-17 23:22:03,0.07023600,0.13000000
2018-03-17 23:22:03,0.07023500,0.09000000
2018-03-17 23:22:04,0.07023500,0.06300000
2018-03-17 23:22:04,0.07023500,0.22000000
2018-03-17 23:22:04,0.07023500,0.30600000
2018-03-17 23:22:04,0.07023500,0.07300000
2018-03-17 23:22:04,0.07023500,0.25900000
2018-03-17 23:22:04,0.07023500,0.14200000
2018-03-17 23:22:04,0.07023500,0.14200000
2018-03-17 23:22:04,0.07023500,0.01600000
2018-03-17 23:22:04,0.07023500,1.31400000
2018-03-17 23:22:04,0.07023500,0.14200000
2018-03-17 23:22:04,0.07023500,0.71200000
2018-03-17 23:22:04,0.07023500,0.05300000
2018-03-17 23:22:04,0.07023500,0.93100000
2018-03-17 23:22:04,0.07015900,0.18000000
2018-03-17 23:22:05,0.07023400,1.51500000
2018-03-17 23:22:05,0.07023400,0.10400000
2018-03-17 23:22:09,0.07015700,0.26900000
2018-03-17 23:22:10,0.07023200,0.26800000
2018-03-17 23:22:10,0.07015800,0.05600000
2018-03-17 23:22:11,0.07015800,0.28600000
2018-03-17 23:22:12,0.07019500,1.19700000
2018-03-17 23:22:12,0.07015800,0.15600000
2018-03-17 23:22:12,0.07015200,0.15500000
2018-03-17 23:22:13,0.07015300,0.23400000
2018-03-17 23:22:13,0.07015300,0.35200000
2018-03-17 23:22:13,0.07023100,0.06200000
2018-03-17 23:22:14,0.07015400,0.18500000
2018-03-17 23:22:16,0.07015300,0.31400000
2018-03-17 23:22:16,0.07023100,0.01500000
2018-03-17 23:22:17,0.07015400,0.39200000
2018-03-17 23:22:17,0.07015300,0.18800000
2018-03-17 23:22:18,0.07015100,1.42500000
2018-03-17 23:22:18,0.07015100,0.20100000
2018-03-17 23:22:20,0.07022700,0.02400000
2018-03-17 23:22:24,0.07015000,1.25000000
2018-03-17 23:22:24,0.07014300,0.39500000
2018-03-17 23:22:24,0.07013700,0.05200000
2018-03-17 23:22:24,0.07013000,0.23600000
2018-03-17 23:22:24,0.07012700,0.05700000
2018-03-17 23:22:25,0.07022600,0.04700000
2018-03-17 23:22:25,0.07022500,1.66500000
2018-03-17 23:22:25,0.07022500,0.87100000
2018-03-17 23:22:28,0.07013800,0.82900000
2018-03-17 23:22:28,0.07014000,0.21600000
2018-03-17 23:22:29,0.07014000,1.42500000
2018-03-17 23:22:29,0.07022000,0.15000000
2018-03-17 23:22:29,0.07022000,0.00300000
2018-03-17 23:22:29,0.07022100,0.12300000
2018-03-17 23:22:29,0.07022000,0.12600000
2018-03-17 23:22:29,0.07014000,0.12400000
2018-03-17 23:22:29,0.07014000,0.64400000
2018-03-17 23:22:29,0.07014000,1.20000000
2018-03-17 23:22:29,0.07013900,0.27100000
2018-03-17 23:22:30,0.07013500,0.04900000
2018-03-17 23:22:30,0.07013400,0.15600000
2018-03-17 23:22:30,0.07013500,0.14000000
2018-03-17 23:22:30,0.07013500,0.07800000
2018-03-17 23:22:31,0.07013500,0.02400000
2018-03-17 23:22:31,0.07013500,0.34600000
2018-03-17 23:22:31,0.07013500,0.23500000
2018-03-17 23:22:31,0.07013500,0.43500000
2018-03-17 23:22:31,0.07013500,0.30100000
2018-03-17 23:22:32,0.07013500,0.42600000
2018-03-17 23:22:32,0.07013500,0.01600000
2018-03-17 23:22:32,0.07013500,0.02900000
2018-03-17 23:22:32,0.07013500,0.00100000
2018-03-17 23:22:32,0.07022000,0.02400000
2018-03-17 23:22:32,0.07022000,0.02600000
2018-03-17 23:22:39,0.07013900,0.20600000
2018-03-17 23:22:39,0.07013800,0.01400000
2018-03-17 23:22:39,0.07013800,0.20600000
2018-03-17 23:22:39,0.07017800,4.85500000
2018-03-17 23:22:39,0.07013800,5.74600000
2018-03-17 23:22:39,0.07013800,1.90900000
2018-03-17 23:22:39,0.07013800,0.22000000
2018-03-17 23:22:39,0.07021900,0.12500000
2018-03-17 23:22:44,0.07013500,0.54400000
2018-03-17 23:22:46,0.07013400,0.03400000
2018-03-17 23:22:47,0.07012700,0.20800000
2018-03-17 23:22:47,0.07021300,0.15600000
2018-03-17 23:22:47,0.07021400,0.15400000
2018-03-17 23:22:47,0.07021400,0.11400000
2018-03-17 23:22:47,0.07012800,0.07200000
2018-03-17 23:22:47,0.07021300,0.07300000
2018-03-17 23:22:48,0.07012900,0.15500000
2018-03-17 23:22:49,0.07012800,0.27200000
2018-03-17 23:22:51,0.07020700,0.14600000
2018-03-17 23:22:51,0.07020700,0.00900000
2018-03-17 23:22:51,0.07020900,0.13600000
2018-03-17 23:22:53,0.07013000,0.15600000
2018-03-17 23:22:53,0.07012900,0.07100000
2018-03-17 23:22:53,0.07012600,0.14400000
2018-03-17 23:22:53,0.07012300,0.93200000
2018-03-17 23:22:53,0.07012200,0.12600000
2018-03-17 23:22:53,0.07021100,0.11200000
2018-03-17 23:22:55,0.07020400,0.07900000
2018-03-17 23:22:55,0.07020400,0.06600000
2018-03-17 23:22:58,0.07020000,0.21600000
2018-03-17 23:22:58,0.07020300,0.00400000
2018-03-17 23:22:58,0.07016800,18.04400000
2018-03-17 23:22:58,0.07013300,8.80400000
2018-03-17 23:22:58,0.07013300,7.33600000
2018-03-17 23:23:02,0.07013300,0.08900000
2018-03-17 23:23:02,0.07013300,0.27200000
2018-03-17 23:23:03,0.07020200,0.15600000
2018-03-17 23:23:03,0.07020900,0.41800000
2018-03-17 23:23:03,0.07021100,0.37900000
2018-03-17 23:23:03,0.07021300,0.29100000
2018-03-17 23:23:03,0.07021400,0.18000000
2018-03-17 23:23:03,0.07021400,0.01500000
2018-03-17 23:23:03,0.07012200,0.14300000
2018-03-17 23:23:04,0.07013300,0.01500000
2018-03-17 23:23:05,0.07012600,3.29300000
2018-03-17 23:23:05,0.07012500,1.83700000
2018-03-17 23:23:05,0.07012400,1.08400000
2018-03-17 23:23:05,0.07012500,0.05100000
2018-03-17 23:23:07,0.07012500,0.00100000
2018-03-17 23:23:07,0.07012200,1.35500000
2018-03-17 23:23:07,0.07011800,0.74000000
2018-03-17 23:23:07,0.07013300,0.21300000
2018-03-17 23:23:08,0.07011800,0.44900000
2018-03-17 23:23:09,0.07012000,0.40000000
2018-03-17 23:23:09,0.07019900,0.65300000
2018-03-17 23:23:09,0.07011800,0.72800000
2018-03-17 23:23:09,0.07011800,0.72900000
2018-03-17 23:23:10,0.07011900,0.15600000
2018-03-17 23:23:10,0.07011800,0.23800000
2018-03-17 23:23:10,0.07011800,0.15500000
2018-03-17 23:23:11,0.07012000,0.42400000
2018-03-17 23:23:11,0.07019500,0.00200000
2018-03-17 23:23:13,0.07011800,0.29500000
2018-03-17 23:23:16,0.07011900,1.42500000
2018-03-17 23:23:16,0.07011900,6.70800000
2018-03-17 23:23:17,0.07011900,0.09000000
2018-03-17 23:23:17,0.07011900,0.03500000
2018-03-17 23:23:17,0.07011900,0.26800000
2018-03-17 23:23:17,0.07011900,4.82500000
2018-03-17 23:23:18,0.07018800,0.01500000
2018-03-17 23:23:19,0.07018800,0.02800000
2018-03-17 23:23:21,0.07018800,0.15200000
2018-03-17 23:23:22,0.07011800,0.00100000
2018-03-17 23:23:22,0.07011500,0.05600000
2018-03-17 23:23:22,0.07011400,0.34300000
2018-03-17 23:23:23,0.07011400,0.08200000
2018-03-17 23:23:23,0.07010800,0.08100000
2018-03-17 23:23:23,0.07010800,0.34600000
2018-03-17 23:23:23,0.07010800,0.00100000
2018-03-17 23:23:23,0.07010500,0.05600000
2018-03-17 23:23:23,0.07010200,0.28900000
2018-03-17 23:23:24,0.07010300,0.14100000
2018-03-17 23:23:24,0.07010300,0.05900000
2018-03-17 23:23:24,0.07010200,0.14000000
2018-03-17 23:23:24,0.07010200,0.37100000
2018-03-17 23:23:25,0.07010200,0.12100000
2018-03-17 23:23:26,0.07018800,0.07500000
2018-03-17 23:23:27,0.07018500,0.15200000
2018-03-17 23:23:27,0.07018500,0.07000000
2018-03-17 23:23:28,0.07018400,0.08600000
2018-03-17 23:23:29,0.07010200,0.84900000
2018-03-17 23:23:32,0.07018200,0.06800000
2018-03-17 23:23:32,0.07018200,0.21000000
2018-03-17 23:23:32,0.07018100,0.02600000
2018-03-17 23:23:33,0.07010200,0.02000000
2018-03-17 23:23:33,0.07018100,0.05000000
2018-03-17 23:23:33,0.07018100,0.03700000
2018-03-17 23:23:33,0.07018100,0.06400000
2018-03-17 23:23:33,0.07018100,0.06500000
2018-03-17 23:23:34,0.07010300,0.23500000
2018-03-17 23:23:34,0.07010400,0.18900000
2018-03-17 23:23:34,0.07010300,0.00100000
2018-03-17 23:23:34,0.07010200,0.27900000
2018-03-17 23:23:35,0.07018100,0.91200000
2018-03-17 23:23:35,0.07010200,1.30600000
2018-03-17 23:23:36,0.07017900,0.23400000
2018-03-17 23:23:37,0.07010300,0.08600000
2018-03-17 23:23:37,0.07016800,0.13400000
2018-03-17 23:23:38,0.07010300,0.03500000
2018-03-17 23:23:38,0.07010300,0.12900000
2018-03-17 23:23:38,0.07010200,1.30600000
2018-03-17 23:23:39,0.07010200,3.44900000
2018-03-17 23:23:39,0.07016800,0.01500000
