DATE,PRICE,VOLUME
2018-03-20 02:00:00,0.06443000,1.41300000
2018-03-20 02:00:00,0.06443000,1.37200000
2018-03-20 02:00:01,0.06442900,0.04600000
2018-03-20 02:00:01,0.06443000,0.05800000
2018-03-20 02:00:01,0.06443000,0.05700000
2018-03-20 02:00:02,0.06443000,0.35600000
2018-03-20 02:00:02,0.06441500,0.00400000
2018-03-20 02:00:02,0.06441500,0.17900000
2018-03-20 02:00:03,0.06443000,0.00100000
2018-03-20 02:00:03,0.06443300,1.41200000
2018-03-20 02:00:03,0.06443300,0.72100000
2018-03-20 02:00:04,0.06443200,0.03000000
2018-03-20 02:00:04,0.06443200,0.34900000
2018-03-20 02:00:05,0.06443000,0.01600000
2018-03-20 02:00:05,0.06443000,0.00100000
2018-03-20 02:00:05,0.06443200,0.59100000
2018-03-20 02:00:06,0.06443200,0.63100000
2018-03-20 02:00:06,0.06443200,0.97200000
2018-03-20 02:00:06,0.06441500,0.49900000
2018-03-20 02:00:06,0.06443200,0.05200000
2018-03-20 02:00:06,0.06443200,0.02600000
2018-03-20 02:00:06,0.06441500,0.06100000
2018-03-20 02:00:07,0.06441500,0.28200000
2018-03-20 02:00:07,0.06443200,0.09600000
2018-03-20 02:00:07,0.06443200,0.51000000
2018-03-20 02:00:07,0.06443300,0.49000000
2018-03-20 02:00:08,0.06441600,0.63500000
2018-03-20 02:00:08,0.06441600,0.54000000
2018-03-20 02:00:08,0.06441600,0.32400000
2018-03-20 02:00:09,0.06441600,0.22100000
2018-03-20 02:00:09,0.06441600,0.15800000
2018-03-20 02:00:09,0.06441600,13.85300000
2018-03-20 02:00:09,0.06441500,2.48500000
2018-03-20 02:00:10,0.06443300,16.69100000
2018-03-20 02:00:10,0.06441500,5.39500000
2018-03-20 02:00:10,0.06441100,0.22300000
2018-03-20 02:00:10,0.06440000,1.30800000
2018-03-20 02:00:10,0.06444700,0.40000000
2018-03-20 02:00:10,0.06444700,0.05900000
2018-03-20 02:00:10,0.06446000,0.34100000
2018-03-20 02:00:11,0.06440000,0.04200000
2018-03-20 02:00:12,0.06440000,0.04900000
2018-03-20 02:00:15,0.06440000,0.04600000
2018-03-20 02:00:16,0.06445500,0.06200000
2018-03-20 02:00:16,0.06445500,0.39700000
2018-03-20 02:00:16,0.06445600,1.45900000
2018-03-20 02:00:16,0.06445600,1.28300000
2018-03-20 02:00:16,0.06445600,0.03000000
2018-03-20 02:00:17,0.06445600,6.98700000
2018-03-20 02:00:17,0.06445600,1.55000000
2018-03-20 02:00:17,0.06445600,1.44900000
2018-03-20 02:00:17,0.06445700,0.23400000
2018-03-20 02:00:17,0.06445600,0.08200000
2018-03-20 02:00:17,0.06445600,0.15600000
2018-03-20 02:00:17,0.06445600,5.99600000
2018-03-20 02:00:17,0.06445600,0.08100000
2018-03-20 02:00:17,0.06445600,0.30000000
2018-03-20 02:00:17,0.06445600,3.35500000
2018-03-20 02:00:17,0.06445600,0.27600000
2018-03-20 02:00:17,0.06445600,2.03400000
2018-03-20 02:00:17,0.06445600,0.13500000
2018-03-20 02:00:17,0.06445600,0.07300000
2018-03-20 02:00:18,0.06445800,0.01600000
2018-03-20 02:00:18,0.06445600,0.75600000
2018-03-20 02:00:18,0.06445600,0.10000000
2018-03-20 02:00:18,0.06445800,0.09900000
2018-03-20 02:00:18,0.06445600,0.13500000
2018-03-20 02:00:19,0.06445800,0.11800000
2018-03-20 02:00:19,0.06445800,0.14100000
2018-03-20 02:00:19,0.06445800,0.40000000
2018-03-20 02:00:19,0.06446000,0.40000000
2018-03-20 02:00:20,0.06445600,0.02800000
2018-03-20 02:00:20,0.06445600,2.33800000
2018-03-20 02:00:20,0.06440000,0.00100000
2018-03-20 02:00:20,0.06439300,3.68700000
2018-03-20 02:00:20,0.06446000,0.11000000
2018-03-20 02:00:21,0.06445700,0.29400000
2018-03-20 02:00:21,0.06445700,0.30000000
2018-03-20 02:00:22,0.06445700,0.48600000
2018-03-20 02:00:23,0.06445700,0.12800000
2018-03-20 02:00:23,0.06445700,1.10500000
2018-03-20 02:00:25,0.06445500,0.08200000
2018-03-20 02:00:25,0.06439100,0.09900000
2018-03-20 02:00:26,0.06444100,0.02700000
2018-03-20 02:00:27,0.06445000,1.18300000
2018-03-20 02:00:27,0.06445000,0.94700000
2018-03-20 02:00:27,0.06445000,0.33700000
2018-03-20 02:00:27,0.06445500,0.15300000
2018-03-20 02:00:28,0.06445000,0.08100000
2018-03-20 02:00:28,0.06445600,0.89800000
2018-03-20 02:00:28,0.06445800,0.36700000
2018-03-20 02:00:28,0.06445800,0.08700000
2018-03-20 02:00:28,0.06446900,0.27900000
2018-03-20 02:00:28,0.06445600,0.10200000
2018-03-20 02:00:29,0.06445000,0.06700000
2018-03-20 02:00:29,0.06445500,0.01600000
2018-03-20 02:00:29,0.06445000,0.14600000
2018-03-20 02:00:29,0.06445000,0.16400000
2018-03-20 02:00:30,0.06445000,0.44200000
2018-03-20 02:00:31,0.06445000,0.02600000
2018-03-20 02:00:31,0.06445200,3.71600000
2018-03-20 02:00:31,0.06445300,1.91500000
2018-03-20 02:00:32,0.06445000,0.02900000
2018-03-20 02:00:32,0.06445000,0.07500000
2018-03-20 02:00:32,0.06445000,0.18300000
2018-03-20 02:00:32,0.06445000,0.46600000
2018-03-20 02:00:34,0.06445100,0.06400000
2018-03-20 02:00:34,0.06445500,0.06100000
2018-03-20 02:00:35,0.06445200,0.15100000
2018-03-20 02:00:35,0.06445200,0.78500000
2018-03-20 02:00:35,0.06445000,0.12400000
2018-03-20 02:00:35,0.06445300,0.02600000
2018-03-20 02:00:35,0.06445000,0.02100000
2018-03-20 02:00:35,0.06445000,0.21900000
2018-03-20 02:00:35,0.06445000,0.64200000
2018-03-20 02:00:35,0.06445000,0.25100000
2018-03-20 02:00:36,0.06445000,0.15200000
2018-03-20 02:00:36,0.06445200,0.57400000
2018-03-20 02:00:37,0.06445000,0.33900000
2018-03-20 02:00:37,0.06445000,0.15500000
2018-03-20 02:00:37,0.06445100,0.04900000
2018-03-20 02:00:37,0.06445100,0.15000000
2018-03-20 02:00:38,0.06445000,3.92300000
2018-03-20 02:00:42,0.06445300,0.00100000
2018-03-20 02:00:42,0.06445300,0.32900000
2018-03-20 02:00:45,0.06445100,22.03000000
2018-03-20 02:00:45,0.06445100,0.02300000
2018-03-20 02:00:45,0.06445000,0.00100000
2018-03-20 02:00:48,0.06444900,0.03900000
2018-03-20 02:00:50,0.06439100,0.11500000
2018-03-20 02:00:51,0.06445300,0.28100000
2018-03-20 02:00:51,0.06439100,0.17000000
2018-03-20 02:00:51,0.06439100,0.52900000
2018-03-20 02:00:51,0.06445300,0.06000000
2018-03-20 02:00:51,0.06445300,0.02400000
2018-03-20 02:00:51,0.06445300,0.03600000
2018-03-20 02:00:55,0.06445300,0.24200000
2018-03-20 02:00:55,0.06445300,0.15400000
2018-03-20 02:00:56,0.06445100,0.03100000
2018-03-20 02:00:56,0.06445100,0.00100000
2018-03-20 02:00:56,0.06440000,0.03000000
2018-03-20 02:00:56,0.06440000,0.03100000
2018-03-20 02:00:57,0.06445300,0.02500000
2018-03-20 02:00:57,0.06445200,0.33400000
2018-03-20 02:00:58,0.06445200,0.06100000
2018-03-20 02:00:58,0.06445200,0.06100000
2018-03-20 02:00:58,0.06440000,2.32900000
2018-03-20 02:00:59,0.06440000,0.10400000
2018-03-20 02:00:59,0.06440000,1.55500000
2018-03-20 02:00:59,0.06442600,15.11700000
2018-03-20 02:00:59,0.06445200,3.41900000
2018-03-20 02:00:59,0.06445200,7.10300000
2018-03-20 02:00:59,0.06445200,0.45600000
2018-03-20 02:00:59,0.06440000,0.56200000
2018-03-20 02:01:00,0.06440000,0.07300000
2018-03-20 02:01:00,0.06440000,1.18000000
2018-03-20 02:01:01,0.06440000,0.14300000
2018-03-20 02:01:02,0.06440000,0.17200000
2018-03-20 02:01:02,0.06440000,0.09400000
2018-03-20 02:01:02,0.06440000,0.45500000
2018-03-20 02:01:02,0.06440000,0.27000000
2018-03-20 02:01:02,0.06445300,1.54900000
2018-03-20 02:01:02,0.06445300,1.61400000
2018-03-20 02:01:02,0.06440000,0.01700000
2018-03-20 02:01:02,0.06440000,0.29100000
2018-03-20 02:01:03,0.06440000,1.08900000
2018-03-20 02:01:03,0.06445300,0.91500000
2018-03-20 02:01:03,0.06445500,0.12800000
2018-03-20 02:01:03,0.06440000,2.63800000
2018-03-20 02:01:03,0.06440000,0.25100000
2018-03-20 02:01:03,0.06439200,0.02800000
2018-03-20 02:01:03,0.06439200,0.59700000
2018-03-20 02:01:03,0.06439100,0.18700000
2018-03-20 02:01:03,0.06439000,0.42000000
2018-03-20 02:01:03,0.06438500,0.96900000
2018-03-20 02:01:04,0.06438600,0.34900000
2018-03-20 02:01:04,0.06440000,0.20500000
2018-03-20 02:01:04,0.06440000,0.31200000
2018-03-20 02:01:04,0.06440000,0.04300000
2018-03-20 02:01:04,0.06440000,1.55100000
2018-03-20 02:01:04,0.06440000,0.11500000
2018-03-20 02:01:04,0.06440000,0.01200000
2018-03-20 02:01:04,0.06445500,0.15300000
2018-03-20 02:01:04,0.06446300,0.59900000
2018-03-20 02:01:04,0.06446300,0.14600000
2018-03-20 02:01:04,0.06446900,0.78700000
2018-03-20 02:01:04,0.06446900,1.55100000
2018-03-20 02:01:04,0.06446900,0.02200000
2018-03-20 02:01:04,0.06438600,0.33000000
2018-03-20 02:01:04,0.06446900,0.12600000
2018-03-20 02:01:04,0.06438600,0.25100000
2018-03-20 02:01:04,0.06438500,1.25800000
2018-03-20 02:01:04,0.06438500,1.50900000
2018-03-20 02:01:04,0.06438500,0.23000000
2018-03-20 02:01:05,0.06440000,0.01600000
2018-03-20 02:01:05,0.06440000,0.00100000
2018-03-20 02:01:05,0.06446900,0.01500000
2018-03-20 02:01:05,0.06446900,0.01600000
2018-03-20 02:01:05,0.06446800,0.01500000
2018-03-20 02:01:05,0.06438900,0.11600000
2018-03-20 02:01:07,0.06439000,0.14900000
2018-03-20 02:01:08,0.06439000,0.02800000
2018-03-20 02:01:08,0.06439000,0.03200000
2018-03-20 02:01:08,0.06441000,2.17300000
2018-03-20 02:01:09,0.06441000,7.82700000
2018-03-20 02:01:09,0.06438700,0.13000000
2018-03-20 02:01:09,0.06441000,0.60200000
2018-03-20 02:01:09,0.06441000,0.10100000
2018-03-20 02:01:09,0.06441000,0.82500000
2018-03-20 02:01:09,0.06441000,0.08800000
2018-03-20 02:01:09,0.06440900,0.61200000
2018-03-20 02:01:09,0.06441000,8.30300000
2018-03-20 02:01:09,0.06446000,0.08900000
2018-03-20 02:01:09,0.06446000,0.09000000
2018-03-20 02:01:10,0.06438700,0.07400000
2018-03-20 02:01:10,0.06438700,0.31500000
2018-03-20 02:01:10,0.06438700,0.02600000
2018-03-20 02:01:13,0.06438700,0.29400000
2018-03-20 02:01:13,0.06438700,0.22000000
2018-03-20 02:01:13,0.06445800,0.17400000
2018-03-20 02:01:14,0.06445800,0.07800000
2018-03-20 02:01:14,0.06439000,0.17900000
2018-03-20 02:01:14,0.06445800,0.09200000
2018-03-20 02:01:14,0.06445900,0.02200000
2018-03-20 02:01:15,0.06445900,0.15400000
2018-03-20 02:01:15,0.06438700,0.02100000
2018-03-20 02:01:17,0.06440000,0.04100000
2018-03-20 02:01:17,0.06440000,0.00100000
2018-03-20 02:01:17,0.06445900,0.04000000
2018-03-20 02:01:17,0.06445900,0.04100000
2018-03-20 02:01:17,0.06438700,0.17900000
2018-03-20 02:01:17,0.06438700,0.22900000
2018-03-20 02:01:17,0.06438500,0.17800000
2018-03-20 02:01:17,0.06438800,0.15300000
2018-03-20 02:01:17,0.06445800,0.02100000
2018-03-20 02:01:17,0.06445900,0.51300000
2018-03-20 02:01:18,0.06446000,0.06600000
2018-03-20 02:01:18,0.06438900,0.25500000
2018-03-20 02:01:19,0.06445800,1.49900000
2018-03-20 02:01:19,0.06445900,7.60000000
2018-03-20 02:01:19,0.06446000,1.02200000
2018-03-20 02:01:20,0.06446400,0.74500000
2018-03-20 02:01:20,0.06446800,0.24100000
2018-03-20 02:01:20,0.06446900,0.31100000
2018-03-20 02:01:20,0.06446900,0.62000000
2018-03-20 02:01:20,0.06446900,0.06800000
2018-03-20 02:01:20,0.06439000,0.01600000
2018-03-20 02:01:20,0.06439000,5.88600000
2018-03-20 02:01:20,0.06445900,0.04600000
2018-03-20 02:01:20,0.06446800,0.25500000
2018-03-20 02:01:20,0.06446900,0.09900000
2018-03-20 02:01:20,0.06439000,0.51000000
2018-03-20 02:01:20,0.06438900,0.32000000
2018-03-20 02:01:20,0.06438500,0.85600000
2018-03-20 02:01:20,0.06438400,1.85600000
2018-03-20 02:01:21,0.06439200,1.69900000
2018-03-20 02:01:22,0.06445900,0.52400000
2018-03-20 02:01:22,0.06439200,2.82400000
2018-03-20 02:01:22,0.06445800,0.21600000
2018-03-20 02:01:22,0.06445800,0.07900000
2018-03-20 02:01:23,0.06439200,0.35900000
2018-03-20 02:01:23,0.06445800,0.26100000
2018-03-20 02:01:23,0.06439200,0.51300000
2018-03-20 02:01:23,0.06439200,1.40700000
2018-03-20 02:01:24,0.06445800,0.40000000
2018-03-20 02:01:24,0.06445800,2.03900000
2018-03-20 02:01:24,0.06445800,0.03000000
2018-03-20 02:01:24,0.06445800,0.92600000
2018-03-20 02:01:24,0.06439200,0.00100000
2018-03-20 02:01:24,0.06439000,0.02800000
2018-03-20 02:01:24,0.06439000,0.95700000
2018-03-20 02:01:24,0.06446000,0.17900000
2018-03-20 02:01:24,0.06439000,0.34000000
2018-03-20 02:01:26,0.06439200,0.16600000
2018-03-20 02:01:29,0.06439000,0.20200000
2018-03-20 02:01:31,0.06445700,0.15500000
2018-03-20 02:01:31,0.06439000,0.77800000
2018-03-20 02:01:33,0.06445700,0.15500000
2018-03-20 02:01:34,0.06439200,0.64400000
2018-03-20 02:01:34,0.06445700,1.00000000
2018-03-20 02:01:35,0.06445700,1.95500000
2018-03-20 02:01:36,0.06446100,0.05000000
2018-03-20 02:01:36,0.06446200,0.08400000
2018-03-20 02:01:38,0.06446200,0.94900000
2018-03-20 02:01:38,0.06446600,0.74500000
2018-03-20 02:01:38,0.06446700,0.44600000
2018-03-20 02:01:38,0.06446800,1.66500000
2018-03-20 02:01:38,0.06446900,0.03400000
2018-03-20 02:01:38,0.06446900,0.55000000
2018-03-20 02:01:39,0.06446900,0.73700000
2018-03-20 02:01:39,0.06443300,5.00000000
2018-03-20 02:01:39,0.06447000,0.96900000
2018-03-20 02:01:39,0.06447000,2.97400000
2018-03-20 02:01:39,0.06447100,0.23000000
2018-03-20 02:01:39,0.06448400,2.28200000
2018-03-20 02:01:39,0.06449200,0.11000000
2018-03-20 02:01:39,0.06449200,0.89000000
2018-03-20 02:01:39,0.06447100,0.23000000
2018-03-20 02:01:39,0.06450000,7.85800000
2018-03-20 02:01:39,0.06447100,0.23000000
2018-03-20 02:01:39,0.06450000,0.10800000
2018-03-20 02:01:42,0.06446900,0.15500000
2018-03-20 02:01:44,0.06441400,0.48000000
2018-03-20 02:01:44,0.06441300,0.30400000
2018-03-20 02:01:44,0.06441200,0.02700000
2018-03-20 02:01:44,0.06439700,0.42800000
2018-03-20 02:01:44,0.06439600,0.45400000
2018-03-20 02:01:45,0.06441100,0.48000000
2018-03-20 02:01:45,0.06440000,0.18000000
2018-03-20 02:01:45,0.06439600,0.34000000
2018-03-20 02:01:46,0.06446900,0.24200000
2018-03-20 02:01:47,0.06446900,0.19900000
2018-03-20 02:01:48,0.06443100,0.16300000
2018-03-20 02:01:48,0.06446900,1.01000000
2018-03-20 02:01:49,0.06446800,2.79100000
2018-03-20 02:01:49,0.06446800,0.15500000
2018-03-20 02:01:50,0.06446800,0.14400000
2018-03-20 02:01:51,0.06443000,0.46000000
2018-03-20 02:01:52,0.06443000,0.33800000
2018-03-20 02:01:52,0.06446800,0.16700000
2018-03-20 02:01:52,0.06443000,1.55400000
2018-03-20 02:01:52,0.06443000,0.02600000
2018-03-20 02:01:52,0.06446900,0.00100000
2018-03-20 02:01:52,0.06447000,0.02200000
2018-03-20 02:01:53,0.06447000,0.15800000
2018-03-20 02:01:53,0.06447400,0.74400000
2018-03-20 02:01:55,0.06450000,8.31700000
2018-03-20 02:01:55,0.06450000,0.48600000
2018-03-20 02:01:56,0.06450000,1.06000000
2018-03-20 02:01:56,0.06450000,1.55000000
2018-03-20 02:01:56,0.06450000,0.38700000
2018-03-20 02:01:56,0.06450000,0.49800000
2018-03-20 02:01:56,0.06450000,2.04000000
2018-03-20 02:01:56,0.06450000,1.19100000
2018-03-20 02:01:56,0.06443100,0.70700000
2018-03-20 02:01:56,0.06443000,1.33700000
2018-03-20 02:01:56,0.06443000,0.14600000
2018-03-20 02:01:57,0.06450000,0.30800000
2018-03-20 02:01:57,0.06443100,0.30700000
2018-03-20 02:01:57,0.06443100,0.25400000
2018-03-20 02:01:57,0.06443100,0.29500000
2018-03-20 02:01:58,0.06446700,0.06600000
2018-03-20 02:01:58,0.06450300,0.19500000
2018-03-20 02:01:58,0.06443200,0.06500000
2018-03-20 02:01:58,0.06443200,0.91600000
2018-03-20 02:01:58,0.06443300,0.04600000
2018-03-20 02:02:00,0.06450200,0.01600000
2018-03-20 02:02:01,0.06443000,3.10200000
2018-03-20 02:02:01,0.06443200,0.31800000
2018-03-20 02:02:01,0.06443000,0.02800000
2018-03-20 02:02:01,0.06443000,0.41400000
2018-03-20 02:02:03,0.06450100,0.37900000
2018-03-20 02:02:03,0.06443100,1.02700000
2018-03-20 02:02:04,0.06443100,0.00100000
2018-03-20 02:02:04,0.06443000,2.71900000
2018-03-20 02:02:04,0.06443000,0.01700000
2018-03-20 02:02:05,0.06448200,0.03100000
2018-03-20 02:02:05,0.06448200,0.03100000
2018-03-20 02:02:06,0.06443300,0.06500000
2018-03-20 02:02:06,0.06448200,0.01600000
2018-03-20 02:02:07,0.06448200,0.03100000
2018-03-20 02:02:08,0.06448200,0.08100000
2018-03-20 02:02:08,0.06448200,0.10000000
2018-03-20 02:02:11,0.06443300,0.02800000
2018-03-20 02:02:11,0.06446900,0.04900000
2018-03-20 02:02:12,0.06443300,0.03700000
2018-03-20 02:02:14,0.06443300,0.23800000
2018-03-20 02:02:14,0.06443300,0.00100000
2018-03-20 02:02:14,0.06443000,0.06000000
2018-03-20 02:02:15,0.06446900,0.02300000
2018-03-20 02:02:15,0.06443000,0.01600000
2018-03-20 02:02:15,0.06443000,2.48600000
2018-03-20 02:02:16,0.06443000,4.96600000
2018-03-20 02:02:17,0.06443000,0.06200000
2018-03-20 02:02:19,0.06443000,8.40900000
2018-03-20 02:02:20,0.06441700,0.02300000
2018-03-20 02:02:20,0.06443000,0.00800000
2018-03-20 02:02:20,0.06446700,0.14600000
2018-03-20 02:02:21,0.06443000,0.58500000
2018-03-20 02:02:22,0.06440000,0.17900000
2018-03-20 02:02:22,0.06443000,0.13400000
2018-03-20 02:02:23,0.06440000,0.33000000
2018-03-20 02:02:23,0.06440000,0.20000000
2018-03-20 02:02:23,0.06440000,0.09900000
2018-03-20 02:02:23,0.06440000,0.10000000
2018-03-20 02:02:23,0.06440000,0.00100000
2018-03-20 02:02:23,0.06443000,0.09900000
2018-03-20 02:02:24,0.06443000,0.06300000
2018-03-20 02:02:24,0.06439700,0.20000000
2018-03-20 02:02:25,0.06439700,0.10000000
2018-03-20 02:02:25,0.06439700,0.10000000
2018-03-20 02:02:25,0.06439700,0.10000000
2018-03-20 02:02:25,0.06439600,0.41800000
2018-03-20 02:02:25,0.06443000,0.25000000
2018-03-20 02:02:26,0.06439700,0.02500000
2018-03-20 02:02:27,0.06440000,0.19000000
2018-03-20 02:02:27,0.06439600,0.97300000
2018-03-20 02:02:28,0.06439600,0.29600000
2018-03-20 02:02:28,0.06439600,0.83800000
2018-03-20 02:02:28,0.06445000,0.15600000
2018-03-20 02:02:29,0.06444900,0.37000000
2018-03-20 02:02:29,0.06444900,0.03400000
2018-03-20 02:02:29,0.06445000,0.03400000
2018-03-20 02:02:29,0.06445100,0.02700000
2018-03-20 02:02:29,0.06446100,0.27600000
2018-03-20 02:02:29,0.06446100,0.01600000
2018-03-20 02:02:30,0.06446700,0.25700000
2018-03-20 02:02:30,0.06446800,0.30400000
2018-03-20 02:02:30,0.06447300,0.48000000
2018-03-20 02:02:30,0.06448200,0.11500000
2018-03-20 02:02:32,0.06440200,6.59100000
2018-03-20 02:02:32,0.06440100,2.44500000
2018-03-20 02:02:32,0.06440100,0.14400000
2018-03-20 02:02:32,0.06440100,0.04900000
2018-03-20 02:02:33,0.06440100,1.55200000
2018-03-20 02:02:33,0.06440100,0.34300000
2018-03-20 02:02:33,0.06440200,0.18000000
2018-03-20 02:02:33,0.06440200,0.18700000
2018-03-20 02:02:34,0.06439600,0.00100000
2018-03-20 02:02:34,0.06439200,0.11700000
2018-03-20 02:02:35,0.06439100,0.20000000
2018-03-20 02:02:36,0.06439100,0.27700000
2018-03-20 02:02:36,0.06439100,0.92600000
2018-03-20 02:02:36,0.06439000,0.93500000
2018-03-20 02:02:36,0.06438500,1.41700000
2018-03-20 02:02:39,0.06438600,0.25700000
2018-03-20 02:02:39,0.06438500,1.53400000
2018-03-20 02:02:41,0.06438500,0.80600000
2018-03-20 02:02:41,0.06445000,0.17800000
2018-03-20 02:02:42,0.06444900,0.09000000
2018-03-20 02:02:43,0.06444900,0.09900000
2018-03-20 02:02:44,0.06444900,0.03500000
2018-03-20 02:02:44,0.06445000,0.01200000
2018-03-20 02:02:44,0.06445500,0.48000000
2018-03-20 02:02:44,0.06445600,0.24500000
2018-03-20 02:02:47,0.06445600,0.73600000
2018-03-20 02:02:47,0.06445800,0.03600000
2018-03-20 02:02:47,0.06439000,0.19000000
2018-03-20 02:02:47,0.06438500,1.28900000
2018-03-20 02:02:47,0.06438400,4.09400000
2018-03-20 02:02:47,0.06438400,5.74400000
2018-03-20 02:02:49,0.06438500,0.01600000
2018-03-20 02:02:51,0.06438600,0.03500000
2018-03-20 02:02:51,0.06445700,0.07700000
2018-03-20 02:02:54,0.06438600,0.03200000
2018-03-20 02:02:54,0.06438600,0.15300000
2018-03-20 02:02:54,0.06438600,2.07800000
2018-03-20 02:02:54,0.06445700,0.07700000
2018-03-20 02:02:55,0.06445700,0.10500000
2018-03-20 02:02:56,0.06445700,0.12200000
2018-03-20 02:02:56,0.06445700,0.23400000
2018-03-20 02:02:58,0.06445500,0.15400000
2018-03-20 02:02:59,0.06445000,0.19000000
2018-03-20 02:02:59,0.06445700,0.26400000
2018-03-20 02:02:59,0.06445800,0.22100000
2018-03-20 02:02:59,0.06445900,0.44600000
2018-03-20 02:02:59,0.06446400,0.26100000
2018-03-20 02:02:59,0.06446600,0.42900000
2018-03-20 02:02:59,0.06446600,0.18900000
2018-03-20 02:03:00,0.06446500,2.29200000
2018-03-20 02:03:02,0.06446400,0.64600000
2018-03-20 02:03:02,0.06446400,0.12900000
2018-03-20 02:03:03,0.06446300,1.66600000
2018-03-20 02:03:03,0.06446600,0.08400000
2018-03-20 02:03:03,0.06446700,0.18000000
2018-03-20 02:03:03,0.06446800,0.14000000
2018-03-20 02:03:03,0.06439400,0.48800000
2018-03-20 02:03:03,0.06439300,0.96700000
2018-03-20 02:03:03,0.06439200,0.67900000
2018-03-20 02:03:03,0.06439100,0.48400000
2018-03-20 02:03:03,0.06438600,5.71900000
2018-03-20 02:03:05,0.06446400,0.51400000
2018-03-20 02:03:06,0.06445500,0.02600000
2018-03-20 02:03:07,0.06439500,0.03400000
2018-03-20 02:03:07,0.06439500,0.16600000
2018-03-20 02:03:07,0.06445400,0.07900000
2018-03-20 02:03:07,0.06445400,0.16700000
2018-03-20 02:03:08,0.06438600,0.11900000
2018-03-20 02:03:08,0.06440900,0.07400000
2018-03-20 02:03:08,0.06438600,0.06800000
2018-03-20 02:03:08,0.06438600,0.23300000
2018-03-20 02:03:09,0.06438900,0.33600000
2018-03-20 02:03:09,0.06438600,1.02800000
2018-03-20 02:03:09,0.06438600,0.15200000
2018-03-20 02:03:11,0.06440900,0.00100000
2018-03-20 02:03:11,0.06443400,0.69900000
2018-03-20 02:03:11,0.06443400,0.69700000
2018-03-20 02:03:11,0.06443300,0.98000000
2018-03-20 02:03:13,0.06438600,1.73100000
2018-03-20 02:03:16,0.06438600,1.73100000
2018-03-20 02:03:16,0.06438500,0.04600000
2018-03-20 02:03:16,0.06438400,3.72800000
2018-03-20 02:03:16,0.06438400,24.10200000
2018-03-20 02:03:16,0.06438400,0.77600000
2018-03-20 02:03:16,0.06438400,0.47100000
2018-03-20 02:03:17,0.06438400,0.08000000
2018-03-20 02:03:17,0.06438400,0.00100000
2018-03-20 02:03:17,0.06445500,0.02800000
2018-03-20 02:03:17,0.06445500,0.04000000
2018-03-20 02:03:17,0.06445500,0.04000000
2018-03-20 02:03:17,0.06443300,0.05000000
2018-03-20 02:03:18,0.06443300,0.01700000
2018-03-20 02:03:18,0.06443300,0.15600000
2018-03-20 02:03:18,0.06438500,0.04400000
2018-03-20 02:03:19,0.06438500,1.55200000
2018-03-20 02:03:19,0.06438500,0.40400000
2018-03-20 02:03:19,0.06442000,0.02700000
2018-03-20 02:03:19,0.06438200,1.12900000
2018-03-20 02:03:19,0.06438000,7.43400000
2018-03-20 02:03:19,0.06437600,0.05100000
2018-03-20 02:03:19,0.06437000,0.48700000
2018-03-20 02:03:19,0.06435900,1.82000000
2018-03-20 02:03:19,0.06435700,5.27600000
2018-03-20 02:03:19,0.06435000,1.14400000
2018-03-20 02:03:19,0.06434600,7.37200000
2018-03-20 02:03:20,0.06438200,0.66000000
2018-03-20 02:03:20,0.06438200,0.13900000
2018-03-20 02:03:20,0.06438200,0.33100000
2018-03-20 02:03:20,0.06438200,0.05600000
2018-03-20 02:03:20,0.06438200,0.10100000
2018-03-20 02:03:20,0.06443300,0.05500000
2018-03-20 02:03:20,0.06443300,0.15500000
2018-03-20 02:03:21,0.06435100,0.02100000
2018-03-20 02:03:22,0.06442800,0.65400000
2018-03-20 02:03:22,0.06442700,0.47900000
2018-03-20 02:03:22,0.06442900,0.30700000
2018-03-20 02:03:23,0.06442900,0.47900000
2018-03-20 02:03:23,0.06442900,0.23100000
2018-03-20 02:03:24,0.06435300,0.16000000
2018-03-20 02:03:24,0.06442800,2.65400000
2018-03-20 02:03:24,0.06436500,0.03400000
2018-03-20 02:03:25,0.06442800,1.58900000
2018-03-20 02:03:25,0.06436600,0.22800000
2018-03-20 02:03:25,0.06442800,0.16000000
2018-03-20 02:03:25,0.06436600,0.12400000
2018-03-20 02:03:25,0.06436600,0.14300000
2018-03-20 02:03:25,0.06436500,0.01600000
2018-03-20 02:03:25,0.06435300,0.75800000
2018-03-20 02:03:26,0.06442800,0.46800000
2018-03-20 02:03:26,0.06442800,0.32100000
2018-03-20 02:03:26,0.06442800,4.17200000
2018-03-20 02:03:27,0.06442700,0.08700000
2018-03-20 02:03:27,0.06442200,0.07100000
2018-03-20 02:03:27,0.06442700,0.15600000
2018-03-20 02:03:27,0.06442800,0.82800000
2018-03-20 02:03:27,0.06442800,3.94500000
2018-03-20 02:03:28,0.06435300,0.63600000
2018-03-20 02:03:29,0.06434800,0.47800000
2018-03-20 02:03:29,0.06435300,0.06100000
2018-03-20 02:03:29,0.06435300,0.00100000
2018-03-20 02:03:29,0.06442100,0.10000000
2018-03-20 02:03:30,0.06442100,0.04200000
2018-03-20 02:03:30,0.06442100,0.14700000
2018-03-20 02:03:30,0.06442100,0.00100000
2018-03-20 02:03:30,0.06442100,0.29000000
2018-03-20 02:03:30,0.06442200,0.06000000
2018-03-20 02:03:30,0.06435000,0.15700000
2018-03-20 02:03:30,0.06435000,0.03300000
2018-03-20 02:03:30,0.06434700,0.12400000
2018-03-20 02:03:30,0.06434600,0.15900000
2018-03-20 02:03:31,0.06442000,0.44700000
2018-03-20 02:03:32,0.06442000,0.66400000
2018-03-20 02:03:34,0.06435300,0.03500000
2018-03-20 02:03:34,0.06441800,0.80000000
2018-03-20 02:03:34,0.06441900,0.23200000
2018-03-20 02:03:34,0.06441900,0.28400000
2018-03-20 02:03:34,0.06442000,0.23200000
2018-03-20 02:03:34,0.06441900,0.63600000
2018-03-20 02:03:34,0.06442200,5.99500000
2018-03-20 02:03:35,0.06442600,0.08200000
2018-03-20 02:03:36,0.06439000,0.37900000
2018-03-20 02:03:36,0.06442600,0.17200000
2018-03-20 02:03:36,0.06442600,0.08300000
2018-03-20 02:03:39,0.06442800,0.13700000
2018-03-20 02:03:39,0.06443100,0.01800000
2018-03-20 02:03:41,0.06443000,0.01700000
2018-03-20 02:03:43,0.06436500,0.33200000
2018-03-20 02:03:43,0.06436500,0.20800000
2018-03-20 02:03:44,0.06436500,0.00100000
2018-03-20 02:03:44,0.06435900,0.31000000
2018-03-20 02:03:44,0.06435300,0.73500000
2018-03-20 02:03:45,0.06435300,0.29000000
2018-03-20 02:03:45,0.06435300,1.49400000
2018-03-20 02:03:45,0.06435300,0.08400000
2018-03-20 02:03:45,0.06443000,0.02800000
2018-03-20 02:03:45,0.06442900,2.13800000
2018-03-20 02:03:45,0.06435300,0.23700000
2018-03-20 02:03:46,0.06435400,0.08500000
2018-03-20 02:03:46,0.06435400,0.43500000
2018-03-20 02:03:46,0.06442800,0.07300000
2018-03-20 02:03:47,0.06435400,0.75000000
2018-03-20 02:03:47,0.06435300,0.94500000
2018-03-20 02:03:47,0.06442800,0.77100000
2018-03-20 02:03:48,0.06443000,0.07700000
2018-03-20 02:03:48,0.06442800,0.07200000
2018-03-20 02:03:48,0.06442800,0.07200000
2018-03-20 02:03:49,0.06442800,0.03700000
2018-03-20 02:03:49,0.06442800,0.03700000
2018-03-20 02:03:50,0.06442800,0.13600000
2018-03-20 02:03:51,0.06436000,0.18900000
2018-03-20 02:03:52,0.06435500,0.26700000
2018-03-20 02:03:52,0.06442700,0.02100000
2018-03-20 02:03:53,0.06442700,1.39000000
2018-03-20 02:03:54,0.06435700,0.44700000
2018-03-20 02:03:54,0.06435600,1.39700000
2018-03-20 02:03:54,0.06435500,1.15400000
2018-03-20 02:03:54,0.06435400,1.66700000
2018-03-20 02:03:54,0.06435300,6.18000000
2018-03-20 02:03:54,0.06435200,0.35000000
2018-03-20 02:03:54,0.06435200,0.02000000
2018-03-20 02:03:54,0.06435200,0.10000000
2018-03-20 02:03:54,0.06435200,0.03000000
2018-03-20 02:03:54,0.06435200,0.10000000
2018-03-20 02:03:54,0.06435200,0.10000000
2018-03-20 02:03:54,0.06435200,0.03000000
2018-03-20 02:03:54,0.06435200,0.01800000
2018-03-20 02:03:54,0.06442600,0.39700000
2018-03-20 02:03:54,0.06442600,0.39600000
2018-03-20 02:03:54,0.06442600,0.14700000
2018-03-20 02:03:54,0.06442600,0.14700000
2018-03-20 02:03:54,0.06442600,0.39700000
2018-03-20 02:03:54,0.06442600,0.14700000
2018-03-20 02:03:54,0.06442600,0.02700000
2018-03-20 02:03:55,0.06442000,0.02400000
2018-03-20 02:03:58,0.06441900,1.21900000
2018-03-20 02:04:02,0.06442000,0.14900000
2018-03-20 02:04:03,0.06442000,0.14900000
2018-03-20 02:04:03,0.06435100,0.16000000
2018-03-20 02:04:04,0.06441800,0.01600000
2018-03-20 02:04:05,0.06435100,0.66800000
2018-03-20 02:04:05,0.06441800,0.03400000
2018-03-20 02:04:06,0.06441700,0.03200000
2018-03-20 02:04:06,0.06441700,0.42500000
2018-03-20 02:04:06,0.06441700,0.35100000
2018-03-20 02:04:06,0.06441900,0.01700000
2018-03-20 02:04:06,0.06442000,0.39500000
2018-03-20 02:04:06,0.06441700,0.03600000
2018-03-20 02:04:07,0.06435100,0.15100000
2018-03-20 02:04:07,0.06435100,0.00100000
2018-03-20 02:04:07,0.06434600,0.00700000
2018-03-20 02:04:08,0.06440900,0.33400000
2018-03-20 02:04:09,0.06440900,0.33500000
2018-03-20 02:04:10,0.06440900,0.02200000
2018-03-20 02:04:10,0.06434600,0.00300000
2018-03-20 02:04:10,0.06433800,0.45800000
2018-03-20 02:04:10,0.06433200,0.35000000
2018-03-20 02:04:10,0.06433100,0.26500000
2018-03-20 02:04:10,0.06432900,1.86000000
2018-03-20 02:04:10,0.06432800,0.07000000
2018-03-20 02:04:10,0.06432700,0.94800000
2018-03-20 02:04:10,0.06432400,0.06200000
2018-03-20 02:04:10,0.06432300,0.13100000
2018-03-20 02:04:10,0.06432000,0.55000000
2018-03-20 02:04:10,0.06440900,0.72900000
2018-03-20 02:04:10,0.06440900,0.35000000
2018-03-20 02:04:11,0.06433300,0.30300000
2018-03-20 02:04:11,0.06433300,0.36900000
2018-03-20 02:04:11,0.06440800,3.73900000
2018-03-20 02:04:12,0.06441200,0.08700000
2018-03-20 02:04:13,0.06441100,0.63600000
2018-03-20 02:04:13,0.06440700,0.51500000
2018-03-20 02:04:14,0.06440700,0.38900000
2018-03-20 02:04:14,0.06440700,0.40600000
2018-03-20 02:04:14,0.06440700,0.08700000
2018-03-20 02:04:14,0.06441000,0.19800000
2018-03-20 02:04:19,0.06440500,0.04600000
2018-03-20 02:04:22,0.06440500,1.32800000
2018-03-20 02:04:22,0.06440500,0.03200000
2018-03-20 02:04:22,0.06433500,0.44800000
2018-03-20 02:04:22,0.06433400,1.86800000
2018-03-20 02:04:22,0.06433300,0.45800000
2018-03-20 02:04:22,0.06433000,0.83500000
2018-03-20 02:04:22,0.06432300,0.35000000
2018-03-20 02:04:22,0.06432000,0.36900000
2018-03-20 02:04:22,0.06431600,0.07800000
2018-03-20 02:04:22,0.06431200,0.50300000
2018-03-20 02:04:22,0.06430400,0.12900000
2018-03-20 02:04:22,0.06430300,0.85900000
2018-03-20 02:04:22,0.06430000,0.03100000
2018-03-20 02:04:22,0.06432300,0.03000000
2018-03-20 02:04:22,0.06430000,0.02000000
2018-03-20 02:04:22,0.06430000,0.10000000
2018-03-20 02:04:22,0.06430000,0.10000000
2018-03-20 02:04:22,0.06430000,0.10000000
2018-03-20 02:04:22,0.06430000,0.03000000
2018-03-20 02:04:22,0.06430000,0.10000000
2018-03-20 02:04:22,0.06430000,0.09300000
2018-03-20 02:04:22,0.06430000,0.10000000
2018-03-20 02:04:22,0.06430000,0.15000000
2018-03-20 02:04:22,0.06430000,0.02100000
2018-03-20 02:04:22,0.06430000,0.12400000
2018-03-20 02:04:22,0.06430000,0.03100000
2018-03-20 02:04:22,0.06430000,0.58200000
2018-03-20 02:04:22,0.06430000,0.26200000
2018-03-20 02:04:22,0.06430000,0.02400000
2018-03-20 02:04:22,0.06430000,0.07000000
2018-03-20 02:04:23,0.06430000,0.02300000
2018-03-20 02:04:23,0.06430000,0.80800000
2018-03-20 02:04:23,0.06430000,0.02100000
2018-03-20 02:04:23,0.06430000,0.57600000
2018-03-20 02:04:23,0.06430000,0.39900000
2018-03-20 02:04:23,0.06430000,0.18600000
2018-03-20 02:04:23,0.06430000,1.55300000
2018-03-20 02:04:23,0.06430000,0.06400000
2018-03-20 02:04:23,0.06430000,0.34200000
2018-03-20 02:04:23,0.06440500,0.00600000
2018-03-20 02:04:23,0.06440500,0.28400000
2018-03-20 02:04:23,0.06440700,0.25800000
2018-03-20 02:04:23,0.06441000,0.24800000
2018-03-20 02:04:23,0.06440400,0.16100000
2018-03-20 02:04:23,0.06440400,0.35600000
2018-03-20 02:04:23,0.06441000,0.41800000
2018-03-20 02:04:23,0.06441000,0.09600000
2018-03-20 02:04:23,0.06441000,0.10000000
2018-03-20 02:04:23,0.06441000,0.34100000
2018-03-20 02:04:23,0.06430000,0.17900000
2018-03-20 02:04:23,0.06430000,0.00100000
2018-03-20 02:04:23,0.06436200,0.11100000
2018-03-20 02:04:23,0.06440300,0.06700000
2018-03-20 02:04:23,0.06440300,0.05300000
2018-03-20 02:04:23,0.06440300,0.08500000
2018-03-20 02:04:23,0.06440300,0.01700000
2018-03-20 02:04:23,0.06440300,0.02100000
2018-03-20 02:04:23,0.06440400,0.15800000
2018-03-20 02:04:24,0.06440400,0.03700000
2018-03-20 02:04:25,0.06440200,0.07000000
2018-03-20 02:04:25,0.06432700,0.08000000
2018-03-20 02:04:25,0.06432700,0.76000000
2018-03-20 02:04:26,0.06433000,0.05900000
2018-03-20 02:04:26,0.06440100,0.18000000
2018-03-20 02:04:27,0.06433100,0.25900000
2018-03-20 02:04:28,0.06433200,0.24000000
2018-03-20 02:04:28,0.06439900,0.08200000
2018-03-20 02:04:28,0.06440000,0.00200000
2018-03-20 02:04:28,0.06433200,0.21800000
2018-03-20 02:04:28,0.06433100,0.26200000
2018-03-20 02:04:28,0.06432700,0.81900000
2018-03-20 02:04:28,0.06440000,0.05800000
2018-03-20 02:04:28,0.06440100,0.08200000
2018-03-20 02:04:29,0.06440100,0.23100000
2018-03-20 02:04:29,0.06433200,0.45800000
2018-03-20 02:04:29,0.06433000,0.18000000
2018-03-20 02:04:29,0.06432700,0.16200000
2018-03-20 02:04:29,0.06440000,0.05300000
2018-03-20 02:04:30,0.06440000,0.35400000
2018-03-20 02:04:30,0.06432700,1.69400000
2018-03-20 02:04:32,0.06440000,0.02000000
2018-03-20 02:04:32,0.06440000,0.18700000
2018-03-20 02:04:32,0.06439900,0.04700000
2018-03-20 02:04:32,0.06432700,0.34100000
2018-03-20 02:04:34,0.06433000,0.17000000
2018-03-20 02:04:34,0.06432700,1.87400000
2018-03-20 02:04:34,0.06439800,0.04400000
2018-03-20 02:04:35,0.06432100,1.03100000
2018-03-20 02:04:36,0.06439400,0.22100000
2018-03-20 02:04:36,0.06432100,0.03100000
2018-03-20 02:04:38,0.06439000,0.18000000
2018-03-20 02:04:39,0.06439000,0.35000000
2018-03-20 02:04:39,0.06439200,0.18000000
2018-03-20 02:04:40,0.06439000,0.13000000
2018-03-20 02:04:40,0.06439000,0.34900000
2018-03-20 02:04:40,0.06439000,0.15500000
2018-03-20 02:04:43,0.06438000,0.10700000
2018-03-20 02:04:44,0.06438000,0.09000000
2018-03-20 02:04:45,0.06438000,6.05500000
2018-03-20 02:04:45,0.06432100,0.04600000
2018-03-20 02:04:45,0.06431600,0.44800000
2018-03-20 02:04:45,0.06430800,0.74600000
2018-03-20 02:04:45,0.06429500,0.22500000
2018-03-20 02:04:45,0.06429200,0.50300000
2018-03-20 02:04:45,0.06428600,0.01700000
2018-03-20 02:04:45,0.06428300,0.90200000
2018-03-20 02:04:45,0.06428000,0.53000000
2018-03-20 02:04:45,0.06427500,0.00600000
2018-03-20 02:04:46,0.06438900,0.05400000
2018-03-20 02:04:47,0.06438700,0.04600000
2018-03-20 02:04:48,0.06438600,0.01900000
2018-03-20 02:04:48,0.06438600,0.07500000
2018-03-20 02:04:48,0.06438600,0.07500000
2018-03-20 02:04:49,0.06438600,0.09600000
2018-03-20 02:04:49,0.06438600,0.04900000
2018-03-20 02:04:49,0.06438600,0.07500000
2018-03-20 02:04:49,0.06438600,0.52300000
2018-03-20 02:04:49,0.06438800,0.08700000
2018-03-20 02:04:49,0.06438500,0.09600000
2018-03-20 02:04:49,0.06438500,0.09600000
2018-03-20 02:04:49,0.06431500,0.44800000
2018-03-20 02:04:49,0.06427500,0.02200000
2018-03-20 02:04:49,0.06438500,0.07500000
2018-03-20 02:04:49,0.06438500,0.11700000
2018-03-20 02:04:49,0.06438500,0.06400000
2018-03-20 02:04:49,0.06438700,0.50000000
2018-03-20 02:04:49,0.06438800,0.37700000
2018-03-20 02:04:49,0.06438700,0.10700000
2018-03-20 02:04:50,0.06438700,0.07500000
2018-03-20 02:04:50,0.06438400,0.14900000
2018-03-20 02:04:50,0.06438400,0.11700000
2018-03-20 02:04:50,0.06438400,0.09600000
2018-03-20 02:04:50,0.06438400,0.08600000
2018-03-20 02:04:50,0.06438700,0.31800000
2018-03-20 02:04:50,0.06438800,0.50500000
2018-03-20 02:04:50,0.06438600,0.11700000
2018-03-20 02:04:50,0.06438600,0.14900000
2018-03-20 02:04:51,0.06438500,0.18100000
2018-03-20 02:04:51,0.06438400,0.10700000
2018-03-20 02:04:51,0.06438400,0.06400000
2018-03-20 02:04:51,0.06438400,0.07500000
2018-03-20 02:04:51,0.06438300,0.29300000
2018-03-20 02:04:51,0.06438400,1.12900000
2018-03-20 02:04:52,0.06438400,0.06400000
2018-03-20 02:04:52,0.06438400,0.50300000
2018-03-20 02:04:53,0.06438300,0.09000000
2018-03-20 02:04:53,0.06438400,0.88300000
2018-03-20 02:04:53,0.06438200,0.06000000
2018-03-20 02:04:54,0.06438200,0.18200000
2018-03-20 02:04:54,0.06438500,0.24600000
2018-03-20 02:04:54,0.06438500,0.20000000
2018-03-20 02:04:55,0.06431800,0.47200000
2018-03-20 02:04:57,0.06438600,0.32700000
2018-03-20 02:04:57,0.06431800,0.04600000
2018-03-20 02:04:57,0.06431700,0.04300000
2018-03-20 02:04:57,0.06438600,1.99700000
2018-03-20 02:04:58,0.06438200,0.06000000
2018-03-20 02:04:59,0.06431700,0.06400000
2018-03-20 02:05:00,0.06431700,0.11500000
2018-03-20 02:05:01,0.06438200,0.03100000
2018-03-20 02:05:01,0.06438600,0.04600000
2018-03-20 02:05:01,0.06431700,0.33500000
2018-03-20 02:05:02,0.06438500,0.02300000
2018-03-20 02:05:03,0.06431700,0.04500000
2018-03-20 02:05:03,0.06438500,0.00500000
2018-03-20 02:05:03,0.06431700,0.02600000
2018-03-20 02:05:03,0.06435100,1.86900000
2018-03-20 02:05:03,0.06438500,1.07800000
2018-03-20 02:05:03,0.06438500,1.03400000
2018-03-20 02:05:03,0.06438500,0.02800000
2018-03-20 02:05:04,0.06438600,0.07700000
2018-03-20 02:05:06,0.06438600,0.02900000
2018-03-20 02:05:10,0.06438600,0.03300000
2018-03-20 02:05:12,0.06431700,0.19400000
2018-03-20 02:05:13,0.06438500,0.04600000
2018-03-20 02:05:13,0.06438600,0.41600000
2018-03-20 02:05:14,0.06438600,0.50400000
2018-03-20 02:05:14,0.06438600,0.06900000
2018-03-20 02:05:14,0.06431800,0.06000000
2018-03-20 02:05:15,0.06431800,0.28900000
2018-03-20 02:05:15,0.06431800,0.25100000
2018-03-20 02:05:15,0.06437100,0.02100000
2018-03-20 02:05:18,0.06431700,0.17600000
2018-03-20 02:05:18,0.06431700,0.05000000
2018-03-20 02:05:20,0.06431700,0.19900000
2018-03-20 02:05:20,0.06437000,1.54900000
2018-03-20 02:05:20,0.06437000,1.74000000
2018-03-20 02:05:21,0.06431700,0.05500000
2018-03-20 02:05:21,0.06437000,0.00100000
2018-03-20 02:05:21,0.06437000,2.20000000
2018-03-20 02:05:22,0.06437000,0.35900000
2018-03-20 02:05:22,0.06437000,0.40600000
2018-03-20 02:05:22,0.06437000,0.03000000
2018-03-20 02:05:22,0.06437000,0.07200000
2018-03-20 02:05:22,0.06437000,0.14900000
2018-03-20 02:05:22,0.06437000,0.02500000
2018-03-20 02:05:22,0.06437000,0.04800000
2018-03-20 02:05:22,0.06431700,0.27500000
2018-03-20 02:05:22,0.06431700,0.22100000
2018-03-20 02:05:22,0.06431700,0.04700000
2018-03-20 02:05:22,0.06437100,0.00600000
2018-03-20 02:05:22,0.06438000,0.19800000
2018-03-20 02:05:23,0.06438000,0.77700000
2018-03-20 02:05:23,0.06431700,0.14300000
2018-03-20 02:05:24,0.06431800,0.32900000
2018-03-20 02:05:25,0.06431800,0.12500000
2018-03-20 02:05:25,0.06438000,0.00400000
2018-03-20 02:05:25,0.06438600,0.03000000
2018-03-20 02:05:25,0.06438600,0.06500000
2018-03-20 02:05:25,0.06438900,0.01900000
2018-03-20 02:05:25,0.06439000,0.00400000
2018-03-20 02:05:26,0.06438600,0.07700000
2018-03-20 02:05:26,0.06438600,0.00100000
2018-03-20 02:05:26,0.06431800,0.05500000
2018-03-20 02:05:26,0.06431700,0.01000000
2018-03-20 02:05:26,0.06431700,0.07700000
2018-03-20 02:05:26,0.06431800,0.03000000
2018-03-20 02:05:26,0.06431700,0.04400000
2018-03-20 02:05:26,0.06431700,0.07700000
2018-03-20 02:05:26,0.06431700,0.58100000
2018-03-20 02:05:26,0.06431700,0.30200000
2018-03-20 02:05:27,0.06432000,0.07200000
2018-03-20 02:05:27,0.06438100,0.29900000
2018-03-20 02:05:28,0.06438000,0.07600000
2018-03-20 02:05:28,0.06438000,0.00400000
2018-03-20 02:05:28,0.06438100,0.00400000
2018-03-20 02:05:28,0.06439000,0.06900000
2018-03-20 02:05:29,0.06432000,0.19000000
2018-03-20 02:05:29,0.06431900,0.74200000
2018-03-20 02:05:29,0.06431700,0.07000000
2018-03-20 02:05:30,0.06431900,0.01200000
2018-03-20 02:05:31,0.06438800,1.10000000
2018-03-20 02:05:31,0.06438900,0.38900000
2018-03-20 02:05:31,0.06439000,0.37900000
2018-03-20 02:05:34,0.06439000,0.32600000
2018-03-20 02:05:35,0.06435600,3.39300000
2018-03-20 02:05:35,0.06439000,2.69300000
2018-03-20 02:05:36,0.06439000,0.05400000
2018-03-20 02:05:36,0.06431900,0.26200000
2018-03-20 02:05:36,0.06439000,0.00200000
2018-03-20 02:05:36,0.06439100,0.07300000
2018-03-20 02:05:36,0.06440500,0.79200000
2018-03-20 02:05:36,0.06441000,0.41600000
2018-03-20 02:05:39,0.06439500,0.04200000
2018-03-20 02:05:40,0.06432600,0.44100000
2018-03-20 02:05:40,0.06437900,0.02100000
2018-03-20 02:05:41,0.06437900,0.05400000
2018-03-20 02:05:41,0.06437900,0.20600000
2018-03-20 02:05:41,0.06437900,0.00100000
2018-03-20 02:05:41,0.06439500,0.22000000
2018-03-20 02:05:41,0.06432100,0.01900000
2018-03-20 02:05:42,0.06439000,0.10100000
2018-03-20 02:05:42,0.06439500,0.30000000
2018-03-20 02:05:42,0.06439000,0.00100000
2018-03-20 02:05:42,0.06432100,0.01500000
2018-03-20 02:05:42,0.06432100,0.10100000
2018-03-20 02:05:42,0.06432100,0.10100000
2018-03-20 02:05:42,0.06432100,0.09600000
2018-03-20 02:05:43,0.06432300,0.17600000
2018-03-20 02:05:45,0.06433100,0.12700000
2018-03-20 02:05:45,0.06439700,0.32700000
2018-03-20 02:05:48,0.06432400,0.16900000
2018-03-20 02:05:48,0.06432400,0.16900000
2018-03-20 02:05:48,0.06432400,0.38600000
2018-03-20 02:05:48,0.06438800,0.16800000
2018-03-20 02:05:48,0.06432400,0.15500000
2018-03-20 02:05:49,0.06438700,0.15700000
2018-03-20 02:05:49,0.06438700,0.02800000
2018-03-20 02:05:50,0.06432600,0.44100000
2018-03-20 02:05:51,0.06432500,0.47300000
2018-03-20 02:05:52,0.06431800,0.11700000
2018-03-20 02:05:52,0.06431800,0.05400000
2018-03-20 02:05:52,0.06438400,0.43800000
2018-03-20 02:05:52,0.06431800,1.18400000
2018-03-20 02:05:53,0.06432000,1.55700000
2018-03-20 02:05:53,0.06438300,0.12800000
2018-03-20 02:05:53,0.06432000,0.36300000
2018-03-20 02:05:53,0.06438300,0.08500000
2018-03-20 02:05:53,0.06432000,0.88000000
2018-03-20 02:05:53,0.06431800,0.36200000
2018-03-20 02:05:53,0.06431800,0.23900000
2018-03-20 02:05:54,0.06438300,0.42900000
2018-03-20 02:05:54,0.06431800,1.55800000
2018-03-20 02:05:54,0.06431800,1.48500000
2018-03-20 02:05:54,0.06438300,0.13300000
2018-03-20 02:05:55,0.06438300,0.02800000
2018-03-20 02:05:55,0.06438300,0.07000000
2018-03-20 02:05:55,0.06438300,0.00100000
2018-03-20 02:05:55,0.06431800,0.00100000
2018-03-20 02:05:55,0.06431700,0.06800000
2018-03-20 02:05:55,0.06431700,0.07000000
2018-03-20 02:05:55,0.06431700,0.07000000
2018-03-20 02:05:56,0.06431700,0.15700000
2018-03-20 02:05:57,0.06431700,1.29100000
2018-03-20 02:05:57,0.06431700,0.50000000
2018-03-20 02:05:59,0.06432000,0.18900000
2018-03-20 02:06:00,0.06431700,0.01800000
2018-03-20 02:06:00,0.06431800,0.14700000
2018-03-20 02:06:01,0.06431900,0.21300000
2018-03-20 02:06:01,0.06431900,0.49300000
2018-03-20 02:06:02,0.06431700,0.02100000
2018-03-20 02:06:03,0.06431700,0.03800000
2018-03-20 02:06:03,0.06431700,0.03500000
2018-03-20 02:06:03,0.06438700,0.02100000
2018-03-20 02:06:04,0.06431800,0.03800000
2018-03-20 02:06:04,0.06438700,0.04300000
2018-03-20 02:06:05,0.06431900,0.01700000
2018-03-20 02:06:05,0.06431700,1.55400000
2018-03-20 02:06:05,0.06431700,2.14500000
2018-03-20 02:06:06,0.06431800,0.14100000
2018-03-20 02:06:07,0.06431700,0.05800000
2018-03-20 02:06:07,0.06431700,0.47000000
2018-03-20 02:06:07,0.06431700,0.44800000
2018-03-20 02:06:07,0.06438000,0.06400000
2018-03-20 02:06:07,0.06438000,0.01600000
2018-03-20 02:06:09,0.06431000,0.02000000
2018-03-20 02:06:10,0.06431000,0.06000000
2018-03-20 02:06:10,0.06430500,0.00200000
2018-03-20 02:06:10,0.06437800,0.06300000
2018-03-20 02:06:11,0.06437800,0.00100000
2018-03-20 02:06:11,0.06437900,0.32600000
2018-03-20 02:06:11,0.06430600,0.06400000
2018-03-20 02:06:11,0.06430000,1.93600000
2018-03-20 02:06:12,0.06430000,0.72500000
2018-03-20 02:06:12,0.06429400,0.39900000
2018-03-20 02:06:12,0.06427600,0.31000000
2018-03-20 02:06:12,0.06437900,0.06900000
2018-03-20 02:06:12,0.06437900,0.24600000
2018-03-20 02:06:12,0.06430100,0.08300000
2018-03-20 02:06:13,0.06430200,0.06200000
2018-03-20 02:06:14,0.06437600,0.08200000
2018-03-20 02:06:15,0.06430600,0.03200000
2018-03-20 02:06:15,0.06430600,0.11200000
2018-03-20 02:06:16,0.06430700,0.02700000
2018-03-20 02:06:16,0.06430700,0.05400000
2018-03-20 02:06:16,0.06437500,0.00200000
2018-03-20 02:06:16,0.06430500,0.15200000
2018-03-20 02:06:17,0.06430500,0.00300000
2018-03-20 02:06:17,0.06430500,0.07500000
2018-03-20 02:06:17,0.06430500,0.03400000
2018-03-20 02:06:17,0.06437000,0.04300000
2018-03-20 02:06:17,0.06437000,0.04400000
2018-03-20 02:06:17,0.06437000,0.05500000
2018-03-20 02:06:17,0.06437000,0.03800000
2018-03-20 02:06:17,0.06437400,0.07000000
2018-03-20 02:06:17,0.06437400,0.02800000
2018-03-20 02:06:17,0.06437400,0.01300000
2018-03-20 02:06:17,0.06437500,0.01400000
2018-03-20 02:06:18,0.06434100,0.33200000
2018-03-20 02:06:18,0.06430600,0.33700000
2018-03-20 02:06:18,0.06434100,0.06600000
2018-03-20 02:06:18,0.06434100,0.00100000
2018-03-20 02:06:18,0.06437500,0.03700000
2018-03-20 02:06:18,0.06430600,0.00100000
2018-03-20 02:06:18,0.06429300,0.39900000
2018-03-20 02:06:18,0.06427500,0.01500000
2018-03-20 02:06:19,0.06428100,0.12900000
2018-03-20 02:06:20,0.06437200,0.17900000
2018-03-20 02:06:20,0.06437000,0.47300000
2018-03-20 02:06:20,0.06437100,0.74200000
2018-03-20 02:06:20,0.06437200,0.57800000
2018-03-20 02:06:20,0.06437100,0.21000000
2018-03-20 02:06:22,0.06428700,0.06200000
2018-03-20 02:06:23,0.06436900,0.07900000
2018-03-20 02:06:23,0.06432900,2.33700000
2018-03-20 02:06:23,0.06436900,0.92100000
2018-03-20 02:06:23,0.06429100,0.18200000
2018-03-20 02:06:24,0.06429100,0.05100000
2018-03-20 02:06:24,0.06429100,0.24000000
2018-03-20 02:06:24,0.06429100,0.16200000
2018-03-20 02:06:24,0.06429100,0.28700000
2018-03-20 02:06:24,0.06436800,0.63800000
2018-03-20 02:06:24,0.06429100,0.11600000
2018-03-20 02:06:24,0.06429100,0.20600000
2018-03-20 02:06:24,0.06429100,0.77700000
2018-03-20 02:06:25,0.06429100,0.07700000
2018-03-20 02:06:25,0.06429100,0.09800000
2018-03-20 02:06:26,0.06436600,0.38000000
2018-03-20 02:06:26,0.06436600,0.13300000
2018-03-20 02:06:26,0.06429300,0.06200000
2018-03-20 02:06:26,0.06436600,0.00100000
2018-03-20 02:06:26,0.06436700,0.07400000
2018-03-20 02:06:27,0.06436700,0.38000000
2018-03-20 02:06:27,0.06429300,0.23500000
2018-03-20 02:06:28,0.06429400,0.26500000
2018-03-20 02:06:28,0.06436500,0.28900000
2018-03-20 02:06:30,0.06429500,0.22900000
2018-03-20 02:06:30,0.06428700,0.25000000
2018-03-20 02:06:30,0.06428600,0.38900000
2018-03-20 02:06:30,0.06427500,0.06700000
2018-03-20 02:06:30,0.06427100,0.10000000
2018-03-20 02:06:30,0.06426100,0.22400000
2018-03-20 02:06:30,0.06436500,0.04300000
2018-03-20 02:06:31,0.06436400,0.02600000
2018-03-20 02:06:31,0.06436300,0.22900000
2018-03-20 02:06:31,0.06436400,1.21400000
2018-03-20 02:06:31,0.06436400,0.11000000
2018-03-20 02:06:31,0.06436400,0.32300000
2018-03-20 02:06:31,0.06436700,1.33700000
2018-03-20 02:06:31,0.06437100,0.35000000
2018-03-20 02:06:32,0.06436500,0.37500000
2018-03-20 02:06:32,0.06436300,0.04600000
2018-03-20 02:06:33,0.06429100,0.72600000
2018-03-20 02:06:33,0.06436300,0.03900000
2018-03-20 02:06:33,0.06429200,0.04600000
2018-03-20 02:06:33,0.06436300,0.02600000
2018-03-20 02:06:33,0.06436300,0.03400000
2018-03-20 02:06:34,0.06429300,0.65100000
2018-03-20 02:06:34,0.06429200,0.00100000
2018-03-20 02:06:34,0.06429100,0.61200000
2018-03-20 02:06:34,0.06429000,0.13500000
2018-03-20 02:06:35,0.06436300,0.10700000
2018-03-20 02:06:35,0.06429300,0.02000000
2018-03-20 02:06:35,0.06429300,0.15000000
2018-03-20 02:06:35,0.06429300,0.03600000
2018-03-20 02:06:35,0.06428600,0.37500000
2018-03-20 02:06:35,0.06426100,0.08900000
2018-03-20 02:06:36,0.06436200,0.10700000
2018-03-20 02:06:36,0.06436200,0.40800000
2018-03-20 02:06:36,0.06436200,0.19400000
2018-03-20 02:06:37,0.06436200,0.30900000
2018-03-20 02:06:37,0.06436200,0.00200000
2018-03-20 02:06:37,0.06436300,0.01000000
2018-03-20 02:06:37,0.06437300,0.24100000
2018-03-20 02:06:37,0.06437800,0.05700000
2018-03-20 02:06:37,0.06437700,1.36100000
2018-03-20 02:06:38,0.06430100,0.01100000
2018-03-20 02:06:38,0.06437600,0.08500000
2018-03-20 02:06:38,0.06437600,0.05300000
2018-03-20 02:06:38,0.06437600,0.00800000
2018-03-20 02:06:38,0.06437700,0.00100000
2018-03-20 02:06:38,0.06437900,0.05100000
2018-03-20 02:06:39,0.06438100,0.47100000
2018-03-20 02:06:40,0.06438000,0.39600000
2018-03-20 02:06:40,0.06438000,2.26000000
2018-03-20 02:06:41,0.06438600,1.51000000
2018-03-20 02:06:41,0.06431100,0.47000000
2018-03-20 02:06:42,0.06431100,1.18100000
2018-03-20 02:06:42,0.06438400,0.37200000
2018-03-20 02:06:42,0.06438400,0.00100000
2018-03-20 02:06:42,0.06431100,0.00300000
2018-03-20 02:06:42,0.06431000,0.18000000
2018-03-20 02:06:42,0.06430700,0.08500000
2018-03-20 02:06:42,0.06430700,0.04900000
2018-03-20 02:06:42,0.06438700,0.10700000
2018-03-20 02:06:42,0.06430700,0.14400000
2018-03-20 02:06:42,0.06438700,0.27800000
2018-03-20 02:06:42,0.06438700,0.06500000
2018-03-20 02:06:42,0.06438800,0.00200000
2018-03-20 02:06:42,0.06439000,0.16800000
2018-03-20 02:06:42,0.06431300,0.18100000
2018-03-20 02:06:43,0.06438600,0.70700000
2018-03-20 02:06:43,0.06431300,0.20700000
2018-03-20 02:06:43,0.06431300,0.30400000
2018-03-20 02:06:43,0.06431400,0.09600000
2018-03-20 02:06:44,0.06438500,0.26700000
2018-03-20 02:06:45,0.06438000,0.06400000
2018-03-20 02:06:46,0.06438000,0.11600000
2018-03-20 02:06:46,0.06431200,0.31700000
2018-03-20 02:06:47,0.06431400,0.15200000
2018-03-20 02:06:48,0.06438500,0.47100000
2018-03-20 02:06:50,0.06436200,6.25000000
2018-03-20 02:06:50,0.06438400,2.38800000
2018-03-20 02:06:50,0.06438500,0.01000000
2018-03-20 02:06:50,0.06438600,0.00700000
2018-03-20 02:06:50,0.06439000,0.31500000
2018-03-20 02:06:50,0.06439100,0.39000000
2018-03-20 02:06:50,0.06439500,0.35000000
2018-03-20 02:06:52,0.06432200,0.57300000
2018-03-20 02:06:52,0.06439900,0.12800000
2018-03-20 02:06:52,0.06432200,0.39600000
2018-03-20 02:06:54,0.06436500,1.02400000
2018-03-20 02:06:54,0.06436600,1.86900000
2018-03-20 02:06:54,0.06436600,0.38500000
2018-03-20 02:06:54,0.06436600,0.05700000
2018-03-20 02:06:54,0.06436600,0.23700000
2018-03-20 02:06:55,0.06432500,0.07000000
2018-03-20 02:06:55,0.06432500,1.00900000
2018-03-20 02:06:55,0.06432500,0.04800000
2018-03-20 02:06:55,0.06431500,0.43500000
2018-03-20 02:06:58,0.06436500,0.05400000
2018-03-20 02:06:58,0.06436500,0.18600000
2018-03-20 02:06:58,0.06436500,0.10300000
2018-03-20 02:06:58,0.06430300,0.32000000
2018-03-20 02:06:59,0.06430200,0.52100000
2018-03-20 02:07:00,0.06430300,1.98200000
2018-03-20 02:07:02,0.06436200,8.68700000
2018-03-20 02:07:04,0.06436600,0.00100000
2018-03-20 02:07:04,0.06440600,0.07600000
2018-03-20 02:07:07,0.06436100,0.47000000
2018-03-20 02:07:07,0.06436200,0.01700000
2018-03-20 02:07:07,0.06440600,0.06000000
2018-03-20 02:07:08,0.06432300,0.11000000
2018-03-20 02:07:08,0.06432300,0.63500000
2018-03-20 02:07:09,0.06440600,0.18600000
2018-03-20 02:07:09,0.06440600,0.39600000
2018-03-20 02:07:09,0.06441000,0.18200000
2018-03-20 02:07:09,0.06432500,0.77400000
2018-03-20 02:07:09,0.06440600,0.35000000
2018-03-20 02:07:09,0.06441000,1.53400000
2018-03-20 02:07:09,0.06432500,0.00100000
2018-03-20 02:07:09,0.06432400,0.77300000
2018-03-20 02:07:09,0.06432500,0.51700000
2018-03-20 02:07:10,0.06440500,0.06100000
2018-03-20 02:07:10,0.06440500,0.77100000
2018-03-20 02:07:10,0.06440500,0.04500000
2018-03-20 02:07:10,0.06432600,0.19700000
2018-03-20 02:07:10,0.06432600,0.11000000
2018-03-20 02:07:10,0.06432600,0.60800000
2018-03-20 02:07:10,0.06440500,0.07700000
2018-03-20 02:07:11,0.06435600,0.30900000
2018-03-20 02:07:11,0.06435600,0.00100000
2018-03-20 02:07:11,0.06432700,0.30800000
2018-03-20 02:07:11,0.06432700,0.38300000
2018-03-20 02:07:11,0.06432700,3.67000000
2018-03-20 02:07:12,0.06440400,1.54800000
2018-03-20 02:07:12,0.06433100,0.87700000
2018-03-20 02:07:12,0.06433100,0.17900000
2018-03-20 02:07:12,0.06433100,0.62200000
2018-03-20 02:07:13,0.06440300,0.07700000
2018-03-20 02:07:14,0.06440300,1.14100000
2018-03-20 02:07:14,0.06436700,0.01900000
2018-03-20 02:07:14,0.06436700,0.05000000
2018-03-20 02:07:14,0.06436700,0.11600000
2018-03-20 02:07:15,0.06436700,0.25900000
2018-03-20 02:07:15,0.06440300,0.80900000
2018-03-20 02:07:15,0.06440200,0.98100000
2018-03-20 02:07:15,0.06440300,0.07500000
2018-03-20 02:07:15,0.06440700,0.35000000
2018-03-20 02:07:15,0.06441000,1.66500000
2018-03-20 02:07:15,0.06441300,0.43800000
2018-03-20 02:07:15,0.06441800,0.46000000
2018-03-20 02:07:15,0.06442600,0.29300000
2018-03-20 02:07:15,0.06443000,8.51500000
2018-03-20 02:07:15,0.06443300,3.04600000
2018-03-20 02:07:17,0.06436700,0.00100000
2018-03-20 02:07:17,0.06432300,0.43800000
2018-03-20 02:07:17,0.06440100,0.04900000
2018-03-20 02:07:17,0.06440100,0.30100000
2018-03-20 02:07:17,0.06440000,2.54100000
2018-03-20 02:07:17,0.06440100,0.35000000
2018-03-20 02:07:17,0.06440500,0.25900000
2018-03-20 02:07:17,0.06442900,1.60800000
2018-03-20 02:07:17,0.06443300,0.26700000
2018-03-20 02:07:17,0.06443500,1.83300000
2018-03-20 02:07:17,0.06443900,0.46500000
2018-03-20 02:07:17,0.06444300,0.29300000
2018-03-20 02:07:17,0.06444400,1.86000000
2018-03-20 02:07:17,0.06445400,2.54100000
2018-03-20 02:07:17,0.06445400,5.90800000
2018-03-20 02:07:18,0.06446000,0.29300000
2018-03-20 02:07:18,0.06446300,0.01700000
2018-03-20 02:07:18,0.06446300,0.27600000
2018-03-20 02:07:18,0.06439900,1.84800000
2018-03-20 02:07:18,0.06446800,0.87100000
2018-03-20 02:07:18,0.06443900,0.02000000
2018-03-20 02:07:18,0.06443900,0.41800000
2018-03-20 02:07:19,0.06433800,0.37300000
2018-03-20 02:07:20,0.06435600,1.55000000
2018-03-20 02:07:21,0.06435700,0.18400000
2018-03-20 02:07:21,0.06435700,0.45900000
2018-03-20 02:07:21,0.06435700,1.00400000
2018-03-20 02:07:22,0.06436100,0.02800000
2018-03-20 02:07:24,0.06444600,0.28300000
2018-03-20 02:07:26,0.06437200,0.43600000
2018-03-20 02:07:26,0.06437200,0.00100000
2018-03-20 02:07:26,0.06437100,0.73300000
2018-03-20 02:07:26,0.06436700,0.38300000
2018-03-20 02:07:26,0.06443400,0.00800000
2018-03-20 02:07:31,0.06441600,0.02200000
2018-03-20 02:07:32,0.06441000,0.18000000
2018-03-20 02:07:32,0.06441000,0.77200000
2018-03-20 02:07:34,0.06439700,0.07700000
2018-03-20 02:07:35,0.06439100,0.28500000
2018-03-20 02:07:36,0.06438600,0.28500000
2018-03-20 02:07:37,0.06438500,0.11200000
2018-03-20 02:07:37,0.06441500,0.25800000
2018-03-20 02:07:38,0.06432600,0.27900000
2018-03-20 02:07:38,0.06438600,0.28200000
2018-03-20 02:07:38,0.06438600,0.01600000
2018-03-20 02:07:38,0.06438600,0.01900000
2018-03-20 02:07:39,0.06432800,0.08800000
2018-03-20 02:07:40,0.06441200,0.47500000
2018-03-20 02:07:40,0.06441300,0.40900000
2018-03-20 02:07:40,0.06441500,0.00100000
2018-03-20 02:07:40,0.06441600,0.11600000
2018-03-20 02:07:41,0.06433300,0.13400000
2018-03-20 02:07:41,0.06433300,0.06200000
2018-03-20 02:07:43,0.06434100,0.29100000
2018-03-20 02:07:43,0.06439200,0.07700000
2018-03-20 02:07:44,0.06439200,0.00400000
2018-03-20 02:07:44,0.06439300,0.88200000
2018-03-20 02:07:44,0.06441100,0.11400000
2018-03-20 02:07:45,0.06434300,0.18200000
2018-03-20 02:07:45,0.06434300,0.00100000
2018-03-20 02:07:45,0.06441100,0.04600000
2018-03-20 02:07:45,0.06434200,0.21700000
2018-03-20 02:07:46,0.06434300,0.15300000
2018-03-20 02:07:46,0.06434300,0.10600000
2018-03-20 02:07:46,0.06433100,0.15200000
2018-03-20 02:07:46,0.06433100,0.20600000
2018-03-20 02:07:47,0.06441000,0.21600000
2018-03-20 02:07:49,0.06434000,0.04100000
2018-03-20 02:07:49,0.06434000,0.09100000
2018-03-20 02:07:52,0.06433600,0.01600000
2018-03-20 02:07:52,0.06440800,0.64200000
2018-03-20 02:07:52,0.06440800,4.43800000
2018-03-20 02:07:53,0.06441000,0.11800000
2018-03-20 02:07:53,0.06441000,0.02300000
2018-03-20 02:07:53,0.06441200,0.72200000
2018-03-20 02:07:54,0.06441100,0.43700000
2018-03-20 02:07:54,0.06441200,3.31500000
2018-03-20 02:07:55,0.06434200,0.09900000
2018-03-20 02:07:55,0.06434200,0.26000000
2018-03-20 02:07:55,0.06434100,1.43800000
2018-03-20 02:07:55,0.06441100,0.40100000
2018-03-20 02:07:55,0.06441200,9.35400000
2018-03-20 02:07:55,0.06441600,0.13900000
2018-03-20 02:07:55,0.06442700,0.40100000
2018-03-20 02:07:55,0.06442800,7.89000000
2018-03-20 02:07:55,0.06443400,0.02000000
2018-03-20 02:07:55,0.06446700,0.48100000
2018-03-20 02:07:56,0.06434000,0.33400000
2018-03-20 02:07:57,0.06434300,0.10700000
2018-03-20 02:07:57,0.06440800,0.03200000
2018-03-20 02:07:58,0.06440700,0.14000000
2018-03-20 02:07:58,0.06440800,0.06600000
2018-03-20 02:07:58,0.06440800,0.00100000
2018-03-20 02:07:58,0.06443100,0.13800000
2018-03-20 02:07:58,0.06443100,0.28900000
2018-03-20 02:07:58,0.06440800,0.20600000
2018-03-20 02:07:58,0.06434300,0.20500000
2018-03-20 02:07:58,0.06434400,0.15700000
2018-03-20 02:07:58,0.06434400,0.20500000
2018-03-20 02:07:59,0.06434600,0.07200000
2018-03-20 02:07:59,0.06434600,0.79800000
2018-03-20 02:07:59,0.06434600,0.10000000
2018-03-20 02:08:00,0.06435000,0.54000000
2018-03-20 02:08:00,0.06434700,0.45400000
2018-03-20 02:08:00,0.06434600,0.34500000
2018-03-20 02:08:00,0.06434500,0.66100000
2018-03-20 02:08:00,0.06435000,0.25000000
2018-03-20 02:08:00,0.06435000,0.25000000
2018-03-20 02:08:01,0.06441700,0.07700000
2018-03-20 02:08:02,0.06441700,0.04600000
2018-03-20 02:08:02,0.06434400,0.41600000
2018-03-20 02:08:02,0.06434000,1.30100000
2018-03-20 02:08:04,0.06438000,0.05600000
2018-03-20 02:08:04,0.06441000,0.03300000
2018-03-20 02:08:04,0.06441000,0.07700000
2018-03-20 02:08:05,0.06434500,0.08200000
2018-03-20 02:08:05,0.06441000,0.08000000
2018-03-20 02:08:05,0.06441500,0.01600000
2018-03-20 02:08:05,0.06441500,0.24800000
2018-03-20 02:08:05,0.06441600,0.09500000
2018-03-20 02:08:06,0.06441600,0.71900000
2018-03-20 02:08:07,0.06441500,0.07500000
2018-03-20 02:08:07,0.06434600,0.09500000
2018-03-20 02:08:08,0.06434400,0.26300000
2018-03-20 02:08:08,0.06441400,1.60000000
2018-03-20 02:08:08,0.06441500,0.00700000
2018-03-20 02:08:08,0.06441600,0.00100000
2018-03-20 02:08:08,0.06441700,0.13900000
2018-03-20 02:08:08,0.06434400,0.42300000
2018-03-20 02:08:10,0.06441400,0.20200000
2018-03-20 02:08:10,0.06441700,0.13900000
2018-03-20 02:08:11,0.06441300,0.08700000
2018-03-20 02:08:11,0.06441400,0.01600000
2018-03-20 02:08:11,0.06441400,0.59700000
2018-03-20 02:08:12,0.06441400,0.03100000
2018-03-20 02:08:12,0.06441300,0.20100000
2018-03-20 02:08:12,0.06441300,0.41800000
2018-03-20 02:08:13,0.06435000,0.14200000
2018-03-20 02:08:15,0.06441300,0.01700000
2018-03-20 02:08:15,0.06441300,0.30400000
2018-03-20 02:08:17,0.06435000,0.10000000
2018-03-20 02:08:17,0.06435000,0.06200000
2018-03-20 02:08:17,0.06435000,1.07500000
2018-03-20 02:08:18,0.06435000,0.00100000
2018-03-20 02:08:19,0.06435000,0.12000000
2018-03-20 02:08:20,0.06441200,0.32100000
2018-03-20 02:08:20,0.06441300,0.74400000
2018-03-20 02:08:20,0.06441400,0.25100000
2018-03-20 02:08:20,0.06441500,7.06400000
2018-03-20 02:08:20,0.06441700,0.13800000
2018-03-20 02:08:20,0.06441900,6.75200000
2018-03-20 02:08:20,0.06442000,0.02700000
2018-03-20 02:08:20,0.06442200,0.28500000
2018-03-20 02:08:20,0.06442200,0.16200000
2018-03-20 02:08:20,0.06444400,0.22000000
2018-03-20 02:08:20,0.06444500,0.10000000
2018-03-20 02:08:20,0.06446200,0.30900000
2018-03-20 02:08:20,0.06446700,0.34000000
2018-03-20 02:08:20,0.06446800,7.90800000
2018-03-20 02:08:20,0.06447000,0.50000000
2018-03-20 02:08:20,0.06447200,0.60800000
2018-03-20 02:08:20,0.06447300,0.33700000
2018-03-20 02:08:20,0.06447400,0.22500000
2018-03-20 02:08:20,0.06447600,2.35000000
2018-03-20 02:08:20,0.06447700,2.73800000
2018-03-20 02:08:21,0.06435100,3.22600000
2018-03-20 02:08:21,0.06436500,0.15700000
2018-03-20 02:08:21,0.06436600,0.45400000
2018-03-20 02:08:21,0.06436600,0.21700000
2018-03-20 02:08:22,0.06436600,0.65300000
2018-03-20 02:08:22,0.06436600,0.36500000
2018-03-20 02:08:22,0.06436600,1.76600000
2018-03-20 02:08:22,0.06436600,0.29900000
2018-03-20 02:08:22,0.06441300,0.33200000
2018-03-20 02:08:24,0.06436600,0.16200000
2018-03-20 02:08:25,0.06441100,0.02200000
2018-03-20 02:08:25,0.06441200,0.32100000
2018-03-20 02:08:25,0.06441400,0.20900000
2018-03-20 02:08:25,0.06444200,2.02200000
2018-03-20 02:08:25,0.06445400,0.23300000
2018-03-20 02:08:25,0.06443400,0.02700000
2018-03-20 02:08:25,0.06445300,3.77200000
2018-03-20 02:08:26,0.06436700,1.01000000
2018-03-20 02:08:26,0.06437000,0.19000000
2018-03-20 02:08:26,0.06436800,0.10400000
2018-03-20 02:08:27,0.06441200,0.14900000
2018-03-20 02:08:27,0.06441200,0.15000000
2018-03-20 02:08:27,0.06441200,0.00100000
2018-03-20 02:08:27,0.06437200,0.14900000
2018-03-20 02:08:28,0.06437300,0.79100000
2018-03-20 02:08:28,0.06437200,1.59600000
2018-03-20 02:08:29,0.06437400,0.05900000
2018-03-20 02:08:29,0.06437400,0.20500000
2018-03-20 02:08:29,0.06437400,0.25200000
2018-03-20 02:08:29,0.06437100,1.67000000
2018-03-20 02:08:29,0.06436500,1.01100000
2018-03-20 02:08:29,0.06436500,0.12200000
2018-03-20 02:08:30,0.06435000,0.03300000
2018-03-20 02:08:32,0.06435000,0.12100000
2018-03-20 02:08:32,0.06435000,1.49500000
2018-03-20 02:08:32,0.06435000,0.69900000
2018-03-20 02:08:33,0.06435000,0.02900000
2018-03-20 02:08:33,0.06435000,0.75800000
2018-03-20 02:08:33,0.06435000,0.06100000
2018-03-20 02:08:33,0.06440900,0.25700000
2018-03-20 02:08:34,0.06435000,0.03600000
2018-03-20 02:08:34,0.06440900,0.22300000
2018-03-20 02:08:34,0.06440900,0.00100000
2018-03-20 02:08:34,0.06441000,0.19000000
2018-03-20 02:08:34,0.06441200,0.15100000
2018-03-20 02:08:34,0.06441900,0.46800000
2018-03-20 02:08:34,0.06441900,0.22200000
2018-03-20 02:08:34,0.06435000,0.31600000
2018-03-20 02:08:34,0.06435000,0.22100000
2018-03-20 02:08:34,0.06435000,0.02900000
2018-03-20 02:08:34,0.06435000,0.15900000
2018-03-20 02:08:34,0.06435000,0.15000000
2018-03-20 02:08:35,0.06435100,0.02900000
2018-03-20 02:08:35,0.06442700,0.19000000
2018-03-20 02:08:36,0.06435200,0.98800000
2018-03-20 02:08:37,0.06435200,0.19300000
2018-03-20 02:08:37,0.06435100,0.19200000
2018-03-20 02:08:37,0.06435100,0.19100000
2018-03-20 02:08:37,0.06435100,4.85200000
2018-03-20 02:08:37,0.06435000,1.56600000
2018-03-20 02:08:37,0.06435000,0.00500000
2018-03-20 02:08:37,0.06435000,0.05200000
2018-03-20 02:08:37,0.06442500,0.00800000
2018-03-20 02:08:38,0.06435000,1.55400000
2018-03-20 02:08:38,0.06435000,1.21500000
2018-03-20 02:08:39,0.06435000,0.19100000
2018-03-20 02:08:39,0.06434300,2.77400000
2018-03-20 02:08:39,0.06435000,0.04100000
2018-03-20 02:08:40,0.06442000,0.19000000
2018-03-20 02:08:40,0.06442100,0.19600000
2018-03-20 02:08:40,0.06442100,0.35600000
2018-03-20 02:08:41,0.06435100,0.26100000
2018-03-20 02:08:41,0.06435000,0.00500000
2018-03-20 02:08:41,0.06434500,0.35500000
2018-03-20 02:08:41,0.06435000,0.19000000
2018-03-20 02:08:41,0.06442000,0.29000000
2018-03-20 02:08:41,0.06442000,0.17900000
2018-03-20 02:08:41,0.06442100,0.11100000
2018-03-20 02:08:41,0.06442100,0.28900000
2018-03-20 02:08:41,0.06434500,0.38600000
2018-03-20 02:08:41,0.06434500,0.00500000
2018-03-20 02:08:41,0.06434400,0.21700000
2018-03-20 02:08:41,0.06434400,0.24600000
2018-03-20 02:08:41,0.06434300,0.00100000
2018-03-20 02:08:41,0.06434000,0.38600000
2018-03-20 02:08:41,0.06434000,1.28100000
2018-03-20 02:08:41,0.06434000,1.69800000
2018-03-20 02:08:41,0.06432800,0.12000000
2018-03-20 02:08:41,0.06432500,0.02000000
2018-03-20 02:08:41,0.06432500,0.15000000
2018-03-20 02:08:41,0.06432800,0.02300000
2018-03-20 02:08:41,0.06432500,0.79500000
2018-03-20 02:08:41,0.06432800,0.37600000
2018-03-20 02:08:41,0.06432500,0.23600000
2018-03-20 02:08:41,0.06432800,0.12900000
2018-03-20 02:08:41,0.06434000,0.60000000
2018-03-20 02:08:41,0.06437400,0.04300000
2018-03-20 02:08:42,0.06434100,0.53100000
2018-03-20 02:08:42,0.06437400,0.03300000
2018-03-20 02:08:42,0.06437400,0.01700000
2018-03-20 02:08:42,0.06437400,0.25900000
2018-03-20 02:08:42,0.06434100,0.46900000
2018-03-20 02:08:42,0.06434100,0.00100000
2018-03-20 02:08:42,0.06432500,0.15500000
2018-03-20 02:08:42,0.06432500,0.15000000
2018-03-20 02:08:43,0.06432500,0.31600000
2018-03-20 02:08:43,0.06438200,0.13900000
2018-03-20 02:08:43,0.06432500,0.02900000
2018-03-20 02:08:43,0.06438200,0.32900000
2018-03-20 02:08:43,0.06432700,0.14300000
2018-03-20 02:08:43,0.06438000,0.10800000
2018-03-20 02:08:43,0.06438000,0.08200000
2018-03-20 02:08:44,0.06438000,0.02500000
2018-03-20 02:08:44,0.06432700,0.02400000
2018-03-20 02:08:44,0.06440400,0.04200000
2018-03-20 02:08:45,0.06433000,0.02900000
2018-03-20 02:08:46,0.06433100,0.02900000
2018-03-20 02:08:46,0.06433100,0.11100000
2018-03-20 02:08:46,0.06433100,0.09900000
2018-03-20 02:08:46,0.06433100,0.22900000
2018-03-20 02:08:46,0.06440000,0.04100000
2018-03-20 02:08:47,0.06432600,0.46900000
2018-03-20 02:08:47,0.06431400,0.29900000
2018-03-20 02:08:47,0.06431400,0.77100000
2018-03-20 02:08:48,0.06439900,0.05300000
2018-03-20 02:08:48,0.06431500,0.15700000
2018-03-20 02:08:48,0.06436500,1.24900000
2018-03-20 02:08:48,0.06436500,0.78000000
2018-03-20 02:08:49,0.06439700,0.18200000
2018-03-20 02:08:49,0.06439700,0.69600000
2018-03-20 02:08:49,0.06439700,0.02100000
2018-03-20 02:08:50,0.06439700,0.10700000
2018-03-20 02:08:50,0.06439700,0.03800000
2018-03-20 02:08:50,0.06439800,0.22000000
2018-03-20 02:08:50,0.06439900,0.45300000
2018-03-20 02:08:50,0.06440300,0.28900000
2018-03-20 02:08:50,0.06439700,0.35000000
2018-03-20 02:08:50,0.06440300,0.45000000
2018-03-20 02:08:50,0.06439700,0.13000000
2018-03-20 02:08:50,0.06439800,0.10000000
2018-03-20 02:08:50,0.06440300,0.36200000
2018-03-20 02:08:51,0.06439800,0.21400000
2018-03-20 02:08:51,0.06439800,0.03300000
2018-03-20 02:08:51,0.06439800,0.19300000
2018-03-20 02:08:51,0.06439900,0.13000000
2018-03-20 02:08:51,0.06440300,0.77900000
2018-03-20 02:08:51,0.06440400,0.40900000
2018-03-20 02:08:51,0.06441300,0.46900000
2018-03-20 02:08:51,0.06441900,0.52000000
2018-03-20 02:08:51,0.06439800,0.18200000
2018-03-20 02:08:52,0.06440600,0.21700000
2018-03-20 02:08:52,0.06440600,0.30200000
2018-03-20 02:08:52,0.06440300,0.31000000
2018-03-20 02:08:52,0.06440300,0.15500000
2018-03-20 02:08:52,0.06440300,0.15500000
2018-03-20 02:08:52,0.06440600,0.22000000
2018-03-20 02:08:52,0.06440300,0.12400000
2018-03-20 02:08:52,0.06440300,0.00700000
2018-03-20 02:08:52,0.06441900,0.09900000
2018-03-20 02:08:54,0.06436500,0.00700000
2018-03-20 02:08:54,0.06435100,0.54500000
2018-03-20 02:08:55,0.06435200,0.65000000
2018-03-20 02:08:55,0.06435100,3.87300000
2018-03-20 02:08:56,0.06441500,0.75100000
2018-03-20 02:08:57,0.06435000,0.39700000
2018-03-20 02:08:57,0.06435000,0.00100000
2018-03-20 02:08:57,0.06441500,0.12000000
2018-03-20 02:08:57,0.06441500,0.39600000
2018-03-20 02:08:57,0.06441500,0.39700000
2018-03-20 02:08:57,0.06441500,0.04500000
2018-03-20 02:08:57,0.06441500,0.04100000
2018-03-20 02:08:57,0.06441500,0.18000000
2018-03-20 02:08:57,0.06441500,0.31000000
2018-03-20 02:08:57,0.06441500,0.26800000
2018-03-20 02:08:57,0.06434000,0.26700000
2018-03-20 02:08:57,0.06441500,0.04600000
2018-03-20 02:08:58,0.06441000,0.18900000
2018-03-20 02:08:59,0.06434100,0.09100000
2018-03-20 02:08:59,0.06440900,0.17900000
2018-03-20 02:09:00,0.06441000,0.00100000
2018-03-20 02:09:00,0.06441400,0.36900000
2018-03-20 02:09:01,0.06435000,0.01600000
2018-03-20 02:09:01,0.06435000,0.00200000
2018-03-20 02:09:01,0.06441400,0.01500000
2018-03-20 02:09:02,0.06434200,0.06200000
2018-03-20 02:09:02,0.06435000,1.03200000
2018-03-20 02:09:02,0.06435000,0.08400000
2018-03-20 02:09:02,0.06435000,0.06300000
2018-03-20 02:09:02,0.06435000,3.82100000
2018-03-20 02:09:02,0.06441500,1.05100000
2018-03-20 02:09:02,0.06441600,0.12500000
2018-03-20 02:09:02,0.06441600,0.03300000
2018-03-20 02:09:02,0.06434200,0.15700000
2018-03-20 02:09:03,0.06434300,0.29000000
2018-03-20 02:09:03,0.06441400,0.10000000
2018-03-20 02:09:03,0.06434300,1.06700000
2018-03-20 02:09:03,0.06434200,3.72300000
2018-03-20 02:09:06,0.06434200,0.05000000
2018-03-20 02:09:06,0.06434300,0.10100000
2018-03-20 02:09:06,0.06434200,0.06500000
2018-03-20 02:09:08,0.06434300,0.13800000
2018-03-20 02:09:09,0.06439800,0.00400000
2018-03-20 02:09:09,0.06439800,1.55700000
2018-03-20 02:09:09,0.06439800,0.14900000
2018-03-20 02:09:09,0.06439800,0.46700000
2018-03-20 02:09:09,0.06439800,0.38400000
2018-03-20 02:09:09,0.06439800,0.16100000
2018-03-20 02:09:09,0.06440400,7.10900000
2018-03-20 02:09:09,0.06441100,2.91400000
2018-03-20 02:09:10,0.06441200,0.10000000
2018-03-20 02:09:10,0.06439800,1.55700000
2018-03-20 02:09:10,0.06439800,0.14300000
2018-03-20 02:09:11,0.06439800,0.02900000
2018-03-20 02:09:11,0.06439800,3.39000000
2018-03-20 02:09:12,0.06439900,0.37000000
2018-03-20 02:09:12,0.06439900,0.03800000
2018-03-20 02:09:13,0.06439900,1.48100000
2018-03-20 02:09:15,0.06441200,0.00100000
2018-03-20 02:09:15,0.06441300,0.51200000
2018-03-20 02:09:16,0.06439900,0.13800000
2018-03-20 02:09:16,0.06441300,0.21400000
2018-03-20 02:09:16,0.06441300,0.00900000
2018-03-20 02:09:16,0.06441400,0.09000000
2018-03-20 02:09:16,0.06441400,0.08500000
2018-03-20 02:09:16,0.06439900,0.12800000
2018-03-20 02:09:16,0.06441400,0.03200000
2018-03-20 02:09:16,0.06441400,0.14600000
2018-03-20 02:09:16,0.06441500,0.22700000
2018-03-20 02:09:16,0.06441500,0.07900000
2018-03-20 02:09:17,0.06441500,0.57800000
2018-03-20 02:09:17,0.06439900,0.08300000
2018-03-20 02:09:18,0.06441500,0.00200000
2018-03-20 02:09:19,0.06441400,0.15000000
2018-03-20 02:09:19,0.06441400,0.55700000
2018-03-20 02:09:19,0.06441400,0.03500000
2018-03-20 02:09:19,0.06441400,0.40000000
2018-03-20 02:09:19,0.06441400,1.62400000
2018-03-20 02:09:20,0.06441600,0.04200000
2018-03-20 02:09:20,0.06441600,0.11700000
2018-03-20 02:09:21,0.06441600,0.00100000
2018-03-20 02:09:21,0.06442100,0.11700000
2018-03-20 02:09:21,0.06442200,0.28200000
2018-03-20 02:09:21,0.06442200,0.18200000
2018-03-20 02:09:22,0.06442200,1.22100000
2018-03-20 02:09:22,0.06441400,0.06200000
2018-03-20 02:09:22,0.06442200,0.93400000
2018-03-20 02:09:22,0.06442500,0.08300000
2018-03-20 02:09:23,0.06442500,0.38500000
2018-03-20 02:09:23,0.06443400,0.01500000
2018-03-20 02:09:24,0.06443400,0.01200000
2018-03-20 02:09:24,0.06445800,0.38800000
2018-03-20 02:09:27,0.06443800,7.04100000
2018-03-20 02:09:27,0.06446300,2.99100000
2018-03-20 02:09:27,0.06446300,5.96600000
2018-03-20 02:09:28,0.06443800,5.00000000
2018-03-20 02:09:28,0.06446500,0.46400000
2018-03-20 02:09:28,0.06446900,0.82200000
2018-03-20 02:09:28,0.06447000,2.01900000
2018-03-20 02:09:28,0.06447200,0.20900000
2018-03-20 02:09:28,0.06447400,0.32000000
2018-03-20 02:09:28,0.06447700,5.05000000
2018-03-20 02:09:28,0.06447700,0.10000000
2018-03-20 02:09:28,0.06447700,0.02000000
2018-03-20 02:09:28,0.06447700,0.10000000
2018-03-20 02:09:28,0.06447700,0.10000000
2018-03-20 02:09:28,0.06447700,0.01100000
2018-03-20 02:09:28,0.06447400,0.20900000
2018-03-20 02:09:28,0.06448800,0.16200000
2018-03-20 02:09:28,0.06447200,0.32400000
2018-03-20 02:09:28,0.06447200,0.13900000
2018-03-20 02:09:30,0.06447200,0.04400000
2018-03-20 02:09:32,0.06447200,0.00200000
2018-03-20 02:09:32,0.06444400,0.28900000
2018-03-20 02:09:32,0.06444400,0.04100000
2018-03-20 02:09:32,0.06444400,0.00700000
2018-03-20 02:09:32,0.06441900,0.04000000
2018-03-20 02:09:32,0.06441900,0.36000000
2018-03-20 02:09:33,0.06443100,0.02600000
2018-03-20 02:09:33,0.06448000,0.40000000
2018-03-20 02:09:33,0.06448000,0.06000000
2018-03-20 02:09:34,0.06443200,0.40800000
2018-03-20 02:09:34,0.06443200,0.05600000
2018-03-20 02:09:34,0.06443100,0.00100000
2018-03-20 02:09:34,0.06442200,0.33600000
2018-03-20 02:09:34,0.06448000,1.06400000
2018-03-20 02:09:35,0.06447200,0.21000000
2018-03-20 02:09:35,0.06442300,0.31600000
2018-03-20 02:09:35,0.06442300,0.01900000
2018-03-20 02:09:35,0.06442200,0.02300000
2018-03-20 02:09:35,0.06442200,0.07300000
2018-03-20 02:09:36,0.06442200,0.20300000
2018-03-20 02:09:37,0.06444600,1.20400000
2018-03-20 02:09:37,0.06447000,0.39100000
2018-03-20 02:09:37,0.06447000,0.40500000
2018-03-20 02:09:39,0.06442200,0.25000000
2018-03-20 02:09:39,0.06442200,0.20800000
2018-03-20 02:09:39,0.06442200,0.18200000
2018-03-20 02:09:40,0.06447000,0.21600000
2018-03-20 02:09:40,0.06447000,0.08100000
2018-03-20 02:09:41,0.06447000,0.25300000
2018-03-20 02:09:41,0.06441600,0.15000000
2018-03-20 02:09:41,0.06441600,0.01100000
2018-03-20 02:09:41,0.06446900,0.10800000
2018-03-20 02:09:43,0.06446900,0.10100000
2018-03-20 02:09:43,0.06446900,0.05100000
2018-03-20 02:09:43,0.06441400,0.04000000
2018-03-20 02:09:43,0.06446900,1.26600000
2018-03-20 02:09:43,0.06447200,0.67500000
2018-03-20 02:09:43,0.06448000,1.93600000
2018-03-20 02:09:43,0.06448800,3.53900000
2018-03-20 02:09:44,0.06441500,0.02900000
2018-03-20 02:09:44,0.06441600,0.26400000
2018-03-20 02:09:44,0.06441500,0.12500000
2018-03-20 02:09:44,0.06441500,0.26200000
2018-03-20 02:09:44,0.06448700,0.08500000
2018-03-20 02:09:44,0.06442000,0.15900000
2018-03-20 02:09:45,0.06442000,0.03000000
2018-03-20 02:09:45,0.06441700,0.45200000
2018-03-20 02:09:46,0.06441700,0.12000000
2018-03-20 02:09:48,0.06448500,0.26300000
2018-03-20 02:09:49,0.06448400,0.45100000
2018-03-20 02:09:49,0.06441500,0.03900000
2018-03-20 02:09:49,0.06441500,0.02900000
2018-03-20 02:09:50,0.06447900,0.16400000
2018-03-20 02:09:50,0.06447900,0.37000000
2018-03-20 02:09:50,0.06448000,0.05300000
2018-03-20 02:09:50,0.06448000,0.12700000
2018-03-20 02:09:50,0.06448300,0.10100000
2018-03-20 02:09:50,0.06441500,0.04000000
2018-03-20 02:09:53,0.06441400,0.05000000
2018-03-20 02:09:54,0.06441700,0.18300000
2018-03-20 02:09:55,0.06441700,0.12900000
2018-03-20 02:09:55,0.06448000,0.12800000
2018-03-20 02:09:55,0.06441400,0.14000000
2018-03-20 02:09:56,0.06447900,0.01900000
2018-03-20 02:09:56,0.06447900,1.02600000
2018-03-20 02:09:57,0.06441400,0.28000000
2018-03-20 02:09:57,0.06441400,0.10000000
2018-03-20 02:09:58,0.06443800,1.55200000
2018-03-20 02:09:58,0.06443800,3.44700000
2018-03-20 02:09:58,0.06441400,0.11000000
2018-03-20 02:09:58,0.06441400,0.63700000
2018-03-20 02:09:58,0.06447700,0.11200000
2018-03-20 02:09:58,0.06447700,0.06400000
2018-03-20 02:10:00,0.06441400,2.20700000
2018-03-20 02:10:00,0.06441400,3.98100000
2018-03-20 02:10:00,0.06441400,0.11000000
2018-03-20 02:10:01,0.06447700,0.07100000
2018-03-20 02:10:01,0.06441400,2.40800000
2018-03-20 02:10:01,0.06441200,0.38200000
2018-03-20 02:10:01,0.06441000,0.74500000
2018-03-20 02:10:01,0.06440900,0.46200000
2018-03-20 02:10:01,0.06440200,0.82300000
2018-03-20 02:10:01,0.06440000,0.51200000
2018-03-20 02:10:01,0.06440000,2.20400000
2018-03-20 02:10:02,0.06440200,0.02100000
2018-03-20 02:10:02,0.06440300,0.08000000
2018-03-20 02:10:02,0.06447500,0.18800000
2018-03-20 02:10:02,0.06447600,0.16800000
2018-03-20 02:10:02,0.06447700,0.04600000
2018-03-20 02:10:03,0.06440300,0.11500000
2018-03-20 02:10:03,0.06440300,0.67300000
2018-03-20 02:10:03,0.06440300,0.22000000
2018-03-20 02:10:03,0.06440400,0.12000000
2018-03-20 02:10:03,0.06447600,0.02600000
2018-03-20 02:10:04,0.06447600,0.05300000
2018-03-20 02:10:04,0.06440400,0.66100000
2018-03-20 02:10:05,0.06441000,0.02800000
2018-03-20 02:10:08,0.06441000,0.03800000
2018-03-20 02:10:09,0.06447000,0.02900000
2018-03-20 02:10:10,0.06447000,0.03200000
2018-03-20 02:10:10,0.06447000,0.00900000
2018-03-20 02:10:11,0.06447000,0.03600000
2018-03-20 02:10:11,0.06447000,0.00100000
2018-03-20 02:10:11,0.06440300,0.03500000
2018-03-20 02:10:11,0.06440300,0.03600000
2018-03-20 02:10:11,0.06440300,0.62100000
2018-03-20 02:10:11,0.06440300,0.05200000
2018-03-20 02:10:12,0.06447500,0.28200000
2018-03-20 02:10:12,0.06447500,0.17900000
2018-03-20 02:10:12,0.06447500,0.04200000
2018-03-20 02:10:12,0.06440500,0.14700000
2018-03-20 02:10:12,0.06440400,0.18700000
2018-03-20 02:10:13,0.06447500,0.09600000
2018-03-20 02:10:14,0.06447400,0.18600000
2018-03-20 02:10:14,0.06447400,0.00100000
2018-03-20 02:10:14,0.06447500,0.00100000
2018-03-20 02:10:14,0.06447600,0.18400000
2018-03-20 02:10:14,0.06447600,1.17700000
2018-03-20 02:10:14,0.06441000,0.03200000
2018-03-20 02:10:14,0.06447400,0.01600000
2018-03-20 02:10:15,0.06447400,0.21900000
2018-03-20 02:10:15,0.06447400,1.55000000
2018-03-20 02:10:15,0.06447400,0.66200000
2018-03-20 02:10:16,0.06447000,0.02900000
2018-03-20 02:10:18,0.06447000,0.00100000
2018-03-20 02:10:18,0.06447600,0.28900000
2018-03-20 02:10:19,0.06447600,1.55000000
2018-03-20 02:10:19,0.06447600,0.01600000
2018-03-20 02:10:19,0.06440100,0.35000000
2018-03-20 02:10:19,0.06440000,0.18800000
2018-03-20 02:10:20,0.06447500,0.14600000
2018-03-20 02:10:20,0.06440300,0.15400000
2018-03-20 02:10:21,0.06447400,0.72600000
2018-03-20 02:10:21,0.06440400,0.14600000
2018-03-20 02:10:21,0.06440300,0.17000000
2018-03-20 02:10:21,0.06440300,0.14600000
2018-03-20 02:10:21,0.06447400,1.06800000
2018-03-20 02:10:21,0.06440300,0.00100000
2018-03-20 02:10:21,0.06440200,0.38200000
2018-03-20 02:10:22,0.06440300,0.03900000
2018-03-20 02:10:22,0.06447300,0.52700000
2018-03-20 02:10:22,0.06447300,0.00100000
2018-03-20 02:10:22,0.06447400,0.00200000
2018-03-20 02:10:22,0.06447500,0.00100000
2018-03-20 02:10:22,0.06447600,0.01100000
2018-03-20 02:10:22,0.06448200,0.25700000
2018-03-20 02:10:22,0.06448200,0.07000000
2018-03-20 02:10:24,0.06441000,0.05900000
2018-03-20 02:10:24,0.06447400,0.02900000
2018-03-20 02:10:24,0.06447400,0.20300000
2018-03-20 02:10:24,0.06447500,0.02700000
2018-03-20 02:10:24,0.06447500,0.44300000
2018-03-20 02:10:24,0.06441000,0.19900000
2018-03-20 02:10:25,0.06447500,1.00000000
2018-03-20 02:10:26,0.06447000,0.09400000
2018-03-20 02:10:27,0.06447000,0.08500000
2018-03-20 02:10:27,0.06441200,0.15400000
2018-03-20 02:10:27,0.06440400,0.55400000
2018-03-20 02:10:28,0.06440400,0.04500000
2018-03-20 02:10:29,0.06447000,0.00100000
2018-03-20 02:10:29,0.06447500,0.00100000
2018-03-20 02:10:29,0.06447600,1.44000000
2018-03-20 02:10:29,0.06448200,0.46200000
2018-03-20 02:10:29,0.06448500,1.00100000
2018-03-20 02:10:29,0.06448800,0.09500000
2018-03-20 02:10:29,0.06448800,3.00000000
2018-03-20 02:10:30,0.06441000,0.18000000
2018-03-20 02:10:30,0.06440800,0.74500000
2018-03-20 02:10:30,0.06440600,0.31000000
2018-03-20 02:10:31,0.06441100,0.07000000
2018-03-20 02:10:31,0.06441100,0.39200000
2018-03-20 02:10:32,0.06441000,0.57700000
2018-03-20 02:10:32,0.06446900,0.24200000
2018-03-20 02:10:32,0.06441000,0.88700000
2018-03-20 02:10:32,0.06440600,1.91100000
2018-03-20 02:10:34,0.06446900,0.42900000
2018-03-20 02:10:35,0.06446900,0.07300000
2018-03-20 02:10:37,0.06447000,0.02100000
2018-03-20 02:10:37,0.06447000,0.00100000
2018-03-20 02:10:38,0.06440400,0.00100000
2018-03-20 02:10:38,0.06440200,0.02100000
2018-03-20 02:10:39,0.06447000,0.15600000
2018-03-20 02:10:40,0.06447300,0.32400000
2018-03-20 02:10:40,0.06447300,0.13900000
2018-03-20 02:10:41,0.06447200,0.27200000
2018-03-20 02:10:41,0.06447300,0.00100000
2018-03-20 02:10:41,0.06447400,0.46900000
2018-03-20 02:10:41,0.06447500,0.11600000
2018-03-20 02:10:41,0.06448500,0.88700000
2018-03-20 02:10:41,0.06448700,0.03400000
2018-03-20 02:10:41,0.06448400,0.46200000
2018-03-20 02:10:41,0.06440400,0.01800000
2018-03-20 02:10:42,0.06441000,0.17700000
2018-03-20 02:10:42,0.06448200,0.36400000
2018-03-20 02:10:42,0.06448300,0.15400000
2018-03-20 02:10:42,0.06448300,0.26300000
2018-03-20 02:10:42,0.06448000,0.18000000
2018-03-20 02:10:42,0.06448300,0.08400000
2018-03-20 02:10:43,0.06441100,0.01600000
2018-03-20 02:10:44,0.06448600,0.20000000
2018-03-20 02:10:45,0.06448600,1.70300000
2018-03-20 02:10:45,0.06448600,0.62200000
2018-03-20 02:10:46,0.06448700,0.02100000
2018-03-20 02:10:46,0.06448700,0.42100000
2018-03-20 02:10:49,0.06448700,0.12600000
2018-03-20 02:10:50,0.06442400,0.34500000
2018-03-20 02:10:51,0.06448700,0.78200000
2018-03-20 02:10:51,0.06448700,0.35000000
2018-03-20 02:10:51,0.06448800,1.42100000
2018-03-20 02:10:51,0.06441300,0.27400000
2018-03-20 02:10:52,0.06440700,0.22200000
2018-03-20 02:10:52,0.06448600,0.32700000
2018-03-20 02:10:52,0.06448500,0.27800000
2018-03-20 02:10:52,0.06448500,0.96600000
2018-03-20 02:10:53,0.06441500,0.15100000
2018-03-20 02:10:53,0.06442000,0.17700000
2018-03-20 02:10:54,0.06448000,0.17900000
2018-03-20 02:10:55,0.06442100,0.44400000
2018-03-20 02:10:55,0.06448000,0.00100000
2018-03-20 02:10:55,0.06449100,0.10800000
2018-03-20 02:10:55,0.06449100,0.10800000
2018-03-20 02:10:56,0.06441200,0.41700000
2018-03-20 02:10:56,0.06448900,0.22000000
2018-03-20 02:10:56,0.06449000,0.34400000
2018-03-20 02:10:57,0.06448900,0.12000000
2018-03-20 02:10:57,0.06449000,0.10300000
2018-03-20 02:10:57,0.06441400,0.03600000
2018-03-20 02:10:57,0.06449000,0.30000000
2018-03-20 02:10:57,0.06445200,2.58400000
2018-03-20 02:10:57,0.06449000,1.53800000
2018-03-20 02:10:57,0.06449000,1.03200000
2018-03-20 02:10:58,0.06449100,0.46200000
2018-03-20 02:10:58,0.06449100,0.53800000
2018-03-20 02:10:58,0.06449200,1.11600000
2018-03-20 02:10:59,0.06449200,0.04100000
2018-03-20 02:10:59,0.06449200,1.03200000
2018-03-20 02:11:00,0.06448700,0.02100000
2018-03-20 02:11:00,0.06448700,1.03200000
2018-03-20 02:11:01,0.06448700,0.04600000
2018-03-20 02:11:01,0.06448700,1.03200000
2018-03-20 02:11:02,0.06441700,0.85300000
2018-03-20 02:11:02,0.06448700,0.10700000
2018-03-20 02:11:02,0.06448700,2.62200000
2018-03-20 02:11:02,0.06448700,1.54700000
2018-03-20 02:11:03,0.06441700,0.09600000
2018-03-20 02:11:04,0.06448600,0.80600000
2018-03-20 02:11:04,0.06448600,0.11800000
2018-03-20 02:11:04,0.06448600,0.13900000
2018-03-20 02:11:04,0.06448600,0.12900000
2018-03-20 02:11:05,0.06441600,0.08700000
2018-03-20 02:11:05,0.06448700,0.19300000
2018-03-20 02:11:05,0.06448700,2.06400000
2018-03-20 02:11:06,0.06448600,0.08500000
2018-03-20 02:11:06,0.06448600,0.01100000
2018-03-20 02:11:06,0.06448700,0.08400000
2018-03-20 02:11:06,0.06448700,3.48300000
2018-03-20 02:11:06,0.06448700,0.00100000
2018-03-20 02:11:06,0.06448900,0.20000000
2018-03-20 02:11:06,0.06449200,0.14700000
2018-03-20 02:11:06,0.06441800,0.16900000
2018-03-20 02:11:07,0.06448800,0.16800000
2018-03-20 02:11:07,0.06442000,0.19000000
2018-03-20 02:11:07,0.06441900,0.27600000
2018-03-20 02:11:07,0.06448800,0.00100000
2018-03-20 02:11:07,0.06449200,0.16000000
2018-03-20 02:11:07,0.06449200,0.10200000
2018-03-20 02:11:07,0.06441900,0.28600000
2018-03-20 02:11:07,0.06449200,0.14700000
2018-03-20 02:11:07,0.06449400,0.10000000
2018-03-20 02:11:07,0.06441900,0.00100000
2018-03-20 02:11:07,0.06441900,0.05500000
2018-03-20 02:11:08,0.06449000,0.18200000
2018-03-20 02:11:08,0.06442000,0.73100000
2018-03-20 02:11:09,0.06448900,0.16100000
2018-03-20 02:11:09,0.06442100,0.21300000
2018-03-20 02:11:09,0.06448900,0.09600000
2018-03-20 02:11:10,0.06441600,0.02900000
2018-03-20 02:11:11,0.06448800,0.20400000
2018-03-20 02:11:11,0.06441700,0.02900000
2018-03-20 02:11:12,0.06442000,0.17900000
2018-03-20 02:11:12,0.06448700,0.18600000
2018-03-20 02:11:12,0.06442000,0.00100000
2018-03-20 02:11:12,0.06441700,0.02800000
2018-03-20 02:11:12,0.06441700,0.15000000
2018-03-20 02:11:14,0.06441700,0.41400000
2018-03-20 02:11:14,0.06448700,0.03700000
2018-03-20 02:11:14,0.06441700,0.46100000
2018-03-20 02:11:14,0.06441600,0.62900000
2018-03-20 02:11:14,0.06440800,0.46600000
2018-03-20 02:11:14,0.06440700,0.58900000
2018-03-20 02:11:14,0.06441700,0.04500000
2018-03-20 02:11:15,0.06441600,0.90300000
2018-03-20 02:11:15,0.06440800,0.03100000
2018-03-20 02:11:15,0.06441600,0.14800000
2018-03-20 02:11:15,0.06441600,0.06900000
2018-03-20 02:11:15,0.06441600,0.04500000
2018-03-20 02:11:15,0.06441600,0.86700000
2018-03-20 02:11:16,0.06440800,0.10900000
2018-03-20 02:11:16,0.06440800,0.32000000
2018-03-20 02:11:16,0.06441600,0.00100000
2018-03-20 02:11:16,0.06441700,0.00100000
2018-03-20 02:11:16,0.06442100,0.94900000
2018-03-20 02:11:16,0.06442100,0.19000000
2018-03-20 02:11:17,0.06442100,0.27800000
2018-03-20 02:11:17,0.06442100,0.99300000
2018-03-20 02:11:17,0.06447700,0.01900000
2018-03-20 02:11:17,0.06448500,0.08100000
2018-03-20 02:11:18,0.06442200,0.29400000
2018-03-20 02:11:19,0.06442200,0.02900000
2018-03-20 02:11:19,0.06442200,0.98100000
2018-03-20 02:11:19,0.06442200,0.00100000
2018-03-20 02:11:20,0.06442100,5.05800000
2018-03-20 02:11:20,0.06442100,0.02900000
2018-03-20 02:11:23,0.06442100,0.14800000
2018-03-20 02:11:24,0.06442100,0.04400000
2018-03-20 02:11:26,0.06448000,0.08700000
2018-03-20 02:11:26,0.06442100,0.00100000
2018-03-20 02:11:26,0.06440800,0.11200000
2018-03-20 02:11:27,0.06448100,0.84500000
2018-03-20 02:11:27,0.06448400,0.04600000
2018-03-20 02:11:27,0.06448400,0.06100000
2018-03-20 02:11:27,0.06448400,0.42400000
2018-03-20 02:11:27,0.06448400,0.30000000
2018-03-20 02:11:27,0.06448400,0.02300000
2018-03-20 02:11:27,0.06448400,0.09300000
2018-03-20 02:11:27,0.06448400,0.10500000
2018-03-20 02:11:27,0.06448400,0.05000000
2018-03-20 02:11:27,0.06448400,0.37100000
2018-03-20 02:11:27,0.06448400,0.15000000
2018-03-20 02:11:27,0.06448400,0.01800000
2018-03-20 02:11:27,0.06448400,0.16100000
2018-03-20 02:11:28,0.06448400,0.14600000
2018-03-20 02:11:28,0.06448400,0.06100000
2018-03-20 02:11:28,0.06448400,1.55100000
2018-03-20 02:11:28,0.06448400,0.46300000
2018-03-20 02:11:29,0.06448400,0.47100000
2018-03-20 02:11:29,0.06448400,0.83800000
2018-03-20 02:11:29,0.06448400,1.47900000
2018-03-20 02:11:29,0.06448400,0.05000000
2018-03-20 02:11:29,0.06448400,0.02500000
2018-03-20 02:11:31,0.06448500,1.50700000
2018-03-20 02:11:31,0.06448600,0.41400000
2018-03-20 02:11:31,0.06448800,0.09600000
2018-03-20 02:11:31,0.06448900,0.82300000
2018-03-20 02:11:31,0.06449500,0.16000000
2018-03-20 02:11:34,0.06442000,0.09000000
2018-03-20 02:11:35,0.06448400,0.09000000
2018-03-20 02:11:35,0.06441800,0.46800000
2018-03-20 02:11:35,0.06441700,0.35000000
2018-03-20 02:11:35,0.06441600,1.11500000
2018-03-20 02:11:36,0.06448000,0.09000000
2018-03-20 02:11:36,0.06448400,0.27400000
2018-03-20 02:11:36,0.06448500,0.20700000
2018-03-20 02:11:36,0.06449000,0.24000000
2018-03-20 02:11:36,0.06449000,0.00100000
2018-03-20 02:11:36,0.06441600,0.23900000
2018-03-20 02:11:36,0.06441600,0.11100000
2018-03-20 02:11:36,0.06440800,0.12900000
2018-03-20 02:11:38,0.06449500,0.27300000
2018-03-20 02:11:38,0.06448400,2.99900000
2018-03-20 02:11:39,0.06449500,0.17700000
2018-03-20 02:11:40,0.06449300,0.17900000
2018-03-20 02:11:40,0.06449300,0.02200000
2018-03-20 02:11:40,0.06449300,0.00100000
2018-03-20 02:11:40,0.06448400,0.00100000
2018-03-20 02:11:40,0.06442200,0.02000000
2018-03-20 02:11:40,0.06442200,0.02200000
2018-03-20 02:11:40,0.06442200,0.02200000
2018-03-20 02:11:40,0.06441300,0.21900000
2018-03-20 02:11:40,0.06441300,0.13100000
2018-03-20 02:11:40,0.06440800,0.08700000
2018-03-20 02:11:44,0.06441400,0.35000000
2018-03-20 02:11:44,0.06440800,0.05000000
2018-03-20 02:11:44,0.06447600,0.01600000
2018-03-20 02:11:44,0.06447600,0.25100000
2018-03-20 02:11:44,0.06447600,0.15900000
2018-03-20 02:11:45,0.06447600,0.01500000
2018-03-20 02:11:46,0.06447500,0.03700000
2018-03-20 02:11:46,0.06447500,0.02300000
2018-03-20 02:11:46,0.06447700,0.03600000
2018-03-20 02:11:46,0.06447700,0.18400000
2018-03-20 02:11:46,0.06440900,0.11300000
2018-03-20 02:11:49,0.06447600,0.46700000
2018-03-20 02:11:49,0.06442300,0.02600000
2018-03-20 02:11:50,0.06443300,0.02600000
2018-03-20 02:11:50,0.06445400,0.48400000
2018-03-20 02:11:50,0.06447600,0.00100000
2018-03-20 02:11:50,0.06447600,0.41500000
2018-03-20 02:11:53,0.06447700,0.00100000
2018-03-20 02:11:53,0.06447900,0.46400000
2018-03-20 02:11:53,0.06448700,0.74500000
2018-03-20 02:11:53,0.06449500,0.13700000
2018-03-20 02:11:54,0.06449500,0.09000000
2018-03-20 02:11:55,0.06449500,0.55500000
2018-03-20 02:11:55,0.06449500,0.34900000
2018-03-20 02:11:55,0.06447600,0.00100000
2018-03-20 02:11:55,0.06443300,0.00100000
2018-03-20 02:11:55,0.06442300,0.00100000
2018-03-20 02:11:55,0.06441200,0.13500000
2018-03-20 02:11:56,0.06449500,0.25100000
2018-03-20 02:11:56,0.06449500,0.23000000
2018-03-20 02:11:56,0.06449400,0.12800000
2018-03-20 02:11:57,0.06449400,0.79500000
2018-03-20 02:11:57,0.06449600,0.25000000
2018-03-20 02:11:57,0.06444600,0.01800000
2018-03-20 02:11:58,0.06449700,1.55000000
2018-03-20 02:11:58,0.06449700,0.45000000
2018-03-20 02:11:58,0.06445600,0.02600000
2018-03-20 02:11:59,0.06446700,1.38000000
2018-03-20 02:11:59,0.06446700,0.00100000
2018-03-20 02:11:59,0.06445600,0.00100000
2018-03-20 02:11:59,0.06445100,0.15400000
2018-03-20 02:11:59,0.06444600,0.11700000
2018-03-20 02:11:59,0.06449900,0.51000000
2018-03-20 02:12:00,0.06449900,0.47900000
2018-03-20 02:12:00,0.06449900,1.01000000
2018-03-20 02:12:01,0.06446400,0.02600000
2018-03-20 02:12:02,0.06447100,0.02600000
2018-03-20 02:12:02,0.06449900,0.00100000
2018-03-20 02:12:02,0.06450000,0.15400000
2018-03-20 02:12:02,0.06450000,1.00000000
2018-03-20 02:12:03,0.06447100,0.00100000
2018-03-20 02:12:03,0.06446400,0.00100000
2018-03-20 02:12:03,0.06445600,0.41400000
2018-03-20 02:12:04,0.06445500,0.02600000
2018-03-20 02:12:04,0.06450000,0.80000000
2018-03-20 02:12:04,0.06450000,0.63700000
2018-03-20 02:12:04,0.06450000,6.75600000
2018-03-20 02:12:04,0.06450000,11.65400000
2018-03-20 02:12:04,0.06450400,0.63400000
2018-03-20 02:12:05,0.06451000,0.70700000
2018-03-20 02:12:05,0.06446600,0.02600000
2018-03-20 02:12:05,0.06446600,0.00100000
2018-03-20 02:12:05,0.06445500,0.00100000
2018-03-20 02:12:05,0.06444700,0.02400000
2018-03-20 02:12:06,0.06447800,0.02600000
2018-03-20 02:12:06,0.06447800,0.00100000
2018-03-20 02:12:06,0.06447100,0.01700000
2018-03-20 02:12:06,0.06445600,0.00800000
2018-03-20 02:12:06,0.06445600,0.02600000
2018-03-20 02:12:06,0.06445600,0.02600000
2018-03-20 02:12:06,0.06445600,0.26300000
2018-03-20 02:12:06,0.06446000,0.02600000
2018-03-20 02:12:09,0.06451000,0.36900000
2018-03-20 02:12:09,0.06450900,0.14100000
2018-03-20 02:12:09,0.06451000,0.79500000
2018-03-20 02:12:10,0.06451000,0.56000000
2018-03-20 02:12:10,0.06451000,0.76300000
2018-03-20 02:12:10,0.06447100,0.45300000
2018-03-20 02:12:10,0.06451000,1.31900000
2018-03-20 02:12:10,0.06447000,0.02700000
2018-03-20 02:12:10,0.06446500,0.15300000
2018-03-20 02:12:10,0.06446000,0.00100000
2018-03-20 02:12:10,0.06445600,0.04600000
2018-03-20 02:12:10,0.06444700,0.59100000
2018-03-20 02:12:10,0.06443400,0.33500000
2018-03-20 02:12:10,0.06443300,0.02700000
2018-03-20 02:12:10,0.06442000,0.59500000
2018-03-20 02:12:10,0.06441600,0.74500000
2018-03-20 02:12:10,0.06441100,0.13000000
2018-03-20 02:12:11,0.06444700,0.40100000
2018-03-20 02:12:11,0.06444700,0.25200000
2018-03-20 02:12:11,0.06444700,0.02400000
2018-03-20 02:12:11,0.06444700,0.02100000
2018-03-20 02:12:11,0.06444700,0.12100000
2018-03-20 02:12:11,0.06451000,0.02000000
2018-03-20 02:12:12,0.06450900,0.05000000
2018-03-20 02:12:12,0.06450900,0.06900000
2018-03-20 02:12:12,0.06451000,0.07300000
2018-03-20 02:12:13,0.06451000,0.27200000
2018-03-20 02:12:14,0.06451000,1.26000000
2018-03-20 02:12:14,0.06447100,0.10900000
2018-03-20 02:12:15,0.06451000,0.31500000
2018-03-20 02:12:15,0.06451000,0.02600000
2018-03-20 02:12:16,0.06447100,0.71100000
2018-03-20 02:12:17,0.06451000,1.79600000
2018-03-20 02:12:17,0.06447100,0.09200000
2018-03-20 02:12:18,0.06451000,0.01600000
2018-03-20 02:12:18,0.06451000,0.18600000
2018-03-20 02:12:19,0.06451000,2.08900000
2018-03-20 02:12:20,0.06451000,0.00200000
2018-03-20 02:12:20,0.06451400,1.19800000
2018-03-20 02:12:20,0.06451500,2.96700000
2018-03-20 02:12:20,0.06452600,0.59100000
2018-03-20 02:12:20,0.06452700,0.05500000
2018-03-20 02:12:21,0.06452700,0.68900000
2018-03-20 02:12:21,0.06452900,0.25000000
2018-03-20 02:12:21,0.06453000,0.74300000
2018-03-20 02:12:21,0.06445200,0.01900000
2018-03-20 02:12:22,0.06452600,0.15400000
2018-03-20 02:12:23,0.06452600,0.03100000
2018-03-20 02:12:23,0.06453000,0.01900000
2018-03-20 02:12:23,0.06453400,0.46800000
2018-03-20 02:12:23,0.06453600,0.01900000
2018-03-20 02:12:23,0.06453900,0.02100000
2018-03-20 02:12:23,0.06454500,2.55700000
2018-03-20 02:12:23,0.06448000,0.02700000
2018-03-20 02:12:23,0.06446900,0.59300000
2018-03-20 02:12:23,0.06446800,0.40700000
2018-03-20 02:12:23,0.06452600,0.04500000
2018-03-20 02:12:23,0.06452600,0.00100000
2018-03-20 02:12:23,0.06447700,0.04400000
2018-03-20 02:12:23,0.06447700,0.04500000
2018-03-20 02:12:23,0.06447700,0.04100000
2018-03-20 02:12:23,0.06447700,0.04500000
2018-03-20 02:12:24,0.06454500,0.04400000
2018-03-20 02:12:27,0.06453400,0.01600000
2018-03-20 02:12:27,0.06447800,0.05400000
2018-03-20 02:12:28,0.06447800,0.02900000
2018-03-20 02:12:28,0.06453400,0.11400000
2018-03-20 02:12:28,0.06453400,0.38000000
2018-03-20 02:12:28,0.06453400,0.02700000
2018-03-20 02:12:29,0.06453400,0.62900000
2018-03-20 02:12:29,0.06453400,0.02900000
2018-03-20 02:12:29,0.06453400,0.01600000
2018-03-20 02:12:29,0.06453400,1.55000000
2018-03-20 02:12:29,0.06453400,0.17200000
2018-03-20 02:12:29,0.06453400,0.05900000
2018-03-20 02:12:29,0.06453400,2.02400000
2018-03-20 02:12:29,0.06447600,0.05800000
2018-03-20 02:12:29,0.06453400,0.09900000
2018-03-20 02:12:30,0.06453400,0.81700000
2018-03-20 02:12:30,0.06454400,0.27200000
2018-03-20 02:12:30,0.06453400,0.00100000
2018-03-20 02:12:30,0.06448000,0.01500000
2018-03-20 02:12:31,0.06454400,0.07500000
2018-03-20 02:12:32,0.06454400,0.07500000
2018-03-20 02:12:33,0.06454400,0.01500000
2018-03-20 02:12:33,0.06454400,0.04100000
2018-03-20 02:12:33,0.06454400,0.87000000
2018-03-20 02:12:33,0.06454500,0.36000000
2018-03-20 02:12:33,0.06454800,0.05400000
2018-03-20 02:12:34,0.06454800,0.52800000
2018-03-20 02:12:34,0.06455800,0.47200000
2018-03-20 02:12:34,0.06454400,0.04500000
2018-03-20 02:12:34,0.06455800,0.35100000
2018-03-20 02:12:34,0.06455900,0.11200000
2018-03-20 02:12:35,0.06455900,0.64700000
2018-03-20 02:12:35,0.06454700,0.02600000
2018-03-20 02:12:35,0.06455900,0.24300000
2018-03-20 02:12:36,0.06455900,0.50000000
2018-03-20 02:12:36,0.06454900,0.02600000
2018-03-20 02:12:36,0.06454900,0.00100000
2018-03-20 02:12:36,0.06454700,0.00100000
2018-03-20 02:12:36,0.06454500,0.07700000
2018-03-20 02:12:36,0.06455900,0.09700000
2018-03-20 02:12:37,0.06454400,0.00100000
2018-03-20 02:12:37,0.06448800,0.02700000
2018-03-20 02:12:37,0.06448400,0.08600000
2018-03-20 02:12:38,0.06453100,0.02500000
2018-03-20 02:12:39,0.06452900,0.02800000
2018-03-20 02:12:39,0.06452900,0.04500000
2018-03-20 02:12:40,0.06453100,0.00100000
2018-03-20 02:12:40,0.06451500,0.12300000
2018-03-20 02:12:40,0.06451500,0.00100000
2018-03-20 02:12:40,0.06450400,0.02600000
2018-03-20 02:12:41,0.06455900,0.42000000
2018-03-20 02:12:42,0.06450400,0.36300000
2018-03-20 02:12:43,0.06456200,0.02300000
2018-03-20 02:12:43,0.06450500,0.53200000
2018-03-20 02:12:43,0.06456200,0.03700000
2018-03-20 02:12:43,0.06456200,0.08200000
2018-03-20 02:12:43,0.06456200,2.50400000
2018-03-20 02:12:43,0.06457000,0.20000000
2018-03-20 02:12:43,0.06457200,0.02000000
2018-03-20 02:12:43,0.06457400,0.49600000
2018-03-20 02:12:43,0.06457400,0.08700000
2018-03-20 02:12:43,0.06458100,0.03300000
2018-03-20 02:12:44,0.06450500,0.33400000
2018-03-20 02:12:45,0.06451000,0.18900000
2018-03-20 02:12:46,0.06451100,0.26500000
2018-03-20 02:12:46,0.06451100,0.86500000
2018-03-20 02:12:47,0.06451100,0.45500000
2018-03-20 02:12:48,0.06457900,0.15400000
2018-03-20 02:12:48,0.06450600,0.20300000
2018-03-20 02:12:49,0.06450600,0.31300000
2018-03-20 02:12:49,0.06457800,0.21100000
2018-03-20 02:12:49,0.06457800,0.24400000
2018-03-20 02:12:49,0.06457900,0.52700000
2018-03-20 02:12:49,0.06458100,1.24400000
2018-03-20 02:12:50,0.06450600,0.18700000
2018-03-20 02:12:50,0.06450600,0.56900000
2018-03-20 02:12:50,0.06450600,0.03000000
2018-03-20 02:12:51,0.06454200,3.25000000
2018-03-20 02:12:51,0.06457800,1.95500000
2018-03-20 02:12:51,0.06457800,2.35400000
2018-03-20 02:12:52,0.06450600,0.13600000
2018-03-20 02:12:52,0.06457800,0.02000000
2018-03-20 02:12:53,0.06450600,0.06700000
2018-03-20 02:12:54,0.06450400,0.04500000
2018-03-20 02:12:57,0.06451700,0.02000000
2018-03-20 02:12:57,0.06451700,0.00700000
2018-03-20 02:12:57,0.06451000,0.01300000
2018-03-20 02:12:58,0.06456900,0.32300000
2018-03-20 02:12:58,0.06456900,0.42000000
2018-03-20 02:12:58,0.06450400,0.04600000
2018-03-20 02:12:59,0.06451600,0.02600000
2018-03-20 02:12:59,0.06456800,0.45300000
2018-03-20 02:13:00,0.06457000,0.19000000
2018-03-20 02:13:00,0.06457600,0.00500000
2018-03-20 02:13:01,0.06457600,0.10000000
2018-03-20 02:13:01,0.06457600,0.80000000
2018-03-20 02:13:01,0.06457800,0.03400000
2018-03-20 02:13:02,0.06451600,0.00100000
2018-03-20 02:13:02,0.06451500,0.02500000
2018-03-20 02:13:02,0.06457600,0.32300000
2018-03-20 02:13:02,0.06450400,0.00100000
2018-03-20 02:13:02,0.06450100,0.02700000
2018-03-20 02:13:02,0.06450100,0.02600000
2018-03-20 02:13:02,0.06450000,0.40100000
2018-03-20 02:13:02,0.06449800,0.02700000
2018-03-20 02:13:02,0.06449300,0.01800000
2018-03-20 02:13:03,0.06450600,0.26000000
2018-03-20 02:13:03,0.06450600,0.00100000
2018-03-20 02:13:03,0.06450600,0.04600000
2018-03-20 02:13:03,0.06457300,0.06700000
2018-03-20 02:13:03,0.06457500,0.33500000
2018-03-20 02:13:03,0.06457600,1.10700000
2018-03-20 02:13:04,0.06457200,0.01700000
2018-03-20 02:13:05,0.06451600,0.07000000
2018-03-20 02:13:08,0.06451600,0.09200000
2018-03-20 02:13:08,0.06451600,0.27800000
2018-03-20 02:13:08,0.06451600,0.25800000
2018-03-20 02:13:08,0.06457200,2.31300000
2018-03-20 02:13:08,0.06457400,0.30700000
2018-03-20 02:13:08,0.06457200,0.16400000
2018-03-20 02:13:09,0.06457200,0.77600000
2018-03-20 02:13:09,0.06457200,0.14400000
2018-03-20 02:13:09,0.06457200,0.30700000
2018-03-20 02:13:09,0.06457200,0.11000000
2018-03-20 02:13:09,0.06457200,0.12400000
2018-03-20 02:13:09,0.06457200,0.27400000
2018-03-20 02:13:09,0.06457200,0.41400000
2018-03-20 02:13:09,0.06451600,0.03100000
2018-03-20 02:13:09,0.06451600,0.14100000
2018-03-20 02:13:09,0.06451600,0.02500000
2018-03-20 02:13:09,0.06449300,0.72600000
2018-03-20 02:13:09,0.06448500,0.08500000
2018-03-20 02:13:09,0.06448500,0.50600000
2018-03-20 02:13:09,0.06448400,0.17800000
2018-03-20 02:13:09,0.06455200,0.01900000
2018-03-20 02:13:09,0.06455200,0.00100000
2018-03-20 02:13:09,0.06448400,0.01600000
2018-03-20 02:13:10,0.06457100,0.07000000
2018-03-20 02:13:10,0.06457100,0.00100000
2018-03-20 02:13:10,0.06457400,0.50600000
2018-03-20 02:13:10,0.06456800,0.08300000
2018-03-20 02:13:11,0.06456800,0.66100000
2018-03-20 02:13:11,0.06457300,0.20000000
2018-03-20 02:13:11,0.06451800,0.02500000
2018-03-20 02:13:13,0.06451900,0.19900000
2018-03-20 02:13:15,0.06457200,0.18000000
2018-03-20 02:13:15,0.06457300,0.41700000
2018-03-20 02:13:15,0.06457400,1.00000000
2018-03-20 02:13:15,0.06457400,0.15200000
2018-03-20 02:13:15,0.06457600,0.26000000
2018-03-20 02:13:15,0.06457400,0.25800000
2018-03-20 02:13:15,0.06457400,0.12000000
2018-03-20 02:13:16,0.06457400,0.05000000
2018-03-20 02:13:16,0.06457500,0.26800000
2018-03-20 02:13:16,0.06457400,0.02900000
2018-03-20 02:13:16,0.06457400,1.97100000
2018-03-20 02:13:16,0.06457400,0.05000000
2018-03-20 02:13:16,0.06457400,0.02400000
2018-03-20 02:13:17,0.06457400,0.11100000
2018-03-20 02:13:17,0.06457500,0.00100000
2018-03-20 02:13:17,0.06457600,0.50200000
2018-03-20 02:13:17,0.06457500,0.09300000
2018-03-20 02:13:17,0.06457500,0.00100000
2018-03-20 02:13:17,0.06457400,0.09200000
2018-03-20 02:13:17,0.06457400,0.05000000
2018-03-20 02:13:18,0.06457600,1.54800000
2018-03-20 02:13:18,0.06457600,0.50100000
2018-03-20 02:13:18,0.06457400,0.05000000
2018-03-20 02:13:19,0.06457500,0.18200000
2018-03-20 02:13:19,0.06457400,0.02000000
2018-03-20 02:13:19,0.06457400,0.05000000
2018-03-20 02:13:20,0.06457400,0.05000000
2018-03-20 02:13:20,0.06457400,0.15500000
2018-03-20 02:13:21,0.06457500,0.62500000
2018-03-20 02:13:21,0.06457500,0.90600000
2018-03-20 02:13:21,0.06457400,0.08900000
2018-03-20 02:13:21,0.06457400,0.05000000
2018-03-20 02:13:22,0.06457500,0.16100000
2018-03-20 02:13:22,0.06457500,0.11800000
2018-03-20 02:13:22,0.06457400,0.05000000
2018-03-20 02:13:22,0.06457400,0.13200000
2018-03-20 02:13:23,0.06457400,0.05000000
2018-03-20 02:13:24,0.06457500,0.00800000
2018-03-20 02:13:24,0.06457600,0.99200000
2018-03-20 02:13:24,0.06457400,0.05000000
2018-03-20 02:13:24,0.06457400,0.01700000
2018-03-20 02:13:25,0.06457600,0.38900000
2018-03-20 02:13:25,0.06457400,0.11200000
2018-03-20 02:13:25,0.06457400,0.05000000
2018-03-20 02:13:26,0.06457400,0.05000000
2018-03-20 02:13:27,0.06457400,0.11200000
2018-03-20 02:13:27,0.06457400,0.31800000
2018-03-20 02:13:27,0.06457400,0.02900000
2018-03-20 02:13:27,0.06457500,0.87200000
2018-03-20 02:13:27,0.06457600,0.44100000
2018-03-20 02:13:27,0.06457400,0.02700000
2018-03-20 02:13:27,0.06457400,0.09900000
2018-03-20 02:13:27,0.06457400,0.19000000
2018-03-20 02:13:27,0.06457400,0.05000000
2018-03-20 02:13:27,0.06457400,0.11000000
2018-03-20 02:13:27,0.06457600,0.10000000
2018-03-20 02:13:28,0.06457400,0.05000000
2018-03-20 02:13:28,0.06457400,0.04000000
2018-03-20 02:13:28,0.06457600,0.01700000
2018-03-20 02:13:29,0.06457400,1.54800000
2018-03-20 02:13:29,0.06457400,0.05000000
2018-03-20 02:13:30,0.06457500,0.39200000
2018-03-20 02:13:30,0.06457400,0.07900000
2018-03-20 02:13:30,0.06457500,2.60800000
2018-03-20 02:13:30,0.06457600,0.87500000
2018-03-20 02:13:31,0.06457400,0.05000000
2018-03-20 02:13:31,0.06457400,0.05000000
2018-03-20 02:13:31,0.06457400,0.01600000
2018-03-20 02:13:32,0.06457400,0.11000000
2018-03-20 02:13:32,0.06457400,0.50100000
2018-03-20 02:13:32,0.06457400,0.16500000
2018-03-20 02:13:32,0.06457400,0.05000000
2018-03-20 02:13:33,0.06457400,0.24300000
2018-03-20 02:13:33,0.06457400,0.05500000
2018-03-20 02:13:33,0.06457400,0.05000000
2018-03-20 02:13:33,0.06457400,0.15500000
2018-03-20 02:13:34,0.06457600,0.06600000
2018-03-20 02:13:34,0.06457400,0.24600000
2018-03-20 02:13:34,0.06457400,0.05000000
2018-03-20 02:13:35,0.06457600,3.77300000
2018-03-20 02:13:35,0.06457600,2.53600000
2018-03-20 02:13:35,0.06457800,0.56900000
2018-03-20 02:13:35,0.06457900,0.03300000
2018-03-20 02:13:35,0.06458100,0.75300000
2018-03-20 02:13:35,0.06457400,0.05000000
2018-03-20 02:13:35,0.06458800,0.07800000
2018-03-20 02:13:35,0.06459000,1.29400000
2018-03-20 02:13:36,0.06457500,0.19900000
2018-03-20 02:13:36,0.06459000,1.70500000
2018-03-20 02:13:36,0.06457500,0.00900000
2018-03-20 02:13:36,0.06457400,0.04100000
2018-03-20 02:13:37,0.06457400,0.05000000
