DATE,PRICE,VOLUME
2018-03-22 21:00:00,0.06147400,0.03600000
2018-03-22 21:00:00,0.06147600,0.74700000
2018-03-22 21:00:00,0.06147500,0.10000000
2018-03-22 21:00:00,0.06147500,0.59000000
2018-03-22 21:00:00,0.06147400,0.02400000
2018-03-22 21:00:00,0.06147000,0.23000000
2018-03-22 21:00:00,0.06147000,0.00400000
2018-03-22 21:00:03,0.06146300,5.30800000
2018-03-22 21:00:03,0.06146300,0.01700000
2018-03-22 21:00:04,0.06147000,0.01700000
2018-03-22 21:00:04,0.06147000,0.00100000
2018-03-22 21:00:04,0.06153000,0.01600000
2018-03-22 21:00:04,0.06153000,0.01700000
2018-03-22 21:00:04,0.06146400,0.12200000
2018-03-22 21:00:05,0.06146000,0.32900000
2018-03-22 21:00:06,0.06152900,0.23400000
2018-03-22 21:00:06,0.06146000,0.03900000
2018-03-22 21:00:06,0.06146100,0.14200000
2018-03-22 21:00:06,0.06146100,0.00300000
2018-03-22 21:00:06,0.06146100,0.17500000
2018-03-22 21:00:07,0.06146100,0.02100000
2018-03-22 21:00:07,0.06146000,0.00100000
2018-03-22 21:00:07,0.06145100,0.02600000
2018-03-22 21:00:07,0.06145100,0.04100000
2018-03-22 21:00:07,0.06152700,0.09300000
2018-03-22 21:00:08,0.06145200,0.21300000
2018-03-22 21:00:08,0.06152500,0.33000000
2018-03-22 21:00:08,0.06152600,0.61500000
2018-03-22 21:00:09,0.06145200,1.62900000
2018-03-22 21:00:09,0.06145200,0.06000000
2018-03-22 21:00:09,0.06152000,0.08800000
2018-03-22 21:00:10,0.06151900,0.11600000
2018-03-22 21:00:10,0.06151900,0.03200000
2018-03-22 21:00:11,0.06145100,0.50800000
2018-03-22 21:00:12,0.06145100,0.22500000
2018-03-22 21:00:13,0.06151600,0.33000000
2018-03-22 21:00:14,0.06151600,0.15800000
2018-03-22 21:00:14,0.06151600,0.22100000
2018-03-22 21:00:14,0.06151700,0.15700000
2018-03-22 21:00:14,0.06151600,0.14700000
2018-03-22 21:00:14,0.06151700,0.02700000
2018-03-22 21:00:20,0.06145100,0.04600000
2018-03-22 21:00:21,0.06148200,0.00200000
2018-03-22 21:00:21,0.06148000,0.03300000
2018-03-22 21:00:21,0.06148000,0.02600000
2018-03-22 21:00:22,0.06148000,0.10300000
2018-03-22 21:00:22,0.06148000,0.03200000
2018-03-22 21:00:22,0.06145100,0.15500000
2018-03-22 21:00:23,0.06148000,0.10900000
2018-03-22 21:00:27,0.06148000,0.16100000
2018-03-22 21:00:27,0.06148000,0.17100000
2018-03-22 21:00:29,0.06148000,0.17800000
2018-03-22 21:00:32,0.06145000,0.02700000
2018-03-22 21:00:32,0.06145000,0.00100000
2018-03-22 21:00:32,0.06144500,0.02800000
2018-03-22 21:00:32,0.06143900,0.02800000
2018-03-22 21:00:32,0.06142600,0.89000000
2018-03-22 21:00:32,0.06148000,0.05500000
2018-03-22 21:00:33,0.06148000,0.24100000
2018-03-22 21:00:33,0.06141900,0.18900000
2018-03-22 21:00:36,0.06147900,0.31300000
2018-03-22 21:00:36,0.06142000,0.02400000
2018-03-22 21:00:37,0.06145000,0.66900000
2018-03-22 21:00:37,0.06147900,0.00100000
2018-03-22 21:00:39,0.06142300,0.23400000
2018-03-22 21:00:41,0.06142400,0.01700000
2018-03-22 21:00:42,0.06148000,0.00100000
2018-03-22 21:00:42,0.06149900,0.07500000
2018-03-22 21:00:42,0.06149800,0.01300000
2018-03-22 21:00:43,0.06142500,0.41500000
2018-03-22 21:00:43,0.06149800,0.08100000
2018-03-22 21:00:43,0.06149800,0.11200000
2018-03-22 21:00:43,0.06143000,0.15200000
2018-03-22 21:00:43,0.06143000,0.18900000
2018-03-22 21:00:43,0.06143000,0.00900000
2018-03-22 21:00:43,0.06142500,1.29000000
2018-03-22 21:00:43,0.06142300,0.33000000
2018-03-22 21:00:43,0.06141800,1.54800000
2018-03-22 21:00:43,0.06141300,0.01600000
2018-03-22 21:00:45,0.06149400,0.65500000
2018-03-22 21:00:46,0.06141600,0.03800000
2018-03-22 21:00:49,0.06141700,0.12000000
2018-03-22 21:00:50,0.06148600,0.10000000
2018-03-22 21:00:50,0.06141800,0.18900000
2018-03-22 21:00:51,0.06148000,0.09900000
2018-03-22 21:00:51,0.06148000,0.25100000
2018-03-22 21:00:51,0.06148600,0.09800000
2018-03-22 21:00:52,0.06148500,0.04200000
2018-03-22 21:00:53,0.06142000,0.08000000
2018-03-22 21:00:53,0.06141900,0.09700000
2018-03-22 21:00:53,0.06141300,0.15100000
2018-03-22 21:00:54,0.06146000,0.06900000
2018-03-22 21:00:54,0.06146000,0.04000000
2018-03-22 21:00:54,0.06146000,0.27600000
2018-03-22 21:00:54,0.06148400,0.10800000
2018-03-22 21:00:56,0.06141300,0.03300000
2018-03-22 21:00:56,0.06141200,0.09600000
2018-03-22 21:01:00,0.06141200,0.16700000
2018-03-22 21:01:00,0.06141000,0.14400000
2018-03-22 21:01:00,0.06141000,0.16600000
2018-03-22 21:01:00,0.06141000,0.16500000
2018-03-22 21:01:00,0.06141000,0.03500000
2018-03-22 21:01:00,0.06140400,0.08600000
2018-03-22 21:01:00,0.06140100,0.04400000
2018-03-22 21:01:01,0.06140200,0.19000000
2018-03-22 21:01:03,0.06146900,0.02400000
2018-03-22 21:01:03,0.06142300,0.02500000
2018-03-22 21:01:03,0.06145600,0.12000000
2018-03-22 21:01:04,0.06142300,0.01800000
2018-03-22 21:01:05,0.06146300,0.10700000
2018-03-22 21:01:06,0.06146300,0.09400000
2018-03-22 21:01:06,0.06142300,0.20600000
2018-03-22 21:01:07,0.06142300,0.00100000
2018-03-22 21:01:07,0.06140100,0.01100000
2018-03-22 21:01:08,0.06140100,0.13400000
2018-03-22 21:01:13,0.06146400,0.15300000
2018-03-22 21:01:13,0.06146400,0.09700000
2018-03-22 21:01:15,0.06146400,0.25200000
2018-03-22 21:01:16,0.06143300,4.09200000
2018-03-22 21:01:16,0.06140300,1.63700000
2018-03-22 21:01:21,0.06145900,0.03400000
2018-03-22 21:01:21,0.06146100,2.36800000
2018-03-22 21:01:21,0.06146300,0.80600000
2018-03-22 21:01:21,0.06145900,0.00100000
2018-03-22 21:01:22,0.06140200,0.09200000
2018-03-22 21:01:23,0.06140200,0.03900000
2018-03-22 21:01:23,0.06140100,0.33700000
2018-03-22 21:01:24,0.06140300,0.05900000
2018-03-22 21:01:25,0.06145800,0.08800000
2018-03-22 21:01:25,0.06140300,0.05900000
2018-03-22 21:01:25,0.06140300,0.01300000
2018-03-22 21:01:25,0.06140100,0.04800000
2018-03-22 21:01:25,0.06140100,0.16300000
2018-03-22 21:01:26,0.06145700,0.01700000
2018-03-22 21:01:27,0.06146300,0.32800000
2018-03-22 21:01:27,0.06140200,0.05900000
2018-03-22 21:01:28,0.06140200,0.05900000
2018-03-22 21:01:30,0.06143300,2.25100000
2018-03-22 21:01:30,0.06140300,0.82200000
2018-03-22 21:01:30,0.06146300,0.05200000
2018-03-22 21:01:30,0.06140300,1.07200000
2018-03-22 21:01:31,0.06146300,0.99900000
2018-03-22 21:01:32,0.06140300,0.02700000
2018-03-22 21:01:32,0.06140300,0.00100000
2018-03-22 21:01:32,0.06140200,0.01300000
2018-03-22 21:01:32,0.06140100,0.01300000
2018-03-22 21:01:32,0.06140100,0.27200000
2018-03-22 21:01:34,0.06140200,0.05900000
2018-03-22 21:01:34,0.06140200,1.05000000
2018-03-22 21:01:34,0.06140200,0.25000000
2018-03-22 21:01:35,0.06140200,0.05100000
2018-03-22 21:01:35,0.06140200,0.00700000
2018-03-22 21:01:35,0.06140300,0.01700000
2018-03-22 21:01:35,0.06146200,0.03300000
2018-03-22 21:01:35,0.06146200,0.05000000
2018-03-22 21:01:35,0.06146200,0.05600000
2018-03-22 21:01:35,0.06146200,0.05700000
2018-03-22 21:01:35,0.06146200,0.04600000
2018-03-22 21:01:35,0.06146200,0.03500000
2018-03-22 21:01:37,0.06140400,0.08700000
2018-03-22 21:01:37,0.06146200,0.29800000
2018-03-22 21:01:37,0.06140400,0.00700000
2018-03-22 21:01:37,0.06140400,0.06700000
2018-03-22 21:01:38,0.06140400,0.19700000
2018-03-22 21:01:39,0.06140500,0.02900000
2018-03-22 21:01:40,0.06141000,0.08000000
2018-03-22 21:01:42,0.06141000,0.03200000
2018-03-22 21:01:42,0.06140500,0.23200000
2018-03-22 21:01:42,0.06140300,0.33600000
2018-03-22 21:01:42,0.06140300,0.03100000
2018-03-22 21:01:42,0.06146400,0.86700000
2018-03-22 21:01:44,0.06146200,1.58200000
2018-03-22 21:01:47,0.06146100,0.20000000
2018-03-22 21:01:47,0.06140900,0.08000000
2018-03-22 21:01:47,0.06146100,0.30300000
2018-03-22 21:01:48,0.06140900,0.00100000
2018-03-22 21:01:48,0.06140400,0.59900000
2018-03-22 21:01:49,0.06146000,0.09900000
2018-03-22 21:01:49,0.06146000,0.17100000
2018-03-22 21:01:51,0.06143400,2.58800000
2018-03-22 21:01:51,0.06140500,1.42300000
2018-03-22 21:01:54,0.06140400,0.99700000
2018-03-22 21:01:54,0.06140300,2.14100000
2018-03-22 21:01:54,0.06140100,0.62000000
2018-03-22 21:01:54,0.06140000,12.69700000
2018-03-22 21:01:54,0.06146400,0.02300000
2018-03-22 21:01:57,0.06140100,0.16000000
2018-03-22 21:01:59,0.06140100,0.37400000
2018-03-22 21:01:59,0.06140100,0.18900000
2018-03-22 21:02:00,0.06140100,0.18900000
2018-03-22 21:02:01,0.06146400,0.88200000
2018-03-22 21:02:01,0.06140700,0.07000000
2018-03-22 21:02:04,0.06140700,0.00100000
2018-03-22 21:02:05,0.06140200,0.06600000
2018-03-22 21:02:05,0.06140200,0.11000000
2018-03-22 21:02:05,0.06140200,0.30100000
2018-03-22 21:02:05,0.06140700,0.01700000
2018-03-22 21:02:07,0.06140700,0.02900000
2018-03-22 21:02:07,0.06146400,0.00200000
2018-03-22 21:02:07,0.06147000,0.77700000
2018-03-22 21:02:07,0.06146400,0.02800000
2018-03-22 21:02:08,0.06140900,0.03500000
2018-03-22 21:02:09,0.06140900,0.03800000
2018-03-22 21:02:09,0.06147200,0.55400000
2018-03-22 21:02:09,0.06147000,0.09500000
2018-03-22 21:02:09,0.06143900,0.20300000
2018-03-22 21:02:09,0.06140900,0.30200000
2018-03-22 21:02:09,0.06140900,0.09000000
2018-03-22 21:02:09,0.06140900,0.04300000
2018-03-22 21:02:09,0.06140900,0.00100000
2018-03-22 21:02:09,0.06147000,0.04200000
2018-03-22 21:02:10,0.06147000,0.16900000
2018-03-22 21:02:11,0.06140800,0.09300000
2018-03-22 21:02:12,0.06140800,0.94800000
2018-03-22 21:02:12,0.06147200,2.48500000
2018-03-22 21:02:12,0.06147200,0.02800000
2018-03-22 21:02:13,0.06140800,0.00100000
2018-03-22 21:02:13,0.06140800,0.16200000
2018-03-22 21:02:13,0.06147000,0.11200000
2018-03-22 21:02:13,0.06147100,0.04900000
2018-03-22 21:02:13,0.06147100,0.09600000
2018-03-22 21:02:13,0.06147200,0.06500000
2018-03-22 21:02:13,0.06147200,0.08600000
2018-03-22 21:02:13,0.06147200,0.16100000
2018-03-22 21:02:13,0.06147200,0.04500000
2018-03-22 21:02:13,0.06147200,0.16100000
2018-03-22 21:02:15,0.06140900,0.39900000
2018-03-22 21:02:16,0.06140900,0.04000000
2018-03-22 21:02:22,0.06140900,0.18900000
2018-03-22 21:02:24,0.06147200,0.22400000
2018-03-22 21:02:25,0.06140900,0.41300000
2018-03-22 21:02:26,0.06147200,0.07400000
2018-03-22 21:02:29,0.06146800,0.07700000
2018-03-22 21:02:29,0.06146800,0.34800000
2018-03-22 21:02:30,0.06146800,0.00100000
2018-03-22 21:02:31,0.06146800,0.06200000
2018-03-22 21:02:31,0.06146800,0.05000000
2018-03-22 21:02:32,0.06146900,0.07700000
2018-03-22 21:02:32,0.06146900,0.00100000
2018-03-22 21:02:32,0.06147200,0.80000000
2018-03-22 21:02:32,0.06147300,0.68800000
2018-03-22 21:02:32,0.06147300,0.18100000
2018-03-22 21:02:32,0.06140900,0.40500000
2018-03-22 21:02:32,0.06147300,0.99800000
2018-03-22 21:02:32,0.06147300,0.51500000
2018-03-22 21:02:32,0.06147300,0.91800000
2018-03-22 21:02:33,0.06147300,2.29100000
2018-03-22 21:02:35,0.06141100,0.19700000
2018-03-22 21:02:36,0.06141200,1.62800000
2018-03-22 21:02:36,0.06147300,7.01400000
2018-03-22 21:02:37,0.06147300,0.09100000
2018-03-22 21:02:39,0.06147300,0.26800000
2018-03-22 21:02:40,0.06141000,0.29500000
2018-03-22 21:02:41,0.06141000,0.65200000
2018-03-22 21:02:41,0.06147300,0.04400000
2018-03-22 21:02:42,0.06147300,1.51200000
2018-03-22 21:02:44,0.06147300,0.00100000
2018-03-22 21:02:44,0.06147300,0.09500000
2018-03-22 21:02:44,0.06147300,0.08600000
2018-03-22 21:02:44,0.06147300,0.03800000
2018-03-22 21:02:44,0.06147300,0.03800000
2018-03-22 21:02:44,0.06147300,0.15400000
2018-03-22 21:02:45,0.06147300,0.15400000
2018-03-22 21:02:45,0.06147300,0.00100000
2018-03-22 21:02:45,0.06141000,0.04900000
2018-03-22 21:02:45,0.06147400,0.02600000
2018-03-22 21:02:45,0.06147400,0.09900000
2018-03-22 21:02:46,0.06141000,0.11300000
2018-03-22 21:02:48,0.06141100,0.29500000
2018-03-22 21:02:48,0.06141100,0.21000000
2018-03-22 21:02:48,0.06147300,0.07900000
2018-03-22 21:02:51,0.06147400,0.50000000
2018-03-22 21:02:53,0.06147400,0.52600000
2018-03-22 21:02:53,0.06147700,0.98600000
2018-03-22 21:02:55,0.06141500,0.10000000
2018-03-22 21:02:55,0.06141400,0.06300000
2018-03-22 21:02:55,0.06147700,0.00100000
2018-03-22 21:02:55,0.06149000,0.05900000
2018-03-22 21:02:56,0.06148900,0.04400000
2018-03-22 21:02:57,0.06148900,0.17000000
2018-03-22 21:03:00,0.06142300,0.23400000
2018-03-22 21:03:00,0.06142200,0.23900000
2018-03-22 21:03:00,0.06142200,0.01600000
2018-03-22 21:03:00,0.06142100,0.45600000
2018-03-22 21:03:00,0.06141500,0.09700000
2018-03-22 21:03:00,0.06141500,0.00300000
2018-03-22 21:03:00,0.06141400,0.06700000
2018-03-22 21:03:00,0.06141500,0.12900000
2018-03-22 21:03:03,0.06142200,0.15500000
2018-03-22 21:03:03,0.06148700,0.87300000
2018-03-22 21:03:03,0.06148800,0.30900000
2018-03-22 21:03:03,0.06148900,0.71600000
2018-03-22 21:03:03,0.06148800,0.03000000
2018-03-22 21:03:03,0.06148800,0.10000000
2018-03-22 21:03:03,0.06148800,0.10300000
2018-03-22 21:03:03,0.06142200,0.12900000
2018-03-22 21:03:03,0.06142200,0.10200000
2018-03-22 21:03:04,0.06148900,0.08400000
2018-03-22 21:03:04,0.06148600,0.21000000
2018-03-22 21:03:04,0.06141700,0.01800000
2018-03-22 21:03:04,0.06142000,0.00300000
2018-03-22 21:03:05,0.06141800,0.12700000
2018-03-22 21:03:07,0.06148800,0.10000000
2018-03-22 21:03:07,0.06148900,0.09800000
2018-03-22 21:03:10,0.06142100,0.20200000
2018-03-22 21:03:11,0.06148600,0.01700000
2018-03-22 21:03:11,0.06148600,0.12700000
2018-03-22 21:03:11,0.06148600,0.13600000
2018-03-22 21:03:11,0.06148600,0.04300000
2018-03-22 21:03:11,0.06148600,0.00100000
2018-03-22 21:03:11,0.06142100,0.04200000
2018-03-22 21:03:11,0.06142100,0.03300000
2018-03-22 21:03:11,0.06141600,0.01000000
2018-03-22 21:03:11,0.06141600,0.04300000
2018-03-22 21:03:11,0.06141600,0.04300000
2018-03-22 21:03:14,0.06142200,0.07100000
2018-03-22 21:03:14,0.06142200,0.48500000
2018-03-22 21:03:14,0.06142200,0.04000000
2018-03-22 21:03:15,0.06142200,0.02000000
2018-03-22 21:03:17,0.06142100,0.03200000
2018-03-22 21:03:17,0.06148500,0.08400000
2018-03-22 21:03:18,0.06142500,0.01700000
2018-03-22 21:03:19,0.06142200,1.09900000
2018-03-22 21:03:20,0.06142200,0.17900000
2018-03-22 21:03:20,0.06142200,0.03300000
2018-03-22 21:03:20,0.06148600,1.09200000
2018-03-22 21:03:20,0.06142100,0.09900000
2018-03-22 21:03:23,0.06148400,0.05500000
2018-03-22 21:03:23,0.06142300,0.49600000
2018-03-22 21:03:23,0.06145300,1.18300000
2018-03-22 21:03:23,0.06142300,0.00100000
2018-03-22 21:03:24,0.06142300,0.49400000
2018-03-22 21:03:24,0.06142300,0.00100000
2018-03-22 21:03:24,0.06148400,0.06200000
2018-03-22 21:03:25,0.06142100,0.16800000
2018-03-22 21:03:26,0.06148400,0.01700000
2018-03-22 21:03:26,0.06142100,0.00100000
2018-03-22 21:03:26,0.06141800,0.26400000
2018-03-22 21:03:28,0.06142100,0.07800000
2018-03-22 21:03:29,0.06142100,0.00100000
2018-03-22 21:03:29,0.06148300,0.25900000
2018-03-22 21:03:31,0.06141800,0.18100000
2018-03-22 21:03:31,0.06141800,0.01500000
2018-03-22 21:03:32,0.06148200,0.02700000
2018-03-22 21:03:32,0.06142100,0.01700000
2018-03-22 21:03:36,0.06141800,0.07900000
2018-03-22 21:03:37,0.06141900,0.83600000
2018-03-22 21:03:37,0.06141800,1.39700000
2018-03-22 21:03:37,0.06141800,0.05600000
2018-03-22 21:03:37,0.06141200,0.09400000
2018-03-22 21:03:38,0.06148000,0.01700000
2018-03-22 21:03:40,0.06141300,0.02200000
2018-03-22 21:03:40,0.06148000,0.28200000
2018-03-22 21:03:41,0.06141400,0.10000000
2018-03-22 21:03:42,0.06148000,0.08800000
2018-03-22 21:03:43,0.06142000,0.09100000
2018-03-22 21:03:43,0.06148000,0.23900000
2018-03-22 21:03:44,0.06142100,0.06900000
2018-03-22 21:03:44,0.06148000,0.62900000
2018-03-22 21:03:44,0.06142100,0.00100000
2018-03-22 21:03:44,0.06142000,0.03900000
2018-03-22 21:03:44,0.06142000,0.55500000
2018-03-22 21:03:45,0.06142100,0.23100000
2018-03-22 21:03:45,0.06142100,0.01200000
2018-03-22 21:03:45,0.06142000,0.00500000
2018-03-22 21:03:46,0.06148400,0.12500000
2018-03-22 21:03:46,0.06142100,0.10000000
2018-03-22 21:03:46,0.06142000,0.07400000
2018-03-22 21:03:46,0.06142100,0.10000000
2018-03-22 21:03:46,0.06142000,0.55400000
2018-03-22 21:03:50,0.06142000,0.37500000
2018-03-22 21:03:50,0.06142000,0.37400000
2018-03-22 21:03:51,0.06141300,0.04800000
2018-03-22 21:03:53,0.06141500,1.35300000
2018-03-22 21:03:53,0.06148200,0.01700000
2018-03-22 21:03:54,0.06148100,0.04500000
2018-03-22 21:03:56,0.06148000,0.62900000
2018-03-22 21:04:00,0.06143200,0.01700000
2018-03-22 21:04:00,0.06143200,0.18400000
2018-03-22 21:04:00,0.06143200,0.18300000
2018-03-22 21:04:01,0.06143200,0.02600000
2018-03-22 21:04:02,0.06144000,0.03300000
2018-03-22 21:04:02,0.06144000,0.02900000
2018-03-22 21:04:02,0.06144000,0.23800000
2018-03-22 21:04:02,0.06143200,0.06100000
2018-03-22 21:04:03,0.06147800,0.03600000
2018-03-22 21:04:03,0.06143200,0.07600000
2018-03-22 21:04:03,0.06143200,0.14400000
2018-03-22 21:04:04,0.06143200,0.01800000
2018-03-22 21:04:04,0.06143200,0.10300000
2018-03-22 21:04:04,0.06147600,0.05700000
2018-03-22 21:04:04,0.06143200,1.29100000
2018-03-22 21:04:04,0.06141300,0.10200000
2018-03-22 21:04:05,0.06147600,0.01700000
2018-03-22 21:04:12,0.06141400,0.01700000
2018-03-22 21:04:14,0.06147500,0.01700000
2018-03-22 21:04:16,0.06147500,0.38900000
2018-03-22 21:04:16,0.06142000,0.92300000
2018-03-22 21:04:21,0.06141400,0.01700000
2018-03-22 21:04:21,0.06147500,0.09700000
2018-03-22 21:04:21,0.06141500,0.48800000
2018-03-22 21:04:23,0.06144500,0.52800000
2018-03-22 21:04:23,0.06141500,0.00100000
2018-03-22 21:04:23,0.06141500,0.04100000
2018-03-22 21:04:23,0.06141500,0.30000000
2018-03-22 21:04:23,0.06141500,0.14600000
2018-03-22 21:04:23,0.06147500,0.01700000
2018-03-22 21:04:24,0.06147500,0.01700000
2018-03-22 21:04:26,0.06142000,0.16200000
2018-03-22 21:04:26,0.06142000,0.00500000
2018-03-22 21:04:26,0.06141400,0.04600000
2018-03-22 21:04:27,0.06147400,0.13600000
2018-03-22 21:04:27,0.06147400,0.17500000
2018-03-22 21:04:27,0.06141400,0.02400000
2018-03-22 21:04:28,0.06147300,0.06600000
2018-03-22 21:04:28,0.06147300,0.19100000
2018-03-22 21:04:29,0.06147400,0.03700000
2018-03-22 21:04:29,0.06147400,0.06600000
2018-03-22 21:04:30,0.06141400,0.01700000
2018-03-22 21:04:37,0.06147100,0.01700000
2018-03-22 21:04:40,0.06147000,0.14000000
2018-03-22 21:04:40,0.06147000,0.14400000
2018-03-22 21:04:42,0.06147400,0.12500000
2018-03-22 21:04:42,0.06147400,0.12500000
2018-03-22 21:04:42,0.06141500,0.48400000
2018-03-22 21:04:43,0.06147400,0.05000000
2018-03-22 21:04:43,0.06141500,0.36800000
2018-03-22 21:04:43,0.06141500,0.03100000
2018-03-22 21:04:44,0.06147400,0.22200000
2018-03-22 21:04:44,0.06141500,0.01700000
2018-03-22 21:04:47,0.06141500,0.23900000
2018-03-22 21:04:47,0.06141500,0.12300000
2018-03-22 21:04:48,0.06147400,0.74300000
2018-03-22 21:04:48,0.06141500,0.31300000
2018-03-22 21:04:50,0.06142000,1.23500000
2018-03-22 21:04:52,0.06141700,0.21200000
2018-03-22 21:04:52,0.06148000,0.01700000
2018-03-22 21:04:58,0.06148000,0.10000000
2018-03-22 21:04:58,0.06148000,0.01700000
2018-03-22 21:04:58,0.06148000,0.12600000
2018-03-22 21:04:58,0.06145300,0.66800000
2018-03-22 21:04:58,0.06142600,0.45900000
2018-03-22 21:04:58,0.06142500,0.01700000
2018-03-22 21:05:01,0.06148100,0.31000000
2018-03-22 21:05:01,0.06148200,0.08200000
2018-03-22 21:05:01,0.06148200,0.00100000
2018-03-22 21:05:01,0.06148200,0.02300000
2018-03-22 21:05:02,0.06148300,0.11400000
2018-03-22 21:05:02,0.06148400,0.00200000
2018-03-22 21:05:02,0.06148500,0.18800000
2018-03-22 21:05:02,0.06148800,0.20200000
2018-03-22 21:05:02,0.06149000,0.40000000
2018-03-22 21:05:02,0.06149300,0.18500000
2018-03-22 21:05:02,0.06149500,2.59000000
2018-03-22 21:05:02,0.06149600,0.10000000
2018-03-22 21:05:02,0.06150800,0.19000000
2018-03-22 21:05:02,0.06150900,0.50000000
2018-03-22 21:05:02,0.06151700,1.60000000
2018-03-22 21:05:02,0.06152700,1.48000000
2018-03-22 21:05:02,0.06151100,0.02600000
2018-03-22 21:05:02,0.06151100,0.07400000
2018-03-22 21:05:02,0.06152700,0.02500000
2018-03-22 21:05:02,0.06151100,0.10000000
2018-03-22 21:05:02,0.06152700,0.11900000
2018-03-22 21:05:03,0.06148200,0.00400000
2018-03-22 21:05:04,0.06148200,0.01400000
2018-03-22 21:05:04,0.06148200,0.02300000
2018-03-22 21:05:04,0.06151100,0.22300000
2018-03-22 21:05:04,0.06148200,0.00100000
2018-03-22 21:05:04,0.06142700,0.02200000
2018-03-22 21:05:04,0.06151100,0.02800000
2018-03-22 21:05:06,0.06143100,0.02800000
2018-03-22 21:05:06,0.06143100,0.05100000
2018-03-22 21:05:07,0.06144000,0.02800000
2018-03-22 21:05:07,0.06144000,0.19500000
2018-03-22 21:05:08,0.06150700,0.28700000
2018-03-22 21:05:08,0.06151100,0.05200000
2018-03-22 21:05:08,0.06151100,0.35700000
2018-03-22 21:05:08,0.06151100,0.00100000
2018-03-22 21:05:08,0.06151100,0.35600000
2018-03-22 21:05:08,0.06151100,0.00100000
2018-03-22 21:05:08,0.06150700,0.02800000
2018-03-22 21:05:08,0.06145700,0.32700000
2018-03-22 21:05:08,0.06145700,0.35600000
2018-03-22 21:05:08,0.06145700,0.02300000
2018-03-22 21:05:08,0.06145700,0.06400000
2018-03-22 21:05:08,0.06145700,0.35200000
2018-03-22 21:05:09,0.06152700,0.04300000
2018-03-22 21:05:09,0.06152700,0.20000000
2018-03-22 21:05:09,0.06153200,0.10000000
2018-03-22 21:05:10,0.06146200,0.89700000
2018-03-22 21:05:10,0.06146100,0.45700000
2018-03-22 21:05:10,0.06146000,0.34000000
2018-03-22 21:05:10,0.06145900,0.12600000
2018-03-22 21:05:10,0.06153100,3.36300000
2018-03-22 21:05:11,0.06153000,0.79700000
2018-03-22 21:05:11,0.06153200,0.10000000
2018-03-22 21:05:11,0.06153400,0.88000000
2018-03-22 21:05:11,0.06146000,0.06600000
2018-03-22 21:05:11,0.06153100,0.89700000
2018-03-22 21:05:11,0.06153300,2.54500000
2018-03-22 21:05:11,0.06153500,0.13300000
2018-03-22 21:05:12,0.06153500,5.24200000
2018-03-22 21:05:12,0.06153600,4.48900000
2018-03-22 21:05:12,0.06146400,0.06200000
2018-03-22 21:05:13,0.06146400,0.04700000
2018-03-22 21:05:14,0.06147000,0.01900000
2018-03-22 21:05:14,0.06147000,0.12800000
2018-03-22 21:05:15,0.06146900,0.02400000
2018-03-22 21:05:16,0.06153000,0.01700000
2018-03-22 21:05:17,0.06150000,0.41400000
2018-03-22 21:05:17,0.06147000,0.39200000
2018-03-22 21:05:19,0.06153000,0.12900000
2018-03-22 21:05:19,0.06146900,0.02700000
2018-03-22 21:05:19,0.06147000,0.01700000
2018-03-22 21:05:20,0.06153600,0.05000000
2018-03-22 21:05:20,0.06147000,0.08300000
2018-03-22 21:05:21,0.06147000,0.24800000
2018-03-22 21:05:22,0.06147000,0.06400000
2018-03-22 21:05:22,0.06147000,0.24800000
2018-03-22 21:05:23,0.06147400,0.01700000
2018-03-22 21:05:23,0.06147000,0.14300000
2018-03-22 21:05:24,0.06153600,0.04200000
2018-03-22 21:05:24,0.06147000,0.23500000
2018-03-22 21:05:24,0.06146900,0.00100000
2018-03-22 21:05:24,0.06146400,0.01200000
2018-03-22 21:05:24,0.06147000,0.33000000
2018-03-22 21:05:24,0.06146400,0.48800000
2018-03-22 21:05:24,0.06146300,0.83800000
2018-03-22 21:05:27,0.06153600,0.01900000
2018-03-22 21:05:27,0.06146600,0.83000000
2018-03-22 21:05:27,0.06146500,1.37700000
2018-03-22 21:05:27,0.06146400,0.24100000
2018-03-22 21:05:27,0.06146300,0.27400000
2018-03-22 21:05:27,0.06145700,0.55100000
2018-03-22 21:05:27,0.06145700,0.18900000
2018-03-22 21:05:27,0.06145100,0.12400000
2018-03-22 21:05:27,0.06145100,0.04500000
2018-03-22 21:05:27,0.06145700,0.10000000
2018-03-22 21:05:27,0.06145700,0.01400000
2018-03-22 21:05:27,0.06146600,0.18600000
2018-03-22 21:05:27,0.06145100,0.03100000
2018-03-22 21:05:27,0.06143300,0.36600000
2018-03-22 21:05:27,0.06146600,0.50000000
2018-03-22 21:05:27,0.06143300,0.24400000
2018-03-22 21:05:27,0.06143300,0.56900000
2018-03-22 21:05:28,0.06153400,0.15500000
2018-03-22 21:05:28,0.06153300,0.07700000
2018-03-22 21:05:28,0.06153300,0.26000000
2018-03-22 21:05:29,0.06145200,0.36900000
2018-03-22 21:05:29,0.06145300,0.11000000
2018-03-22 21:05:29,0.06145500,0.04100000
2018-03-22 21:05:29,0.06145500,0.60000000
2018-03-22 21:05:29,0.06145400,1.22400000
2018-03-22 21:05:30,0.06146000,0.10700000
2018-03-22 21:05:31,0.06153000,0.01700000
2018-03-22 21:05:32,0.06146200,0.15500000
2018-03-22 21:05:33,0.06146200,0.00100000
2018-03-22 21:05:33,0.06144400,0.00600000
2018-03-22 21:05:35,0.06145000,0.22300000
2018-03-22 21:05:36,0.06145100,0.03700000
2018-03-22 21:05:37,0.06145100,0.00900000
2018-03-22 21:05:38,0.06145700,0.01700000
2018-03-22 21:05:39,0.06151600,0.03500000
2018-03-22 21:05:42,0.06145100,0.11000000
2018-03-22 21:05:43,0.06145100,0.17200000
2018-03-22 21:05:43,0.06151600,0.22800000
2018-03-22 21:05:43,0.06151600,0.22800000
2018-03-22 21:05:43,0.06151600,0.09400000
2018-03-22 21:05:44,0.06145200,0.42600000
2018-03-22 21:05:45,0.06151600,0.01700000
2018-03-22 21:05:46,0.06145100,0.06400000
2018-03-22 21:05:48,0.06147000,0.05000000
2018-03-22 21:05:48,0.06145100,0.03200000
2018-03-22 21:05:48,0.06147000,1.38200000
2018-03-22 21:05:48,0.06147000,1.08500000
2018-03-22 21:05:48,0.06147000,0.13400000
2018-03-22 21:05:48,0.06147000,1.30900000
2018-03-22 21:05:48,0.06151000,0.09000000
2018-03-22 21:05:48,0.06151500,2.51000000
2018-03-22 21:05:48,0.06151500,0.47300000
2018-03-22 21:05:48,0.06151700,0.03700000
2018-03-22 21:05:48,0.06151900,0.01600000
2018-03-22 21:05:48,0.06151900,0.51400000
2018-03-22 21:05:49,0.06145300,0.03200000
2018-03-22 21:05:49,0.06151500,0.03000000
2018-03-22 21:05:50,0.06151900,0.06500000
2018-03-22 21:05:50,0.06145300,0.05300000
2018-03-22 21:05:51,0.06145300,0.03200000
2018-03-22 21:05:51,0.06145200,0.01700000
2018-03-22 21:05:51,0.06147400,0.93200000
2018-03-22 21:05:52,0.06145400,1.15500000
2018-03-22 21:05:52,0.06145400,0.06100000
2018-03-22 21:05:52,0.06145400,1.15400000
2018-03-22 21:05:53,0.06147400,0.00100000
2018-03-22 21:05:53,0.06151400,0.05800000
2018-03-22 21:05:54,0.06145100,0.00500000
2018-03-22 21:05:54,0.06145100,0.04000000
2018-03-22 21:05:54,0.06145100,0.08900000
2018-03-22 21:05:54,0.06151400,0.08800000
2018-03-22 21:05:54,0.06145100,0.01800000
2018-03-22 21:05:54,0.06151400,0.13900000
2018-03-22 21:05:54,0.06145100,0.39300000
2018-03-22 21:05:55,0.06145100,0.01900000
2018-03-22 21:05:55,0.06145100,0.36100000
2018-03-22 21:05:56,0.06151400,1.62700000
2018-03-22 21:05:56,0.06151400,1.31400000
2018-03-22 21:05:56,0.06151900,0.05200000
2018-03-22 21:05:58,0.06151800,0.27100000
2018-03-22 21:05:59,0.06147000,0.20200000
2018-03-22 21:05:59,0.06147000,0.00100000
2018-03-22 21:05:59,0.06145300,0.20100000
2018-03-22 21:05:59,0.06151800,0.01700000
2018-03-22 21:06:01,0.06145300,0.10500000
2018-03-22 21:06:02,0.06147400,0.02200000
2018-03-22 21:06:02,0.06147400,0.12000000
2018-03-22 21:06:02,0.06147400,0.12400000
2018-03-22 21:06:02,0.06147400,0.10000000
2018-03-22 21:06:02,0.06145300,0.26500000
2018-03-22 21:06:02,0.06145300,0.22300000
2018-03-22 21:06:02,0.06145300,0.00700000
2018-03-22 21:06:02,0.06145200,0.21600000
2018-03-22 21:06:02,0.06145300,0.02400000
2018-03-22 21:06:02,0.06145300,0.27600000
2018-03-22 21:06:02,0.06145200,0.20500000
2018-03-22 21:06:02,0.06145300,0.09900000
2018-03-22 21:06:03,0.06145300,0.13400000
2018-03-22 21:06:03,0.06145300,0.06700000
2018-03-22 21:06:03,0.06145200,0.00800000
2018-03-22 21:06:03,0.06145300,0.02700000
2018-03-22 21:06:03,0.06145300,0.17300000
2018-03-22 21:06:03,0.06145200,0.02600000
2018-03-22 21:06:03,0.06145300,0.10000000
2018-03-22 21:06:03,0.06145200,1.28600000
2018-03-22 21:06:03,0.06145200,0.10000000
2018-03-22 21:06:04,0.06145300,0.01800000
2018-03-22 21:06:05,0.06145200,0.16100000
2018-03-22 21:06:05,0.06151700,0.94500000
2018-03-22 21:06:06,0.06144900,0.97500000
2018-03-22 21:06:06,0.06151500,0.33000000
2018-03-22 21:06:06,0.06151600,0.31800000
2018-03-22 21:06:06,0.06151500,0.33000000
2018-03-22 21:06:06,0.06144900,0.00100000
2018-03-22 21:06:06,0.06144000,0.42200000
2018-03-22 21:06:06,0.06143300,1.68000000
2018-03-22 21:06:07,0.06144900,0.10400000
2018-03-22 21:06:08,0.06144900,0.19900000
2018-03-22 21:06:08,0.06144000,0.08300000
2018-03-22 21:06:09,0.06144000,0.89200000
2018-03-22 21:06:09,0.06144000,0.00100000
2018-03-22 21:06:09,0.06143300,0.33000000
2018-03-22 21:06:09,0.06143200,1.37600000
2018-03-22 21:06:09,0.06143100,0.02800000
2018-03-22 21:06:09,0.06143000,0.36800000
2018-03-22 21:06:10,0.06144000,0.21800000
2018-03-22 21:06:10,0.06151100,0.08000000
2018-03-22 21:06:10,0.06144000,0.00100000
2018-03-22 21:06:10,0.06143300,0.01600000
2018-03-22 21:06:12,0.06144200,0.06400000
2018-03-22 21:06:12,0.06144200,0.19300000
2018-03-22 21:06:12,0.06144100,0.19600000
2018-03-22 21:06:12,0.06143300,0.31400000
2018-03-22 21:06:12,0.06143000,1.40000000
2018-03-22 21:06:13,0.06143400,0.06400000
2018-03-22 21:06:14,0.06144000,0.06400000
2018-03-22 21:06:14,0.06144000,0.06400000
2018-03-22 21:06:14,0.06150700,0.25900000
2018-03-22 21:06:14,0.06150700,0.64900000
2018-03-22 21:06:16,0.06150000,0.01700000
2018-03-22 21:06:16,0.06150000,0.11200000
2018-03-22 21:06:16,0.06147000,0.57000000
2018-03-22 21:06:16,0.06144100,0.13500000
2018-03-22 21:06:16,0.06144100,0.40600000
2018-03-22 21:06:18,0.06150000,0.24400000
2018-03-22 21:06:21,0.06143300,0.05900000
2018-03-22 21:06:22,0.06149900,0.05800000
2018-03-22 21:06:22,0.06149900,0.00100000
2018-03-22 21:06:22,0.06150000,0.00100000
2018-03-22 21:06:22,0.06150200,0.04500000
2018-03-22 21:06:22,0.06143900,0.01700000
2018-03-22 21:06:23,0.06150200,0.45000000
2018-03-22 21:06:24,0.06150200,0.12500000
2018-03-22 21:06:24,0.06150200,0.11000000
2018-03-22 21:06:27,0.06150100,0.74700000
2018-03-22 21:06:29,0.06143300,0.10400000
2018-03-22 21:06:29,0.06143400,0.24000000
2018-03-22 21:06:32,0.06150000,0.40500000
2018-03-22 21:06:34,0.06143700,0.02100000
2018-03-22 21:06:35,0.06143700,0.49200000
2018-03-22 21:06:35,0.06143800,0.00800000
2018-03-22 21:06:38,0.06149900,0.30100000
2018-03-22 21:06:40,0.06149900,0.17900000
2018-03-22 21:06:40,0.06149900,0.13900000
2018-03-22 21:06:45,0.06150000,0.00100000
2018-03-22 21:06:45,0.06150100,0.00100000
2018-03-22 21:06:45,0.06150200,0.13200000
2018-03-22 21:06:45,0.06150300,0.01800000
2018-03-22 21:06:50,0.06144300,0.02900000
2018-03-22 21:06:50,0.06150000,0.10000000
2018-03-22 21:06:50,0.06150300,0.35700000
2018-03-22 21:06:51,0.06150300,0.08300000
2018-03-22 21:06:51,0.06150300,0.49600000
2018-03-22 21:06:52,0.06150300,0.05000000
2018-03-22 21:06:52,0.06150300,0.19400000
2018-03-22 21:06:52,0.06150300,0.57900000
2018-03-22 21:06:52,0.06150300,0.16200000
2018-03-22 21:06:52,0.06150300,0.40400000
2018-03-22 21:06:52,0.06150300,0.02900000
2018-03-22 21:06:52,0.06150300,0.06700000
2018-03-22 21:06:52,0.06150300,0.42600000
2018-03-22 21:06:52,0.06150300,0.30100000
2018-03-22 21:06:52,0.06150300,0.58400000
2018-03-22 21:06:52,0.06150300,0.06100000
2018-03-22 21:06:52,0.06150300,0.50200000
2018-03-22 21:06:52,0.06144400,0.94500000
2018-03-22 21:06:52,0.06150400,0.15200000
2018-03-22 21:06:53,0.06150400,0.00100000
2018-03-22 21:06:53,0.06144500,0.15100000
2018-03-22 21:06:53,0.06150700,0.24000000
2018-03-22 21:06:53,0.06150700,0.00100000
2018-03-22 21:06:54,0.06150800,0.19500000
2018-03-22 21:06:54,0.06150700,0.06300000
2018-03-22 21:06:55,0.06150700,0.00100000
2018-03-22 21:06:55,0.06144500,0.34600000
2018-03-22 21:06:55,0.06149900,0.08000000
2018-03-22 21:06:55,0.06149900,0.00100000
2018-03-22 21:06:55,0.06144600,0.07900000
2018-03-22 21:06:57,0.06150800,0.00100000
2018-03-22 21:06:57,0.06153400,0.06400000
2018-03-22 21:06:57,0.06150300,0.06500000
2018-03-22 21:06:57,0.06150300,0.00100000
2018-03-22 21:06:57,0.06144700,0.05600000
2018-03-22 21:06:58,0.06153300,0.40100000
2018-03-22 21:07:01,0.06146100,0.02700000
2018-03-22 21:07:02,0.06146200,0.07600000
2018-03-22 21:07:02,0.06153000,0.27800000
2018-03-22 21:07:02,0.06153100,0.17300000
2018-03-22 21:07:02,0.06146200,0.60200000
2018-03-22 21:07:03,0.06146400,0.06100000
2018-03-22 21:07:04,0.06146400,0.01800000
2018-03-22 21:07:09,0.06152700,0.48900000
2018-03-22 21:07:11,0.06146400,0.12000000
2018-03-22 21:07:11,0.06145300,0.79400000
2018-03-22 21:07:14,0.06145600,0.05900000
2018-03-22 21:07:14,0.06145700,0.01700000
2018-03-22 21:07:15,0.06146000,0.32500000
2018-03-22 21:07:15,0.06146000,0.02500000
2018-03-22 21:07:15,0.06152600,0.00200000
2018-03-22 21:07:15,0.06152600,0.01800000
2018-03-22 21:07:15,0.06152600,0.02400000
2018-03-22 21:07:15,0.06152600,0.07500000
2018-03-22 21:07:16,0.06152500,0.14100000
2018-03-22 21:07:16,0.06152500,0.04200000
2018-03-22 21:07:16,0.06152500,0.61000000
2018-03-22 21:07:17,0.06152400,0.33400000
2018-03-22 21:07:19,0.06152400,0.01700000
2018-03-22 21:07:21,0.06145600,0.01700000
2018-03-22 21:07:22,0.06152300,0.05900000
2018-03-22 21:07:22,0.06152400,0.22700000
2018-03-22 21:07:23,0.06153000,0.57100000
2018-03-22 21:07:23,0.06153100,4.80300000
2018-03-22 21:07:23,0.06153300,0.03000000
2018-03-22 21:07:23,0.06153300,0.10000000
2018-03-22 21:07:23,0.06153300,0.10000000
2018-03-22 21:07:23,0.06153300,0.10000000
2018-03-22 21:07:23,0.06153300,0.10000000
2018-03-22 21:07:23,0.06153300,0.10000000
2018-03-22 21:07:23,0.06153300,0.03000000
2018-03-22 21:07:23,0.06153300,0.10000000
2018-03-22 21:07:23,0.06153300,0.10000000
2018-03-22 21:07:23,0.06153300,0.10000000
2018-03-22 21:07:23,0.06153300,0.03000000
2018-03-22 21:07:23,0.06153300,0.10000000
2018-03-22 21:07:23,0.06153300,0.10000000
2018-03-22 21:07:23,0.06153300,0.10000000
2018-03-22 21:07:23,0.06153300,0.10000000
2018-03-22 21:07:23,0.06153300,0.10000000
2018-03-22 21:07:23,0.06153300,0.10000000
2018-03-22 21:07:23,0.06153300,0.03000000
2018-03-22 21:07:23,0.06153300,0.10000000
2018-03-22 21:07:23,0.06153300,0.10000000
2018-03-22 21:07:23,0.06153300,0.10000000
2018-03-22 21:07:23,0.06153300,0.03000000
2018-03-22 21:07:23,0.06153300,0.10000000
2018-03-22 21:07:23,0.06153400,0.01700000
2018-03-22 21:07:23,0.06153300,0.08300000
2018-03-22 21:07:23,0.06153300,0.10000000
2018-03-22 21:07:23,0.06153400,0.01700000
2018-03-22 21:07:23,0.06153300,0.08300000
2018-03-22 21:07:23,0.06153300,0.10000000
2018-03-22 21:07:23,0.06153300,0.10000000
2018-03-22 21:07:23,0.06153300,0.10000000
2018-03-22 21:07:23,0.06153300,0.10000000
2018-03-22 21:07:23,0.06153300,0.13500000
2018-03-22 21:07:23,0.06146000,0.16100000
2018-03-22 21:07:23,0.06146000,0.18900000
2018-03-22 21:07:23,0.06145700,0.25600000
2018-03-22 21:07:23,0.06145600,0.45500000
2018-03-22 21:07:23,0.06145600,0.89100000
2018-03-22 21:07:23,0.06145800,0.44800000
2018-03-22 21:07:23,0.06145600,0.08600000
2018-03-22 21:07:23,0.06145600,0.01700000
2018-03-22 21:07:23,0.06145600,0.16600000
2018-03-22 21:07:23,0.06145500,0.36800000
2018-03-22 21:07:23,0.06145500,0.09200000
2018-03-22 21:07:23,0.06145500,0.18700000
2018-03-22 21:07:23,0.06145500,0.14900000
2018-03-22 21:07:23,0.06145500,0.09000000
2018-03-22 21:07:23,0.06145500,0.09000000
2018-03-22 21:07:23,0.06145200,0.15600000
2018-03-22 21:07:23,0.06145200,0.13400000
2018-03-22 21:07:23,0.06145800,0.13400000
2018-03-22 21:07:26,0.06146000,0.03400000
2018-03-22 21:07:27,0.06146000,0.35000000
2018-03-22 21:07:28,0.06146000,1.24200000
2018-03-22 21:07:28,0.06146100,0.01700000
2018-03-22 21:07:29,0.06146000,0.00100000
2018-03-22 21:07:29,0.06145300,0.11200000
2018-03-22 21:07:29,0.06151700,2.86600000
2018-03-22 21:07:29,0.06151700,0.13400000
2018-03-22 21:07:29,0.06152600,0.04400000
2018-03-22 21:07:31,0.06145300,0.00200000
2018-03-22 21:07:35,0.06151800,0.15400000
2018-03-22 21:07:36,0.06145400,0.19800000
2018-03-22 21:07:37,0.06151800,0.01700000
2018-03-22 21:07:40,0.06145600,0.05300000
2018-03-22 21:07:40,0.06145600,0.26800000
2018-03-22 21:07:44,0.06146400,0.01700000
2018-03-22 21:07:44,0.06152500,0.00200000
2018-03-22 21:07:47,0.06152400,0.17700000
2018-03-22 21:07:48,0.06152400,0.68500000
2018-03-22 21:07:48,0.06152700,0.18000000
2018-03-22 21:07:49,0.06152600,0.04700000
2018-03-22 21:07:50,0.06152700,0.03800000
2018-03-22 21:07:50,0.06152700,0.07400000
2018-03-22 21:07:52,0.06150000,0.04000000
2018-03-22 21:07:52,0.06150000,0.05400000
2018-03-22 21:07:52,0.06150000,1.54900000
2018-03-22 21:07:52,0.06146100,0.07400000
2018-03-22 21:07:52,0.06146100,0.02000000
2018-03-22 21:07:52,0.06152700,0.01700000
2018-03-22 21:07:52,0.06146100,1.26300000
2018-03-22 21:07:54,0.06152700,0.16100000
2018-03-22 21:07:54,0.06146100,0.11300000
2018-03-22 21:07:55,0.06152700,0.07000000
2018-03-22 21:07:56,0.06152700,0.07000000
2018-03-22 21:07:57,0.06146100,0.00100000
2018-03-22 21:07:57,0.06146000,0.30200000
2018-03-22 21:07:58,0.06152700,0.79600000
2018-03-22 21:07:58,0.06146000,0.37200000
2018-03-22 21:07:59,0.06146100,0.23900000
2018-03-22 21:07:59,0.06146500,0.01700000
2018-03-22 21:08:02,0.06152300,0.01700000
2018-03-22 21:08:02,0.06145700,0.76100000
2018-03-22 21:08:02,0.06145700,0.00100000
2018-03-22 21:08:02,0.06145300,1.00600000
2018-03-22 21:08:02,0.06145200,2.71400000
2018-03-22 21:08:02,0.06145000,0.10000000
2018-03-22 21:08:02,0.06144800,0.23000000
2018-03-22 21:08:02,0.06144000,0.30000000
2018-03-22 21:08:02,0.06143200,0.30000000
2018-03-22 21:08:02,0.06143000,0.38900000
2018-03-22 21:08:02,0.06145000,0.10000000
2018-03-22 21:08:02,0.06144800,0.23000000
2018-03-22 21:08:02,0.06143000,3.96100000
2018-03-22 21:08:02,0.06145700,0.04200000
2018-03-22 21:08:02,0.06145700,0.13500000
2018-03-22 21:08:02,0.06145700,0.50200000
2018-03-22 21:08:02,0.06145700,0.03800000
2018-03-22 21:08:03,0.06145700,0.04400000
2018-03-22 21:08:03,0.06145700,0.00100000
2018-03-22 21:08:03,0.06152300,0.04300000
2018-03-22 21:08:04,0.06146500,0.01700000
2018-03-22 21:08:08,0.06144700,0.47500000
2018-03-22 21:08:08,0.06144800,0.01700000
2018-03-22 21:08:09,0.06144800,0.12300000
2018-03-22 21:08:10,0.06145600,0.25100000
2018-03-22 21:08:10,0.06144800,0.00100000
2018-03-22 21:08:10,0.06144800,0.13900000
2018-03-22 21:08:10,0.06146500,0.00100000
2018-03-22 21:08:10,0.06151800,0.09900000
2018-03-22 21:08:10,0.06151800,0.06000000
2018-03-22 21:08:10,0.06151800,0.21800000
2018-03-22 21:08:11,0.06145000,0.02000000
2018-03-22 21:08:11,0.06145000,0.02600000
2018-03-22 21:08:14,0.06145000,0.03200000
2018-03-22 21:08:14,0.06151400,0.04100000
2018-03-22 21:08:14,0.06151400,0.68500000
2018-03-22 21:08:15,0.06151400,0.03600000
2018-03-22 21:08:15,0.06151400,0.03400000
2018-03-22 21:08:16,0.06151000,0.08000000
2018-03-22 21:08:18,0.06145000,0.02700000
2018-03-22 21:08:18,0.06145000,0.06900000
2018-03-22 21:08:18,0.06144600,0.03100000
2018-03-22 21:08:19,0.06151000,0.08900000
2018-03-22 21:08:19,0.06144700,0.07600000
2018-03-22 21:08:20,0.06151000,0.30300000
2018-03-22 21:08:20,0.06151400,0.03100000
2018-03-22 21:08:20,0.06151500,0.61400000
2018-03-22 21:08:20,0.06151600,0.21900000
2018-03-22 21:08:20,0.06151700,0.45900000
2018-03-22 21:08:20,0.06152400,0.22500000
2018-03-22 21:08:20,0.06146500,0.04700000
2018-03-22 21:08:20,0.06151400,0.09200000
2018-03-22 21:08:20,0.06146500,0.25300000
2018-03-22 21:08:20,0.06144500,0.04600000
2018-03-22 21:08:21,0.06151400,0.00100000
2018-03-22 21:08:21,0.06152400,0.34400000
2018-03-22 21:08:21,0.06152700,0.66900000
2018-03-22 21:08:22,0.06152300,1.28800000
2018-03-22 21:08:22,0.06152500,0.33000000
2018-03-22 21:08:22,0.06145100,0.35300000
2018-03-22 21:08:22,0.06152500,0.33000000
2018-03-22 21:08:22,0.06152700,0.09600000
2018-03-22 21:08:23,0.06152400,0.24300000
2018-03-22 21:08:24,0.06152400,0.01700000
2018-03-22 21:08:24,0.06145500,2.00000000
2018-03-22 21:08:24,0.06145500,1.35900000
2018-03-22 21:08:24,0.06145500,0.12500000
2018-03-22 21:08:25,0.06146000,0.34000000
2018-03-22 21:08:25,0.06145500,0.15500000
2018-03-22 21:08:25,0.06145600,0.42200000
2018-03-22 21:08:25,0.06145500,2.32800000
2018-03-22 21:08:25,0.06145400,0.90600000
2018-03-22 21:08:25,0.06145400,0.86700000
2018-03-22 21:08:25,0.06145300,0.16100000
2018-03-22 21:08:26,0.06145300,0.02500000
2018-03-22 21:08:26,0.06145300,0.35300000
2018-03-22 21:08:26,0.06145300,0.48700000
2018-03-22 21:08:26,0.06145300,0.13000000
2018-03-22 21:08:27,0.06151900,0.02600000
2018-03-22 21:08:27,0.06151900,0.13500000
2018-03-22 21:08:27,0.06151900,0.44600000
2018-03-22 21:08:27,0.06145300,0.11000000
2018-03-22 21:08:27,0.06145300,0.00100000
2018-03-22 21:08:27,0.06144500,0.33000000
2018-03-22 21:08:27,0.06144200,1.37600000
2018-03-22 21:08:27,0.06144500,0.31600000
2018-03-22 21:08:28,0.06144500,0.13900000
2018-03-22 21:08:28,0.06144500,0.13300000
2018-03-22 21:08:30,0.06144500,0.97700000
2018-03-22 21:08:31,0.06144400,0.23000000
2018-03-22 21:08:32,0.06144200,0.51500000
2018-03-22 21:08:32,0.06144200,0.13400000
2018-03-22 21:08:32,0.06145000,0.03000000
2018-03-22 21:08:32,0.06145000,0.31000000
2018-03-22 21:08:32,0.06145400,0.01700000
2018-03-22 21:08:32,0.06151000,0.01200000
2018-03-22 21:08:32,0.06151000,0.33900000
2018-03-22 21:08:32,0.06151000,0.00200000
2018-03-22 21:08:32,0.06151400,0.04800000
2018-03-22 21:08:34,0.06151600,0.10100000
2018-03-22 21:08:35,0.06145000,0.10100000
2018-03-22 21:08:35,0.06145000,0.10100000
2018-03-22 21:08:36,0.06151000,0.05600000
2018-03-22 21:08:37,0.06144200,2.56500000
2018-03-22 21:08:37,0.06144200,0.65000000
2018-03-22 21:08:38,0.06144200,0.24100000
2018-03-22 21:08:38,0.06144000,0.20000000
2018-03-22 21:08:38,0.06143100,0.50200000
2018-03-22 21:08:38,0.06151000,0.32500000
2018-03-22 21:08:40,0.06144100,0.10100000
2018-03-22 21:08:40,0.06143900,0.72500000
2018-03-22 21:08:40,0.06143900,0.11900000
2018-03-22 21:08:41,0.06150800,0.04500000
2018-03-22 21:08:41,0.06144100,0.27200000
2018-03-22 21:08:41,0.06144100,0.14000000
2018-03-22 21:08:41,0.06144100,0.14000000
2018-03-22 21:08:41,0.06144100,0.10100000
2018-03-22 21:08:42,0.06150700,0.08600000
2018-03-22 21:08:42,0.06150700,0.17700000
2018-03-22 21:08:42,0.06150700,0.23900000
2018-03-22 21:08:42,0.06150800,1.17000000
2018-03-22 21:08:42,0.06150900,0.08800000
2018-03-22 21:08:43,0.06150000,0.20000000
2018-03-22 21:08:43,0.06150600,0.83900000
2018-03-22 21:08:45,0.06144200,0.30100000
2018-03-22 21:08:45,0.06144100,0.06300000
2018-03-22 21:08:45,0.06150900,0.55300000
2018-03-22 21:08:45,0.06144100,1.92100000
2018-03-22 21:08:45,0.06151000,0.80000000
2018-03-22 21:08:46,0.06144500,0.71100000
2018-03-22 21:08:46,0.06150900,0.15500000
2018-03-22 21:08:46,0.06144500,1.16000000
2018-03-22 21:08:46,0.06144500,0.16000000
2018-03-22 21:08:47,0.06144500,0.07500000
2018-03-22 21:08:47,0.06150900,0.07600000
2018-03-22 21:08:47,0.06144500,0.39100000
2018-03-22 21:08:47,0.06144500,0.11700000
2018-03-22 21:08:47,0.06144200,0.74900000
2018-03-22 21:08:47,0.06143900,0.32900000
2018-03-22 21:08:47,0.06143200,0.01200000
2018-03-22 21:08:47,0.06143900,0.10000000
2018-03-22 21:08:47,0.06144300,0.24200000
2018-03-22 21:08:47,0.06144000,0.34000000
2018-03-22 21:08:47,0.06143900,0.30000000
2018-03-22 21:08:47,0.06143200,1.24800000
2018-03-22 21:08:47,0.06143300,0.10000000
2018-03-22 21:08:47,0.06143900,0.10000000
2018-03-22 21:08:47,0.06150900,0.00100000
2018-03-22 21:08:47,0.06151000,0.10000000
2018-03-22 21:08:48,0.06151000,0.09700000
2018-03-22 21:08:48,0.06151000,0.00100000
2018-03-22 21:08:48,0.06144000,0.05000000
2018-03-22 21:08:48,0.06144000,0.37200000
2018-03-22 21:08:48,0.06151400,0.09300000
2018-03-22 21:08:49,0.06143900,1.05600000
2018-03-22 21:08:49,0.06143900,0.14300000
2018-03-22 21:08:49,0.06143900,4.44400000
2018-03-22 21:08:49,0.06143800,0.30000000
2018-03-22 21:08:49,0.06143800,0.26300000
2018-03-22 21:08:49,0.06143300,0.16500000
2018-03-22 21:08:50,0.06143400,0.20000000
2018-03-22 21:08:50,0.06143300,0.53600000
2018-03-22 21:08:50,0.06143300,0.20000000
2018-03-22 21:08:51,0.06143300,0.34500000
2018-03-22 21:08:51,0.06143200,0.33200000
2018-03-22 21:08:52,0.06143400,2.05200000
2018-03-22 21:08:52,0.06143400,1.71400000
2018-03-22 21:08:52,0.06143400,0.03800000
2018-03-22 21:08:52,0.06143400,0.27200000
2018-03-22 21:08:52,0.06150600,0.26900000
2018-03-22 21:08:52,0.06143400,0.02900000
2018-03-22 21:08:52,0.06143400,0.00100000
2018-03-22 21:08:52,0.06143100,0.02900000
2018-03-22 21:08:52,0.06143000,0.46100000
2018-03-22 21:08:53,0.06143000,0.06400000
2018-03-22 21:08:54,0.06143000,0.30100000
2018-03-22 21:08:55,0.06149600,0.04700000
2018-03-22 21:08:55,0.06143000,1.06900000
2018-03-22 21:08:55,0.06143000,0.18900000
2018-03-22 21:08:55,0.06143000,0.10500000
2018-03-22 21:08:56,0.06143000,0.37500000
2018-03-22 21:08:56,0.06143000,0.08200000
2018-03-22 21:08:56,0.06143000,1.54100000
2018-03-22 21:08:56,0.06143000,0.13200000
2018-03-22 21:08:57,0.06143000,0.02900000
2018-03-22 21:08:57,0.06143000,2.42500000
2018-03-22 21:08:57,0.06143000,0.26000000
2018-03-22 21:08:57,0.06143000,1.15000000
2018-03-22 21:08:58,0.06143000,3.80700000
2018-03-22 21:08:58,0.06143000,0.30000000
2018-03-22 21:08:58,0.06149400,0.15200000
2018-03-22 21:08:58,0.06149500,0.24500000
2018-03-22 21:08:58,0.06143000,0.09900000
2018-03-22 21:08:58,0.06149000,0.09900000
2018-03-22 21:08:58,0.06143000,0.36700000
2018-03-22 21:08:59,0.06149000,0.03500000
2018-03-22 21:09:00,0.06148900,0.04300000
2018-03-22 21:09:00,0.06143100,0.12000000
2018-03-22 21:09:01,0.06143100,0.21600000
2018-03-22 21:09:01,0.06143100,0.02400000
2018-03-22 21:09:01,0.06143000,2.06200000
2018-03-22 21:09:01,0.06143000,0.24000000
2018-03-22 21:09:03,0.06143100,0.03200000
2018-03-22 21:09:03,0.06143000,0.98000000
2018-03-22 21:09:03,0.06143000,0.43400000
2018-03-22 21:09:03,0.06143000,0.70300000
2018-03-22 21:09:04,0.06148800,0.04900000
2018-03-22 21:09:04,0.06143000,0.27800000
2018-03-22 21:09:04,0.06143000,0.01800000
2018-03-22 21:09:05,0.06145800,0.30000000
2018-03-22 21:09:05,0.06145800,0.00100000
2018-03-22 21:09:05,0.06143000,0.19700000
2018-03-22 21:09:05,0.06143000,0.46000000
2018-03-22 21:09:06,0.06148700,1.00000000
2018-03-22 21:09:06,0.06148700,0.25800000
2018-03-22 21:09:06,0.06148700,0.03800000
2018-03-22 21:09:07,0.06148700,0.19400000
2018-03-22 21:09:08,0.06149000,0.07000000
2018-03-22 21:09:09,0.06149000,0.07000000
2018-03-22 21:09:09,0.06149000,0.20000000
2018-03-22 21:09:10,0.06149000,0.02900000
2018-03-22 21:09:10,0.06143000,0.11200000
2018-03-22 21:09:11,0.06144500,0.06000000
2018-03-22 21:09:11,0.06149000,0.20000000
2018-03-22 21:09:12,0.06144500,0.13700000
2018-03-22 21:09:13,0.06149000,0.16200000
2018-03-22 21:09:14,0.06144500,0.20100000
2018-03-22 21:09:14,0.06149000,0.20000000
2018-03-22 21:09:15,0.06144500,0.44300000
2018-03-22 21:09:15,0.06144500,0.44300000
2018-03-22 21:09:15,0.06144600,0.66800000
2018-03-22 21:09:15,0.06149000,0.08000000
2018-03-22 21:09:16,0.06149700,0.04700000
2018-03-22 21:09:16,0.06147100,2.33700000
2018-03-22 21:09:16,0.06144600,0.72000000
2018-03-22 21:09:16,0.06144600,0.87100000
2018-03-22 21:09:16,0.06149700,0.08000000
2018-03-22 21:09:16,0.06144500,0.28100000
2018-03-22 21:09:17,0.06149700,0.09200000
2018-03-22 21:09:17,0.06144500,0.29900000
2018-03-22 21:09:19,0.06149700,0.43300000
2018-03-22 21:09:19,0.06149700,0.07000000
2018-03-22 21:09:20,0.06144500,0.00100000
2018-03-22 21:09:20,0.06144000,0.99900000
2018-03-22 21:09:20,0.06144500,0.33900000
2018-03-22 21:09:21,0.06143000,0.20000000
2018-03-22 21:09:21,0.06143000,0.92500000
2018-03-22 21:09:21,0.06143000,0.20200000
2018-03-22 21:09:21,0.06143000,0.00100000
2018-03-22 21:09:21,0.06144500,0.02100000
2018-03-22 21:09:21,0.06144500,0.15600000
2018-03-22 21:09:21,0.06144500,0.20200000
2018-03-22 21:09:21,0.06144500,0.02800000
2018-03-22 21:09:21,0.06143000,0.02800000
2018-03-22 21:09:21,0.06143000,0.00100000
2018-03-22 21:09:21,0.06142500,0.05500000
2018-03-22 21:09:21,0.06143000,0.12100000
2018-03-22 21:09:22,0.06143000,0.06700000
2018-03-22 21:09:22,0.06143000,0.00100000
2018-03-22 21:09:22,0.06144500,0.00100000
2018-03-22 21:09:22,0.06149500,0.06500000
2018-03-22 21:09:22,0.06142500,0.17900000
2018-03-22 21:09:23,0.06145000,0.07900000
2018-03-22 21:09:23,0.06145000,0.00100000
2018-03-22 21:09:23,0.06142600,0.07800000
2018-03-22 21:09:23,0.06142600,0.04700000
2018-03-22 21:09:23,0.06142600,0.10400000
2018-03-22 21:09:23,0.06142600,0.07300000
2018-03-22 21:09:23,0.06142500,0.02500000
2018-03-22 21:09:23,0.06143000,0.02300000
2018-03-22 21:09:23,0.06143000,0.02300000
2018-03-22 21:09:23,0.06143000,0.14000000
2018-03-22 21:09:23,0.06143000,0.15300000
2018-03-22 21:09:24,0.06149000,0.06100000
2018-03-22 21:09:24,0.06142500,0.02400000
2018-03-22 21:09:24,0.06141600,0.07500000
2018-03-22 21:09:24,0.06141600,0.07500000
2018-03-22 21:09:24,0.06148900,0.08000000
2018-03-22 21:09:27,0.06142000,0.19800000
2018-03-22 21:09:27,0.06142000,0.15900000
2018-03-22 21:09:27,0.06142000,0.19700000
2018-03-22 21:09:28,0.06142000,0.12000000
2018-03-22 21:09:28,0.06142000,0.02900000
2018-03-22 21:09:28,0.06148000,0.08900000
2018-03-22 21:09:28,0.06148000,0.00100000
2018-03-22 21:09:28,0.06148500,0.02600000
2018-03-22 21:09:29,0.06148400,0.10700000
2018-03-22 21:09:29,0.06141600,0.02900000
2018-03-22 21:09:30,0.06148500,0.63100000
2018-03-22 21:09:31,0.06142000,0.12200000
2018-03-22 21:09:32,0.06141600,0.01900000
2018-03-22 21:09:32,0.06141600,0.02900000
2018-03-22 21:09:34,0.06144700,2.69100000
2018-03-22 21:09:34,0.06147900,3.76100000
2018-03-22 21:09:34,0.06147900,1.34600000
2018-03-22 21:09:34,0.06147900,0.20000000
2018-03-22 21:09:35,0.06141600,0.31300000
2018-03-22 21:09:35,0.06141600,0.66300000
2018-03-22 21:09:35,0.06146300,0.90000000
2018-03-22 21:09:35,0.06146300,0.02700000
2018-03-22 21:09:35,0.06146300,0.03000000
2018-03-22 21:09:36,0.06146000,0.12000000
2018-03-22 21:09:36,0.06146300,0.08000000
2018-03-22 21:09:37,0.06141600,0.01000000
2018-03-22 21:09:37,0.06141200,0.09000000
2018-03-22 21:09:38,0.06141200,0.11200000
2018-03-22 21:09:38,0.06141200,0.00400000
2018-03-22 21:09:38,0.06141000,0.11100000
2018-03-22 21:09:38,0.06141000,0.17100000
2018-03-22 21:09:39,0.06141000,0.18700000
2018-03-22 21:09:39,0.06141000,0.02900000
2018-03-22 21:09:41,0.06146300,0.17400000
2018-03-22 21:09:42,0.06141000,0.24300000
2018-03-22 21:09:42,0.06141000,0.00100000
2018-03-22 21:09:42,0.06140700,0.05500000
2018-03-22 21:09:42,0.06140100,0.19000000
2018-03-22 21:09:42,0.06140000,0.73400000
2018-03-22 21:09:43,0.06146300,0.08600000
2018-03-22 21:09:43,0.06140000,0.02900000
2018-03-22 21:09:43,0.06140000,5.37600000
2018-03-22 21:09:43,0.06146300,0.13100000
2018-03-22 21:09:44,0.06140000,0.06000000
2018-03-22 21:09:45,0.06140000,0.68500000
2018-03-22 21:09:45,0.06140000,0.65300000
2018-03-22 21:09:45,0.06140000,0.03700000
2018-03-22 21:09:45,0.06140000,0.38500000
2018-03-22 21:09:46,0.06140000,0.06000000
2018-03-22 21:09:46,0.06140000,0.18600000
2018-03-22 21:09:47,0.06140000,0.02900000
2018-03-22 21:09:47,0.06146300,0.09500000
2018-03-22 21:09:48,0.06140000,0.32500000
2018-03-22 21:09:49,0.06140000,1.51500000
2018-03-22 21:09:51,0.06142000,0.02900000
2018-03-22 21:09:51,0.06145600,0.09000000
2018-03-22 21:09:51,0.06145600,0.03600000
2018-03-22 21:09:51,0.06145600,0.08100000
2018-03-22 21:09:51,0.06145600,0.01200000
2018-03-22 21:09:51,0.06142000,0.08000000
2018-03-22 21:09:51,0.06142000,0.08900000
2018-03-22 21:09:51,0.06142000,0.09200000
2018-03-22 21:09:51,0.06142000,0.09200000
2018-03-22 21:09:51,0.06144300,0.20600000
2018-03-22 21:09:52,0.06142000,0.04500000
2018-03-22 21:09:52,0.06144300,0.11500000
2018-03-22 21:09:52,0.06144300,0.05000000
2018-03-22 21:09:54,0.06142000,0.05400000
2018-03-22 21:09:55,0.06144300,0.07000000
2018-03-22 21:09:55,0.06144300,0.03500000
2018-03-22 21:09:56,0.06142100,0.24100000
2018-03-22 21:09:57,0.06144200,0.19500000
2018-03-22 21:09:57,0.06144200,0.14900000
2018-03-22 21:09:58,0.06142100,0.07400000
2018-03-22 21:09:58,0.06142100,0.72800000
2018-03-22 21:09:58,0.06142000,0.07100000
2018-03-22 21:09:58,0.06143100,15.22900000
2018-03-22 21:09:58,0.06144200,9.22400000
2018-03-22 21:09:58,0.06144200,5.33900000
2018-03-22 21:09:59,0.06145600,0.10800000
2018-03-22 21:09:59,0.06144200,0.05900000
2018-03-22 21:09:59,0.06144200,0.00200000
2018-03-22 21:09:59,0.06142000,0.02200000
2018-03-22 21:09:59,0.06142000,0.06000000
2018-03-22 21:09:59,0.06142000,5.54800000
2018-03-22 21:10:00,0.06144300,0.02500000
2018-03-22 21:10:00,0.06144300,0.50800000
2018-03-22 21:10:01,0.06144300,0.24300000
2018-03-22 21:10:02,0.06144300,1.86700000
2018-03-22 21:10:02,0.06144900,9.90100000
2018-03-22 21:10:02,0.06144300,6.47100000
2018-03-22 21:10:02,0.06144300,2.91900000
2018-03-22 21:10:02,0.06144200,0.10100000
2018-03-22 21:10:02,0.06141000,0.01900000
2018-03-22 21:10:02,0.06141000,0.54300000
2018-03-22 21:10:02,0.06141000,0.03300000
2018-03-22 21:10:03,0.06141000,0.18100000
2018-03-22 21:10:05,0.06141000,0.18500000
2018-03-22 21:10:05,0.06141000,0.57900000
2018-03-22 21:10:05,0.06141000,0.19400000
2018-03-22 21:10:05,0.06141000,0.25800000
2018-03-22 21:10:05,0.06141000,0.42200000
2018-03-22 21:10:06,0.06141000,0.21200000
2018-03-22 21:10:06,0.06144300,0.01600000
2018-03-22 21:10:06,0.06144300,0.00200000
2018-03-22 21:10:06,0.06145600,0.00100000
2018-03-22 21:10:06,0.06146300,0.35000000
2018-03-22 21:10:06,0.06147500,0.02100000
2018-03-22 21:10:06,0.06147500,0.37400000
2018-03-22 21:10:07,0.06147400,0.32700000
2018-03-22 21:10:07,0.06141100,0.02400000
2018-03-22 21:10:07,0.06147400,0.31300000
2018-03-22 21:10:07,0.06148400,0.42200000
2018-03-22 21:10:07,0.06148500,0.47400000
2018-03-22 21:10:07,0.06148800,0.74900000
2018-03-22 21:10:07,0.06148900,0.17100000
2018-03-22 21:10:08,0.06141300,0.12200000
2018-03-22 21:10:11,0.06148500,0.15800000
2018-03-22 21:10:12,0.06148500,0.02500000
2018-03-22 21:10:13,0.06148500,0.02100000
2018-03-22 21:10:13,0.06148900,0.10600000
2018-03-22 21:10:13,0.06142000,0.04900000
2018-03-22 21:10:14,0.06142100,0.15500000
2018-03-22 21:10:14,0.06149100,0.15500000
2018-03-22 21:10:14,0.06149200,0.04500000
2018-03-22 21:10:15,0.06142400,0.08100000
2018-03-22 21:10:15,0.06142300,0.03100000
2018-03-22 21:10:15,0.06142400,0.08100000
2018-03-22 21:10:16,0.06143000,0.05400000
2018-03-22 21:10:16,0.06143000,0.05300000
2018-03-22 21:10:16,0.06149300,0.36100000
2018-03-22 21:10:16,0.06143000,0.12700000
2018-03-22 21:10:17,0.06142400,5.44600000
2018-03-22 21:10:17,0.06142400,0.03800000
2018-03-22 21:10:17,0.06142400,0.04200000
2018-03-22 21:10:18,0.06141100,0.58400000
2018-03-22 21:10:18,0.06142000,0.05600000
2018-03-22 21:10:18,0.06142000,0.15700000
2018-03-22 21:10:19,0.06142000,0.02700000
2018-03-22 21:10:22,0.06141000,0.02400000
2018-03-22 21:10:22,0.06141000,0.03500000
2018-03-22 21:10:23,0.06142400,0.00100000
2018-03-22 21:10:23,0.06144100,0.09400000
2018-03-22 21:10:23,0.06149200,0.19200000
2018-03-22 21:10:24,0.06142000,1.08800000
2018-03-22 21:10:24,0.06141000,0.07200000
2018-03-22 21:10:24,0.06150000,0.47100000
2018-03-22 21:10:27,0.06142600,0.11800000
2018-03-22 21:10:32,0.06142700,0.06400000
2018-03-22 21:10:32,0.06142700,0.25500000
2018-03-22 21:10:34,0.06149100,0.16100000
2018-03-22 21:10:34,0.06142700,0.48500000
2018-03-22 21:10:34,0.06142000,0.14500000
2018-03-22 21:10:35,0.06142200,0.18200000
2018-03-22 21:10:36,0.06142200,0.02300000
2018-03-22 21:10:36,0.06148700,0.15300000
2018-03-22 21:10:37,0.06142200,0.13100000
2018-03-22 21:10:37,0.06148700,0.04900000
2018-03-22 21:10:37,0.06148800,0.01700000
2018-03-22 21:10:37,0.06148800,0.04600000
2018-03-22 21:10:41,0.06148700,0.04800000
2018-03-22 21:10:42,0.06142300,0.36000000
2018-03-22 21:10:42,0.06142300,0.35900000
2018-03-22 21:10:43,0.06142300,0.09900000
2018-03-22 21:10:43,0.06148600,0.14400000
2018-03-22 21:10:44,0.06142600,0.01700000
2018-03-22 21:10:44,0.06148600,0.01900000
2018-03-22 21:10:44,0.06142300,0.81000000
2018-03-22 21:10:44,0.06148600,0.01900000
2018-03-22 21:10:44,0.06148600,3.13700000
2018-03-22 21:10:44,0.06148600,0.55500000
2018-03-22 21:10:44,0.06148600,0.16300000
2018-03-22 21:10:48,0.06148600,0.24400000
2018-03-22 21:10:48,0.06148600,0.00100000
2018-03-22 21:10:48,0.06148000,0.06900000
2018-03-22 21:10:48,0.06148000,0.24400000
2018-03-22 21:10:48,0.06148000,0.05000000
2018-03-22 21:10:48,0.06142300,0.00100000
2018-03-22 21:10:48,0.06141100,0.19300000
2018-03-22 21:10:48,0.06141100,0.24400000
2018-03-22 21:10:49,0.06148700,0.07700000
2018-03-22 21:10:50,0.06142000,0.07900000
2018-03-22 21:10:50,0.06142000,0.07900000
2018-03-22 21:10:50,0.06142000,1.92700000
2018-03-22 21:10:50,0.06142000,0.73200000
2018-03-22 21:10:50,0.06142000,0.16200000
2018-03-22 21:10:50,0.06141800,0.07900000
2018-03-22 21:10:50,0.06142000,0.33200000
2018-03-22 21:10:50,0.06142000,0.16200000
2018-03-22 21:10:50,0.06142000,9.60000000
2018-03-22 21:10:51,0.06145000,0.62000000
2018-03-22 21:10:51,0.06145000,0.02900000
2018-03-22 21:10:52,0.06145000,0.02900000
2018-03-22 21:10:52,0.06145000,0.01200000
2018-03-22 21:10:53,0.06145000,0.03300000
2018-03-22 21:10:53,0.06145000,0.10600000
2018-03-22 21:10:53,0.06147900,0.05300000
2018-03-22 21:10:53,0.06145000,0.06300000
2018-03-22 21:10:54,0.06147900,0.38300000
2018-03-22 21:10:56,0.06142300,0.06400000
2018-03-22 21:10:57,0.06142300,0.07500000
2018-03-22 21:10:57,0.06142300,0.07400000
2018-03-22 21:10:57,0.06147900,0.15000000
2018-03-22 21:10:57,0.06142300,0.00300000
2018-03-22 21:10:57,0.06141700,0.09700000
2018-03-22 21:10:58,0.06141700,0.21400000
2018-03-22 21:10:59,0.06147900,1.62700000
2018-03-22 21:10:59,0.06147900,0.10300000
2018-03-22 21:11:01,0.06147800,0.64300000
2018-03-22 21:11:01,0.06147800,0.00100000
2018-03-22 21:11:02,0.06147900,0.15700000
2018-03-22 21:11:02,0.06147900,0.14500000
2018-03-22 21:11:03,0.06141700,0.03600000
2018-03-22 21:11:04,0.06141700,0.41500000
2018-03-22 21:11:06,0.06141700,1.62700000
2018-03-22 21:11:06,0.06147800,0.01700000
2018-03-22 21:11:06,0.06141700,4.30400000
2018-03-22 21:11:12,0.06142000,0.18100000
2018-03-22 21:11:13,0.06141600,0.10700000
2018-03-22 21:11:15,0.06141600,0.06000000
2018-03-22 21:11:16,0.06141600,0.03400000
2018-03-22 21:11:17,0.06147800,0.00100000
2018-03-22 21:11:17,0.06148000,0.06200000
2018-03-22 21:11:17,0.06148000,0.08800000
2018-03-22 21:11:17,0.06141600,0.50000000
2018-03-22 21:11:17,0.06141600,0.03700000
2018-03-22 21:11:17,0.06141600,0.26200000
2018-03-22 21:11:17,0.06141500,2.60000000
2018-03-22 21:11:17,0.06141500,0.04700000
2018-03-22 21:11:18,0.06148300,0.16900000
2018-03-22 21:11:19,0.06141700,0.02300000
2018-03-22 21:11:19,0.06141700,0.05600000
2018-03-22 21:11:20,0.06141700,0.24100000
2018-03-22 21:11:21,0.06142100,0.26800000
2018-03-22 21:11:21,0.06141800,0.75000000
2018-03-22 21:11:21,0.06141700,0.20400000
2018-03-22 21:11:21,0.06141500,0.96300000
2018-03-22 21:11:22,0.06142200,0.06400000
2018-03-22 21:11:22,0.06142200,0.32700000
2018-03-22 21:11:22,0.06142000,0.34000000
2018-03-22 21:11:22,0.06141600,0.67400000
2018-03-22 21:11:22,0.06141500,0.85900000
2018-03-22 21:11:23,0.06148700,0.56300000
2018-03-22 21:11:23,0.06148700,0.28800000
2018-03-22 21:11:23,0.06148800,0.27400000
2018-03-22 21:11:23,0.06141500,0.08400000
2018-03-22 21:11:24,0.06148000,0.33700000
2018-03-22 21:11:25,0.06148000,0.00300000
2018-03-22 21:11:25,0.06148500,0.20500000
2018-03-22 21:11:25,0.06148600,0.53800000
2018-03-22 21:11:25,0.06148700,0.11800000
2018-03-22 21:11:25,0.06148800,1.06500000
2018-03-22 21:11:25,0.06149700,0.47100000
2018-03-22 21:11:25,0.06149900,0.33000000
2018-03-22 21:11:25,0.06150800,0.19000000
2018-03-22 21:11:25,0.06151300,0.48200000
2018-03-22 21:11:25,0.06151400,0.40000000
2018-03-22 21:11:25,0.06152400,0.55600000
2018-03-22 21:11:25,0.06152700,0.64200000
2018-03-22 21:11:25,0.06143000,0.15600000
2018-03-22 21:11:26,0.06149700,1.40000000
2018-03-22 21:11:27,0.06149600,0.03700000
2018-03-22 21:11:27,0.06149600,0.16200000
2018-03-22 21:11:28,0.06144100,0.19800000
2018-03-22 21:11:29,0.06144500,0.23400000
2018-03-22 21:11:29,0.06144500,1.02400000
2018-03-22 21:11:29,0.06145000,1.28600000
2018-03-22 21:11:29,0.06145000,0.33200000
2018-03-22 21:11:30,0.06145000,0.11200000
2018-03-22 21:11:30,0.06145000,0.02600000
2018-03-22 21:11:31,0.06145100,0.34200000
2018-03-22 21:11:32,0.06145100,0.84200000
2018-03-22 21:11:32,0.06145100,0.00600000
2018-03-22 21:11:32,0.06144600,0.17200000
2018-03-22 21:11:32,0.06144600,0.03100000
2018-03-22 21:11:32,0.06144600,0.00100000
2018-03-22 21:11:32,0.06151700,0.13700000
2018-03-22 21:11:32,0.06143900,0.03100000
2018-03-22 21:11:32,0.06144000,0.29800000
2018-03-22 21:11:32,0.06144000,0.29800000
2018-03-22 21:11:32,0.06145000,0.33400000
2018-03-22 21:11:32,0.06145000,0.00600000
2018-03-22 21:11:32,0.06144700,0.33300000
2018-03-22 21:11:33,0.06144700,0.11500000
2018-03-22 21:11:33,0.06151500,0.02500000
2018-03-22 21:11:34,0.06151500,1.33300000
2018-03-22 21:11:34,0.06151600,1.28800000
2018-03-22 21:11:34,0.06144200,0.05900000
2018-03-22 21:11:34,0.06144200,0.09800000
2018-03-22 21:11:34,0.06144100,0.05800000
2018-03-22 21:11:34,0.06144100,0.10000000
2018-03-22 21:11:34,0.06144000,0.00800000
2018-03-22 21:11:34,0.06144100,0.06900000
2018-03-22 21:11:34,0.06143900,0.09900000
2018-03-22 21:11:35,0.06144200,0.32300000
2018-03-22 21:11:36,0.06144200,0.15300000
2018-03-22 21:11:36,0.06144200,0.06900000
2018-03-22 21:11:37,0.06144200,0.06100000
2018-03-22 21:11:37,0.06144200,0.04100000
2018-03-22 21:11:37,0.06150100,0.30000000
2018-03-22 21:11:37,0.06149900,0.01700000
2018-03-22 21:11:37,0.06144200,0.02100000
2018-03-22 21:11:38,0.06149900,0.09500000
2018-03-22 21:11:38,0.06150000,0.10700000
2018-03-22 21:11:38,0.06150000,0.20200000
2018-03-22 21:11:38,0.06150000,0.15000000
2018-03-22 21:11:38,0.06143100,0.03700000
2018-03-22 21:11:39,0.06150000,0.35000000
2018-03-22 21:11:39,0.06150000,0.22100000
2018-03-22 21:11:39,0.06150100,0.00100000
2018-03-22 21:11:39,0.06150800,0.21100000
2018-03-22 21:11:39,0.06150000,0.04300000
2018-03-22 21:11:39,0.06150000,0.00100000
2018-03-22 21:11:39,0.06143200,0.04200000
2018-03-22 21:11:39,0.06143200,0.04300000
2018-03-22 21:11:39,0.06143200,0.04300000
2018-03-22 21:11:39,0.06143200,0.04300000
2018-03-22 21:11:39,0.06143200,0.04300000
2018-03-22 21:11:39,0.06143200,0.04300000
2018-03-22 21:11:39,0.06143200,0.04300000
2018-03-22 21:11:39,0.06143200,0.04300000
2018-03-22 21:11:39,0.06143200,0.03400000
2018-03-22 21:11:39,0.06143200,0.36600000
2018-03-22 21:11:40,0.06150000,0.20000000
2018-03-22 21:11:40,0.06143300,0.19700000
2018-03-22 21:11:40,0.06143300,0.02500000
2018-03-22 21:11:40,0.06143300,0.16200000
2018-03-22 21:11:40,0.06143300,0.05900000
2018-03-22 21:11:41,0.06149900,0.75000000
2018-03-22 21:11:41,0.06143400,0.10600000
2018-03-22 21:11:41,0.06149900,0.22100000
2018-03-22 21:11:41,0.06150000,0.00500000
2018-03-22 21:11:41,0.06150700,0.21900000
2018-03-22 21:11:42,0.06144000,0.20600000
2018-03-22 21:11:42,0.06149900,0.03500000
2018-03-22 21:11:42,0.06149900,0.00200000
2018-03-22 21:11:42,0.06150700,0.02300000
2018-03-22 21:11:42,0.06144000,0.19800000
2018-03-22 21:11:42,0.06144000,0.18200000
2018-03-22 21:11:44,0.06144000,1.79700000
2018-03-22 21:11:44,0.06150500,0.28100000
2018-03-22 21:11:44,0.06144400,0.01700000
2018-03-22 21:11:46,0.06142000,0.34000000
2018-03-22 21:11:46,0.06141800,0.45400000
2018-03-22 21:11:47,0.06141800,0.19300000
2018-03-22 21:11:49,0.06149700,0.01700000
2018-03-22 21:11:49,0.06143000,0.01900000
2018-03-22 21:11:50,0.06143100,0.05200000
2018-03-22 21:11:50,0.06143100,0.06900000
2018-03-22 21:11:51,0.06143100,0.05200000
2018-03-22 21:11:52,0.06143100,0.14000000
2018-03-22 21:11:53,0.06143000,0.23400000
2018-03-22 21:11:53,0.06143000,18.76700000
2018-03-22 21:11:53,0.06141800,0.99400000
2018-03-22 21:11:53,0.06141500,36.27400000
2018-03-22 21:11:53,0.06140100,0.19000000
2018-03-22 21:11:53,0.06140000,10.08000000
2018-03-22 21:11:53,0.06139500,0.02000000
2018-03-22 21:11:53,0.06139300,0.65000000
2018-03-22 21:11:53,0.06138900,0.02100000
2018-03-22 21:11:54,0.06147900,0.10000000
2018-03-22 21:11:54,0.06139000,0.02100000
2018-03-22 21:11:54,0.06147800,0.06600000
2018-03-22 21:11:55,0.06139000,0.26400000
2018-03-22 21:11:57,0.06141700,0.15000000
2018-03-22 21:11:57,0.06141700,0.03500000
2018-03-22 21:11:57,0.06141700,0.09800000
2018-03-22 21:11:57,0.06141700,0.43600000
2018-03-22 21:11:57,0.06141700,0.29200000
2018-03-22 21:11:57,0.06141700,0.39700000
2018-03-22 21:11:57,0.06141700,0.31200000
2018-03-22 21:11:58,0.06141700,0.50700000
2018-03-22 21:11:58,0.06138000,0.19100000
2018-03-22 21:11:58,0.06141700,0.03300000
2018-03-22 21:11:58,0.06141600,0.21000000
2018-03-22 21:11:58,0.06141700,0.58800000
2018-03-22 21:11:58,0.06147700,0.20200000
2018-03-22 21:12:02,0.06146600,0.03700000
2018-03-22 21:12:02,0.06141800,0.17800000
2018-03-22 21:12:02,0.06146600,0.02500000
2018-03-22 21:12:03,0.06144200,0.30200000
2018-03-22 21:12:03,0.06141800,0.01600000
2018-03-22 21:12:03,0.06141800,0.17700000
2018-03-22 21:12:03,0.06141700,0.04000000
2018-03-22 21:12:03,0.06141800,0.00100000
2018-03-22 21:12:04,0.06141800,0.01800000
2018-03-22 21:12:07,0.06145900,0.17700000
2018-03-22 21:12:09,0.06145900,0.47400000
2018-03-22 21:12:11,0.06145900,0.30000000
2018-03-22 21:12:12,0.06145900,0.02300000
2018-03-22 21:12:15,0.06141800,0.06600000
2018-03-22 21:12:15,0.06141700,0.01300000
2018-03-22 21:12:15,0.06141000,0.86000000
2018-03-22 21:12:15,0.06146000,0.13900000
2018-03-22 21:12:16,0.06141000,0.05900000
2018-03-22 21:12:17,0.06141000,0.10100000
2018-03-22 21:12:17,0.06141000,1.37800000
2018-03-22 21:12:18,0.06141000,0.02800000
2018-03-22 21:12:19,0.06141000,0.02800000
2018-03-22 21:12:19,0.06141000,0.55600000
2018-03-22 21:12:19,0.06141000,0.98900000
2018-03-22 21:12:20,0.06141000,0.00100000
2018-03-22 21:12:20,0.06139600,0.03500000
2018-03-22 21:12:20,0.06139600,0.16800000
2018-03-22 21:12:21,0.06139200,0.16600000
2018-03-22 21:12:21,0.06139200,1.74700000
2018-03-22 21:12:21,0.06139200,0.13600000
2018-03-22 21:12:22,0.06139200,1.63000000
2018-03-22 21:12:22,0.06139200,0.12100000
2018-03-22 21:12:23,0.06139300,0.25400000
2018-03-22 21:12:23,0.06139300,0.90600000
2018-03-22 21:12:26,0.06145000,0.18200000
2018-03-22 21:12:31,0.06139100,0.01500000
2018-03-22 21:12:34,0.06145000,0.18900000
2018-03-22 21:12:34,0.06145600,0.33000000
2018-03-22 21:12:34,0.06145800,0.28000000
2018-03-22 21:12:34,0.06145900,0.42200000
2018-03-22 21:12:34,0.06146000,0.17100000
2018-03-22 21:12:35,0.06145600,0.13300000
2018-03-22 21:12:36,0.06139100,0.17000000
2018-03-22 21:12:38,0.06145500,0.41400000
2018-03-22 21:12:38,0.06145500,0.16700000
2018-03-22 21:12:38,0.06139100,0.36200000
2018-03-22 21:12:43,0.06145000,0.06800000
2018-03-22 21:12:43,0.06145000,0.43100000
2018-03-22 21:12:45,0.06145200,0.42500000
2018-03-22 21:12:45,0.06145500,0.30300000
2018-03-22 21:12:45,0.06145600,0.32900000
2018-03-22 21:12:46,0.06145600,0.02800000
2018-03-22 21:12:46,0.06145600,0.03700000
2018-03-22 21:12:46,0.06145000,0.00100000
2018-03-22 21:12:46,0.06139100,0.00100000
2018-03-22 21:12:46,0.06138400,0.02100000
2018-03-22 21:12:46,0.06138400,0.06500000
2018-03-22 21:12:46,0.06138400,0.06400000
2018-03-22 21:12:51,0.06139100,0.02500000
2018-03-22 21:12:51,0.06145700,0.13800000
2018-03-22 21:12:51,0.06145700,0.00700000
2018-03-22 21:12:51,0.06145900,0.13700000
2018-03-22 21:12:51,0.06145900,0.08100000
2018-03-22 21:12:52,0.06139100,0.02900000
2018-03-22 21:12:52,0.06139200,0.06300000
2018-03-22 21:12:53,0.06139200,0.14400000
2018-03-22 21:12:56,0.06145700,0.74000000
2018-03-22 21:12:56,0.06145700,0.28800000
2018-03-22 21:12:56,0.06139200,0.05500000
2018-03-22 21:12:57,0.06145800,0.23200000
2018-03-22 21:12:57,0.06145900,0.02300000
2018-03-22 21:12:59,0.06139300,0.02800000
2018-03-22 21:13:00,0.06145100,0.08100000
2018-03-22 21:13:00,0.06145900,0.27700000
2018-03-22 21:13:00,0.06146000,0.80000000
2018-03-22 21:13:00,0.06145900,0.29900000
2018-03-22 21:13:00,0.06139200,0.02300000
2018-03-22 21:13:01,0.06139300,0.37000000
2018-03-22 21:13:02,0.06145800,0.15400000
2018-03-22 21:13:04,0.06139300,0.01700000
2018-03-22 21:13:04,0.06139300,0.00100000
2018-03-22 21:13:04,0.06145800,0.01600000
2018-03-22 21:13:04,0.06145800,0.01700000
2018-03-22 21:13:04,0.06145800,0.01700000
2018-03-22 21:13:04,0.06145800,0.01600000
2018-03-22 21:13:04,0.06145800,0.01700000
2018-03-22 21:13:04,0.06145800,0.01700000
2018-03-22 21:13:05,0.06145800,0.47200000
2018-03-22 21:13:06,0.06145800,0.20100000
2018-03-22 21:13:06,0.06146000,0.28100000
2018-03-22 21:13:06,0.06145800,0.18200000
2018-03-22 21:13:06,0.06146000,0.48100000
2018-03-22 21:13:07,0.06145800,0.10000000
2018-03-22 21:13:08,0.06145800,0.07900000
2018-03-22 21:13:08,0.06146000,1.65200000
2018-03-22 21:13:09,0.06139300,0.31900000
2018-03-22 21:13:09,0.06145900,0.02500000
2018-03-22 21:13:09,0.06139400,0.00800000
2018-03-22 21:13:09,0.06145900,0.02200000
2018-03-22 21:13:10,0.06146000,1.47600000
2018-03-22 21:13:10,0.06146700,0.25500000
2018-03-22 21:13:11,0.06146600,1.15100000
2018-03-22 21:13:13,0.06146400,0.14000000
2018-03-22 21:13:14,0.06146400,0.78800000
2018-03-22 21:13:14,0.06146500,1.15400000
2018-03-22 21:13:14,0.06146600,0.56100000
2018-03-22 21:13:14,0.06147700,0.02000000
2018-03-22 21:13:14,0.06147900,1.08800000
2018-03-22 21:13:14,0.06148300,0.08900000
2018-03-22 21:13:14,0.06148400,0.21400000
2018-03-22 21:13:14,0.06150100,0.36300000
2018-03-22 21:13:14,0.06150400,0.92900000
2018-03-22 21:13:14,0.06150300,0.75300000
2018-03-22 21:13:14,0.06150400,0.99200000
2018-03-22 21:13:16,0.06141000,0.10600000
2018-03-22 21:13:17,0.06141400,0.47300000
2018-03-22 21:13:18,0.06142000,0.08500000
2018-03-22 21:13:18,0.06142000,0.06400000
2018-03-22 21:13:18,0.06150000,0.32400000
2018-03-22 21:13:19,0.06142200,0.04500000
2018-03-22 21:13:19,0.06142200,0.51900000
2018-03-22 21:13:19,0.06142100,0.01400000
2018-03-22 21:13:19,0.06146500,0.07700000
2018-03-22 21:13:20,0.06142200,0.12500000
2018-03-22 21:13:21,0.06142000,0.00100000
2018-03-22 21:13:21,0.06141600,0.10600000
2018-03-22 21:13:21,0.06146500,0.07200000
2018-03-22 21:13:21,0.06149800,0.47300000
2018-03-22 21:13:21,0.06150000,0.05000000
2018-03-22 21:13:21,0.06150300,0.47300000
2018-03-22 21:13:21,0.06150400,2.37600000
2018-03-22 21:13:21,0.06150800,0.19000000
2018-03-22 21:13:21,0.06151100,0.50000000
2018-03-22 21:13:21,0.06152400,2.14900000
2018-03-22 21:13:21,0.06152600,3.08200000
2018-03-22 21:13:22,0.06149600,0.03400000
2018-03-22 21:13:23,0.06149500,0.07400000
2018-03-22 21:13:23,0.06149500,0.07400000
2018-03-22 21:13:24,0.06146000,0.04000000
2018-03-22 21:13:24,0.06146000,0.02000000
2018-03-22 21:13:25,0.06143200,0.14500000
2018-03-22 21:13:25,0.06143200,0.31500000
2018-03-22 21:13:25,0.06143200,0.29900000
2018-03-22 21:13:26,0.06143200,0.33300000
2018-03-22 21:13:26,0.06146000,0.02000000
2018-03-22 21:13:26,0.06149500,0.05200000
2018-03-22 21:13:26,0.06149600,0.26700000
2018-03-22 21:13:26,0.06151500,0.13000000
2018-03-22 21:13:26,0.06152600,0.54600000
2018-03-22 21:13:26,0.06143300,0.02300000
2018-03-22 21:13:27,0.06143600,0.05700000
2018-03-22 21:13:28,0.06146000,0.03900000
2018-03-22 21:13:28,0.06146000,0.33400000
2018-03-22 21:13:28,0.06144100,0.03800000
2018-03-22 21:13:28,0.06144100,0.03000000
2018-03-22 21:13:28,0.06144000,0.12300000
2018-03-22 21:13:28,0.06144000,0.19900000
2018-03-22 21:13:28,0.06144000,0.01700000
2018-03-22 21:13:28,0.06144100,0.22000000
2018-03-22 21:13:29,0.06144200,1.07800000
2018-03-22 21:13:29,0.06144200,0.45200000
2018-03-22 21:13:30,0.06150800,0.03300000
2018-03-22 21:13:30,0.06150800,3.35200000
2018-03-22 21:13:30,0.06150900,2.42900000
2018-03-22 21:13:30,0.06151000,0.34000000
2018-03-22 21:13:30,0.06152600,0.68500000
2018-03-22 21:13:31,0.06144500,0.02800000
2018-03-22 21:13:32,0.06144600,0.01800000
2018-03-22 21:13:32,0.06145000,0.05900000
2018-03-22 21:13:32,0.06145000,0.29100000
2018-03-22 21:13:32,0.06144600,0.17600000
2018-03-22 21:13:33,0.06145100,0.04300000
2018-03-22 21:13:33,0.06145100,0.93900000
2018-03-22 21:13:33,0.06145100,0.11100000
2018-03-22 21:13:33,0.06145100,0.82600000
2018-03-22 21:13:33,0.06144600,0.25300000
2018-03-22 21:13:33,0.06144600,0.15400000
2018-03-22 21:13:33,0.06145200,0.22000000
2018-03-22 21:13:33,0.06145200,0.00100000
2018-03-22 21:13:33,0.06144700,0.44500000
2018-03-22 21:13:34,0.06144700,0.33100000
2018-03-22 21:13:34,0.06151600,0.05600000
2018-03-22 21:13:34,0.06151600,0.00100000
2018-03-22 21:13:34,0.06151700,0.16100000
2018-03-22 21:13:35,0.06144800,0.88600000
2018-03-22 21:13:35,0.06144800,0.90000000
2018-03-22 21:13:35,0.06144800,0.00100000
2018-03-22 21:13:35,0.06144700,0.02200000
2018-03-22 21:13:36,0.06144700,0.62800000
2018-03-22 21:13:36,0.06144700,0.02900000
2018-03-22 21:13:37,0.06150900,0.28600000
2018-03-22 21:13:37,0.06151500,0.39900000
2018-03-22 21:13:37,0.06151500,0.28500000
2018-03-22 21:13:37,0.06151500,0.45300000
2018-03-22 21:13:40,0.06150900,0.02700000
2018-03-22 21:13:40,0.06144800,0.24400000
2018-03-22 21:13:40,0.06144700,0.35500000
2018-03-22 21:13:40,0.06144600,0.83500000
2018-03-22 21:13:40,0.06144600,0.14100000
2018-03-22 21:13:40,0.06144000,0.24300000
2018-03-22 21:13:40,0.06144000,0.11700000
2018-03-22 21:13:40,0.06141000,0.00300000
2018-03-22 21:13:40,0.06144000,0.33000000
2018-03-22 21:13:40,0.06141000,0.33800000
2018-03-22 21:13:40,0.06141000,0.32900000
2018-03-22 21:13:40,0.06144000,0.30000000
2018-03-22 21:13:40,0.06141000,0.37200000
2018-03-22 21:13:41,0.06144000,0.34900000
2018-03-22 21:13:41,0.06144000,0.00100000
2018-03-22 21:13:41,0.06144600,0.00100000
2018-03-22 21:13:41,0.06144800,0.24400000
2018-03-22 21:13:41,0.06150900,0.09300000
2018-03-22 21:13:41,0.06144600,0.25400000
2018-03-22 21:13:42,0.06144600,0.03200000
2018-03-22 21:13:42,0.06144600,0.93700000
2018-03-22 21:13:42,0.06150900,0.02900000
2018-03-22 21:13:42,0.06147300,0.32100000
2018-03-22 21:13:42,0.06147300,0.44400000
2018-03-22 21:13:43,0.06144500,0.25100000
2018-03-22 21:13:43,0.06143700,0.03600000
2018-03-22 21:13:43,0.06144500,0.00100000
2018-03-22 21:13:43,0.06150800,0.15200000
2018-03-22 21:13:45,0.06144100,0.58500000
2018-03-22 21:13:46,0.06150700,0.38400000
2018-03-22 21:13:46,0.06150700,0.38300000
2018-03-22 21:13:46,0.06150700,0.18500000
2018-03-22 21:13:47,0.06147400,0.65000000
2018-03-22 21:13:47,0.06150700,0.17100000
2018-03-22 21:13:47,0.06150700,0.20100000
2018-03-22 21:13:47,0.06144100,1.89500000
2018-03-22 21:13:47,0.06144100,0.15200000
2018-03-22 21:13:47,0.06144100,0.10200000
2018-03-22 21:13:47,0.06144000,0.09200000
2018-03-22 21:13:47,0.06144100,1.02900000
2018-03-22 21:13:48,0.06144200,0.16100000
2018-03-22 21:13:48,0.06144200,0.00100000
2018-03-22 21:13:48,0.06144100,0.00100000
2018-03-22 21:13:48,0.06142000,0.16000000
2018-03-22 21:13:49,0.06142100,0.73700000
2018-03-22 21:13:49,0.06142200,0.59800000
2018-03-22 21:13:50,0.06150300,0.30000000
2018-03-22 21:13:50,0.06150400,4.00500000
2018-03-22 21:13:50,0.06150500,1.15200000
2018-03-22 21:13:54,0.06143100,0.10900000
2018-03-22 21:13:58,0.06143200,0.89700000
2018-03-22 21:13:58,0.06143200,0.11400000
2018-03-22 21:13:59,0.06143200,0.02800000
2018-03-22 21:14:01,0.06149900,0.10500000
2018-03-22 21:14:01,0.06143200,0.04500000
2018-03-22 21:14:01,0.06143200,0.02800000
2018-03-22 21:14:02,0.06143200,0.02800000
2018-03-22 21:14:02,0.06143200,0.15400000
2018-03-22 21:14:02,0.06143200,0.02800000
2018-03-22 21:14:02,0.06143200,0.06400000
2018-03-22 21:14:02,0.06149800,0.21200000
2018-03-22 21:14:03,0.06149800,0.13900000
2018-03-22 21:14:03,0.06149800,0.04500000
2018-03-22 21:14:03,0.06149800,0.04100000
2018-03-22 21:14:03,0.06143300,0.01800000
2018-03-22 21:14:04,0.06150000,1.39000000
2018-03-22 21:14:05,0.06143300,0.04200000
2018-03-22 21:14:05,0.06150200,0.53400000
2018-03-22 21:14:05,0.06143400,0.14800000
2018-03-22 21:14:06,0.06143500,0.11800000
2018-03-22 21:14:06,0.06144000,0.02200000
2018-03-22 21:14:06,0.06144000,0.16700000
2018-03-22 21:14:07,0.06150000,0.18900000
2018-03-22 21:14:08,0.06143500,0.02900000
2018-03-22 21:14:08,0.06143600,0.02400000
2018-03-22 21:14:08,0.06143600,0.01700000
2018-03-22 21:14:09,0.06143600,0.00100000
2018-03-22 21:14:09,0.06143500,0.40500000
2018-03-22 21:14:09,0.06143300,1.45600000
2018-03-22 21:14:09,0.06143100,0.30000000
2018-03-22 21:14:09,0.06141200,0.78700000
2018-03-22 21:14:09,0.06143100,0.06400000
2018-03-22 21:14:10,0.06143200,0.09700000
2018-03-22 21:14:11,0.06149900,0.14700000
2018-03-22 21:14:12,0.06149900,0.39700000
2018-03-22 21:14:12,0.06143200,0.16700000
2018-03-22 21:14:12,0.06143200,0.16100000
2018-03-22 21:14:12,0.06143000,3.88500000
2018-03-22 21:14:13,0.06143300,0.09500000
2018-03-22 21:14:13,0.06149900,0.16700000
2018-03-22 21:14:14,0.06142400,0.96800000
2018-03-22 21:14:14,0.06149800,0.02500000
2018-03-22 21:14:14,0.06143300,0.23300000
2018-03-22 21:14:15,0.06143300,0.13300000
2018-03-22 21:14:15,0.06143300,0.18200000
2018-03-22 21:14:16,0.06144000,1.51100000
2018-03-22 21:14:16,0.06144000,0.23900000
2018-03-22 21:14:17,0.06144100,0.13000000
2018-03-22 21:14:17,0.06144100,0.05800000
2018-03-22 21:14:18,0.06144100,0.09000000
2018-03-22 21:14:18,0.06144100,0.27800000
2018-03-22 21:14:18,0.06144100,0.04300000
2018-03-22 21:14:18,0.06144100,0.04300000
2018-03-22 21:14:18,0.06149600,0.22100000
2018-03-22 21:14:18,0.06144100,0.03200000
2018-03-22 21:14:19,0.06144100,0.03200000
2018-03-22 21:14:19,0.06144100,0.20000000
2018-03-22 21:14:19,0.06144100,0.14500000
2018-03-22 21:14:19,0.06144100,0.02800000
2018-03-22 21:14:19,0.06149600,0.08000000
2018-03-22 21:14:23,0.06143400,0.08300000
2018-03-22 21:14:24,0.06143400,0.09900000
2018-03-22 21:14:25,0.06149600,0.11200000
2018-03-22 21:14:26,0.06143400,0.04400000
2018-03-22 21:14:28,0.06143400,0.27300000
2018-03-22 21:14:28,0.06143400,0.06400000
2018-03-22 21:14:28,0.06143400,0.23500000
2018-03-22 21:14:28,0.06143400,0.10100000
2018-03-22 21:14:28,0.06143400,0.00100000
2018-03-22 21:14:28,0.06143300,0.10400000
2018-03-22 21:14:29,0.06149100,0.07800000
2018-03-22 21:14:29,0.06149100,0.35100000
2018-03-22 21:14:29,0.06149100,0.02900000
2018-03-22 21:14:29,0.06143400,0.17800000
2018-03-22 21:14:32,0.06144000,0.48700000
2018-03-22 21:14:32,0.06144000,0.03200000
2018-03-22 21:14:32,0.06144000,0.22300000
2018-03-22 21:14:32,0.06144000,0.00100000
2018-03-22 21:14:32,0.06143400,0.02200000
2018-03-22 21:14:32,0.06143300,0.23200000
2018-03-22 21:14:32,0.06143400,0.09900000
2018-03-22 21:14:33,0.06149100,0.00100000
2018-03-22 21:14:33,0.06149200,0.07400000
2018-03-22 21:14:34,0.06149200,0.11700000
2018-03-22 21:14:34,0.06143600,0.53100000
2018-03-22 21:14:34,0.06143500,0.81500000
2018-03-22 21:14:34,0.06144000,0.33100000
2018-03-22 21:14:36,0.06144000,0.23400000
2018-03-22 21:14:37,0.06144000,0.19500000
2018-03-22 21:14:37,0.06144000,0.04900000
2018-03-22 21:14:37,0.06143500,0.19400000
2018-03-22 21:14:37,0.06144000,0.07600000
2018-03-22 21:14:37,0.06144000,0.16800000
2018-03-22 21:14:38,0.06149200,0.00100000
2018-03-22 21:14:38,0.06149900,0.00100000
2018-03-22 21:14:38,0.06150200,0.02400000
2018-03-22 21:14:38,0.06150200,0.61700000
2018-03-22 21:14:40,0.06150100,0.25500000
2018-03-22 21:14:41,0.06143500,0.01900000
2018-03-22 21:14:42,0.06150100,1.62400000
2018-03-22 21:14:42,0.06143500,0.22300000
2018-03-22 21:14:42,0.06150100,0.72400000
2018-03-22 21:14:43,0.06150100,0.15100000
2018-03-22 21:14:44,0.06143500,0.22100000
2018-03-22 21:14:45,0.06143500,0.05400000
2018-03-22 21:14:47,0.06143500,0.00100000
2018-03-22 21:14:47,0.06143300,0.66600000
2018-03-22 21:14:47,0.06143300,0.74100000
2018-03-22 21:14:47,0.06143300,0.04400000
2018-03-22 21:14:47,0.06143300,0.48700000
2018-03-22 21:14:48,0.06143400,0.13700000
2018-03-22 21:14:48,0.06143400,0.04600000
2018-03-22 21:14:48,0.06143400,0.24100000
2018-03-22 21:14:50,0.06143300,0.22300000
2018-03-22 21:14:50,0.06143300,0.05300000
2018-03-22 21:14:51,0.06149900,0.03700000
2018-03-22 21:14:51,0.06143300,0.05500000
2018-03-22 21:14:52,0.06149900,0.51400000
2018-03-22 21:14:52,0.06150000,0.00900000
2018-03-22 21:14:52,0.06150000,0.41400000
2018-03-22 21:14:53,0.06150000,0.00100000
2018-03-22 21:14:53,0.06150100,0.37400000
2018-03-22 21:14:53,0.06149900,0.03600000
2018-03-22 21:14:53,0.06149900,0.06900000
2018-03-22 21:14:53,0.06149900,0.12100000
2018-03-22 21:14:53,0.06143300,0.04000000
2018-03-22 21:14:53,0.06143300,0.16700000
2018-03-22 21:14:53,0.06143300,0.05100000
2018-03-22 21:14:53,0.06143300,0.15900000
2018-03-22 21:14:53,0.06143300,0.22500000
2018-03-22 21:14:53,0.06143300,0.22300000
2018-03-22 21:14:53,0.06143300,0.22500000
2018-03-22 21:14:53,0.06143300,0.02100000
2018-03-22 21:14:53,0.06143300,0.22500000
2018-03-22 21:14:53,0.06143300,0.02900000
2018-03-22 21:14:53,0.06143300,0.18400000
2018-03-22 21:14:53,0.06150100,0.19800000
2018-03-22 21:14:53,0.06150100,0.13000000
2018-03-22 21:14:54,0.06143300,0.19300000
2018-03-22 21:14:55,0.06143300,0.34800000
2018-03-22 21:14:56,0.06149300,0.32600000
2018-03-22 21:14:57,0.06143400,0.01300000
2018-03-22 21:14:57,0.06143400,0.02300000
2018-03-22 21:14:57,0.06144000,0.34900000
2018-03-22 21:14:59,0.06150000,0.34900000
2018-03-22 21:15:01,0.06150000,0.00100000
2018-03-22 21:15:01,0.06150200,0.00100000
2018-03-22 21:15:01,0.06150600,0.30400000
2018-03-22 21:15:02,0.06143600,0.02300000
2018-03-22 21:15:02,0.06143600,0.85200000
2018-03-22 21:15:02,0.06145000,0.12300000
2018-03-22 21:15:02,0.06145000,0.01900000
2018-03-22 21:15:02,0.06145000,0.13800000
2018-03-22 21:15:02,0.06145000,0.20100000
2018-03-22 21:15:02,0.06145000,1.29200000
2018-03-22 21:15:02,0.06145000,0.23600000
2018-03-22 21:15:02,0.06145000,0.34400000
2018-03-22 21:15:02,0.06145000,1.61800000
2018-03-22 21:15:02,0.06145000,10.81700000
2018-03-22 21:15:02,0.06145000,0.00800000
2018-03-22 21:15:02,0.06150600,0.06700000
2018-03-22 21:15:03,0.06150500,0.15100000
2018-03-22 21:15:03,0.06150500,0.06000000
2018-03-22 21:15:04,0.06150400,0.18300000
2018-03-22 21:15:04,0.06144100,0.01800000
2018-03-22 21:15:05,0.06144100,0.65500000
2018-03-22 21:15:05,0.06150400,0.00100000
2018-03-22 21:15:05,0.06150500,0.04900000
2018-03-22 21:15:05,0.06147200,0.39700000
2018-03-22 21:15:05,0.06150100,0.21100000
2018-03-22 21:15:05,0.06150100,0.00100000
2018-03-22 21:15:05,0.06144100,0.21000000
2018-03-22 21:15:05,0.06144100,0.21100000
2018-03-22 21:15:05,0.06144100,0.08000000
2018-03-22 21:15:06,0.06150500,0.39300000
2018-03-22 21:15:08,0.06150500,0.95200000
2018-03-22 21:15:08,0.06150300,0.64800000
2018-03-22 21:15:09,0.06150200,0.11400000
2018-03-22 21:15:09,0.06143700,0.09200000
2018-03-22 21:15:09,0.06150200,0.10700000
2018-03-22 21:15:09,0.06150300,0.00200000
2018-03-22 21:15:09,0.06150500,0.40300000
2018-03-22 21:15:11,0.06150300,0.08700000
2018-03-22 21:15:11,0.06143800,0.22800000
2018-03-22 21:15:11,0.06150300,0.00500000
2018-03-22 21:15:11,0.06150500,0.14500000
2018-03-22 21:15:11,0.06150500,0.15100000
2018-03-22 21:15:11,0.06150500,0.15000000
2018-03-22 21:15:11,0.06144100,0.08900000
2018-03-22 21:15:12,0.06144100,0.16500000
2018-03-22 21:15:12,0.06150500,0.06200000
2018-03-22 21:15:12,0.06150500,1.69300000
2018-03-22 21:15:13,0.06144200,0.62100000
2018-03-22 21:15:13,0.06144200,0.14800000
2018-03-22 21:15:14,0.06144200,0.33800000
2018-03-22 21:15:14,0.06150500,0.18400000
2018-03-22 21:15:15,0.06144200,0.14100000
2018-03-22 21:15:15,0.06144200,0.04200000
2018-03-22 21:15:16,0.06144200,0.28300000
2018-03-22 21:15:17,0.06150500,0.25000000
2018-03-22 21:15:17,0.06150500,0.04400000
2018-03-22 21:15:18,0.06150500,0.06200000
2018-03-22 21:15:19,0.06150500,0.15000000
2018-03-22 21:15:22,0.06144300,0.05900000
2018-03-22 21:15:22,0.06144300,0.36500000
2018-03-22 21:15:23,0.06144300,0.00100000
2018-03-22 21:15:23,0.06143800,0.05000000
2018-03-22 21:15:23,0.06143800,0.20600000
2018-03-22 21:15:24,0.06150500,0.59500000
2018-03-22 21:15:24,0.06144300,0.24400000
2018-03-22 21:15:24,0.06143900,0.22100000
2018-03-22 21:15:24,0.06143800,0.34900000
2018-03-22 21:15:24,0.06143800,0.02600000
2018-03-22 21:15:24,0.06143800,0.03400000
2018-03-22 21:15:24,0.06150500,0.00400000
2018-03-22 21:15:25,0.06150400,0.25000000
2018-03-22 21:15:26,0.06150300,0.26300000
2018-03-22 21:15:26,0.06150300,0.20000000
2018-03-22 21:15:26,0.06150300,0.71100000
2018-03-22 21:15:26,0.06150400,0.40000000
2018-03-22 21:15:26,0.06150500,0.27100000
2018-03-22 21:15:26,0.06150600,0.05700000
2018-03-22 21:15:26,0.06151200,1.29800000
2018-03-22 21:15:26,0.06151200,0.15800000
2018-03-22 21:15:26,0.06151200,7.74900000
2018-03-22 21:15:26,0.06151500,0.19800000
2018-03-22 21:15:26,0.06152600,0.02000000
2018-03-22 21:15:26,0.06152700,0.21300000
2018-03-22 21:15:26,0.06151200,0.14600000
2018-03-22 21:15:27,0.06152100,0.07500000
2018-03-22 21:15:27,0.06144100,0.10000000
2018-03-22 21:15:28,0.06151200,0.17000000
2018-03-22 21:15:28,0.06144600,0.16400000
2018-03-22 21:15:29,0.06144700,0.02900000
2018-03-22 21:15:29,0.06151200,0.47400000
2018-03-22 21:15:29,0.06152000,0.22100000
2018-03-22 21:15:29,0.06152100,0.18500000
2018-03-22 21:15:29,0.06152200,0.10000000
2018-03-22 21:15:29,0.06152700,0.84800000
2018-03-22 21:15:30,0.06144700,0.14000000
2018-03-22 21:15:31,0.06145100,0.25000000
2018-03-22 21:15:32,0.06152300,0.09200000
2018-03-22 21:15:32,0.06146000,0.17000000
2018-03-22 21:15:32,0.06152300,0.07100000
2018-03-22 21:15:32,0.06146000,0.25400000
2018-03-22 21:15:32,0.06146000,0.12900000
2018-03-22 21:15:32,0.06146000,0.03600000
2018-03-22 21:15:33,0.06152200,0.24900000
2018-03-22 21:15:35,0.06145400,0.06000000
2018-03-22 21:15:35,0.06145400,0.09400000
2018-03-22 21:15:35,0.06145400,0.05100000
2018-03-22 21:15:35,0.06145400,0.00100000
2018-03-22 21:15:35,0.06145300,0.05000000
2018-03-22 21:15:35,0.06145400,0.42500000
2018-03-22 21:15:35,0.06146000,0.34900000
2018-03-22 21:15:36,0.06145400,1.71500000
2018-03-22 21:15:36,0.06145300,5.00000000
2018-03-22 21:15:36,0.06144800,0.33000000
2018-03-22 21:15:36,0.06143800,2.71000000
2018-03-22 21:15:36,0.06143400,0.97600000
2018-03-22 21:15:36,0.06141400,1.25100000
2018-03-22 21:15:36,0.06141300,3.74900000
2018-03-22 21:15:36,0.06140100,0.19000000
2018-03-22 21:15:36,0.06140000,2.62900000
2018-03-22 21:15:36,0.06144800,0.22900000
2018-03-22 21:15:37,0.06152000,0.33800000
2018-03-22 21:15:37,0.06151900,0.05000000
2018-03-22 21:15:37,0.06152000,0.18800000
2018-03-22 21:15:37,0.06145000,0.33900000
2018-03-22 21:15:38,0.06151900,0.41400000
2018-03-22 21:15:38,0.06151800,0.33800000
2018-03-22 21:15:38,0.06145100,0.91200000
2018-03-22 21:15:38,0.06145200,0.02100000
2018-03-22 21:15:39,0.06151700,0.37600000
2018-03-22 21:15:39,0.06151700,0.06200000
2018-03-22 21:15:39,0.06151600,0.10000000
2018-03-22 21:15:39,0.06151700,0.18000000
2018-03-22 21:15:40,0.06151400,0.27100000
2018-03-22 21:15:40,0.06151400,0.79000000
2018-03-22 21:15:40,0.06151400,0.01900000
2018-03-22 21:15:40,0.06151000,0.04700000
2018-03-22 21:15:42,0.06145000,0.26300000
2018-03-22 21:15:43,0.06141400,0.66100000
2018-03-22 21:15:44,0.06142100,0.43700000
2018-03-22 21:15:44,0.06150600,0.04800000
2018-03-22 21:15:44,0.06142200,0.01500000
2018-03-22 21:15:45,0.06142200,0.73600000
2018-03-22 21:15:45,0.06142200,0.10000000
2018-03-22 21:15:45,0.06150500,0.26400000
2018-03-22 21:15:45,0.06142200,0.00100000
2018-03-22 21:15:45,0.06142100,3.66800000
2018-03-22 21:15:45,0.06142000,0.12900000
2018-03-22 21:15:45,0.06142200,0.03000000
2018-03-22 21:15:45,0.06142200,0.20000000
2018-03-22 21:15:45,0.06142000,0.10000000
2018-03-22 21:15:45,0.06142000,0.00100000
2018-03-22 21:15:45,0.06142100,0.02900000
2018-03-22 21:15:45,0.06142100,0.10000000
2018-03-22 21:15:45,0.06142100,0.05500000
2018-03-22 21:15:45,0.06142200,0.04500000
2018-03-22 21:15:45,0.06142200,0.10000000
2018-03-22 21:15:45,0.06142200,0.03000000
2018-03-22 21:15:45,0.06142200,0.08600000
2018-03-22 21:15:45,0.06142300,0.39400000
2018-03-22 21:15:45,0.06142200,0.14200000
2018-03-22 21:15:45,0.06137900,3.85700000
2018-03-22 21:15:45,0.06137900,0.40600000
2018-03-22 21:15:45,0.06142200,0.20000000
2018-03-22 21:15:45,0.06137900,2.09300000
2018-03-22 21:15:45,0.06137100,3.32800000
2018-03-22 21:15:45,0.06137000,0.09500000
2018-03-22 21:15:45,0.06142200,0.06300000
2018-03-22 21:15:46,0.06142300,2.47000000
2018-03-22 21:15:46,0.06142400,0.96800000
2018-03-22 21:15:47,0.06149800,0.04200000
2018-03-22 21:15:47,0.06149800,0.02000000
2018-03-22 21:15:47,0.06149700,0.15500000
2018-03-22 21:15:47,0.06149700,0.04900000
2018-03-22 21:15:47,0.06149700,0.16200000
2018-03-22 21:15:47,0.06149700,0.53800000
2018-03-22 21:15:49,0.06142500,0.05500000
2018-03-22 21:15:50,0.06143000,0.02900000
2018-03-22 21:15:50,0.06143000,0.03000000
2018-03-22 21:15:52,0.06142500,0.05300000
2018-03-22 21:15:53,0.06148000,0.05700000
2018-03-22 21:15:53,0.06142500,0.15400000
2018-03-22 21:15:53,0.06142500,0.02900000
2018-03-22 21:15:55,0.06137400,0.20000000
2018-03-22 21:15:55,0.06137300,1.73700000
2018-03-22 21:15:56,0.06147200,0.06700000
2018-03-22 21:15:57,0.06146700,0.17300000
2018-03-22 21:15:57,0.06146700,0.17300000
2018-03-22 21:15:58,0.06146700,0.23500000
2018-03-22 21:15:58,0.06146700,0.03800000
2018-03-22 21:16:00,0.06145900,0.08800000
2018-03-22 21:16:00,0.06145900,0.08800000
2018-03-22 21:16:01,0.06145900,0.25200000
2018-03-22 21:16:01,0.06145900,0.21500000
2018-03-22 21:16:01,0.06145900,0.04600000
2018-03-22 21:16:01,0.06146300,0.04200000
2018-03-22 21:16:01,0.06145900,0.04600000
2018-03-22 21:16:01,0.06139200,0.15200000
2018-03-22 21:16:02,0.06145300,0.15300000
2018-03-22 21:16:02,0.06142200,0.40500000
2018-03-22 21:16:02,0.06139200,0.29400000
2018-03-22 21:16:02,0.06139200,0.26100000
2018-03-22 21:16:03,0.06145000,0.28900000
2018-03-22 21:16:03,0.06145000,0.00100000
2018-03-22 21:16:03,0.06145300,0.00100000
2018-03-22 21:16:03,0.06145900,0.25000000
2018-03-22 21:16:03,0.06145900,0.03700000
2018-03-22 21:16:03,0.06145900,0.38700000
2018-03-22 21:16:03,0.06139300,0.07500000
2018-03-22 21:16:03,0.06139300,0.07600000
2018-03-22 21:16:04,0.06139300,0.07500000
2018-03-22 21:16:04,0.06139300,0.04500000
2018-03-22 21:16:04,0.06139300,0.04500000
2018-03-22 21:16:04,0.06139300,0.03200000
2018-03-22 21:16:04,0.06139300,0.07900000
2018-03-22 21:16:04,0.06139200,0.18000000
2018-03-22 21:16:04,0.06139300,0.04500000
2018-03-22 21:16:04,0.06145300,0.01800000
2018-03-22 21:16:04,0.06139200,0.00500000
2018-03-22 21:16:04,0.06145300,0.04400000
2018-03-22 21:16:04,0.06145300,0.04400000
2018-03-22 21:16:04,0.06139200,0.23200000
2018-03-22 21:16:04,0.06139200,0.00100000
2018-03-22 21:16:04,0.06138600,0.19600000
2018-03-22 21:16:04,0.06138600,0.26800000
2018-03-22 21:16:04,0.06138600,0.24900000
2018-03-22 21:16:04,0.06138600,0.12500000
2018-03-22 21:16:04,0.06138600,0.12800000
2018-03-22 21:16:05,0.06145200,0.05900000
2018-03-22 21:16:05,0.06138600,0.01100000
2018-03-22 21:16:05,0.06138100,0.35200000
2018-03-22 21:16:05,0.06138100,0.29100000
2018-03-22 21:16:06,0.06136500,0.01900000
2018-03-22 21:16:06,0.06138100,0.04300000
2018-03-22 21:16:06,0.06138100,0.53100000
2018-03-22 21:16:06,0.06145000,0.25800000
2018-03-22 21:16:06,0.06145000,0.32700000
2018-03-22 21:16:06,0.06145000,0.49600000
2018-03-22 21:16:06,0.06145000,1.86000000
2018-03-22 21:16:06,0.06145100,0.55200000
2018-03-22 21:16:06,0.06145200,0.42700000
2018-03-22 21:16:06,0.06145300,3.64300000
2018-03-22 21:16:06,0.06145900,0.52400000
2018-03-22 21:16:06,0.06146300,1.49600000
2018-03-22 21:16:06,0.06146600,0.20700000
2018-03-22 21:16:06,0.06147600,3.80100000
2018-03-22 21:16:07,0.06137100,0.03200000
2018-03-22 21:16:07,0.06137200,0.14300000
2018-03-22 21:16:08,0.06138400,0.64500000
2018-03-22 21:16:09,0.06144600,0.43700000
2018-03-22 21:16:09,0.06144700,0.19200000
2018-03-22 21:16:11,0.06144700,0.02900000
2018-03-22 21:16:11,0.06144700,0.22900000
2018-03-22 21:16:11,0.06145000,0.02600000
2018-03-22 21:16:11,0.06145000,0.02800000
2018-03-22 21:16:12,0.06145000,0.50500000
2018-03-22 21:16:12,0.06145000,0.08000000
2018-03-22 21:16:12,0.06145000,0.19000000
2018-03-22 21:16:13,0.06144700,0.25700000
2018-03-22 21:16:13,0.06144700,0.00100000
2018-03-22 21:16:13,0.06140100,0.03500000
2018-03-22 21:16:13,0.06140100,0.05900000
2018-03-22 21:16:13,0.06145000,0.01700000
2018-03-22 21:16:14,0.06145000,0.03400000
2018-03-22 21:16:15,0.06140100,0.42100000
2018-03-22 21:16:15,0.06145000,0.14400000
2018-03-22 21:16:16,0.06140200,0.08800000
2018-03-22 21:16:16,0.06145000,0.08300000
2018-03-22 21:16:17,0.06140300,0.18100000
2018-03-22 21:16:17,0.06140300,0.41600000
2018-03-22 21:16:18,0.06145000,0.05900000
2018-03-22 21:16:19,0.06145000,0.30600000
2018-03-22 21:16:19,0.06140300,0.81600000
2018-03-22 21:16:20,0.06140300,0.03800000
2018-03-22 21:16:20,0.06140100,0.38900000
2018-03-22 21:16:20,0.06140000,0.19900000
2018-03-22 21:16:20,0.06145000,0.91700000
2018-03-22 21:16:21,0.06146900,0.33000000
2018-03-22 21:16:22,0.06147900,5.63600000
2018-03-22 21:16:22,0.06147900,0.86800000
2018-03-22 21:16:22,0.06148000,0.10000000
2018-03-22 21:16:22,0.06148900,1.31500000
2018-03-22 21:16:22,0.06147900,0.13000000
2018-03-22 21:16:22,0.06148900,1.01000000
2018-03-22 21:16:22,0.06147900,0.30000000
2018-03-22 21:16:22,0.06148900,0.38600000
2018-03-22 21:16:22,0.06147900,0.13000000
2018-03-22 21:16:22,0.06148900,0.12900000
2018-03-22 21:16:22,0.06140500,0.00800000
2018-03-22 21:16:23,0.06147700,0.47000000
2018-03-22 21:16:23,0.06141100,0.45900000
2018-03-22 21:16:24,0.06144400,1.40300000
2018-03-22 21:16:24,0.06147700,0.00100000
2018-03-22 21:16:24,0.06147700,0.46800000
2018-03-22 21:16:24,0.06147700,0.00100000
2018-03-22 21:16:24,0.06141300,0.05500000
2018-03-22 21:16:24,0.06141300,0.03800000
2018-03-22 21:16:25,0.06141300,0.32900000
2018-03-22 21:16:27,0.06148700,1.62300000
2018-03-22 21:16:27,0.06141600,0.06500000
2018-03-22 21:16:28,0.06142100,0.07100000
2018-03-22 21:16:30,0.06142000,0.32600000
2018-03-22 21:16:31,0.06141800,0.17800000
2018-03-22 21:16:31,0.06141800,0.03500000
2018-03-22 21:16:32,0.06148000,1.93200000
2018-03-22 21:16:32,0.06148000,1.93200000
2018-03-22 21:16:32,0.06148000,1.46600000
2018-03-22 21:16:32,0.06148600,0.06500000
2018-03-22 21:16:32,0.06148700,1.06900000
2018-03-22 21:16:32,0.06148700,0.46800000
2018-03-22 21:16:32,0.06149000,0.08300000
2018-03-22 21:16:33,0.06148900,0.07000000
2018-03-22 21:16:33,0.06148900,0.00100000
2018-03-22 21:16:33,0.06148300,0.24400000
2018-03-22 21:16:33,0.06148300,0.14400000
2018-03-22 21:16:33,0.06142100,0.22200000
2018-03-22 21:16:33,0.06142000,0.02100000
2018-03-22 21:16:33,0.06142000,0.38600000
2018-03-22 21:16:33,0.06142000,0.18600000
2018-03-22 21:16:33,0.06142000,0.03400000
2018-03-22 21:16:34,0.06149500,0.32900000
2018-03-22 21:16:34,0.06149500,0.01800000
2018-03-22 21:16:35,0.06149000,0.35000000
2018-03-22 21:16:35,0.06149500,0.10400000
2018-03-22 21:16:35,0.06149500,0.22200000
2018-03-22 21:16:35,0.06149700,0.40000000
2018-03-22 21:16:35,0.06149800,0.40000000
2018-03-22 21:16:36,0.06143200,0.43800000
2018-03-22 21:16:36,0.06143100,0.91400000
2018-03-22 21:16:36,0.06143000,0.35000000
2018-03-22 21:16:36,0.06142500,1.18300000
2018-03-22 21:16:36,0.06142300,0.33000000
2018-03-22 21:16:36,0.06142100,0.96700000
2018-03-22 21:16:36,0.06141500,0.97600000
2018-03-22 21:16:36,0.06141300,0.10000000
2018-03-22 21:16:36,0.06141300,0.03000000
2018-03-22 21:16:36,0.06141300,0.10000000
2018-03-22 21:16:36,0.06141300,0.10000000
2018-03-22 21:16:36,0.06141300,0.03000000
2018-03-22 21:16:36,0.06141300,0.10000000
2018-03-22 21:16:36,0.06141300,0.10000000
2018-03-22 21:16:36,0.06141300,0.10000000
2018-03-22 21:16:36,0.06141300,0.05000000
2018-03-22 21:16:36,0.06141300,0.10000000
2018-03-22 21:16:36,0.06141300,0.05300000
2018-03-22 21:16:36,0.06141300,0.10000000
2018-03-22 21:16:36,0.06141300,0.02300000
2018-03-22 21:16:36,0.06141300,0.45100000
2018-03-22 21:16:36,0.06140000,0.14400000
2018-03-22 21:16:36,0.06140000,0.14400000
2018-03-22 21:16:37,0.06141300,0.10000000
2018-03-22 21:16:37,0.06141300,0.11700000
2018-03-22 21:16:37,0.06141300,0.56300000
2018-03-22 21:16:37,0.06141000,0.24400000
2018-03-22 21:16:37,0.06141000,0.10600000
2018-03-22 21:16:37,0.06141300,0.13800000
2018-03-22 21:16:37,0.06141300,0.19800000
2018-03-22 21:16:37,0.06141300,0.05700000
2018-03-22 21:16:37,0.06141300,0.09100000
2018-03-22 21:16:37,0.06141300,11.14100000
2018-03-22 21:16:38,0.06140900,0.01300000
2018-03-22 21:16:39,0.06144600,0.02600000
2018-03-22 21:16:39,0.06144600,0.00100000
2018-03-22 21:16:39,0.06141300,0.02500000
2018-03-22 21:16:39,0.06148500,0.53100000
2018-03-22 21:16:39,0.06148600,0.20700000
2018-03-22 21:16:39,0.06148700,1.69200000
2018-03-22 21:16:39,0.06148700,0.53300000
2018-03-22 21:16:39,0.06148900,0.31700000
2018-03-22 21:16:39,0.06148900,0.13800000
2018-03-22 21:16:39,0.06148700,0.68000000
2018-03-22 21:16:40,0.06142000,0.11100000
2018-03-22 21:16:41,0.06148600,0.21000000
2018-03-22 21:16:43,0.06148000,0.10900000
2018-03-22 21:16:44,0.06142100,0.08200000
2018-03-22 21:16:44,0.06142100,0.47300000
2018-03-22 21:16:44,0.06141700,0.59400000
2018-03-22 21:16:44,0.06141700,0.38200000
2018-03-22 21:16:44,0.06141400,0.07400000
2018-03-22 21:16:44,0.06148600,0.24000000
2018-03-22 21:16:48,0.06141800,0.03600000
2018-03-22 21:16:48,0.06141800,0.18300000
2018-03-22 21:16:48,0.06142000,0.35000000
2018-03-22 21:16:48,0.06141800,0.00300000
2018-03-22 21:16:48,0.06141500,0.45000000
2018-03-22 21:16:48,0.06141400,0.13000000
2018-03-22 21:16:48,0.06141300,0.51600000
2018-03-22 21:16:50,0.06142200,0.05400000
2018-03-22 21:16:51,0.06145100,1.28400000
2018-03-22 21:16:51,0.06142200,0.33100000
2018-03-22 21:16:51,0.06142200,0.41200000
2018-03-22 21:16:52,0.06141300,0.04900000
2018-03-22 21:16:53,0.06141400,0.02600000
2018-03-22 21:16:54,0.06147900,0.23300000
2018-03-22 21:16:54,0.06148000,0.17700000
2018-03-22 21:16:54,0.06148500,0.22200000
2018-03-22 21:16:54,0.06148600,0.00100000
2018-03-22 21:16:54,0.06148900,0.00900000
2018-03-22 21:16:55,0.06148900,0.02800000
2018-03-22 21:16:56,0.06142100,0.02400000
2018-03-22 21:16:57,0.06148700,0.36000000
2018-03-22 21:16:57,0.06148700,0.00100000
2018-03-22 21:16:57,0.06142100,0.04700000
2018-03-22 21:16:57,0.06142100,0.02400000
2018-03-22 21:16:57,0.06148900,0.05900000
2018-03-22 21:16:57,0.06142100,0.74300000
2018-03-22 21:16:57,0.06142100,0.40000000
2018-03-22 21:16:58,0.06142100,0.08200000
2018-03-22 21:16:58,0.06142100,0.00100000
2018-03-22 21:16:58,0.06141300,0.02300000
2018-03-22 21:16:58,0.06141500,0.17400000
2018-03-22 21:16:59,0.06141500,0.02400000
2018-03-22 21:17:00,0.06148700,0.05100000
2018-03-22 21:17:00,0.06148700,0.14700000
2018-03-22 21:17:00,0.06148800,0.43000000
2018-03-22 21:17:00,0.06148900,0.42700000
2018-03-22 21:17:00,0.06149000,0.59600000
2018-03-22 21:17:00,0.06149400,0.44700000
2018-03-22 21:17:00,0.06149400,0.26700000
2018-03-22 21:17:00,0.06149400,0.10000000
2018-03-22 21:17:00,0.06149400,0.10000000
2018-03-22 21:17:00,0.06148500,0.10000000
2018-03-22 21:17:01,0.06142100,3.00000000
2018-03-22 21:17:01,0.06142000,6.25500000
2018-03-22 21:17:01,0.06148400,0.52500000
2018-03-22 21:17:01,0.06148400,0.18400000
2018-03-22 21:17:01,0.06148400,0.57900000
2018-03-22 21:17:03,0.06149300,0.05900000
2018-03-22 21:17:03,0.06142000,0.01800000
2018-03-22 21:17:05,0.06142300,1.00500000
2018-03-22 21:17:05,0.06142200,0.36800000
2018-03-22 21:17:05,0.06142100,0.22300000
2018-03-22 21:17:05,0.06141400,1.28800000
2018-03-22 21:17:05,0.06141300,2.35800000
2018-03-22 21:17:05,0.06148800,0.01700000
2018-03-22 21:17:06,0.06148700,0.07800000
2018-03-22 21:17:07,0.06148600,0.00100000
2018-03-22 21:17:08,0.06148600,0.12200000
2018-03-22 21:17:08,0.06148700,0.02600000
2018-03-22 21:17:08,0.06148000,0.02000000
2018-03-22 21:17:08,0.06148700,0.02300000
2018-03-22 21:17:09,0.06148000,0.02000000
2018-03-22 21:17:09,0.06141300,0.01900000
2018-03-22 21:17:09,0.06142100,0.03500000
2018-03-22 21:17:09,0.06141300,0.01900000
2018-03-22 21:17:09,0.06141300,0.01900000
2018-03-22 21:17:09,0.06141300,0.01900000
2018-03-22 21:17:09,0.06142100,4.86400000
2018-03-22 21:17:09,0.06142100,0.04100000
2018-03-22 21:17:09,0.06142100,0.02500000
2018-03-22 21:17:09,0.06142100,0.21300000
2018-03-22 21:17:09,0.06142100,0.12700000
2018-03-22 21:17:09,0.06142100,0.70500000
2018-03-22 21:17:09,0.06142100,0.11500000
2018-03-22 21:17:09,0.06142100,0.51000000
2018-03-22 21:17:09,0.06142100,0.02500000
2018-03-22 21:17:09,0.06142100,0.15000000
2018-03-22 21:17:09,0.06142100,0.18000000
2018-03-22 21:17:10,0.06142100,0.04700000
2018-03-22 21:17:10,0.06142100,0.07500000
2018-03-22 21:17:10,0.06142100,0.05900000
2018-03-22 21:17:10,0.06142100,4.55500000
2018-03-22 21:17:10,0.06142100,1.37000000
2018-03-22 21:17:10,0.06142100,0.41300000
2018-03-22 21:17:10,0.06142100,0.12400000
2018-03-22 21:17:10,0.06142100,0.74400000
2018-03-22 21:17:10,0.06142100,0.22000000
2018-03-22 21:17:10,0.06142100,0.05200000
2018-03-22 21:17:11,0.06141300,1.57700000
2018-03-22 21:17:11,0.06142100,0.58300000
2018-03-22 21:17:12,0.06142100,0.02100000
2018-03-22 21:17:13,0.06142100,0.20600000
2018-03-22 21:17:13,0.06141300,0.75300000
2018-03-22 21:17:13,0.06141300,0.75200000
2018-03-22 21:17:13,0.06142100,0.07400000
2018-03-22 21:17:15,0.06142000,0.17600000
2018-03-22 21:17:15,0.06142000,0.00500000
2018-03-22 21:17:15,0.06142100,0.17500000
2018-03-22 21:17:15,0.06142100,0.08800000
2018-03-22 21:17:15,0.06142100,4.20400000
2018-03-22 21:17:16,0.06147400,0.49200000
2018-03-22 21:17:16,0.06141300,0.05000000
2018-03-22 21:17:17,0.06147300,0.76900000
2018-03-22 21:17:17,0.06141300,0.93000000
2018-03-22 21:17:18,0.06147100,0.13300000
