DATE,PRICE,VOLUME
2018-03-23 05:59:59,0.06155200,0.05600000
2018-03-23 06:00:00,0.06162000,0.02100000
2018-03-23 06:00:02,0.06162000,0.15800000
2018-03-23 06:00:03,0.06155200,0.12800000
2018-03-23 06:00:03,0.06155300,0.03100000
2018-03-23 06:00:03,0.06155300,0.03900000
2018-03-23 06:00:05,0.06161900,0.06700000
2018-03-23 06:00:05,0.06161900,0.00300000
2018-03-23 06:00:05,0.06161900,0.02900000
2018-03-23 06:00:05,0.06161900,0.00800000
2018-03-23 06:00:05,0.06155300,0.02800000
2018-03-23 06:00:05,0.06155300,0.02900000
2018-03-23 06:00:05,0.06155300,0.03600000
2018-03-23 06:00:05,0.06155300,0.01700000
2018-03-23 06:00:05,0.06155200,0.01900000
2018-03-23 06:00:05,0.06155200,0.02400000
2018-03-23 06:00:05,0.06155200,0.03600000
2018-03-23 06:00:05,0.06155200,0.03400000
2018-03-23 06:00:05,0.06155200,0.03600000
2018-03-23 06:00:05,0.06155200,0.03600000
2018-03-23 06:00:05,0.06155200,1.31900000
2018-03-23 06:00:06,0.06155200,0.06400000
2018-03-23 06:00:06,0.06155300,0.06900000
2018-03-23 06:00:06,0.06161900,0.00100000
2018-03-23 06:00:06,0.06155300,0.04600000
2018-03-23 06:00:07,0.06155300,0.00100000
2018-03-23 06:00:07,0.06154000,0.00800000
2018-03-23 06:00:08,0.06154100,0.30000000
2018-03-23 06:00:08,0.06154000,0.03300000
2018-03-23 06:00:08,0.06153800,0.30000000
2018-03-23 06:00:08,0.06153500,1.28000000
2018-03-23 06:00:08,0.06161600,0.07300000
2018-03-23 06:00:08,0.06153800,0.12300000
2018-03-23 06:00:09,0.06154000,0.05000000
2018-03-23 06:00:09,0.06153800,0.10000000
2018-03-23 06:00:09,0.06153900,0.09900000
2018-03-23 06:00:09,0.06153900,0.08100000
2018-03-23 06:00:09,0.06153900,2.73800000
2018-03-23 06:00:09,0.06153900,0.13700000
2018-03-23 06:00:09,0.06153900,0.12200000
2018-03-23 06:00:09,0.06153900,1.08100000
2018-03-23 06:00:09,0.06153600,0.02900000
2018-03-23 06:00:10,0.06153900,0.12300000
2018-03-23 06:00:10,0.06153900,0.00100000
2018-03-23 06:00:10,0.06161600,0.12200000
2018-03-23 06:00:10,0.06161600,0.05500000
2018-03-23 06:00:10,0.06161600,0.12300000
2018-03-23 06:00:10,0.06161600,0.07000000
2018-03-23 06:00:10,0.06161600,0.01900000
2018-03-23 06:00:10,0.06161600,0.07400000
2018-03-23 06:00:10,0.06153600,0.04600000
2018-03-23 06:00:10,0.06161600,0.22300000
2018-03-23 06:00:10,0.06161600,0.14300000
2018-03-23 06:00:10,0.06161600,0.19100000
2018-03-23 06:00:10,0.06154200,0.08900000
2018-03-23 06:00:11,0.06161300,0.19900000
2018-03-23 06:00:12,0.06161200,0.07900000
2018-03-23 06:00:12,0.06161200,0.34300000
2018-03-23 06:00:12,0.06161400,3.39000000
2018-03-23 06:00:12,0.06161900,2.49400000
2018-03-23 06:00:12,0.06161200,0.27500000
2018-03-23 06:00:13,0.06155300,0.57700000
2018-03-23 06:00:13,0.06155300,0.17900000
2018-03-23 06:00:13,0.06161200,0.43500000
2018-03-23 06:00:13,0.06161500,0.14700000
2018-03-23 06:00:13,0.06155300,0.13600000
2018-03-23 06:00:13,0.06161500,0.14700000
2018-03-23 06:00:14,0.06161100,0.74000000
2018-03-23 06:00:14,0.06161100,0.12800000
2018-03-23 06:00:14,0.06161800,1.73700000
2018-03-23 06:00:14,0.06161900,0.95800000
2018-03-23 06:00:14,0.06162000,0.53000000
2018-03-23 06:00:15,0.06162000,1.06600000
2018-03-23 06:00:15,0.06162000,0.95700000
2018-03-23 06:00:15,0.06162000,2.46500000
2018-03-23 06:00:15,0.06162300,0.28300000
2018-03-23 06:00:15,0.06162500,0.00300000
2018-03-23 06:00:16,0.06155500,0.75800000
2018-03-23 06:00:16,0.06155600,0.25000000
2018-03-23 06:00:16,0.06155600,0.05500000
2018-03-23 06:00:16,0.06162500,1.00800000
2018-03-23 06:00:16,0.06155700,0.02000000
2018-03-23 06:00:17,0.06162500,1.37100000
2018-03-23 06:00:17,0.06155800,0.07500000
2018-03-23 06:00:17,0.06162500,0.09700000
2018-03-23 06:00:17,0.06162500,0.08200000
2018-03-23 06:00:17,0.06162500,2.40400000
2018-03-23 06:00:17,0.06162500,0.56100000
2018-03-23 06:00:17,0.06162600,1.75100000
2018-03-23 06:00:17,0.06162600,0.29800000
2018-03-23 06:00:17,0.06163000,0.10000000
2018-03-23 06:00:17,0.06163800,0.15400000
2018-03-23 06:00:17,0.06163000,0.10000000
2018-03-23 06:00:17,0.06155800,0.03900000
2018-03-23 06:00:17,0.06163000,0.10000000
2018-03-23 06:00:17,0.06155800,0.42800000
2018-03-23 06:00:17,0.06155800,0.42800000
2018-03-23 06:00:18,0.06163000,0.08400000
2018-03-23 06:00:18,0.06155900,0.18200000
2018-03-23 06:00:18,0.06163700,0.02000000
2018-03-23 06:00:18,0.06155900,0.06200000
2018-03-23 06:00:18,0.06155900,0.14800000
2018-03-23 06:00:18,0.06163800,0.02400000
2018-03-23 06:00:18,0.06165400,0.07000000
2018-03-23 06:00:18,0.06165500,0.40700000
2018-03-23 06:00:18,0.06165800,0.61200000
2018-03-23 06:00:19,0.06156100,0.34400000
2018-03-23 06:00:19,0.06163500,0.39200000
2018-03-23 06:00:19,0.06165800,0.73600000
2018-03-23 06:00:19,0.06166000,0.25200000
2018-03-23 06:00:19,0.06166000,0.25900000
2018-03-23 06:00:19,0.06166300,0.02400000
2018-03-23 06:00:19,0.06167200,0.00900000
2018-03-23 06:00:19,0.06162300,0.08700000
2018-03-23 06:00:19,0.06162300,0.00200000
2018-03-23 06:00:19,0.06167200,0.01000000
2018-03-23 06:00:19,0.06167400,0.03000000
2018-03-23 06:00:19,0.06167600,0.05600000
2018-03-23 06:00:19,0.06167700,0.20000000
2018-03-23 06:00:19,0.06167800,0.18700000
2018-03-23 06:00:20,0.06167700,0.07900000
2018-03-23 06:00:20,0.06167700,0.27400000
2018-03-23 06:00:20,0.06167700,0.26600000
2018-03-23 06:00:20,0.06167700,0.12800000
2018-03-23 06:00:20,0.06167700,0.30000000
2018-03-23 06:00:21,0.06167700,0.57600000
2018-03-23 06:00:21,0.06167800,2.08300000
2018-03-23 06:00:21,0.06168200,0.15000000
2018-03-23 06:00:21,0.06169200,0.18000000
2018-03-23 06:00:21,0.06169800,1.34900000
2018-03-23 06:00:21,0.06169800,0.57300000
2018-03-23 06:00:21,0.06167700,0.50000000
2018-03-23 06:00:21,0.06169800,0.00400000
2018-03-23 06:00:21,0.06169800,0.48800000
2018-03-23 06:00:21,0.06167700,0.50000000
2018-03-23 06:00:21,0.06169800,2.47500000
2018-03-23 06:00:21,0.06167700,0.50000000
2018-03-23 06:00:21,0.06169800,0.03200000
2018-03-23 06:00:21,0.06157500,1.20100000
2018-03-23 06:00:21,0.06157500,0.42100000
2018-03-23 06:00:21,0.06157000,0.77800000
2018-03-23 06:00:21,0.06157000,0.83900000
2018-03-23 06:00:21,0.06156900,3.18000000
2018-03-23 06:00:21,0.06156800,0.30800000
2018-03-23 06:00:21,0.06156700,0.20000000
2018-03-23 06:00:21,0.06156200,0.03900000
2018-03-23 06:00:21,0.06156000,0.08200000
2018-03-23 06:00:21,0.06155600,1.58400000
2018-03-23 06:00:22,0.06167100,0.20000000
2018-03-23 06:00:22,0.06167200,0.03900000
2018-03-23 06:00:22,0.06167100,0.06200000
2018-03-23 06:00:22,0.06161900,0.52800000
2018-03-23 06:00:22,0.06166600,0.96400000
2018-03-23 06:00:22,0.06166600,0.55500000
2018-03-23 06:00:22,0.06166600,0.06400000
2018-03-23 06:00:22,0.06167100,0.41800000
2018-03-23 06:00:22,0.06169900,0.07300000
2018-03-23 06:00:23,0.06157700,0.02000000
2018-03-23 06:00:23,0.06157700,0.01800000
2018-03-23 06:00:23,0.06166800,0.42700000
2018-03-23 06:00:23,0.06166800,0.04400000
2018-03-23 06:00:23,0.06166900,0.36100000
2018-03-23 06:00:23,0.06166900,0.07600000
2018-03-23 06:00:23,0.06167100,0.28000000
2018-03-23 06:00:23,0.06167100,0.88500000
2018-03-23 06:00:23,0.06167100,0.98600000
2018-03-23 06:00:23,0.06167200,0.00400000
2018-03-23 06:00:24,0.06157900,0.20000000
2018-03-23 06:00:24,0.06157900,0.20000000
2018-03-23 06:00:24,0.06167200,0.32400000
2018-03-23 06:00:24,0.06158100,3.23000000
2018-03-23 06:00:24,0.06158000,0.36200000
2018-03-23 06:00:24,0.06157900,1.22000000
2018-03-23 06:00:24,0.06157800,1.60500000
2018-03-23 06:00:24,0.06157700,0.62200000
2018-03-23 06:00:24,0.06157500,1.07000000
2018-03-23 06:00:25,0.06158000,0.20000000
2018-03-23 06:00:25,0.06157900,0.42400000
2018-03-23 06:00:25,0.06167100,0.67100000
2018-03-23 06:00:25,0.06167100,0.00700000
2018-03-23 06:00:25,0.06167200,0.00400000
2018-03-23 06:00:25,0.06167300,0.52800000
2018-03-23 06:00:25,0.06167400,0.09900000
2018-03-23 06:00:25,0.06167100,0.78900000
2018-03-23 06:00:25,0.06167100,0.48600000
2018-03-23 06:00:25,0.06167100,0.27900000
2018-03-23 06:00:25,0.06158100,2.64600000
2018-03-23 06:00:25,0.06158000,0.52200000
2018-03-23 06:00:25,0.06167100,7.06100000
2018-03-23 06:00:26,0.06167100,2.07800000
2018-03-23 06:00:26,0.06158200,0.10000000
2018-03-23 06:00:26,0.06158100,0.08400000
2018-03-23 06:00:26,0.06166800,0.04900000
2018-03-23 06:00:26,0.06166800,0.04900000
2018-03-23 06:00:26,0.06166800,0.04900000
2018-03-23 06:00:26,0.06166800,0.62200000
2018-03-23 06:00:27,0.06166800,1.02100000
2018-03-23 06:00:27,0.06166800,0.81600000
2018-03-23 06:00:27,0.06166900,1.16700000
2018-03-23 06:00:27,0.06167000,0.12000000
2018-03-23 06:00:27,0.06162400,0.23900000
2018-03-23 06:00:27,0.06162400,0.00100000
2018-03-23 06:00:27,0.06158300,0.14900000
2018-03-23 06:00:27,0.06158300,0.23900000
2018-03-23 06:00:27,0.06158300,0.16700000
2018-03-23 06:00:27,0.06166700,0.30000000
2018-03-23 06:00:27,0.06167000,0.36100000
2018-03-23 06:00:27,0.06166700,0.05800000
2018-03-23 06:00:27,0.06166700,0.05800000
2018-03-23 06:00:27,0.06166700,0.18400000
2018-03-23 06:00:27,0.06167000,0.75900000
2018-03-23 06:00:27,0.06166700,0.19000000
2018-03-23 06:00:27,0.06166700,0.01000000
2018-03-23 06:00:27,0.06167100,0.18000000
2018-03-23 06:00:27,0.06158300,0.02900000
2018-03-23 06:00:28,0.06166700,0.19200000
2018-03-23 06:00:28,0.06166700,0.10800000
2018-03-23 06:00:28,0.06167100,0.08400000
2018-03-23 06:00:28,0.06158400,0.05600000
2018-03-23 06:00:28,0.06158400,0.61500000
2018-03-23 06:00:28,0.06158400,0.19900000
2018-03-23 06:00:28,0.06158400,0.32400000
2018-03-23 06:00:28,0.06158400,0.19400000
2018-03-23 06:00:28,0.06166700,0.17800000
2018-03-23 06:00:28,0.06166700,0.10200000
2018-03-23 06:00:28,0.06167100,0.07500000
2018-03-23 06:00:28,0.06167100,2.47600000
2018-03-23 06:00:28,0.06167300,0.08400000
2018-03-23 06:00:28,0.06169900,0.08600000
2018-03-23 06:00:28,0.06169900,2.64600000
2018-03-23 06:00:28,0.06158500,0.27400000
2018-03-23 06:00:28,0.06158500,0.40400000
2018-03-23 06:00:28,0.06158400,0.22600000
2018-03-23 06:00:29,0.06166500,2.10100000
2018-03-23 06:00:29,0.06158600,0.14400000
2018-03-23 06:00:29,0.06166500,0.00900000
2018-03-23 06:00:29,0.06166600,0.69300000
2018-03-23 06:00:29,0.06166800,0.04700000
2018-03-23 06:00:29,0.06166800,0.36000000
2018-03-23 06:00:29,0.06159200,0.04000000
2018-03-23 06:00:29,0.06159200,0.28300000
2018-03-23 06:00:29,0.06158600,0.12300000
2018-03-23 06:00:29,0.06158600,0.15500000
2018-03-23 06:00:29,0.06158600,0.40400000
2018-03-23 06:00:29,0.06158600,0.40600000
2018-03-23 06:00:29,0.06158600,0.32300000
2018-03-23 06:00:29,0.06158400,0.08300000
2018-03-23 06:00:29,0.06158400,0.01700000
2018-03-23 06:00:29,0.06158300,0.38900000
2018-03-23 06:00:29,0.06158300,0.27700000
2018-03-23 06:00:29,0.06158300,0.40600000
2018-03-23 06:00:29,0.06158300,0.34300000
2018-03-23 06:00:29,0.06158300,0.04200000
2018-03-23 06:00:29,0.06166400,0.06200000
2018-03-23 06:00:29,0.06166400,0.05900000
2018-03-23 06:00:29,0.06166400,0.05800000
2018-03-23 06:00:29,0.06166400,0.01800000
2018-03-23 06:00:29,0.06169600,0.16000000
2018-03-23 06:00:29,0.06169700,1.00400000
2018-03-23 06:00:29,0.06169800,1.73700000
2018-03-23 06:00:29,0.06170000,2.36300000
2018-03-23 06:00:29,0.06169700,0.50000000
2018-03-23 06:00:29,0.06170000,2.89300000
2018-03-23 06:00:30,0.06169600,0.12000000
2018-03-23 06:00:30,0.06159500,0.21900000
2018-03-23 06:00:30,0.06158800,0.11700000
2018-03-23 06:00:30,0.06169600,0.00200000
2018-03-23 06:00:30,0.06169700,0.11800000
2018-03-23 06:00:30,0.06169100,0.11700000
2018-03-23 06:00:30,0.06169500,0.43600000
2018-03-23 06:00:30,0.06169500,0.25100000
2018-03-23 06:00:30,0.06169600,0.00900000
2018-03-23 06:00:30,0.06169600,0.26000000
2018-03-23 06:00:30,0.06169600,0.06200000
2018-03-23 06:00:30,0.06169600,2.50100000
2018-03-23 06:00:30,0.06169700,0.24300000
2018-03-23 06:00:30,0.06169900,0.50000000
2018-03-23 06:00:30,0.06170000,3.91800000
2018-03-23 06:00:30,0.06170000,2.49900000
2018-03-23 06:00:30,0.06159700,0.01800000
2018-03-23 06:00:30,0.06159700,0.02900000
2018-03-23 06:00:31,0.06169600,0.07600000
2018-03-23 06:00:31,0.06169600,0.00900000
2018-03-23 06:00:31,0.06170000,0.06700000
2018-03-23 06:00:31,0.06160000,0.17900000
2018-03-23 06:00:31,0.06160000,0.30100000
2018-03-23 06:00:31,0.06159800,5.03700000
2018-03-23 06:00:31,0.06159700,0.67800000
2018-03-23 06:00:31,0.06159600,0.04100000
2018-03-23 06:00:31,0.06169600,0.02900000
2018-03-23 06:00:31,0.06170000,3.53800000
2018-03-23 06:00:31,0.06160000,0.01800000
2018-03-23 06:00:31,0.06159800,0.41000000
2018-03-23 06:00:31,0.06159800,0.02900000
2018-03-23 06:00:31,0.06159600,0.14900000
2018-03-23 06:00:31,0.06159800,0.30000000
2018-03-23 06:00:31,0.06159600,0.02600000
2018-03-23 06:00:31,0.06160000,0.17000000
2018-03-23 06:00:32,0.06159800,0.09900000
2018-03-23 06:00:32,0.06160000,0.10500000
2018-03-23 06:00:32,0.06160000,0.00900000
2018-03-23 06:00:32,0.06168600,0.01800000
2018-03-23 06:00:32,0.06168600,0.20000000
2018-03-23 06:00:32,0.06168600,0.02200000
2018-03-23 06:00:32,0.06168700,0.11900000
2018-03-23 06:00:32,0.06169400,0.09000000
2018-03-23 06:00:32,0.06169400,0.11000000
2018-03-23 06:00:32,0.06169500,0.12100000
2018-03-23 06:00:32,0.06169500,0.27300000
2018-03-23 06:00:32,0.06168700,0.06400000
2018-03-23 06:00:33,0.06159800,0.10000000
2018-03-23 06:00:33,0.06159600,0.07500000
2018-03-23 06:00:33,0.06168700,0.23600000
2018-03-23 06:00:33,0.06169300,0.33500000
2018-03-23 06:00:33,0.06169300,0.12700000
2018-03-23 06:00:33,0.06168700,0.12700000
2018-03-23 06:00:33,0.06159800,0.06000000
2018-03-23 06:00:33,0.06166900,0.97300000
2018-03-23 06:00:33,0.06168500,0.16900000
2018-03-23 06:00:33,0.06168500,0.97900000
2018-03-23 06:00:33,0.06168600,0.16300000
2018-03-23 06:00:33,0.06160000,0.60500000
2018-03-23 06:00:33,0.06159900,1.15400000
2018-03-23 06:00:33,0.06159900,0.01900000
2018-03-23 06:00:33,0.06168600,1.98600000
2018-03-23 06:00:33,0.06168700,0.07300000
2018-03-23 06:00:33,0.06169300,0.47200000
2018-03-23 06:00:33,0.06159900,0.03700000
2018-03-23 06:00:33,0.06168700,0.07600000
2018-03-23 06:00:33,0.06169300,1.24200000
2018-03-23 06:00:33,0.06169400,0.47000000
2018-03-23 06:00:33,0.06160000,0.03700000
2018-03-23 06:00:34,0.06168600,0.23400000
2018-03-23 06:00:34,0.06168600,0.00900000
2018-03-23 06:00:34,0.06169400,0.22500000
2018-03-23 06:00:34,0.06169400,0.23400000
2018-03-23 06:00:34,0.06169400,0.23400000
2018-03-23 06:00:34,0.06160200,0.03100000
2018-03-23 06:00:34,0.06160200,0.02500000
2018-03-23 06:00:34,0.06168600,0.01700000
2018-03-23 06:00:35,0.06168600,0.09500000
2018-03-23 06:00:35,0.06160200,0.49200000
2018-03-23 06:00:35,0.06160100,1.03400000
2018-03-23 06:00:35,0.06160200,0.08800000
2018-03-23 06:00:35,0.06168600,0.10400000
2018-03-23 06:00:35,0.06169300,0.52800000
2018-03-23 06:00:35,0.06169400,5.96700000
2018-03-23 06:00:35,0.06169400,5.14000000
2018-03-23 06:00:35,0.06169500,0.03100000
2018-03-23 06:00:35,0.06170000,0.96400000
2018-03-23 06:00:35,0.06160400,0.49600000
2018-03-23 06:00:35,0.06160400,0.82700000
2018-03-23 06:00:35,0.06160400,0.03100000
2018-03-23 06:00:35,0.06169200,0.11100000
2018-03-23 06:00:35,0.06169200,0.01100000
2018-03-23 06:00:35,0.06169400,0.10000000
2018-03-23 06:00:35,0.06169400,0.11100000
2018-03-23 06:00:35,0.06169400,1.04400000
2018-03-23 06:00:35,0.06161500,0.14500000
2018-03-23 06:00:35,0.06161500,0.05500000
2018-03-23 06:00:35,0.06169500,0.10000000
2018-03-23 06:00:35,0.06170000,0.55900000
2018-03-23 06:00:36,0.06161500,0.03900000
2018-03-23 06:00:36,0.06161700,0.13600000
2018-03-23 06:00:36,0.06161700,0.06700000
2018-03-23 06:00:36,0.06169400,0.11100000
2018-03-23 06:00:36,0.06169400,0.06800000
2018-03-23 06:00:36,0.06169900,0.10400000
2018-03-23 06:00:36,0.06169900,0.17200000
2018-03-23 06:00:36,0.06169900,0.17200000
2018-03-23 06:00:36,0.06161800,0.01900000
2018-03-23 06:00:36,0.06169800,1.28000000
2018-03-23 06:00:37,0.06169800,1.25000000
2018-03-23 06:00:37,0.06169900,0.03000000
2018-03-23 06:00:37,0.06169900,1.25900000
2018-03-23 06:00:37,0.06170000,0.02100000
2018-03-23 06:00:37,0.06170000,1.24900000
2018-03-23 06:00:37,0.06162000,0.01900000
2018-03-23 06:00:38,0.06162100,0.12400000
2018-03-23 06:00:38,0.06169300,0.08100000
2018-03-23 06:00:38,0.06169300,0.00500000
2018-03-23 06:00:38,0.06169800,0.52800000
2018-03-23 06:00:38,0.06170000,0.06600000
2018-03-23 06:00:38,0.06170000,0.51700000
2018-03-23 06:00:38,0.06170000,0.51700000
2018-03-23 06:00:38,0.06170000,0.51700000
2018-03-23 06:00:38,0.06169300,0.16500000
2018-03-23 06:00:38,0.06169800,0.19200000
2018-03-23 06:00:39,0.06169800,0.13400000
2018-03-23 06:00:39,0.06169900,0.00100000
2018-03-23 06:00:39,0.06169900,0.01800000
2018-03-23 06:00:39,0.06170000,0.11300000
2018-03-23 06:00:39,0.06170000,0.13100000
2018-03-23 06:00:39,0.06169300,0.44800000
2018-03-23 06:00:39,0.06170000,3.78200000
2018-03-23 06:00:39,0.06162600,0.16500000
2018-03-23 06:00:40,0.06170000,3.95600000
2018-03-23 06:00:40,0.06170000,0.03800000
2018-03-23 06:00:40,0.06170600,0.02500000
2018-03-23 06:00:40,0.06170900,1.55000000
2018-03-23 06:00:40,0.06171600,0.50000000
2018-03-23 06:00:40,0.06172800,0.10600000
2018-03-23 06:00:40,0.06173000,1.76700000
2018-03-23 06:00:40,0.06162800,0.11200000
2018-03-23 06:00:40,0.06162800,0.02900000
2018-03-23 06:00:40,0.06162900,0.33400000
2018-03-23 06:00:40,0.06169700,0.46200000
2018-03-23 06:00:40,0.06163000,0.04400000
2018-03-23 06:00:40,0.06163000,0.24100000
2018-03-23 06:00:41,0.06163100,0.15300000
2018-03-23 06:00:41,0.06169700,0.00400000
2018-03-23 06:00:41,0.06169900,0.52800000
2018-03-23 06:00:41,0.06163200,0.14600000
2018-03-23 06:00:41,0.06163200,0.03400000
2018-03-23 06:00:41,0.06163100,0.14700000
2018-03-23 06:00:41,0.06163000,0.09700000
2018-03-23 06:00:41,0.06163000,0.20000000
2018-03-23 06:00:41,0.06163000,0.03300000
2018-03-23 06:00:41,0.06163100,0.10000000
2018-03-23 06:00:41,0.06163000,0.02500000
2018-03-23 06:00:41,0.06171900,0.26000000
2018-03-23 06:00:41,0.06171800,0.04500000
2018-03-23 06:00:41,0.06171800,0.04400000
2018-03-23 06:00:41,0.06171800,0.01100000
2018-03-23 06:00:41,0.06173000,0.03000000
2018-03-23 06:00:41,0.06173900,0.60700000
2018-03-23 06:00:41,0.06173900,0.42400000
2018-03-23 06:00:41,0.06173900,0.00300000
2018-03-23 06:00:41,0.06174000,0.42100000
2018-03-23 06:00:41,0.06173800,11.80000000
2018-03-23 06:00:41,0.06174000,0.07000000
2018-03-23 06:00:41,0.06174200,0.36300000
2018-03-23 06:00:41,0.06174300,0.60800000
2018-03-23 06:00:41,0.06174800,0.05600000
2018-03-23 06:00:41,0.06175000,0.55600000
2018-03-23 06:00:41,0.06175700,3.19600000
2018-03-23 06:00:41,0.06176700,0.34700000
2018-03-23 06:00:41,0.06176900,0.41900000
2018-03-23 06:00:41,0.06177600,0.62900000
2018-03-23 06:00:41,0.06178000,0.02000000
2018-03-23 06:00:41,0.06178100,0.51400000
2018-03-23 06:00:41,0.06178200,0.28400000
2018-03-23 06:00:41,0.06178300,0.14300000
2018-03-23 06:00:41,0.06178900,0.05700000
2018-03-23 06:00:41,0.06179000,0.44500000
2018-03-23 06:00:41,0.06180000,0.84400000
2018-03-23 06:00:41,0.06180200,0.44800000
2018-03-23 06:00:41,0.06180400,0.63800000
2018-03-23 06:00:41,0.06180500,0.50200000
2018-03-23 06:00:41,0.06180900,0.20000000
2018-03-23 06:00:41,0.06181200,0.10600000
2018-03-23 06:00:41,0.06181400,4.65100000
2018-03-23 06:00:41,0.06181500,0.30400000
2018-03-23 06:00:41,0.06182800,0.01900000
2018-03-23 06:00:41,0.06183200,0.05600000
2018-03-23 06:00:41,0.06183300,0.07500000
2018-03-23 06:00:41,0.06183400,3.01100000
2018-03-23 06:00:41,0.06184000,0.11000000
2018-03-23 06:00:41,0.06184500,28.59700000
2018-03-23 06:00:41,0.06184700,0.02100000
2018-03-23 06:00:41,0.06185000,1.00000000
2018-03-23 06:00:41,0.06185200,1.62200000
2018-03-23 06:00:41,0.06185600,0.47500000
2018-03-23 06:00:41,0.06185800,3.00000000
2018-03-23 06:00:41,0.06187000,0.02100000
2018-03-23 06:00:41,0.06187100,0.03400000
2018-03-23 06:00:41,0.06187300,0.03700000
2018-03-23 06:00:41,0.06187900,0.05600000
2018-03-23 06:00:41,0.06188000,0.31900000
2018-03-23 06:00:41,0.06188400,1.87000000
2018-03-23 06:00:41,0.06188600,0.10500000
2018-03-23 06:00:41,0.06189800,0.17000000
2018-03-23 06:00:41,0.06190000,2.54000000
2018-03-23 06:00:41,0.06190500,0.20900000
2018-03-23 06:00:41,0.06190600,0.60000000
2018-03-23 06:00:41,0.06191300,0.02000000
2018-03-23 06:00:41,0.06191600,0.30000000
2018-03-23 06:00:41,0.06191700,0.16200000
2018-03-23 06:00:41,0.06192000,2.10500000
2018-03-23 06:00:41,0.06192700,0.45500000
2018-03-23 06:00:41,0.06193100,0.07800000
2018-03-23 06:00:41,0.06194300,0.07000000
2018-03-23 06:00:41,0.06195100,5.80600000
2018-03-23 06:00:41,0.06197100,0.02200000
2018-03-23 06:00:41,0.06197500,5.00000000
2018-03-23 06:00:41,0.06198600,0.34200000
2018-03-23 06:00:41,0.06199200,0.10600000
2018-03-23 06:00:41,0.06199500,0.02800000
2018-03-23 06:00:41,0.06199700,0.11100000
2018-03-23 06:00:41,0.06199800,0.08100000
2018-03-23 06:00:41,0.06200000,10.78900000
2018-03-23 06:00:41,0.06200100,0.01700000
2018-03-23 06:00:41,0.06201000,82.77300000
2018-03-23 06:00:41,0.06201500,0.08100000
2018-03-23 06:00:41,0.06202100,4.69300000
2018-03-23 06:00:41,0.06202600,9.81400000
2018-03-23 06:00:41,0.06166000,1.08700000
2018-03-23 06:00:42,0.06166100,0.11500000
2018-03-23 06:00:42,0.06176900,0.01700000
2018-03-23 06:00:42,0.06184200,0.01700000
2018-03-23 06:00:42,0.06166100,0.24100000
2018-03-23 06:00:42,0.06166100,0.17800000
2018-03-23 06:00:42,0.06166100,0.56600000
2018-03-23 06:00:42,0.06166000,0.06600000
2018-03-23 06:00:42,0.06166100,0.26900000
2018-03-23 06:00:42,0.06173700,0.04800000
2018-03-23 06:00:42,0.06184100,0.00600000
2018-03-23 06:00:42,0.06184100,0.32800000
2018-03-23 06:00:42,0.06185400,0.41900000
2018-03-23 06:00:42,0.06185600,0.01700000
2018-03-23 06:00:42,0.06187700,0.01700000
2018-03-23 06:00:42,0.06188100,0.01700000
2018-03-23 06:00:42,0.06188200,0.01700000
2018-03-23 06:00:42,0.06189500,0.01700000
2018-03-23 06:00:42,0.06190000,4.80500000
2018-03-23 06:00:42,0.06190000,0.31000000
2018-03-23 06:00:42,0.06190000,0.31000000
2018-03-23 06:00:42,0.06166600,0.29800000
2018-03-23 06:00:42,0.06189100,0.07000000
2018-03-23 06:00:42,0.06167700,0.19900000
2018-03-23 06:00:42,0.06173600,0.11800000
2018-03-23 06:00:42,0.06173900,3.90300000
2018-03-23 06:00:42,0.06173900,0.00100000
2018-03-23 06:00:42,0.06167700,0.00100000
2018-03-23 06:00:42,0.06166600,0.17600000
2018-03-23 06:00:42,0.06166600,0.03900000
2018-03-23 06:00:42,0.06166600,0.16200000
2018-03-23 06:00:42,0.06166600,0.19900000
2018-03-23 06:00:43,0.06167000,0.08600000
2018-03-23 06:00:43,0.06167000,0.05700000
2018-03-23 06:00:43,0.06167000,0.50100000
2018-03-23 06:00:43,0.06167000,0.05800000
2018-03-23 06:00:43,0.06166700,0.40200000
2018-03-23 06:00:43,0.06166300,0.14100000
2018-03-23 06:00:43,0.06175100,0.01900000
2018-03-23 06:00:43,0.06167000,0.05700000
2018-03-23 06:00:43,0.06167000,0.03800000
2018-03-23 06:00:43,0.06167000,0.08200000
2018-03-23 06:00:43,0.06167100,0.02900000
2018-03-23 06:00:43,0.06167200,0.06000000
2018-03-23 06:00:43,0.06167200,1.19800000
2018-03-23 06:00:44,0.06167300,0.17900000
2018-03-23 06:00:44,0.06167300,0.20500000
2018-03-23 06:00:44,0.06167300,0.03000000
2018-03-23 06:00:44,0.06182900,0.97400000
2018-03-23 06:00:44,0.06167700,0.14000000
2018-03-23 06:00:44,0.06167700,0.30400000
2018-03-23 06:00:44,0.06167700,0.00100000
2018-03-23 06:00:44,0.06167600,0.30000000
2018-03-23 06:00:44,0.06167600,0.04800000
2018-03-23 06:00:44,0.06167600,0.17100000
2018-03-23 06:00:44,0.06167300,0.13200000
2018-03-23 06:00:44,0.06170000,0.20900000
2018-03-23 06:00:44,0.06170000,0.23700000
2018-03-23 06:00:44,0.06180900,0.20000000
2018-03-23 06:00:44,0.06182800,0.54700000
2018-03-23 06:00:45,0.06182800,4.33700000
2018-03-23 06:00:45,0.06172800,5.39200000
2018-03-23 06:00:45,0.06182800,4.22100000
2018-03-23 06:00:45,0.06170000,0.10200000
2018-03-23 06:00:45,0.06170000,0.00100000
2018-03-23 06:00:45,0.06167700,0.10100000
2018-03-23 06:00:45,0.06167700,0.10200000
2018-03-23 06:00:45,0.06167700,0.10200000
2018-03-23 06:00:45,0.06167700,0.09900000
2018-03-23 06:00:45,0.06168800,0.09100000
2018-03-23 06:00:45,0.06168800,0.10200000
2018-03-23 06:00:45,0.06168800,0.10000000
2018-03-23 06:00:45,0.06182700,0.69600000
2018-03-23 06:00:45,0.06171100,0.62900000
2018-03-23 06:00:45,0.06170100,1.15700000
2018-03-23 06:00:45,0.06170100,0.62700000
2018-03-23 06:00:45,0.06170100,0.26800000
2018-03-23 06:00:45,0.06170000,0.10000000
2018-03-23 06:00:45,0.06169300,1.72400000
2018-03-23 06:00:45,0.06180800,0.70000000
2018-03-23 06:00:45,0.06180800,0.69000000
2018-03-23 06:00:45,0.06170000,0.08100000
2018-03-23 06:00:45,0.06180800,0.60700000
2018-03-23 06:00:45,0.06180800,0.00300000
2018-03-23 06:00:45,0.06182700,0.20400000
2018-03-23 06:00:45,0.06182800,0.40000000
2018-03-23 06:00:45,0.06170000,0.01900000
2018-03-23 06:00:45,0.06169300,0.08000000
2018-03-23 06:00:46,0.06170000,0.09900000
2018-03-23 06:00:46,0.06170000,0.10000000
2018-03-23 06:00:46,0.06170000,0.00100000
2018-03-23 06:00:46,0.06169300,0.09900000
2018-03-23 06:00:46,0.06170000,0.06000000
2018-03-23 06:00:46,0.06170000,0.13900000
2018-03-23 06:00:46,0.06170000,0.00100000
2018-03-23 06:00:46,0.06169300,0.06100000
2018-03-23 06:00:46,0.06168800,0.07600000
2018-03-23 06:00:46,0.06168800,0.01900000
2018-03-23 06:00:46,0.06168800,0.05700000
2018-03-23 06:00:46,0.06168800,0.02400000
2018-03-23 06:00:46,0.06182000,0.21100000
2018-03-23 06:00:46,0.06182100,0.80000000
2018-03-23 06:00:46,0.06182200,0.00900000
2018-03-23 06:00:46,0.06182100,0.11100000
2018-03-23 06:00:46,0.06181600,1.59800000
2018-03-23 06:00:46,0.06181600,0.01000000
2018-03-23 06:00:46,0.06182000,1.43400000
2018-03-23 06:00:46,0.06182000,0.61800000
2018-03-23 06:00:46,0.06182100,0.82600000
2018-03-23 06:00:46,0.06170300,0.03000000
2018-03-23 06:00:46,0.06170300,0.48000000
2018-03-23 06:00:47,0.06170600,0.19800000
2018-03-23 06:00:47,0.06170600,0.27300000
2018-03-23 06:00:47,0.06170600,0.44700000
2018-03-23 06:00:47,0.06170600,0.28200000
2018-03-23 06:00:47,0.06170600,0.41900000
2018-03-23 06:00:47,0.06170400,0.54800000
2018-03-23 06:00:47,0.06170300,0.00100000
2018-03-23 06:00:47,0.06170100,0.15700000
2018-03-23 06:00:47,0.06170100,0.50400000
2018-03-23 06:00:47,0.06170400,0.27200000
2018-03-23 06:00:47,0.06170400,0.25300000
2018-03-23 06:00:47,0.06170400,0.86100000
2018-03-23 06:00:47,0.06170400,0.03000000
2018-03-23 06:00:47,0.06170400,0.07100000
2018-03-23 06:00:47,0.06170400,0.00100000
2018-03-23 06:00:47,0.06170100,0.04400000
2018-03-23 06:00:47,0.06182100,0.36100000
2018-03-23 06:00:47,0.06180000,0.01700000
2018-03-23 06:00:47,0.06170500,0.06400000
2018-03-23 06:00:47,0.06170500,0.01700000
2018-03-23 06:00:47,0.06171500,0.09800000
2018-03-23 06:00:47,0.06171500,0.15900000
2018-03-23 06:00:47,0.06171500,0.16100000
2018-03-23 06:00:47,0.06182000,4.67700000
2018-03-23 06:00:47,0.06182000,0.29400000
2018-03-23 06:00:48,0.06171500,0.03100000
2018-03-23 06:00:48,0.06171500,0.21000000
2018-03-23 06:00:48,0.06171500,0.40800000
2018-03-23 06:00:48,0.06170700,0.13600000
2018-03-23 06:00:48,0.06171600,0.09900000
2018-03-23 06:00:48,0.06171600,0.09900000
2018-03-23 06:00:48,0.06171600,0.04700000
2018-03-23 06:00:48,0.06171600,1.52600000
2018-03-23 06:00:48,0.06171500,0.38000000
2018-03-23 06:00:48,0.06170700,0.50200000
2018-03-23 06:00:48,0.06170600,3.00000000
2018-03-23 06:00:48,0.06170500,0.66500000
2018-03-23 06:00:48,0.06170200,2.05600000
2018-03-23 06:00:48,0.06170000,0.01700000
2018-03-23 06:00:48,0.06169900,0.60000000
2018-03-23 06:00:48,0.06169700,0.26600000
2018-03-23 06:00:48,0.06169600,0.09000000
2018-03-23 06:00:48,0.06167800,0.50000000
2018-03-23 06:00:48,0.06167700,0.20000000
2018-03-23 06:00:48,0.06167200,0.26800000
2018-03-23 06:00:48,0.06167100,4.24900000
2018-03-23 06:00:48,0.06166000,1.84700000
2018-03-23 06:00:48,0.06165800,0.01900000
2018-03-23 06:00:48,0.06163400,0.96700000
2018-03-23 06:00:48,0.06171500,3.52300000
2018-03-23 06:00:48,0.06170600,0.31400000
2018-03-23 06:00:48,0.06169600,0.60000000
2018-03-23 06:00:48,0.06167800,0.50000000
2018-03-23 06:00:48,0.06163400,1.70300000
2018-03-23 06:00:48,0.06163200,1.39800000
2018-03-23 06:00:48,0.06171500,0.29100000
2018-03-23 06:00:48,0.06169300,0.10000000
2018-03-23 06:00:48,0.06169300,0.10000000
2018-03-23 06:00:48,0.06169300,0.02600000
2018-03-23 06:00:48,0.06169300,0.03500000
2018-03-23 06:00:48,0.06169800,0.15800000
2018-03-23 06:00:48,0.06179500,1.61900000
2018-03-23 06:00:48,0.06179900,3.00000000
2018-03-23 06:00:48,0.06180000,0.23100000
2018-03-23 06:00:49,0.06167800,0.50000000
2018-03-23 06:00:49,0.06179800,0.17200000
2018-03-23 06:00:49,0.06179900,2.15600000
2018-03-23 06:00:49,0.06180000,3.44900000
2018-03-23 06:00:49,0.06168300,0.06900000
2018-03-23 06:00:49,0.06174000,0.16200000
2018-03-23 06:00:50,0.06168900,0.44400000
2018-03-23 06:00:50,0.06179600,1.11700000
2018-03-23 06:00:50,0.06179600,0.15800000
2018-03-23 06:00:50,0.06179700,0.17300000
2018-03-23 06:00:51,0.06178900,0.61200000
2018-03-23 06:00:51,0.06178900,0.10100000
2018-03-23 06:00:51,0.06169000,0.05900000
2018-03-23 06:00:51,0.06169000,0.24100000
2018-03-23 06:00:51,0.06168500,0.14800000
2018-03-23 06:00:51,0.06169100,0.29200000
2018-03-23 06:00:51,0.06175200,0.01600000
2018-03-23 06:00:51,0.06169100,1.76700000
2018-03-23 06:00:52,0.06169100,2.17500000
2018-03-23 06:00:52,0.06175200,0.37300000
2018-03-23 06:00:52,0.06175200,0.00100000
2018-03-23 06:00:52,0.06178800,0.00100000
2018-03-23 06:00:52,0.06178700,0.24300000
2018-03-23 06:00:52,0.06178600,0.30900000
2018-03-23 06:00:52,0.06178600,1.49900000
2018-03-23 06:00:52,0.06178600,1.41500000
2018-03-23 06:00:52,0.06178700,1.35700000
2018-03-23 06:00:52,0.06178800,0.31600000
2018-03-23 06:00:52,0.06178800,3.08800000
2018-03-23 06:00:52,0.06178800,2.78700000
2018-03-23 06:00:53,0.06178700,0.18700000
2018-03-23 06:00:53,0.06169200,0.08000000
2018-03-23 06:00:53,0.06170000,0.18100000
2018-03-23 06:00:53,0.06169300,0.02500000
2018-03-23 06:00:53,0.06169300,0.02400000
2018-03-23 06:00:53,0.06169300,0.05100000
2018-03-23 06:00:53,0.06169200,0.06800000
2018-03-23 06:00:53,0.06169300,0.10000000
2018-03-23 06:00:53,0.06169200,0.14800000
2018-03-23 06:00:53,0.06169300,0.10000000
2018-03-23 06:00:53,0.06169200,0.06100000
2018-03-23 06:00:53,0.06169300,0.10000000
2018-03-23 06:00:53,0.06169200,0.00100000
2018-03-23 06:00:53,0.06169300,0.10000000
2018-03-23 06:00:53,0.06169200,0.52600000
2018-03-23 06:00:53,0.06178600,0.10000000
2018-03-23 06:00:53,0.06178700,2.41100000
2018-03-23 06:00:53,0.06178800,2.17500000
2018-03-23 06:00:53,0.06178900,0.70000000
2018-03-23 06:00:53,0.06179500,3.73800000
2018-03-23 06:00:53,0.06179500,0.10000000
2018-03-23 06:00:53,0.06179500,0.10000000
2018-03-23 06:00:53,0.06179500,1.34100000
2018-03-23 06:00:53,0.06179500,0.16000000
2018-03-23 06:00:53,0.06179500,0.10000000
2018-03-23 06:00:53,0.06179500,0.10000000
2018-03-23 06:00:53,0.06179500,0.10000000
2018-03-23 06:00:53,0.06179500,0.10000000
2018-03-23 06:00:53,0.06179500,0.44900000
2018-03-23 06:00:53,0.06179500,0.48400000
2018-03-23 06:00:53,0.06179500,0.10000000
2018-03-23 06:00:53,0.06179500,0.10000000
2018-03-23 06:00:53,0.06179500,0.10000000
2018-03-23 06:00:53,0.06179500,0.10000000
2018-03-23 06:00:53,0.06179500,0.10000000
2018-03-23 06:00:53,0.06179500,0.72200000
2018-03-23 06:00:53,0.06179500,0.10000000
2018-03-23 06:00:53,0.06179500,1.28700000
2018-03-23 06:00:54,0.06178600,0.20000000
2018-03-23 06:00:54,0.06178600,0.20000000
2018-03-23 06:00:54,0.06179500,1.03800000
2018-03-23 06:00:54,0.06180000,0.88400000
2018-03-23 06:00:54,0.06178600,0.10000000
2018-03-23 06:00:54,0.06180000,0.64700000
2018-03-23 06:00:54,0.06180000,0.25400000
2018-03-23 06:00:54,0.06169500,0.16600000
2018-03-23 06:00:54,0.06169500,0.05500000
2018-03-23 06:00:54,0.06180000,0.14000000
2018-03-23 06:00:54,0.06179500,0.05500000
2018-03-23 06:00:54,0.06179500,0.00100000
2018-03-23 06:00:54,0.06169500,0.05400000
2018-03-23 06:00:54,0.06169500,0.05500000
2018-03-23 06:00:54,0.06169500,0.05500000
2018-03-23 06:00:54,0.06169500,0.05500000
2018-03-23 06:00:54,0.06169500,0.05500000
2018-03-23 06:00:54,0.06169500,0.05500000
2018-03-23 06:00:54,0.06169500,0.04600000
2018-03-23 06:00:54,0.06169400,0.00900000
2018-03-23 06:00:54,0.06169600,0.05400000
2018-03-23 06:00:55,0.06180000,0.81600000
2018-03-23 06:00:55,0.06169600,0.38500000
2018-03-23 06:00:55,0.06169600,0.03900000
2018-03-23 06:00:55,0.06180000,0.00300000
2018-03-23 06:00:55,0.06180000,0.01700000
2018-03-23 06:00:55,0.06169600,0.16200000
2018-03-23 06:00:55,0.06169500,0.21600000
2018-03-23 06:00:55,0.06179900,1.82700000
2018-03-23 06:00:56,0.06169600,0.03200000
2018-03-23 06:00:56,0.06179800,0.10000000
2018-03-23 06:00:56,0.06179900,0.61700000
2018-03-23 06:00:56,0.06179800,0.08300000
2018-03-23 06:00:56,0.06179700,1.39700000
2018-03-23 06:00:56,0.06179800,0.13200000
2018-03-23 06:00:56,0.06179900,0.44000000
2018-03-23 06:00:56,0.06180700,0.50000000
2018-03-23 06:00:56,0.06180900,0.20000000
2018-03-23 06:00:56,0.06183400,0.12500000
2018-03-23 06:00:56,0.06183400,0.47500000
2018-03-23 06:00:56,0.06183500,0.92200000
2018-03-23 06:00:56,0.06183500,1.01600000
2018-03-23 06:00:56,0.06184400,0.38100000
2018-03-23 06:00:56,0.06179800,0.59000000
2018-03-23 06:00:56,0.06169700,1.85500000
2018-03-23 06:00:56,0.06169700,0.03900000
2018-03-23 06:00:56,0.06169700,0.52300000
2018-03-23 06:00:57,0.06169700,1.03000000
2018-03-23 06:00:57,0.06179800,0.10000000
2018-03-23 06:00:57,0.06180700,0.50000000
2018-03-23 06:00:57,0.06183400,0.01000000
2018-03-23 06:00:57,0.06179800,0.10000000
2018-03-23 06:00:58,0.06179700,0.80900000
2018-03-23 06:00:58,0.06179700,0.29800000
2018-03-23 06:00:58,0.06179700,0.10700000
2018-03-23 06:00:58,0.06170300,0.79900000
2018-03-23 06:00:58,0.06179700,0.84200000
2018-03-23 06:00:58,0.06170400,1.39000000
2018-03-23 06:00:58,0.06170400,0.01000000
2018-03-23 06:00:58,0.06170300,0.20100000
2018-03-23 06:00:58,0.06169900,0.50000000
2018-03-23 06:00:58,0.06169800,0.67900000
2018-03-23 06:00:58,0.06170300,0.29900000
2018-03-23 06:00:58,0.06170300,0.01900000
2018-03-23 06:00:58,0.06170300,0.18200000
2018-03-23 06:00:58,0.06169900,0.01800000
2018-03-23 06:00:59,0.06170400,0.44000000
2018-03-23 06:00:59,0.06175000,0.01900000
2018-03-23 06:00:59,0.06179600,2.00000000
2018-03-23 06:00:59,0.06170500,0.30000000
2018-03-23 06:00:59,0.06170400,0.07800000
2018-03-23 06:01:00,0.06170500,0.30000000
2018-03-23 06:01:00,0.06170400,1.77800000
2018-03-23 06:01:00,0.06170500,0.29900000
2018-03-23 06:01:00,0.06170600,0.29900000
2018-03-23 06:01:00,0.06170500,0.12100000
2018-03-23 06:01:01,0.06170500,0.28000000
2018-03-23 06:01:01,0.06170500,0.22000000
2018-03-23 06:01:01,0.06170500,0.15000000
2018-03-23 06:01:01,0.06179200,0.30000000
2018-03-23 06:01:01,0.06179300,2.15500000
2018-03-23 06:01:01,0.06179400,0.06700000
2018-03-23 06:01:01,0.06170500,0.25000000
2018-03-23 06:01:01,0.06179200,0.30000000
2018-03-23 06:01:01,0.06179400,0.37300000
2018-03-23 06:01:01,0.06179700,0.02900000
2018-03-23 06:01:01,0.06183100,13.60000000
2018-03-23 06:01:01,0.06183400,0.59000000
2018-03-23 06:01:01,0.06184400,6.91600000
2018-03-23 06:01:01,0.06185800,0.51100000
2018-03-23 06:01:01,0.06186900,0.44900000
2018-03-23 06:01:01,0.06188500,0.97600000
2018-03-23 06:01:01,0.06189300,0.50200000
2018-03-23 06:01:01,0.06190000,4.75600000
2018-03-23 06:01:01,0.06190500,0.44500000
2018-03-23 06:01:01,0.06190700,2.51700000
2018-03-23 06:01:01,0.06190900,0.01700000
2018-03-23 06:01:01,0.06191600,0.01700000
2018-03-23 06:01:01,0.06192500,0.33400000
2018-03-23 06:01:01,0.06193700,0.07300000
2018-03-23 06:01:01,0.06193800,0.50600000
2018-03-23 06:01:01,0.06193900,0.44800000
2018-03-23 06:01:01,0.06194600,0.01700000
2018-03-23 06:01:01,0.06194900,0.41900000
2018-03-23 06:01:01,0.06195700,0.01700000
2018-03-23 06:01:01,0.06197500,0.49100000
2018-03-23 06:01:01,0.06197700,0.03400000
2018-03-23 06:01:01,0.06198200,0.01700000
2018-03-23 06:01:01,0.06198700,0.05600000
2018-03-23 06:01:01,0.06198900,0.01700000
2018-03-23 06:01:01,0.06200000,0.15900000
2018-03-23 06:01:01,0.06201400,0.01700000
2018-03-23 06:01:01,0.06202300,0.05600000
2018-03-23 06:01:01,0.06202400,0.63800000
2018-03-23 06:01:01,0.06202600,2.77600000
2018-03-23 06:01:01,0.06202800,4.10300000
2018-03-23 06:01:01,0.06204900,0.08100000
2018-03-23 06:01:01,0.06205000,2.67200000
2018-03-23 06:01:01,0.06205800,0.07800000
2018-03-23 06:01:01,0.06206100,3.00000000
2018-03-23 06:01:01,0.06206200,5.00000000
2018-03-23 06:01:01,0.06207700,0.08500000
2018-03-23 06:01:01,0.06208000,0.99900000
2018-03-23 06:01:01,0.06208100,7.00000000
2018-03-23 06:01:01,0.06208600,0.67800000
2018-03-23 06:01:01,0.06208900,0.20000000
2018-03-23 06:01:01,0.06209200,0.48400000
2018-03-23 06:01:01,0.06209500,0.03600000
2018-03-23 06:01:01,0.06209800,0.20000000
2018-03-23 06:01:01,0.06210000,6.31100000
2018-03-23 06:01:01,0.06186300,0.10000000
2018-03-23 06:01:01,0.06186300,0.10000000
2018-03-23 06:01:01,0.06186300,0.60000000
2018-03-23 06:01:01,0.06186300,0.04500000
2018-03-23 06:01:01,0.06186300,2.15500000
2018-03-23 06:01:01,0.06170500,0.30000000
2018-03-23 06:01:01,0.06170400,1.63200000
2018-03-23 06:01:01,0.06179200,0.10000000
2018-03-23 06:01:01,0.06186300,1.51300000
2018-03-23 06:01:02,0.06179200,0.10000000
2018-03-23 06:01:02,0.06179300,0.80000000
2018-03-23 06:01:02,0.06179200,0.00700000
2018-03-23 06:01:02,0.06179200,0.09300000
2018-03-23 06:01:02,0.06179300,0.60700000
2018-03-23 06:01:02,0.06179300,0.70000000
2018-03-23 06:01:02,0.06179200,0.10000000
2018-03-23 06:01:02,0.06179300,0.60000000
2018-03-23 06:01:02,0.06170600,2.58900000
2018-03-23 06:01:02,0.06170500,0.30000000
2018-03-23 06:01:02,0.06179300,0.19600000
2018-03-23 06:01:02,0.06179200,0.10000000
2018-03-23 06:01:02,0.06179300,0.10000000
2018-03-23 06:01:02,0.06170500,0.10400000
2018-03-23 06:01:02,0.06179300,0.10000000
2018-03-23 06:01:02,0.06179300,0.10000000
2018-03-23 06:01:02,0.06179200,0.10000000
2018-03-23 06:01:02,0.06179300,0.10000000
2018-03-23 06:01:02,0.06179300,0.10000000
2018-03-23 06:01:02,0.06179200,0.10000000
2018-03-23 06:01:02,0.06179300,0.10000000
2018-03-23 06:01:02,0.06179100,0.10000000
2018-03-23 06:01:02,0.06170900,0.09900000
2018-03-23 06:01:02,0.06171200,0.12100000
2018-03-23 06:01:03,0.06178500,0.10000000
2018-03-23 06:01:03,0.06178600,1.52500000
2018-03-23 06:01:03,0.06171200,0.04400000
2018-03-23 06:01:03,0.06171200,0.18200000
2018-03-23 06:01:03,0.06170900,1.31700000
2018-03-23 06:01:03,0.06170500,0.20000000
2018-03-23 06:01:03,0.06170400,0.04800000
2018-03-23 06:01:03,0.06178500,0.20000000
2018-03-23 06:01:03,0.06179100,0.09100000
2018-03-23 06:01:03,0.06178500,0.10000000
2018-03-23 06:01:03,0.06179100,1.33300000
2018-03-23 06:01:04,0.06173400,0.01700000
2018-03-23 06:01:04,0.06171700,0.44900000
2018-03-23 06:01:04,0.06171300,1.61600000
2018-03-23 06:01:04,0.06177300,0.08700000
2018-03-23 06:01:05,0.06171300,0.03000000
2018-03-23 06:01:05,0.06171300,0.52100000
2018-03-23 06:01:05,0.06171300,0.34200000
2018-03-23 06:01:05,0.06171300,2.09900000
2018-03-23 06:01:05,0.06171300,0.30700000
2018-03-23 06:01:05,0.06177200,0.28100000
2018-03-23 06:01:05,0.06177200,0.01800000
2018-03-23 06:01:05,0.06178400,0.26300000
2018-03-23 06:01:05,0.06171000,0.05700000
2018-03-23 06:01:06,0.06177100,0.23100000
2018-03-23 06:01:06,0.06171000,0.04300000
2018-03-23 06:01:07,0.06170900,0.34300000
2018-03-23 06:01:08,0.06170900,0.69900000
2018-03-23 06:01:08,0.06177000,0.04700000
2018-03-23 06:01:08,0.06177000,0.33400000
2018-03-23 06:01:08,0.06171000,0.11700000
2018-03-23 06:01:08,0.06171000,0.05000000
2018-03-23 06:01:09,0.06176900,0.54400000
2018-03-23 06:01:09,0.06176900,0.03700000
2018-03-23 06:01:09,0.06171000,0.28700000
2018-03-23 06:01:09,0.06170900,0.03500000
2018-03-23 06:01:09,0.06170900,0.11200000
2018-03-23 06:01:09,0.06176800,0.59100000
2018-03-23 06:01:09,0.06176800,0.57300000
2018-03-23 06:01:09,0.06176800,0.57200000
2018-03-23 06:01:10,0.06170900,0.34200000
2018-03-23 06:01:10,0.06171000,0.14400000
2018-03-23 06:01:10,0.06171000,0.18200000
2018-03-23 06:01:10,0.06177000,0.04900000
2018-03-23 06:01:10,0.06176800,0.37400000
2018-03-23 06:01:10,0.06176800,0.14300000
2018-03-23 06:01:10,0.06170500,1.14900000
2018-03-23 06:01:10,0.06169900,0.10000000
2018-03-23 06:01:10,0.06169900,0.10000000
2018-03-23 06:01:11,0.06171000,0.11200000
2018-03-23 06:01:11,0.06170500,0.63800000
2018-03-23 06:01:11,0.06170000,0.26300000
2018-03-23 06:01:11,0.06169200,0.10000000
2018-03-23 06:01:11,0.06169000,0.10000000
2018-03-23 06:01:11,0.06168800,0.07000000
2018-03-23 06:01:11,0.06169200,0.10000000
2018-03-23 06:01:11,0.06176800,0.32100000
2018-03-23 06:01:11,0.06176800,0.00800000
2018-03-23 06:01:11,0.06176900,0.31300000
2018-03-23 06:01:11,0.06176800,0.20000000
2018-03-23 06:01:11,0.06176900,0.12100000
2018-03-23 06:01:11,0.06169200,0.10000000
2018-03-23 06:01:11,0.06176900,0.32100000
2018-03-23 06:01:12,0.06169000,0.20000000
2018-03-23 06:01:12,0.06176800,0.13600000
2018-03-23 06:01:12,0.06169000,0.10000000
2018-03-23 06:01:12,0.06169000,0.10000000
2018-03-23 06:01:13,0.06169100,2.02600000
2018-03-23 06:01:13,0.06169100,0.02000000
2018-03-23 06:01:13,0.06169100,0.04300000
2018-03-23 06:01:13,0.06169100,0.04400000
2018-03-23 06:01:13,0.06169100,0.19300000
2018-03-23 06:01:13,0.06169100,0.19300000
2018-03-23 06:01:14,0.06169100,0.02900000
2018-03-23 06:01:14,0.06169100,0.05400000
2018-03-23 06:01:14,0.06169100,0.24300000
2018-03-23 06:01:15,0.06169100,0.17400000
2018-03-23 06:01:15,0.06168800,0.22500000
2018-03-23 06:01:15,0.06168900,0.13600000
2018-03-23 06:01:15,0.06168900,0.00300000
2018-03-23 06:01:15,0.06176500,0.12800000
2018-03-23 06:01:16,0.06169100,0.09100000
2018-03-23 06:01:16,0.06168800,0.31100000
2018-03-23 06:01:16,0.06176200,0.01700000
2018-03-23 06:01:17,0.06168800,1.88500000
2018-03-23 06:01:17,0.06171900,0.59400000
2018-03-23 06:01:18,0.06169100,0.05300000
2018-03-23 06:01:18,0.06169100,0.17300000
2018-03-23 06:01:18,0.06169100,0.92900000
2018-03-23 06:01:18,0.06169100,0.90400000
2018-03-23 06:01:18,0.06169100,1.09900000
2018-03-23 06:01:18,0.06169100,0.15900000
2018-03-23 06:01:18,0.06168800,0.00900000
2018-03-23 06:01:19,0.06167800,0.20000000
2018-03-23 06:01:19,0.06167900,0.28500000
2018-03-23 06:01:19,0.06167900,1.51600000
2018-03-23 06:01:19,0.06167900,0.51100000
2018-03-23 06:01:19,0.06167900,0.30100000
2018-03-23 06:01:19,0.06167900,14.09700000
2018-03-23 06:01:19,0.06169100,5.74500000
2018-03-23 06:01:19,0.06169100,4.44400000
2018-03-23 06:01:19,0.06169100,4.79600000
2018-03-23 06:01:19,0.06169100,4.75600000
2018-03-23 06:01:19,0.06169100,669.56900000
2018-03-23 06:01:20,0.06169100,0.14100000
2018-03-23 06:01:20,0.06167800,0.38400000
2018-03-23 06:01:20,0.06169100,0.20000000
2018-03-23 06:01:20,0.06167800,0.42800000
2018-03-23 06:01:21,0.06169100,0.23500000
2018-03-23 06:01:21,0.06169100,0.28200000
2018-03-23 06:01:21,0.06169100,0.33000000
2018-03-23 06:01:22,0.06169100,67.00000000
2018-03-23 06:01:22,0.06169100,0.04300000
2018-03-23 06:01:22,0.06169100,0.32600000
2018-03-23 06:01:22,0.06169100,2.55700000
2018-03-23 06:01:22,0.06169100,17.02600000
2018-03-23 06:01:23,0.06169100,1.85700000
2018-03-23 06:01:23,0.06169100,0.47200000
2018-03-23 06:01:23,0.06169100,0.47200000
2018-03-23 06:01:23,0.06167800,0.01700000
2018-03-23 06:01:23,0.06169100,0.17000000
2018-03-23 06:01:23,0.06169100,0.16500000
2018-03-23 06:01:23,0.06167800,0.03500000
2018-03-23 06:01:23,0.06167800,0.13900000
2018-03-23 06:01:23,0.06167800,0.35500000
2018-03-23 06:01:24,0.06167800,0.07900000
2018-03-23 06:01:24,0.06169100,0.88800000
2018-03-23 06:01:25,0.06169100,0.00600000
2018-03-23 06:01:25,0.06167800,0.97200000
2018-03-23 06:01:25,0.06169100,0.19200000
2018-03-23 06:01:25,0.06169100,104.97800000
2018-03-23 06:01:26,0.06169100,0.22300000
2018-03-23 06:01:26,0.06167800,0.87400000
2018-03-23 06:01:26,0.06167800,0.34700000
2018-03-23 06:01:27,0.06167800,0.10200000
2018-03-23 06:01:27,0.06169100,1.08500000
2018-03-23 06:01:27,0.06169100,1.03100000
2018-03-23 06:01:27,0.06169100,0.32400000
2018-03-23 06:01:28,0.06167800,0.52100000
2018-03-23 06:01:29,0.06167900,0.08200000
2018-03-23 06:01:29,0.06169100,0.06000000
2018-03-23 06:01:29,0.06167900,0.06200000
2018-03-23 06:01:30,0.06169100,0.10700000
2018-03-23 06:01:30,0.06168100,0.55800000
2018-03-23 06:01:30,0.06169100,1.36500000
2018-03-23 06:01:31,0.06168100,0.00200000
2018-03-23 06:01:31,0.06168000,0.09600000
2018-03-23 06:01:32,0.06169100,0.24500000
2018-03-23 06:01:32,0.06168000,0.07300000
2018-03-23 06:01:32,0.06168000,0.16300000
2018-03-23 06:01:32,0.06168000,0.19900000
2018-03-23 06:01:32,0.06169100,0.64400000
2018-03-23 06:01:32,0.06168000,0.03000000
2018-03-23 06:01:32,0.06169100,0.32400000
2018-03-23 06:01:32,0.06168000,0.06400000
2018-03-23 06:01:32,0.06169100,0.15300000
2018-03-23 06:01:32,0.06169100,0.19100000
2018-03-23 06:01:33,0.06169100,0.06000000
2018-03-23 06:01:33,0.06169100,0.02100000
2018-03-23 06:01:33,0.06169100,0.18800000
2018-03-23 06:01:33,0.06168000,0.17400000
2018-03-23 06:01:33,0.06169100,0.11400000
2018-03-23 06:01:33,0.06169100,4.75900000
2018-03-23 06:01:34,0.06169100,0.49500000
2018-03-23 06:01:34,0.06168300,0.48200000
2018-03-23 06:01:34,0.06169100,37.21200000
2018-03-23 06:01:34,0.06168300,0.15800000
2018-03-23 06:01:35,0.06168300,0.03000000
2018-03-23 06:01:35,0.06171900,0.00600000
2018-03-23 06:01:35,0.06171900,0.12200000
2018-03-23 06:01:35,0.06171900,0.21300000
2018-03-23 06:01:36,0.06171900,2.45400000
2018-03-23 06:01:36,0.06168300,1.96800000
2018-03-23 06:01:36,0.06167900,1.62300000
2018-03-23 06:01:36,0.06167700,0.20000000
2018-03-23 06:01:36,0.06167500,0.11800000
2018-03-23 06:01:36,0.06165700,0.01900000
2018-03-23 06:01:36,0.06165000,0.51100000
2018-03-23 06:01:36,0.06164800,2.50000000
2018-03-23 06:01:36,0.06164700,0.13500000
2018-03-23 06:01:36,0.06164400,0.14300000
2018-03-23 06:01:36,0.06163200,0.33900000
2018-03-23 06:01:36,0.06161600,0.15900000
2018-03-23 06:01:36,0.06160500,0.50200000
2018-03-23 06:01:36,0.06160000,0.01700000
2018-03-23 06:01:36,0.06159500,0.41900000
2018-03-23 06:01:36,0.06159400,0.05600000
2018-03-23 06:01:36,0.06159300,0.15700000
2018-03-23 06:01:36,0.06161900,0.36400000
2018-03-23 06:01:36,0.06159300,0.76700000
2018-03-23 06:01:36,0.06158900,0.48500000
2018-03-23 06:01:36,0.06158800,3.07800000
2018-03-23 06:01:36,0.06158700,0.14300000
2018-03-23 06:01:36,0.06158600,0.50600000
2018-03-23 06:01:36,0.06158000,0.50000000
2018-03-23 06:01:36,0.06157500,3.75500000
2018-03-23 06:01:36,0.06157500,0.80400000
2018-03-23 06:01:36,0.06164300,0.09900000
2018-03-23 06:01:36,0.06157600,2.14900000
2018-03-23 06:01:36,0.06164300,0.03600000
2018-03-23 06:01:36,0.06164300,0.06500000
2018-03-23 06:01:36,0.06164400,1.73500000
2018-03-23 06:01:36,0.06164400,0.01900000
2018-03-23 06:01:36,0.06158700,0.02200000
2018-03-23 06:01:36,0.06158700,1.84400000
2018-03-23 06:01:36,0.06164400,0.30400000
2018-03-23 06:01:36,0.06164400,0.69000000
2018-03-23 06:01:36,0.06164300,0.10000000
2018-03-23 06:01:36,0.06164400,0.24700000
2018-03-23 06:01:36,0.06157600,0.70600000
2018-03-23 06:01:36,0.06164300,0.36800000
2018-03-23 06:01:36,0.06164300,1.00000000
2018-03-23 06:01:36,0.06164300,0.13700000
2018-03-23 06:01:36,0.06164400,2.36300000
2018-03-23 06:01:36,0.06164400,4.33600000
2018-03-23 06:01:36,0.06171800,0.03000000
2018-03-23 06:01:36,0.06164800,0.50200000
2018-03-23 06:01:37,0.06164800,0.06000000
2018-03-23 06:01:37,0.06164900,0.20000000
2018-03-23 06:01:37,0.06164800,3.14700000
2018-03-23 06:01:37,0.06164800,0.41900000
2018-03-23 06:01:37,0.06164800,3.24100000
2018-03-23 06:01:37,0.06165800,0.11200000
2018-03-23 06:01:37,0.06164800,0.16200000
2018-03-23 06:01:37,0.06164900,0.20000000
2018-03-23 06:01:37,0.06164800,0.31100000
2018-03-23 06:01:37,0.06164800,0.32400000
2018-03-23 06:01:37,0.06165700,0.17100000
2018-03-23 06:01:37,0.06165800,0.33700000
2018-03-23 06:01:37,0.06168700,0.63800000
2018-03-23 06:01:37,0.06169100,0.62900000
2018-03-23 06:01:37,0.06169100,0.32400000
2018-03-23 06:01:37,0.06169100,0.03500000
2018-03-23 06:01:37,0.06169100,0.32400000
2018-03-23 06:01:37,0.06169100,0.16200000
2018-03-23 06:01:37,0.06169100,0.22900000
2018-03-23 06:01:38,0.06164900,0.20000000
2018-03-23 06:01:38,0.06164800,0.14600000
2018-03-23 06:01:38,0.06160800,3.74500000
2018-03-23 06:01:38,0.06157600,0.05000000
2018-03-23 06:01:39,0.06162900,0.13800000
2018-03-23 06:01:39,0.06164800,0.27900000
2018-03-23 06:01:39,0.06164800,0.09400000
2018-03-23 06:01:39,0.06165700,0.27800000
2018-03-23 06:01:39,0.06164800,0.16200000
2018-03-23 06:01:39,0.06164800,0.09400000
2018-03-23 06:01:39,0.06164800,0.44800000
2018-03-23 06:01:39,0.06164800,0.02000000
2018-03-23 06:01:39,0.06164800,0.08000000
2018-03-23 06:01:39,0.06164800,0.32400000
2018-03-23 06:01:39,0.06164800,2.18000000
2018-03-23 06:01:39,0.06164800,0.16200000
2018-03-23 06:01:39,0.06164800,0.02000000
2018-03-23 06:01:39,0.06164800,0.50600000
2018-03-23 06:01:39,0.06164800,0.32400000
2018-03-23 06:01:39,0.06164800,0.16200000
2018-03-23 06:01:39,0.06164800,0.16200000
2018-03-23 06:01:39,0.06164800,0.16200000
2018-03-23 06:01:39,0.06164800,0.32400000
2018-03-23 06:01:39,0.06164800,0.31900000
2018-03-23 06:01:39,0.06164800,0.16200000
2018-03-23 06:01:39,0.06164800,0.32400000
2018-03-23 06:01:40,0.06164800,1.62200000
2018-03-23 06:01:40,0.06165700,0.46900000
2018-03-23 06:01:40,0.06164800,0.85600000
2018-03-23 06:01:40,0.06164800,0.01800000
2018-03-23 06:01:40,0.06164800,0.02900000
2018-03-23 06:01:40,0.06164800,0.01900000
2018-03-23 06:01:40,0.06170100,1.55900000
2018-03-23 06:01:40,0.06170100,0.68600000
2018-03-23 06:01:40,0.06170200,0.56700000
2018-03-23 06:01:40,0.06170100,0.30000000
2018-03-23 06:01:40,0.06164800,0.02400000
2018-03-23 06:01:41,0.06164800,1.62200000
2018-03-23 06:01:41,0.06164800,0.12200000
2018-03-23 06:01:41,0.06164800,0.32400000
2018-03-23 06:01:41,0.06164800,0.06200000
2018-03-23 06:01:41,0.06164800,0.32400000
2018-03-23 06:01:41,0.06164800,0.36600000
2018-03-23 06:01:41,0.06164800,0.32400000
2018-03-23 06:01:41,0.06168700,1.92500000
2018-03-23 06:01:41,0.06168700,0.00300000
2018-03-23 06:01:41,0.06169900,0.70600000
2018-03-23 06:01:41,0.06170000,0.24000000
2018-03-23 06:01:41,0.06170100,0.60000000
2018-03-23 06:01:41,0.06170200,0.37600000
2018-03-23 06:01:41,0.06170200,3.41300000
2018-03-23 06:01:41,0.06170200,0.00600000
2018-03-23 06:01:41,0.06171700,0.42100000
2018-03-23 06:01:41,0.06171800,0.65500000
2018-03-23 06:01:41,0.06172000,0.44500000
2018-03-23 06:01:41,0.06174300,0.49100000
2018-03-23 06:01:41,0.06175800,0.35700000
2018-03-23 06:01:41,0.06176000,1.03800000
2018-03-23 06:01:42,0.06171600,0.16400000
2018-03-23 06:01:42,0.06164800,1.62200000
2018-03-23 06:01:42,0.06164800,0.39800000
2018-03-23 06:01:42,0.06164800,0.01900000
2018-03-23 06:01:42,0.06164800,11.66300000
2018-03-23 06:01:42,0.06164800,0.01900000
2018-03-23 06:01:42,0.06176000,0.24100000
2018-03-23 06:01:42,0.06176100,0.44800000
2018-03-23 06:01:42,0.06176300,0.50200000
2018-03-23 06:01:42,0.06176400,4.89800000
2018-03-23 06:01:42,0.06176500,0.50600000
2018-03-23 06:01:42,0.06176600,2.63000000
2018-03-23 06:01:42,0.06176400,0.10000000
2018-03-23 06:01:42,0.06176800,0.49100000
2018-03-23 06:01:42,0.06177100,0.00100000
2018-03-23 06:01:42,0.06177500,0.15800000
2018-03-23 06:01:42,0.06175900,13.60000000
2018-03-23 06:01:42,0.06176400,0.10000000
2018-03-23 06:01:42,0.06177500,0.29000000
2018-03-23 06:01:42,0.06178300,0.14300000
2018-03-23 06:01:42,0.06179100,0.10800000
2018-03-23 06:01:42,0.06179200,0.34800000
2018-03-23 06:01:42,0.06176400,0.10000000
2018-03-23 06:01:42,0.06179200,0.88600000
2018-03-23 06:01:42,0.06165300,0.04500000
2018-03-23 06:01:43,0.06165300,1.62000000
2018-03-23 06:01:43,0.06165300,0.02300000
2018-03-23 06:01:43,0.06165300,1.54800000
2018-03-23 06:01:43,0.06175000,0.97100000
2018-03-23 06:01:43,0.06175000,0.00100000
2018-03-23 06:01:43,0.06176300,0.97000000
2018-03-23 06:01:43,0.06176300,0.43000000
2018-03-23 06:01:43,0.06176400,0.30000000
2018-03-23 06:01:43,0.06179200,0.24100000
2018-03-23 06:01:44,0.06165800,0.30000000
2018-03-23 06:01:44,0.06176400,0.30000000
2018-03-23 06:01:44,0.06179200,12.39100000
2018-03-23 06:01:44,0.06179200,28.84900000
2018-03-23 06:01:44,0.06175300,0.08100000
2018-03-23 06:01:44,0.06176400,0.21900000
2018-03-23 06:01:45,0.06175800,0.02200000
2018-03-23 06:01:45,0.06175800,0.17800000
2018-03-23 06:01:45,0.06175900,3.23700000
2018-03-23 06:01:45,0.06176400,0.18100000
2018-03-23 06:01:45,0.06177900,0.05800000
2018-03-23 06:01:45,0.06179200,4.02800000
2018-03-23 06:01:45,0.06177700,0.10000000
2018-03-23 06:01:45,0.06177700,0.10000000
2018-03-23 06:01:45,0.06175800,0.10000000
2018-03-23 06:01:45,0.06176400,0.10000000
2018-03-23 06:01:45,0.06176400,0.10000000
2018-03-23 06:01:45,0.06176400,0.10000000
2018-03-23 06:01:45,0.06176400,0.03600000
2018-03-23 06:01:45,0.06175800,0.06400000
2018-03-23 06:01:45,0.06175800,0.03600000
2018-03-23 06:01:45,0.06167800,0.00600000
2018-03-23 06:01:45,0.06167800,0.08800000
2018-03-23 06:01:45,0.06168700,0.17800000
2018-03-23 06:01:45,0.06168900,0.33500000
2018-03-23 06:01:45,0.06175800,0.02900000
2018-03-23 06:01:45,0.06168900,0.16200000
2018-03-23 06:01:45,0.06168900,0.00500000
2018-03-23 06:01:45,0.06168700,0.16400000
2018-03-23 06:01:45,0.06168700,0.22400000
2018-03-23 06:01:45,0.06168700,0.06300000
2018-03-23 06:01:45,0.06167800,0.00400000
2018-03-23 06:01:45,0.06167800,0.13500000
2018-03-23 06:01:45,0.06167800,0.09000000
2018-03-23 06:01:45,0.06167800,0.16000000
2018-03-23 06:01:45,0.06167800,0.00800000
2018-03-23 06:01:45,0.06165900,0.12700000
2018-03-23 06:01:45,0.06165900,0.20400000
2018-03-23 06:01:45,0.06165900,0.02600000
2018-03-23 06:01:45,0.06165900,0.09000000
2018-03-23 06:01:45,0.06165900,0.05000000
2018-03-23 06:01:45,0.06165900,0.03500000
2018-03-23 06:01:45,0.06165900,0.16500000
2018-03-23 06:01:45,0.06165900,0.12500000
2018-03-23 06:01:45,0.06168900,0.10000000
2018-03-23 06:01:45,0.06165900,0.03400000
2018-03-23 06:01:45,0.06165900,0.23500000
2018-03-23 06:01:45,0.06170000,0.03500000
2018-03-23 06:01:45,0.06170000,0.02000000
2018-03-23 06:01:45,0.06175800,0.16200000
2018-03-23 06:01:45,0.06175800,0.00900000
2018-03-23 06:01:45,0.06176400,0.02000000
2018-03-23 06:01:45,0.06177100,0.10000000
2018-03-23 06:01:45,0.06179200,0.03300000
2018-03-23 06:01:45,0.06179200,0.16200000
2018-03-23 06:01:46,0.06172000,0.18300000
2018-03-23 06:01:46,0.06177100,0.10000000
2018-03-23 06:01:46,0.06179200,0.60600000
2018-03-23 06:01:46,0.06172000,0.07400000
2018-03-23 06:01:46,0.06172000,0.04900000
2018-03-23 06:01:46,0.06172000,0.03000000
2018-03-23 06:01:46,0.06172000,0.11200000
2018-03-23 06:01:46,0.06170000,0.15100000
2018-03-23 06:01:46,0.06177100,0.09500000
2018-03-23 06:01:46,0.06178200,0.09500000
2018-03-23 06:01:46,0.06178200,0.10500000
2018-03-23 06:01:46,0.06179100,0.04700000
2018-03-23 06:01:46,0.06178200,0.10000000
2018-03-23 06:01:46,0.06179100,0.02200000
2018-03-23 06:01:46,0.06179200,0.53900000
2018-03-23 06:01:47,0.06178200,0.10000000
2018-03-23 06:01:47,0.06172000,0.44400000
2018-03-23 06:01:47,0.06172000,0.00100000
2018-03-23 06:01:47,0.06170100,0.44000000
2018-03-23 06:01:47,0.06170200,0.03400000
2018-03-23 06:01:47,0.06178500,0.19400000
2018-03-23 06:01:47,0.06178500,0.10600000
2018-03-23 06:01:47,0.06179200,0.08800000
2018-03-23 06:01:47,0.06179200,0.19400000
2018-03-23 06:01:47,0.06178500,0.10000000
2018-03-23 06:01:47,0.06179200,0.09400000
2018-03-23 06:01:47,0.06178500,0.16500000
2018-03-23 06:01:48,0.06172000,0.36900000
2018-03-23 06:01:48,0.06172000,0.00100000
2018-03-23 06:01:48,0.06170500,0.33300000
2018-03-23 06:01:48,0.06178700,0.10000000
2018-03-23 06:01:48,0.06179200,0.61500000
2018-03-23 06:01:48,0.06172000,0.02000000
2018-03-23 06:01:48,0.06172000,0.06100000
2018-03-23 06:01:48,0.06170500,0.01800000
2018-03-23 06:01:48,0.06172000,0.02900000
2018-03-23 06:01:48,0.06170600,0.15800000
2018-03-23 06:01:48,0.06179200,0.71300000
2018-03-23 06:01:49,0.06179200,0.21300000
2018-03-23 06:01:49,0.06170600,0.19200000
2018-03-23 06:01:49,0.06170700,0.20000000
2018-03-23 06:01:49,0.06170600,2.04200000
2018-03-23 06:01:49,0.06179200,0.01700000
2018-03-23 06:01:49,0.06179200,0.90900000
2018-03-23 06:01:50,0.06172900,0.67500000
2018-03-23 06:01:50,0.06172900,0.03100000
2018-03-23 06:01:50,0.06170900,0.14200000
2018-03-23 06:01:51,0.06172900,0.04200000
2018-03-23 06:01:51,0.06172900,0.03300000
2018-03-23 06:01:51,0.06179200,0.21300000
2018-03-23 06:01:51,0.06179200,0.10500000
2018-03-23 06:01:51,0.06179200,0.10000000
2018-03-23 06:01:51,0.06179200,0.01300000
2018-03-23 06:01:51,0.06179200,0.22200000
2018-03-23 06:01:51,0.06180000,1.91000000
2018-03-23 06:01:51,0.06179200,0.16400000
2018-03-23 06:01:52,0.06171800,0.64000000
2018-03-23 06:01:52,0.06172900,0.24100000
2018-03-23 06:01:52,0.06172900,0.00200000
2018-03-23 06:01:52,0.06171800,0.07400000
2018-03-23 06:01:52,0.06179900,0.14800000
2018-03-23 06:01:52,0.06179900,0.22400000
2018-03-23 06:01:52,0.06179900,0.02400000
2018-03-23 06:01:52,0.06179900,0.12400000
2018-03-23 06:01:52,0.06171800,0.03800000
2018-03-23 06:01:53,0.06180100,0.30700000
2018-03-23 06:01:53,0.06179200,0.05000000
2018-03-23 06:01:53,0.06179800,0.25700000
2018-03-23 06:01:53,0.06179800,0.04800000
2018-03-23 06:01:53,0.06179800,0.13500000
2018-03-23 06:01:53,0.06179700,0.30400000
2018-03-23 06:01:53,0.06179700,0.71700000
2018-03-23 06:01:53,0.06179700,0.37900000
2018-03-23 06:01:53,0.06179800,0.00100000
2018-03-23 06:01:53,0.06180100,0.04400000
2018-03-23 06:01:53,0.06180200,0.03000000
2018-03-23 06:01:53,0.06180300,0.06100000
2018-03-23 06:01:53,0.06180900,0.20000000
2018-03-23 06:01:53,0.06181500,0.05000000
2018-03-23 06:01:53,0.06186000,0.63000000
2018-03-23 06:01:53,0.06186000,1.39500000
2018-03-23 06:01:53,0.06172600,0.11200000
2018-03-23 06:01:53,0.06185900,0.02900000
2018-03-23 06:01:53,0.06186000,11.54600000
2018-03-23 06:01:53,0.06186000,0.02900000
2018-03-23 06:01:53,0.06172600,0.05100000
2018-03-23 06:01:53,0.06186100,0.59000000
2018-03-23 06:01:54,0.06186000,0.02700000
2018-03-23 06:01:54,0.06186000,0.40800000
2018-03-23 06:01:54,0.06186000,0.07700000
2018-03-23 06:01:54,0.06186200,0.71000000
2018-03-23 06:01:54,0.06186000,0.64800000
2018-03-23 06:01:54,0.06186000,2.60600000
2018-03-23 06:01:54,0.06186000,2.26600000
2018-03-23 06:01:54,0.06186000,0.03300000
2018-03-23 06:01:54,0.06186000,2.47000000
2018-03-23 06:01:54,0.06186000,0.01800000
2018-03-23 06:01:54,0.06186000,0.06100000
2018-03-23 06:01:54,0.06186000,0.06200000
2018-03-23 06:01:54,0.06186000,0.24000000
2018-03-23 06:01:54,0.06186000,0.67600000
2018-03-23 06:01:54,0.06186000,0.82600000
2018-03-23 06:01:54,0.06186000,0.20600000
2018-03-23 06:01:54,0.06186000,0.19100000
2018-03-23 06:01:54,0.06186000,0.04600000
2018-03-23 06:01:54,0.06186000,0.71400000
2018-03-23 06:01:54,0.06172600,0.90500000
2018-03-23 06:01:54,0.06172600,0.38600000
2018-03-23 06:01:54,0.06172600,0.16200000
2018-03-23 06:01:54,0.06172100,1.40000000
2018-03-23 06:01:54,0.06172000,0.05500000
2018-03-23 06:01:54,0.06172000,0.84500000
2018-03-23 06:01:54,0.06171900,0.06200000
2018-03-23 06:01:54,0.06171900,0.67300000
2018-03-23 06:01:54,0.06171900,0.12200000
2018-03-23 06:01:54,0.06171900,1.46500000
2018-03-23 06:01:54,0.06171900,0.10400000
2018-03-23 06:01:54,0.06171900,0.12200000
2018-03-23 06:01:54,0.06171900,0.02200000
2018-03-23 06:01:54,0.06171900,0.06600000
2018-03-23 06:01:54,0.06171900,0.19900000
2018-03-23 06:01:54,0.06171900,0.04800000
2018-03-23 06:01:54,0.06172700,0.08000000
2018-03-23 06:01:54,0.06172700,0.15000000
2018-03-23 06:01:54,0.06172700,0.76900000
2018-03-23 06:01:54,0.06172700,1.54100000
2018-03-23 06:01:54,0.06172700,0.11100000
2018-03-23 06:01:54,0.06171900,0.14800000
2018-03-23 06:01:54,0.06171900,0.16200000
2018-03-23 06:01:54,0.06171900,0.80900000
2018-03-23 06:01:54,0.06180100,0.71000000
2018-03-23 06:01:54,0.06180000,2.73600000
2018-03-23 06:01:54,0.06180100,5.18700000
2018-03-23 06:01:54,0.06180100,2.62600000
2018-03-23 06:01:54,0.06180100,0.77500000
2018-03-23 06:01:54,0.06180100,0.02900000
2018-03-23 06:01:54,0.06172700,0.31400000
2018-03-23 06:01:54,0.06172700,0.03400000
2018-03-23 06:01:54,0.06172700,0.14800000
2018-03-23 06:01:54,0.06172700,0.32300000
2018-03-23 06:01:54,0.06176000,0.40000000
2018-03-23 06:01:55,0.06179800,0.44900000
2018-03-23 06:01:55,0.06180100,0.63900000
2018-03-23 06:01:55,0.06176300,0.92200000
2018-03-23 06:01:55,0.06176300,0.51400000
2018-03-23 06:01:55,0.06173400,0.05900000
2018-03-23 06:01:55,0.06172800,0.86200000
2018-03-23 06:01:55,0.06172800,0.02600000
2018-03-23 06:01:55,0.06178800,0.30600000
2018-03-23 06:01:55,0.06178800,0.71000000
2018-03-23 06:01:55,0.06178800,0.60000000
2018-03-23 06:01:55,0.06179300,1.29000000
2018-03-23 06:01:55,0.06179300,0.62100000
2018-03-23 06:01:55,0.06180100,0.44900000
2018-03-23 06:01:55,0.06185600,0.21900000
2018-03-23 06:01:55,0.06185600,0.60000000
2018-03-23 06:01:55,0.06185700,0.33000000
2018-03-23 06:01:55,0.06186000,0.65500000
2018-03-23 06:01:55,0.06185700,0.03800000
2018-03-23 06:01:55,0.06185600,0.58700000
2018-03-23 06:01:55,0.06185700,0.50000000
2018-03-23 06:01:55,0.06185700,0.83100000
2018-03-23 06:01:55,0.06185900,0.25600000
2018-03-23 06:01:55,0.06180100,0.15900000
2018-03-23 06:01:55,0.06180100,0.03200000
2018-03-23 06:01:56,0.06180100,0.89600000
2018-03-23 06:01:56,0.06180100,0.00100000
2018-03-23 06:01:56,0.06176100,0.37500000
2018-03-23 06:01:56,0.06176100,0.89600000
2018-03-23 06:01:56,0.06176100,0.89500000
2018-03-23 06:01:56,0.06176100,0.16200000
2018-03-23 06:01:56,0.06179100,0.04100000
2018-03-23 06:01:56,0.06176200,0.18600000
2018-03-23 06:01:56,0.06176200,0.01400000
2018-03-23 06:01:56,0.06176100,0.18400000
2018-03-23 06:01:56,0.06179100,0.03800000
2018-03-23 06:01:56,0.06179100,0.29200000
2018-03-23 06:01:56,0.06185800,0.20000000
2018-03-23 06:01:56,0.06185900,4.39500000
2018-03-23 06:01:56,0.06186000,0.84100000
2018-03-23 06:01:56,0.06176200,0.15500000
2018-03-23 06:01:56,0.06176200,0.01900000
2018-03-23 06:01:56,0.06179100,0.29900000
2018-03-23 06:01:56,0.06179100,0.03100000
2018-03-23 06:01:56,0.06185800,0.03800000
2018-03-23 06:01:57,0.06178900,0.21600000
2018-03-23 06:01:57,0.06178900,0.33000000
2018-03-23 06:01:57,0.06176300,0.73700000
2018-03-23 06:01:57,0.06178900,0.12300000
2018-03-23 06:01:57,0.06178900,0.03800000
2018-03-23 06:01:57,0.06178900,1.25000000
2018-03-23 06:01:57,0.06176300,0.10500000
2018-03-23 06:01:57,0.06178900,0.30000000
2018-03-23 06:01:57,0.06178900,0.30000000
2018-03-23 06:01:57,0.06176300,0.01100000
2018-03-23 06:01:57,0.06178900,0.70000000
2018-03-23 06:01:57,0.06178900,0.30000000
2018-03-23 06:01:57,0.06178900,1.33600000
2018-03-23 06:01:57,0.06178900,0.97300000
2018-03-23 06:01:57,0.06179100,0.03800000
2018-03-23 06:01:57,0.06179100,0.65900000
2018-03-23 06:01:57,0.06185800,0.16200000
2018-03-23 06:01:57,0.06186000,0.00600000
2018-03-23 06:01:57,0.06178900,0.22400000
2018-03-23 06:01:57,0.06178900,0.18400000
2018-03-23 06:01:57,0.06185800,0.20000000
2018-03-23 06:01:58,0.06178900,0.12100000
2018-03-23 06:01:58,0.06178900,0.17500000
2018-03-23 06:01:58,0.06174400,0.11900000
2018-03-23 06:01:58,0.06185700,0.03800000
2018-03-23 06:01:58,0.06185700,0.05000000
2018-03-23 06:01:58,0.06185700,0.03800000
2018-03-23 06:01:58,0.06185700,0.03800000
2018-03-23 06:01:58,0.06185700,0.58300000
2018-03-23 06:01:58,0.06185800,0.03200000
2018-03-23 06:01:58,0.06185800,0.16800000
2018-03-23 06:01:58,0.06185900,0.44700000
2018-03-23 06:01:58,0.06176300,0.14700000
2018-03-23 06:01:58,0.06185800,0.07400000
2018-03-23 06:01:58,0.06185900,0.05300000
2018-03-23 06:01:58,0.06186000,0.53500000
2018-03-23 06:01:58,0.06186200,0.08300000
2018-03-23 06:01:58,0.06185700,0.51200000
2018-03-23 06:01:59,0.06185600,0.03800000
2018-03-23 06:01:59,0.06185600,0.06800000
2018-03-23 06:01:59,0.06185700,0.00100000
2018-03-23 06:01:59,0.06186200,0.03500000
2018-03-23 06:01:59,0.06186200,0.03700000
2018-03-23 06:01:59,0.06186200,0.03700000
2018-03-23 06:01:59,0.06175400,0.19900000
2018-03-23 06:01:59,0.06186200,0.60000000
2018-03-23 06:01:59,0.06186200,0.15700000
2018-03-23 06:01:59,0.06186300,0.52500000
2018-03-23 06:02:00,0.06185600,1.39700000
2018-03-23 06:02:00,0.06186300,0.70200000
2018-03-23 06:02:00,0.06186300,0.68900000
2018-03-23 06:02:00,0.06186300,0.29700000
2018-03-23 06:02:00,0.06186300,0.03700000
2018-03-23 06:02:00,0.06186300,1.16200000
2018-03-23 06:02:00,0.06186300,1.35700000
2018-03-23 06:02:00,0.06186500,0.50000000
2018-03-23 06:02:00,0.06187500,1.15200000
2018-03-23 06:02:00,0.06186900,0.48200000
2018-03-23 06:02:00,0.06187500,0.86800000
2018-03-23 06:02:00,0.06187500,1.35000000
2018-03-23 06:02:00,0.06175600,0.19800000
2018-03-23 06:02:00,0.06175600,0.19800000
2018-03-23 06:02:00,0.06186200,0.10000000
2018-03-23 06:02:00,0.06186900,0.07600000
2018-03-23 06:02:00,0.06186900,0.16000000
2018-03-23 06:02:00,0.06186900,0.14600000
2018-03-23 06:02:00,0.06175600,0.06600000
2018-03-23 06:02:00,0.06175600,0.16200000
2018-03-23 06:02:00,0.06186800,0.03700000
2018-03-23 06:02:00,0.06186200,0.03200000
2018-03-23 06:02:00,0.06186800,0.00500000
2018-03-23 06:02:00,0.06176100,0.16200000
2018-03-23 06:02:01,0.06176100,0.14700000
2018-03-23 06:02:01,0.06186400,1.56700000
2018-03-23 06:02:01,0.06186400,0.44700000
2018-03-23 06:02:01,0.06186400,0.13000000
2018-03-23 06:02:01,0.06186400,0.13000000
2018-03-23 06:02:01,0.06186400,0.03700000
2018-03-23 06:02:01,0.06186400,2.92500000
2018-03-23 06:02:01,0.06186400,0.01800000
2018-03-23 06:02:01,0.06186400,0.29700000
2018-03-23 06:02:01,0.06186400,0.29700000
2018-03-23 06:02:01,0.06186400,4.88400000
2018-03-23 06:02:01,0.06186400,12.53300000
2018-03-23 06:02:01,0.06186400,0.11500000
2018-03-23 06:02:01,0.06186800,0.46100000
2018-03-23 06:02:01,0.06186400,0.46100000
2018-03-23 06:02:01,0.06186400,0.06300000
2018-03-23 06:02:01,0.06186400,0.04900000
2018-03-23 06:02:01,0.06176400,0.06000000
2018-03-23 06:02:01,0.06176400,0.04800000
2018-03-23 06:02:02,0.06176500,0.05000000
2018-03-23 06:02:02,0.06186800,0.00400000
2018-03-23 06:02:02,0.06186900,0.65000000
2018-03-23 06:02:02,0.06190000,5.76600000
2018-03-23 06:02:02,0.06192000,4.00000000
2018-03-23 06:02:02,0.06193900,6.00000000
2018-03-23 06:02:02,0.06194000,2.09000000
2018-03-23 06:02:02,0.06194300,0.30000000
2018-03-23 06:02:02,0.06195100,0.50600000
2018-03-23 06:02:02,0.06197000,3.00000000
2018-03-23 06:02:02,0.06197900,0.41900000
2018-03-23 06:02:02,0.06199100,0.15000000
2018-03-23 06:02:02,0.06199500,1.07400000
2018-03-23 06:02:02,0.06199600,10.00000000
2018-03-23 06:02:02,0.06199900,0.44800000
2018-03-23 06:02:02,0.06200000,0.01700000
2018-03-23 06:02:02,0.06200500,0.35700000
2018-03-23 06:02:02,0.06201100,0.48500000
2018-03-23 06:02:02,0.06201500,0.49100000
2018-03-23 06:02:02,0.06201700,0.15900000
2018-03-23 06:02:02,0.06202500,2.50000000
2018-03-23 06:02:02,0.06202800,0.06000000
2018-03-23 06:02:02,0.06203500,0.01700000
2018-03-23 06:02:02,0.06204000,0.50200000
2018-03-23 06:02:02,0.06204200,0.01700000
2018-03-23 06:02:02,0.06204400,0.63800000
2018-03-23 06:02:02,0.06204800,0.15700000
2018-03-23 06:02:02,0.06205400,0.01700000
2018-03-23 06:02:02,0.06205600,0.08000000
2018-03-23 06:02:02,0.06206200,0.51100000
2018-03-23 06:02:02,0.06206500,0.44900000
2018-03-23 06:02:02,0.06207800,0.01700000
2018-03-23 06:02:02,0.06208600,0.01700000
2018-03-23 06:02:02,0.06210000,3.38600000
2018-03-23 06:02:02,0.06210800,0.13000000
2018-03-23 06:02:02,0.06211300,0.08100000
2018-03-23 06:02:02,0.06212000,7.00000000
2018-03-23 06:02:02,0.06212800,0.64200000
2018-03-23 06:02:02,0.06213200,2.58300000
2018-03-23 06:02:02,0.06213600,0.06000000
2018-03-23 06:02:02,0.06215000,1.00400000
2018-03-23 06:02:02,0.06215300,0.22300000
2018-03-23 06:02:02,0.06215800,0.05600000
2018-03-23 06:02:02,0.06216600,0.02500000
2018-03-23 06:02:02,0.06216900,0.05600000
2018-03-23 06:02:02,0.06217400,0.04500000
2018-03-23 06:02:02,0.06217600,1.44800000
2018-03-23 06:02:02,0.06218000,0.17500000
2018-03-23 06:02:02,0.06218800,0.30000000
2018-03-23 06:02:02,0.06218900,0.91800000
2018-03-23 06:02:02,0.06219000,2.81200000
2018-03-23 06:02:02,0.06219200,0.21700000
2018-03-23 06:02:02,0.06219800,0.08000000
2018-03-23 06:02:02,0.06219900,30.03100000
2018-03-23 06:02:02,0.06220000,101.83000000
2018-03-23 06:02:02,0.06177300,0.05000000
2018-03-23 06:02:02,0.06177300,0.11000000
2018-03-23 06:02:02,0.06177300,0.44300000
2018-03-23 06:02:02,0.06216000,0.43200000
2018-03-23 06:02:02,0.06177300,0.08100000
2018-03-23 06:02:02,0.06196200,0.08300000
2018-03-23 06:02:02,0.06177300,1.93800000
2018-03-23 06:02:03,0.06178100,0.01800000
2018-03-23 06:02:03,0.06178200,0.06500000
2018-03-23 06:02:03,0.06179500,0.50100000
2018-03-23 06:02:03,0.06195600,0.10000000
2018-03-23 06:02:03,0.06195600,0.10000000
2018-03-23 06:02:03,0.06195600,0.10000000
2018-03-23 06:02:03,0.06195600,0.00900000
2018-03-23 06:02:03,0.06196100,0.09100000
2018-03-23 06:02:03,0.06196100,0.10000000
2018-03-23 06:02:03,0.06196100,0.07800000
2018-03-23 06:02:03,0.06196200,0.09500000
2018-03-23 06:02:03,0.06196200,0.17300000
2018-03-23 06:02:03,0.06196200,0.09400000
2018-03-23 06:02:03,0.06209100,0.15800000
2018-03-23 06:02:03,0.06209100,0.25200000
2018-03-23 06:02:03,0.06196100,0.07700000
2018-03-23 06:02:03,0.06209100,0.21000000
2018-03-23 06:02:03,0.06212500,0.03300000
2018-03-23 06:02:03,0.06212500,0.09300000
2018-03-23 06:02:03,0.06196100,0.00100000
2018-03-23 06:02:03,0.06179600,0.07000000
2018-03-23 06:02:03,0.06196100,0.09300000
2018-03-23 06:02:04,0.06181200,1.26400000
2018-03-23 06:02:04,0.06181200,0.00300000
2018-03-23 06:02:04,0.06179600,0.06700000
2018-03-23 06:02:04,0.06179600,0.73000000
2018-03-23 06:02:04,0.06179500,0.20400000
2018-03-23 06:02:04,0.06181300,0.13400000
2018-03-23 06:02:04,0.06181300,0.66500000
2018-03-23 06:02:04,0.06181700,0.26000000
2018-03-23 06:02:04,0.06181700,1.35500000
2018-03-23 06:02:04,0.06181300,0.09800000
2018-03-23 06:02:04,0.06181300,0.69900000
2018-03-23 06:02:04,0.06181300,0.04000000
2018-03-23 06:02:04,0.06181300,3.12100000
2018-03-23 06:02:04,0.06183600,0.16200000
2018-03-23 06:02:05,0.06188300,1.38900000
2018-03-23 06:02:05,0.06188300,0.25100000
2018-03-23 06:02:05,0.06188300,0.03500000
2018-03-23 06:02:05,0.06188300,0.17600000
2018-03-23 06:02:05,0.06188300,0.04700000
2018-03-23 06:02:05,0.06188300,0.03700000
2018-03-23 06:02:05,0.06188300,1.11000000
2018-03-23 06:02:05,0.06188300,0.31500000
2018-03-23 06:02:05,0.06188300,0.01300000
2018-03-23 06:02:05,0.06183600,0.08400000
2018-03-23 06:02:05,0.06183600,0.10000000
2018-03-23 06:02:05,0.06183600,0.10300000
2018-03-23 06:02:05,0.06181400,0.02900000
2018-03-23 06:02:05,0.06181400,1.29700000
2018-03-23 06:02:05,0.06181400,0.30700000
2018-03-23 06:02:05,0.06181400,0.17000000
2018-03-23 06:02:05,0.06181400,0.01200000
2018-03-23 06:02:05,0.06181300,0.25200000
2018-03-23 06:02:05,0.06181300,0.15500000
2018-03-23 06:02:05,0.06181300,0.07400000
2018-03-23 06:02:05,0.06181300,0.38000000
2018-03-23 06:02:05,0.06181200,0.85200000
2018-03-23 06:02:05,0.06181200,0.32900000
2018-03-23 06:02:05,0.06181500,0.26700000
2018-03-23 06:02:05,0.06181500,0.53300000
2018-03-23 06:02:05,0.06181200,0.26600000
2018-03-23 06:02:05,0.06179700,0.63800000
2018-03-23 06:02:05,0.06181500,0.22100000
2018-03-23 06:02:05,0.06181600,0.07300000
2018-03-23 06:02:05,0.06183700,0.23800000
2018-03-23 06:02:05,0.06183700,0.03200000
2018-03-23 06:02:05,0.06190800,0.17000000
2018-03-23 06:02:05,0.06190800,1.44500000
2018-03-23 06:02:05,0.06191300,0.11200000
2018-03-23 06:02:05,0.06191300,1.55700000
2018-03-23 06:02:06,0.06183700,0.02900000
2018-03-23 06:02:06,0.06183700,0.05700000
2018-03-23 06:02:06,0.06183700,0.00100000
2018-03-23 06:02:06,0.06182400,0.05600000
2018-03-23 06:02:06,0.06182400,0.05700000
2018-03-23 06:02:06,0.06182400,2.88300000
2018-03-23 06:02:06,0.06182400,0.03200000
2018-03-23 06:02:06,0.06183700,0.22900000
2018-03-23 06:02:06,0.06182500,0.14200000
2018-03-23 06:02:06,0.06183800,0.13000000
2018-03-23 06:02:07,0.06183800,0.31000000
2018-03-23 06:02:07,0.06183800,0.00100000
2018-03-23 06:02:07,0.06182500,0.30600000
2018-03-23 06:02:07,0.06182500,0.31000000
2018-03-23 06:02:07,0.06182500,0.47400000
2018-03-23 06:02:07,0.06182500,0.07700000
2018-03-23 06:02:07,0.06182500,0.09100000
2018-03-23 06:02:07,0.06182400,0.07200000
2018-03-23 06:02:07,0.06182300,0.50600000
2018-03-23 06:02:07,0.06181700,0.28200000
2018-03-23 06:02:07,0.06191100,0.16000000
2018-03-23 06:02:07,0.06182700,0.02900000
2018-03-23 06:02:07,0.06182700,0.06500000
2018-03-23 06:02:07,0.06191000,4.82300000
2018-03-23 06:02:07,0.06191000,0.48000000
2018-03-23 06:02:07,0.06191100,1.42800000
2018-03-23 06:02:08,0.06182700,0.11000000
2018-03-23 06:02:08,0.06182700,0.76500000
2018-03-23 06:02:08,0.06182900,0.44900000
2018-03-23 06:02:08,0.06182700,0.00100000
2018-03-23 06:02:08,0.06182400,0.10000000
2018-03-23 06:02:08,0.06181500,0.89900000
2018-03-23 06:02:09,0.06183100,0.39000000
2018-03-23 06:02:09,0.06190700,0.15500000
2018-03-23 06:02:09,0.06190800,0.52300000
2018-03-23 06:02:09,0.06190800,0.12800000
2018-03-23 06:02:09,0.06183100,0.01600000
2018-03-23 06:02:09,0.06183100,0.08300000
2018-03-23 06:02:09,0.06183100,3.26900000
2018-03-23 06:02:09,0.06183200,0.09900000
2018-03-23 06:02:09,0.06190500,0.01700000
2018-03-23 06:02:10,0.06183300,1.54700000
2018-03-23 06:02:10,0.06183200,0.00100000
2018-03-23 06:02:10,0.06183100,0.00100000
2018-03-23 06:02:10,0.06182800,2.85800000
2018-03-23 06:02:10,0.06182800,3.14200000
2018-03-23 06:02:10,0.06181500,1.32900000
2018-03-23 06:02:10,0.06179700,1.53500000
2018-03-23 06:02:10,0.06183200,0.06500000
2018-03-23 06:02:10,0.06183300,0.31200000
2018-03-23 06:02:10,0.06183200,3.14200000
2018-03-23 06:02:10,0.06181300,0.03700000
2018-03-23 06:02:10,0.06181300,0.16300000
2018-03-23 06:02:10,0.06179700,0.14800000
2018-03-23 06:02:10,0.06183100,0.10000000
2018-03-23 06:02:10,0.06179700,2.05300000
2018-03-23 06:02:10,0.06179100,0.51100000
2018-03-23 06:02:10,0.06178300,0.55600000
2018-03-23 06:02:10,0.06177600,0.27100000
2018-03-23 06:02:10,0.06190000,0.01700000
2018-03-23 06:02:11,0.06183100,0.07500000
2018-03-23 06:02:11,0.06183100,0.02400000
2018-03-23 06:02:11,0.06183100,0.00100000
2018-03-23 06:02:11,0.06180000,0.02300000
2018-03-23 06:02:11,0.06180000,0.09900000
2018-03-23 06:02:11,0.06180000,0.19300000
2018-03-23 06:02:12,0.06188400,0.01700000
2018-03-23 06:02:12,0.06185700,0.04200000
2018-03-23 06:02:12,0.06185700,0.00100000
2018-03-23 06:02:12,0.06180000,0.04100000
2018-03-23 06:02:12,0.06178500,0.04200000
2018-03-23 06:02:13,0.06183300,0.04200000
2018-03-23 06:02:13,0.06183300,0.00100000
2018-03-23 06:02:13,0.06180100,0.04100000
2018-03-23 06:02:13,0.06180100,0.06900000
2018-03-23 06:02:14,0.06184000,0.04300000
2018-03-23 06:02:14,0.06180100,0.11900000
2018-03-23 06:02:14,0.06180100,0.02800000
2018-03-23 06:02:15,0.06187900,0.08200000
2018-03-23 06:02:15,0.06180100,0.39000000
2018-03-23 06:02:17,0.06187500,0.06500000
2018-03-23 06:02:17,0.06183800,0.07200000
2018-03-23 06:02:17,0.06183800,0.10500000
2018-03-23 06:02:17,0.06187500,0.10000000
2018-03-23 06:02:17,0.06180300,0.09000000
2018-03-23 06:02:18,0.06180300,1.62800000
2018-03-23 06:02:18,0.06180100,0.10000000
2018-03-23 06:02:18,0.06178400,0.03700000
2018-03-23 06:02:18,0.06178400,0.06300000
2018-03-23 06:02:18,0.06178400,0.30000000
2018-03-23 06:02:18,0.06187300,0.29900000
2018-03-23 06:02:19,0.06178400,0.19900000
2018-03-23 06:02:19,0.06187300,0.20000000
2018-03-23 06:02:19,0.06187200,0.20000000
2018-03-23 06:02:19,0.06178200,0.19700000
2018-03-23 06:02:19,0.06178200,0.09000000
2018-03-23 06:02:19,0.06187100,0.59200000
2018-03-23 06:02:20,0.06183200,1.11600000
2018-03-23 06:02:20,0.06183200,0.04200000
2018-03-23 06:02:20,0.06183200,0.73800000
2018-03-23 06:02:20,0.06183200,1.13500000
2018-03-23 06:02:21,0.06183200,0.00100000
2018-03-23 06:02:21,0.06178200,0.01300000
2018-03-23 06:02:21,0.06177300,0.37800000
2018-03-23 06:02:21,0.06176900,0.09700000
2018-03-23 06:02:22,0.06178000,0.09300000
2018-03-23 06:02:22,0.06186500,1.20000000
2018-03-23 06:02:22,0.06186600,0.14100000
2018-03-23 06:02:22,0.06186700,0.20000000
2018-03-23 06:02:22,0.06186800,0.54100000
2018-03-23 06:02:22,0.06186900,5.14900000
2018-03-23 06:02:22,0.06187000,0.44900000
2018-03-23 06:02:22,0.06187100,3.97900000
2018-03-23 06:02:22,0.06187300,1.10600000
2018-03-23 06:02:22,0.06188500,0.02000000
2018-03-23 06:02:22,0.06188700,0.51100000
2018-03-23 06:02:22,0.06189400,0.50000000
2018-03-23 06:02:22,0.06190500,0.95300000
2018-03-23 06:02:22,0.06191400,0.44900000
2018-03-23 06:02:22,0.06192000,0.03100000
2018-03-23 06:02:22,0.06192100,2.77100000
2018-03-23 06:02:22,0.06178300,0.12200000
2018-03-23 06:02:23,0.06186600,0.10000000
2018-03-23 06:02:23,0.06186700,0.20000000
2018-03-23 06:02:23,0.06189400,0.04400000
2018-03-23 06:02:23,0.06186600,0.09900000
2018-03-23 06:02:23,0.06178500,0.10000000
2018-03-23 06:02:24,0.06186700,0.11000000
2018-03-23 06:02:24,0.06186600,0.02200000
2018-03-23 06:02:24,0.06178600,0.38100000
2018-03-23 06:02:25,0.06186400,0.07400000
2018-03-23 06:02:25,0.06186400,0.12600000
2018-03-23 06:02:25,0.06186500,0.06700000
2018-03-23 06:02:25,0.06178900,0.97000000
2018-03-23 06:02:25,0.06178900,0.14000000
2018-03-23 06:02:25,0.06178900,0.54900000
2018-03-23 06:02:25,0.06178900,0.29600000
2018-03-23 06:02:26,0.06178800,0.37800000
2018-03-23 06:02:27,0.06180200,0.35400000
2018-03-23 06:02:27,0.06186100,0.01800000
2018-03-23 06:02:28,0.06180200,1.04200000
2018-03-23 06:02:28,0.06185900,0.11000000
2018-03-23 06:02:29,0.06180200,0.02300000
2018-03-23 06:02:29,0.06185900,0.27900000
2018-03-23 06:02:29,0.06178900,0.02800000
2018-03-23 06:02:29,0.06178900,0.80000000
2018-03-23 06:02:29,0.06178900,0.80100000
2018-03-23 06:02:30,0.06185900,0.78800000
2018-03-23 06:02:30,0.06185900,0.19700000
2018-03-23 06:02:30,0.06185900,0.04300000
2018-03-23 06:02:30,0.06185900,0.45300000
2018-03-23 06:02:30,0.06185900,0.93900000
2018-03-23 06:02:30,0.06179100,0.16200000
2018-03-23 06:02:30,0.06185000,0.05600000
2018-03-23 06:02:31,0.06185000,0.06400000
2018-03-23 06:02:32,0.06185000,0.08000000
2018-03-23 06:02:32,0.06185000,0.09000000
2018-03-23 06:02:32,0.06185000,0.03200000
2018-03-23 06:02:33,0.06181100,0.36100000
2018-03-23 06:02:34,0.06181100,0.36200000
2018-03-23 06:02:34,0.06181100,0.09800000
2018-03-23 06:02:34,0.06185000,0.17900000
2018-03-23 06:02:35,0.06185000,0.24400000
2018-03-23 06:02:35,0.06181100,0.06000000
2018-03-23 06:02:35,0.06181100,0.11800000
2018-03-23 06:02:36,0.06181100,0.00100000
2018-03-23 06:02:36,0.06180100,0.10000000
2018-03-23 06:02:36,0.06178500,0.27700000
2018-03-23 06:02:36,0.06178700,0.12100000
2018-03-23 06:02:37,0.06184900,0.10900000
2018-03-23 06:02:37,0.06178700,0.17800000
2018-03-23 06:02:38,0.06178700,1.54500000
2018-03-23 06:02:38,0.06178700,0.05000000
2018-03-23 06:02:38,0.06178700,0.00100000
2018-03-23 06:02:38,0.06184900,0.04900000
2018-03-23 06:02:38,0.06184900,0.04800000
2018-03-23 06:02:38,0.06184900,0.05000000
2018-03-23 06:02:39,0.06178300,0.04000000
2018-03-23 06:02:39,0.06178300,1.91000000
2018-03-23 06:02:40,0.06185000,0.05900000
2018-03-23 06:02:40,0.06178300,0.12000000
2018-03-23 06:02:40,0.06178400,0.17200000
2018-03-23 06:02:40,0.06178400,0.27000000
2018-03-23 06:02:40,0.06178300,0.16700000
2018-03-23 06:02:40,0.06178300,0.43700000
2018-03-23 06:02:41,0.06178300,0.12000000
2018-03-23 06:02:42,0.06178300,0.18200000
2018-03-23 06:02:42,0.06177200,0.01900000
2018-03-23 06:02:42,0.06176900,0.84300000
2018-03-23 06:02:43,0.06177000,0.22200000
2018-03-23 06:02:43,0.06177100,0.09700000
2018-03-23 06:02:43,0.06177100,0.13300000
2018-03-23 06:02:44,0.06177100,0.02400000
2018-03-23 06:02:45,0.06184000,0.02900000
2018-03-23 06:02:45,0.06184000,1.03600000
2018-03-23 06:02:45,0.06184000,0.16500000
2018-03-23 06:02:45,0.06177100,0.01600000
2018-03-23 06:02:46,0.06177200,0.05600000
2018-03-23 06:02:47,0.06183800,0.02400000
2018-03-23 06:02:47,0.06177300,0.16200000
2018-03-23 06:02:47,0.06177200,1.83200000
2018-03-23 06:02:47,0.06177200,1.28600000
2018-03-23 06:02:47,0.06177200,0.77700000
2018-03-23 06:02:47,0.06177300,0.16900000
2018-03-23 06:02:48,0.06183400,0.01900000
2018-03-23 06:02:50,0.06183300,0.38600000
2018-03-23 06:02:50,0.06177200,1.31800000
2018-03-23 06:02:50,0.06177200,1.20200000
2018-03-23 06:02:51,0.06176900,0.12700000
2018-03-23 06:02:51,0.06176900,0.04400000
2018-03-23 06:02:51,0.06176900,0.17700000
2018-03-23 06:02:52,0.06176900,0.09500000
2018-03-23 06:02:52,0.06176800,0.01100000
2018-03-23 06:02:52,0.06176800,0.02100000
2018-03-23 06:02:52,0.06176800,0.63700000
2018-03-23 06:02:52,0.06176500,0.01900000
2018-03-23 06:02:52,0.06176200,0.10000000
2018-03-23 06:02:52,0.06176100,0.20000000
2018-03-23 06:02:52,0.06175200,0.17700000
2018-03-23 06:02:52,0.06174700,0.44900000
2018-03-23 06:02:52,0.06174200,0.48300000
2018-03-23 06:02:52,0.06174100,7.27700000
2018-03-23 06:02:52,0.06172500,0.51100000
2018-03-23 06:02:52,0.06172200,3.74100000
2018-03-23 06:02:52,0.06172100,0.60000000
2018-03-23 06:02:52,0.06171800,0.17700000
2018-03-23 06:02:52,0.06171700,2.50000000
2018-03-23 06:02:52,0.06170800,0.05600000
2018-03-23 06:02:52,0.06170700,0.18600000
2018-03-23 06:02:52,0.06170600,2.11900000
2018-03-23 06:02:52,0.06170500,1.77900000
2018-03-23 06:02:52,0.06176100,0.04700000
2018-03-23 06:02:52,0.06176100,0.03900000
2018-03-23 06:02:53,0.06180000,0.04600000
2018-03-23 06:02:53,0.06173800,0.10000000
2018-03-23 06:02:53,0.06171600,0.12900000
2018-03-23 06:02:53,0.06173800,0.05800000
2018-03-23 06:02:54,0.06173800,0.04200000
2018-03-23 06:02:54,0.06171600,0.01400000
2018-03-23 06:02:54,0.06183300,0.15700000
2018-03-23 06:02:54,0.06183300,0.19300000
2018-03-23 06:02:54,0.06183600,2.24900000
2018-03-23 06:02:54,0.06183300,0.10000000
2018-03-23 06:02:54,0.06183600,0.09900000
2018-03-23 06:02:54,0.06183700,0.08000000
2018-03-23 06:02:54,0.06183800,0.33800000
2018-03-23 06:02:54,0.06183900,0.18100000
2018-03-23 06:02:54,0.06184300,1.10800000
2018-03-23 06:02:54,0.06184500,0.48600000
2018-03-23 06:02:54,0.06183200,0.26500000
2018-03-23 06:02:54,0.06183300,0.08300000
2018-03-23 06:02:54,0.06183300,0.21700000
2018-03-23 06:02:54,0.06183300,0.10000000
2018-03-23 06:02:54,0.06184500,0.09500000
2018-03-23 06:02:54,0.06183300,0.03300000
2018-03-23 06:02:54,0.06183200,0.72400000
2018-03-23 06:02:54,0.06174000,0.08500000
2018-03-23 06:02:55,0.06174100,0.01700000
2018-03-23 06:02:55,0.06183200,0.07800000
2018-03-23 06:02:55,0.06174200,0.08500000
2018-03-23 06:02:56,0.06174200,0.13800000
2018-03-23 06:02:56,0.06174100,0.67500000
2018-03-23 06:02:56,0.06183200,0.71500000
2018-03-23 06:02:56,0.06174300,0.16000000
2018-03-23 06:02:57,0.06183000,0.16200000
2018-03-23 06:02:57,0.06183000,0.13800000
2018-03-23 06:02:57,0.06183100,2.66400000
2018-03-23 06:02:57,0.06183200,3.15200000
2018-03-23 06:02:57,0.06183200,0.13600000
2018-03-23 06:02:57,0.06183200,0.13100000
2018-03-23 06:02:57,0.06183000,0.13100000
2018-03-23 06:02:57,0.06183000,0.13100000
2018-03-23 06:02:57,0.06183000,0.03800000
2018-03-23 06:02:57,0.06183200,0.09300000
2018-03-23 06:02:57,0.06183000,0.19700000
2018-03-23 06:02:57,0.06183000,0.20300000
2018-03-23 06:02:57,0.06183000,0.20000000
2018-03-23 06:02:57,0.06183000,0.30000000
2018-03-23 06:02:57,0.06183200,0.43700000
2018-03-23 06:02:58,0.06174600,0.03000000
2018-03-23 06:02:58,0.06183000,0.20300000
2018-03-23 06:02:58,0.06183000,0.06800000
2018-03-23 06:02:58,0.06183000,0.11300000
2018-03-23 06:02:58,0.06183200,0.13400000
2018-03-23 06:02:58,0.06183300,0.87100000
2018-03-23 06:02:58,0.06185000,4.65900000
2018-03-23 06:02:59,0.06178700,0.04300000
2018-03-23 06:02:59,0.06178700,0.00100000
2018-03-23 06:02:59,0.06174800,0.04200000
2018-03-23 06:02:59,0.06174800,0.49900000
2018-03-23 06:03:00,0.06183500,0.04400000
2018-03-23 06:03:00,0.06175100,0.01100000
2018-03-23 06:03:01,0.06175100,0.19300000
2018-03-23 06:03:01,0.06175200,1.96600000
2018-03-23 06:03:01,0.06175200,0.00700000
2018-03-23 06:03:01,0.06175200,0.75200000
2018-03-23 06:03:01,0.06175100,3.26300000
2018-03-23 06:03:01,0.06175000,3.31900000
2018-03-23 06:03:01,0.06174800,0.50000000
2018-03-23 06:03:01,0.06172600,0.47900000
2018-03-23 06:03:01,0.06171600,0.41800000
2018-03-23 06:03:01,0.06175200,0.28900000
2018-03-23 06:03:01,0.06175200,0.04500000
2018-03-23 06:03:01,0.06175200,0.10700000
2018-03-23 06:03:02,0.06179200,0.16100000
2018-03-23 06:03:02,0.06181400,0.18600000
2018-03-23 06:03:02,0.06181400,0.32500000
2018-03-23 06:03:02,0.06175200,0.02900000
2018-03-23 06:03:02,0.06179200,0.07600000
2018-03-23 06:03:02,0.06181400,0.00500000
2018-03-23 06:03:02,0.06182900,0.03000000
2018-03-23 06:03:02,0.06183400,0.35700000
2018-03-23 06:03:02,0.06175200,0.08000000
2018-03-23 06:03:02,0.06183400,0.06100000
2018-03-23 06:03:02,0.06183500,0.01400000
2018-03-23 06:03:03,0.06180200,0.04300000
2018-03-23 06:03:03,0.06180200,0.00100000
2018-03-23 06:03:03,0.06175200,0.03800000
2018-03-23 06:03:03,0.06183000,0.64800000
2018-03-23 06:03:03,0.06175200,0.06200000
2018-03-23 06:03:03,0.06174200,0.20000000
2018-03-23 06:03:03,0.06172400,0.35900000
2018-03-23 06:03:03,0.06172400,0.62000000
2018-03-23 06:03:03,0.06182900,0.10000000
2018-03-23 06:03:03,0.06175300,0.29900000
2018-03-23 06:03:03,0.06174200,0.01800000
2018-03-23 06:03:03,0.06174200,0.28200000
2018-03-23 06:03:03,0.06172400,0.01600000
2018-03-23 06:03:03,0.06182900,0.19900000
2018-03-23 06:03:04,0.06175100,0.01700000
2018-03-23 06:03:04,0.06181700,0.49200000
2018-03-23 06:03:04,0.06181700,0.25500000
2018-03-23 06:03:05,0.06181700,0.05300000
2018-03-23 06:03:05,0.06181700,0.19500000
2018-03-23 06:03:05,0.06181700,0.05300000
2018-03-23 06:03:05,0.06182800,0.03500000
2018-03-23 06:03:05,0.06181700,0.08600000
2018-03-23 06:03:05,0.06181700,0.09700000
2018-03-23 06:03:05,0.06175200,0.10900000
2018-03-23 06:03:05,0.06175200,0.96100000
2018-03-23 06:03:05,0.06175200,0.00800000
2018-03-23 06:03:05,0.06175100,0.00100000
2018-03-23 06:03:05,0.06174200,0.07000000
2018-03-23 06:03:05,0.06173800,0.30000000
2018-03-23 06:03:05,0.06172400,0.58200000
2018-03-23 06:03:05,0.06173800,0.07300000
2018-03-23 06:03:06,0.06173800,0.05800000
2018-03-23 06:03:06,0.06173800,0.17400000
2018-03-23 06:03:06,0.06173800,0.15500000
2018-03-23 06:03:07,0.06173900,0.01800000
2018-03-23 06:03:07,0.06181500,0.30000000
2018-03-23 06:03:07,0.06173900,0.04500000
2018-03-23 06:03:10,0.06181300,0.29600000
2018-03-23 06:03:10,0.06181300,0.20400000
2018-03-23 06:03:10,0.06181300,0.20400000
2018-03-23 06:03:10,0.06174000,0.22400000
2018-03-23 06:03:10,0.06181300,0.24800000
2018-03-23 06:03:10,0.06181300,0.10300000
2018-03-23 06:03:10,0.06181400,0.15000000
2018-03-23 06:03:10,0.06181200,0.04600000
2018-03-23 06:03:10,0.06181300,0.05700000
2018-03-23 06:03:10,0.06174100,0.19000000
2018-03-23 06:03:10,0.06181300,0.28600000
2018-03-23 06:03:10,0.06181400,2.85000000
2018-03-23 06:03:10,0.06181500,0.74900000
2018-03-23 06:03:10,0.06181700,1.57700000
2018-03-23 06:03:10,0.06182300,0.51100000
2018-03-23 06:03:10,0.06182800,0.86000000
2018-03-23 06:03:10,0.06182800,1.17200000
2018-03-23 06:03:10,0.06184500,1.28500000
2018-03-23 06:03:10,0.06184700,0.07200000
2018-03-23 06:03:10,0.06184900,0.19000000
2018-03-23 06:03:10,0.06185000,3.91300000
2018-03-23 06:03:10,0.06181300,0.10000000
2018-03-23 06:03:10,0.06185000,0.04500000
2018-03-23 06:03:11,0.06174300,0.04100000
2018-03-23 06:03:12,0.06181200,0.40400000
2018-03-23 06:03:12,0.06181200,1.35600000
2018-03-23 06:03:12,0.06181200,0.45200000
2018-03-23 06:03:13,0.06174500,0.04200000
2018-03-23 06:03:13,0.06174500,0.09800000
2018-03-23 06:03:13,0.06174500,0.50000000
2018-03-23 06:03:13,0.06174500,2.15800000
2018-03-23 06:03:13,0.06174500,0.20200000
2018-03-23 06:03:13,0.06174400,0.44200000
2018-03-23 06:03:13,0.06172700,0.20000000
2018-03-23 06:03:13,0.06172300,0.10000000
2018-03-23 06:03:13,0.06171000,1.23700000
2018-03-23 06:03:13,0.06171000,0.91200000
2018-03-23 06:03:13,0.06170900,0.06100000
2018-03-23 06:03:13,0.06170800,1.37900000
2018-03-23 06:03:13,0.06170800,0.24100000
2018-03-23 06:03:13,0.06170500,1.80000000
2018-03-23 06:03:13,0.06172700,0.00200000
2018-03-23 06:03:13,0.06181200,0.03000000
2018-03-23 06:03:14,0.06181100,1.24200000
2018-03-23 06:03:14,0.06181200,0.96600000
2018-03-23 06:03:14,0.06184900,2.14900000
2018-03-23 06:03:14,0.06185000,3.17300000
2018-03-23 06:03:14,0.06185000,1.24000000
2018-03-23 06:03:14,0.06181100,0.10000000
2018-03-23 06:03:14,0.06181400,0.50000000
2018-03-23 06:03:14,0.06185000,7.72400000
2018-03-23 06:03:15,0.06180700,0.37300000
2018-03-23 06:03:15,0.06174500,0.02900000
2018-03-23 06:03:16,0.06177500,0.03300000
2018-03-23 06:03:17,0.06180500,0.09900000
2018-03-23 06:03:18,0.06180400,0.29300000
2018-03-23 06:03:18,0.06177400,0.01800000
2018-03-23 06:03:19,0.06180500,0.24200000
2018-03-23 06:03:19,0.06177400,0.00100000
2018-03-23 06:03:19,0.06174500,0.10600000
2018-03-23 06:03:21,0.06177300,0.11600000
2018-03-23 06:03:21,0.06180700,0.36100000
2018-03-23 06:03:21,0.06183100,0.01700000
2018-03-23 06:03:21,0.06183100,0.00300000
2018-03-23 06:03:21,0.06184700,0.10000000
2018-03-23 06:03:21,0.06185000,0.04600000
2018-03-23 06:03:21,0.06177300,0.37800000
2018-03-23 06:03:22,0.06184700,0.09300000
2018-03-23 06:03:23,0.06184600,0.80600000
2018-03-23 06:03:23,0.06184700,3.00000000
2018-03-23 06:03:23,0.06185000,22.97200000
2018-03-23 06:03:23,0.06189200,0.01900000
2018-03-23 06:03:23,0.06190600,3.62500000
2018-03-23 06:03:23,0.06190700,0.01900000
2018-03-23 06:03:23,0.06191400,0.01900000
2018-03-23 06:03:23,0.06191600,0.01900000
2018-03-23 06:03:23,0.06192300,3.00000000
2018-03-23 06:03:23,0.06193000,0.50600000
2018-03-23 06:03:23,0.06193500,1.67000000
2018-03-23 06:03:23,0.06195500,6.00000000
2018-03-23 06:03:23,0.06195600,1.54700000
2018-03-23 06:03:23,0.06196000,0.79800000
2018-03-23 06:03:24,0.06179800,1.11400000
2018-03-23 06:03:24,0.06179800,0.50100000
2018-03-23 06:03:24,0.06179300,0.80000000
2018-03-23 06:03:24,0.06179200,0.76000000
2018-03-23 06:03:25,0.06179700,0.44400000
2018-03-23 06:03:25,0.06180000,0.24000000
2018-03-23 06:03:25,0.06179900,0.30000000
2018-03-23 06:03:25,0.06179800,0.88700000
2018-03-23 06:03:25,0.06179800,0.23900000
2018-03-23 06:03:25,0.06179800,0.04600000
2018-03-23 06:03:26,0.06179800,0.50100000
2018-03-23 06:03:27,0.06180000,0.01400000
2018-03-23 06:03:28,0.06191200,0.10000000
2018-03-23 06:03:28,0.06191300,1.61500000
2018-03-23 06:03:28,0.06191800,0.77400000
2018-03-23 06:03:28,0.06192400,0.48000000
2018-03-23 06:03:28,0.06192500,0.30100000
2018-03-23 06:03:28,0.06193000,0.33700000
2018-03-23 06:03:28,0.06193400,0.01900000
2018-03-23 06:03:28,0.06193700,2.37300000
2018-03-23 06:03:28,0.06196000,0.02900000
2018-03-23 06:03:28,0.06196100,0.00600000
2018-03-23 06:03:28,0.06197700,7.25300000
2018-03-23 06:03:29,0.06184100,0.01800000
2018-03-23 06:03:29,0.06184100,0.00100000
2018-03-23 06:03:29,0.06181500,0.01700000
2018-03-23 06:03:29,0.06181500,0.01800000
2018-03-23 06:03:29,0.06181500,0.01800000
2018-03-23 06:03:29,0.06181600,0.05200000
2018-03-23 06:03:29,0.06181600,0.26900000
2018-03-23 06:03:29,0.06181600,0.21500000
2018-03-23 06:03:29,0.06184200,0.27000000
2018-03-23 06:03:29,0.06184200,0.16200000
2018-03-23 06:03:29,0.06184300,1.57700000
2018-03-23 06:03:29,0.06184300,0.44200000
2018-03-23 06:03:29,0.06184300,0.54300000
2018-03-23 06:03:29,0.06184300,0.80300000
2018-03-23 06:03:30,0.06184300,0.18800000
2018-03-23 06:03:30,0.06184500,0.18600000
2018-03-23 06:03:30,0.06184600,0.20400000
2018-03-23 06:03:30,0.06184500,0.21400000
2018-03-23 06:03:30,0.06184400,0.39300000
2018-03-23 06:03:30,0.06184500,0.15500000
2018-03-23 06:03:31,0.06184500,0.11800000
2018-03-23 06:03:31,0.06184500,0.51200000
2018-03-23 06:03:31,0.06184600,0.81100000
2018-03-23 06:03:31,0.06184600,0.05100000
2018-03-23 06:03:31,0.06184600,0.00100000
2018-03-23 06:03:31,0.06184500,0.05000000
2018-03-23 06:03:31,0.06184500,0.07200000
2018-03-23 06:03:31,0.06184500,0.44100000
2018-03-23 06:03:31,0.06191900,0.11300000
2018-03-23 06:03:31,0.06184500,0.10100000
2018-03-23 06:03:31,0.06184000,0.10000000
2018-03-23 06:03:31,0.06183300,0.38500000
2018-03-23 06:03:31,0.06184400,0.08800000
2018-03-23 06:03:31,0.06184500,0.10900000
2018-03-23 06:03:32,0.06184500,0.10300000
2018-03-23 06:03:32,0.06184000,0.03100000
2018-03-23 06:03:32,0.06184500,0.03600000
2018-03-23 06:03:32,0.06191900,0.08000000
2018-03-23 06:03:32,0.06184500,0.16400000
2018-03-23 06:03:32,0.06184000,0.03600000
2018-03-23 06:03:32,0.06184500,0.20000000
2018-03-23 06:03:32,0.06184000,0.03300000
2018-03-23 06:03:32,0.06183300,0.00500000
2018-03-23 06:03:32,0.06183300,0.19800000
2018-03-23 06:03:32,0.06184400,0.07100000
2018-03-23 06:03:32,0.06184500,0.03200000
2018-03-23 06:03:32,0.06184600,0.37800000
2018-03-23 06:03:32,0.06184600,0.07200000
2018-03-23 06:03:32,0.06184000,0.09000000
2018-03-23 06:03:32,0.06184600,0.24000000
2018-03-23 06:03:32,0.06184400,0.02000000
2018-03-23 06:03:32,0.06184000,0.01000000
2018-03-23 06:03:32,0.06183900,0.20000000
2018-03-23 06:03:32,0.06183400,0.02900000
2018-03-23 06:03:32,0.06184000,0.06300000
2018-03-23 06:03:32,0.06184000,0.03600000
2018-03-23 06:03:32,0.06184000,0.00100000
2018-03-23 06:03:32,0.06183900,0.03500000
2018-03-23 06:03:32,0.06183900,0.06400000
2018-03-23 06:03:33,0.06184400,0.07300000
2018-03-23 06:03:33,0.06184000,0.19900000
2018-03-23 06:03:33,0.06184400,0.09600000
2018-03-23 06:03:34,0.06184000,0.02100000
2018-03-23 06:03:34,0.06184000,0.17600000
2018-03-23 06:03:34,0.06184400,0.90400000
2018-03-23 06:03:34,0.06184000,0.10000000
2018-03-23 06:03:34,0.06183400,0.06200000
2018-03-23 06:03:34,0.06184400,0.32900000
2018-03-23 06:03:34,0.06184400,1.98400000
2018-03-23 06:03:35,0.06183400,1.58500000
2018-03-23 06:03:35,0.06184000,0.16200000
2018-03-23 06:03:35,0.06184400,0.15500000
2018-03-23 06:03:35,0.06184000,1.51900000
2018-03-23 06:03:35,0.06184000,2.64300000
2018-03-23 06:03:35,0.06183400,0.32200000
2018-03-23 06:03:36,0.06183400,0.16200000
2018-03-23 06:03:36,0.06183500,0.19500000
2018-03-23 06:03:37,0.06184400,0.08700000
2018-03-23 06:03:37,0.06183500,0.00200000
2018-03-23 06:03:37,0.06181000,0.44900000
2018-03-23 06:03:37,0.06180100,0.04300000
2018-03-23 06:03:38,0.06180100,0.59400000
2018-03-23 06:03:39,0.06180200,0.00100000
2018-03-23 06:03:39,0.06180300,0.02700000
2018-03-23 06:03:39,0.06180300,0.00100000
2018-03-23 06:03:39,0.06190100,0.02600000
2018-03-23 06:03:40,0.06180400,0.02600000
2018-03-23 06:03:41,0.06181300,0.08000000
2018-03-23 06:03:41,0.06189700,0.10000000
2018-03-23 06:03:41,0.06189800,0.01000000
2018-03-23 06:03:42,0.06189600,1.11000000
2018-03-23 06:03:42,0.06181400,0.02800000
2018-03-23 06:03:43,0.06181400,0.07500000
2018-03-23 06:03:43,0.06181500,0.37800000
2018-03-23 06:03:44,0.06181600,0.08700000
2018-03-23 06:03:44,0.06181600,0.01300000
2018-03-23 06:03:44,0.06181500,0.04200000
2018-03-23 06:03:45,0.06181600,0.09900000
2018-03-23 06:03:45,0.06181600,0.00100000
2018-03-23 06:03:45,0.06181500,0.16100000
2018-03-23 06:03:45,0.06189400,0.25700000
2018-03-23 06:03:45,0.06189400,0.13600000
2018-03-23 06:03:46,0.06181700,0.20800000
2018-03-23 06:03:46,0.06181700,0.33000000
2018-03-23 06:03:46,0.06181400,0.24100000
2018-03-23 06:03:46,0.06183300,0.21000000
2018-03-23 06:03:46,0.06183300,0.67100000
2018-03-23 06:03:47,0.06183300,0.08000000
2018-03-23 06:03:47,0.06183300,0.00100000
2018-03-23 06:03:47,0.06183300,0.10900000
2018-03-23 06:03:47,0.06183300,0.18400000
2018-03-23 06:03:47,0.06183300,0.05800000
2018-03-23 06:03:47,0.06179900,0.10000000
2018-03-23 06:03:47,0.06179000,0.00400000
2018-03-23 06:03:48,0.06189300,0.28500000
2018-03-23 06:03:49,0.06189200,1.26400000
2018-03-23 06:03:49,0.06189300,0.94900000
2018-03-23 06:03:49,0.06189500,0.44200000
2018-03-23 06:03:49,0.06190200,0.50200000
2018-03-23 06:03:49,0.06190500,0.97000000
2018-03-23 06:03:49,0.06192100,0.60000000
2018-03-23 06:03:49,0.06193000,1.00200000
2018-03-23 06:03:49,0.06181500,0.01900000
2018-03-23 06:03:49,0.06179400,0.09200000
2018-03-23 06:03:51,0.06179800,0.19300000
2018-03-23 06:03:51,0.06179800,0.19000000
2018-03-23 06:03:52,0.06179900,0.12100000
2018-03-23 06:03:53,0.06189000,0.09800000
2018-03-23 06:03:53,0.06189000,0.00200000
2018-03-23 06:03:53,0.06189100,0.09600000
2018-03-23 06:03:53,0.06189000,0.10000000
2018-03-23 06:03:53,0.06189100,0.17700000
2018-03-23 06:03:53,0.06189100,0.10500000
2018-03-23 06:03:53,0.06190200,0.20000000
2018-03-23 06:03:53,0.06190800,0.01900000
2018-03-23 06:03:53,0.06192700,0.60000000
2018-03-23 06:03:53,0.06193000,1.79700000
2018-03-23 06:03:53,0.06193200,0.40000000
2018-03-23 06:03:53,0.06189000,0.10000000
2018-03-23 06:03:53,0.06189000,0.10000000
2018-03-23 06:03:53,0.06190200,0.20000000
2018-03-23 06:03:53,0.06192700,0.60000000
2018-03-23 06:03:53,0.06193200,0.13000000
2018-03-23 06:03:53,0.06197700,6.50400000
2018-03-23 06:03:53,0.06198000,0.44900000
2018-03-23 06:03:53,0.06198700,2.12000000
2018-03-23 06:03:53,0.06198800,0.49100000
2018-03-23 06:03:53,0.06199300,2.50000000
2018-03-23 06:03:53,0.06199800,0.51100000
2018-03-23 06:03:53,0.06190200,0.20000000
2018-03-23 06:03:54,0.06190200,0.20000000
2018-03-23 06:03:54,0.06190700,0.10000000
2018-03-23 06:03:54,0.06192700,0.60000000
2018-03-23 06:03:54,0.06199800,0.00500000
2018-03-23 06:03:54,0.06180500,0.16200000
2018-03-23 06:03:54,0.06190700,0.24300000
2018-03-23 06:03:54,0.06200000,0.78800000
2018-03-23 06:03:54,0.06180600,0.37800000
2018-03-23 06:03:55,0.06181100,0.06400000
2018-03-23 06:03:55,0.06181200,0.10000000
2018-03-23 06:03:55,0.06180700,0.38300000
2018-03-23 06:03:55,0.06180600,0.32900000
2018-03-23 06:03:56,0.06182400,0.81200000
2018-03-23 06:03:56,0.06182900,0.03400000
2018-03-23 06:03:56,0.06199400,0.28700000
2018-03-23 06:03:56,0.06199400,0.15300000
2018-03-23 06:03:56,0.06199500,1.10700000
2018-03-23 06:03:56,0.06199400,0.30000000
2018-03-23 06:03:56,0.06199500,0.50600000
2018-03-23 06:03:57,0.06183500,0.38400000
2018-03-23 06:03:57,0.06183500,0.81200000
2018-03-23 06:03:57,0.06184200,0.17900000
2018-03-23 06:03:57,0.06184200,0.04900000
2018-03-23 06:03:58,0.06184200,0.10200000
2018-03-23 06:03:58,0.06184200,0.05300000
2018-03-23 06:03:58,0.06183700,0.04800000
2018-03-23 06:03:58,0.06183800,0.04100000
2018-03-23 06:03:58,0.06183700,0.77000000
2018-03-23 06:03:58,0.06184400,0.05700000
2018-03-23 06:03:59,0.06184500,0.28700000
2018-03-23 06:03:59,0.06184600,0.04900000
2018-03-23 06:04:00,0.06198100,0.04700000
2018-03-23 06:04:00,0.06198100,0.35300000
2018-03-23 06:04:00,0.06184900,0.16200000
2018-03-23 06:04:00,0.06184900,0.10000000
2018-03-23 06:04:01,0.06184900,0.16200000
2018-03-23 06:04:01,0.06184900,0.71200000
2018-03-23 06:04:01,0.06184800,0.16200000
2018-03-23 06:04:01,0.06184900,0.33700000
2018-03-23 06:04:01,0.06184900,0.04600000
2018-03-23 06:04:02,0.06184900,0.21700000
2018-03-23 06:04:02,0.06184800,0.22300000
2018-03-23 06:04:02,0.06185000,0.74900000
2018-03-23 06:04:02,0.06184900,0.06200000
2018-03-23 06:04:02,0.06185000,0.10000000
2018-03-23 06:04:02,0.06184900,0.34000000
2018-03-23 06:04:02,0.06185000,0.04700000
2018-03-23 06:04:03,0.06185000,0.02900000
2018-03-23 06:04:03,0.06185100,0.48100000
2018-03-23 06:04:04,0.06185200,0.06500000
2018-03-23 06:04:04,0.06185200,0.43500000
2018-03-23 06:04:04,0.06185100,2.23300000
2018-03-23 06:04:04,0.06185000,2.65100000
2018-03-23 06:04:04,0.06184900,0.30300000
2018-03-23 06:04:04,0.06184800,1.72100000
2018-03-23 06:04:04,0.06184600,0.51800000
2018-03-23 06:04:04,0.06185200,0.10000000
2018-03-23 06:04:04,0.06184600,3.70100000
2018-03-23 06:04:04,0.06184400,0.50000000
2018-03-23 06:04:04,0.06183700,0.10800000
2018-03-23 06:04:04,0.06185200,0.10000000
2018-03-23 06:04:04,0.06185200,0.10000000
2018-03-23 06:04:04,0.06185200,0.06100000
2018-03-23 06:04:04,0.06185200,0.07500000
2018-03-23 06:04:04,0.06185200,1.27700000
2018-03-23 06:04:05,0.06185200,0.21700000
2018-03-23 06:04:05,0.06185300,0.09800000
2018-03-23 06:04:05,0.06185300,0.00200000
2018-03-23 06:04:05,0.06185200,0.03300000
2018-03-23 06:04:06,0.06185300,0.06800000
2018-03-23 06:04:06,0.06185200,0.31000000
2018-03-23 06:04:06,0.06185500,0.06500000
2018-03-23 06:04:06,0.06185500,0.00500000
2018-03-23 06:04:06,0.06185200,0.06200000
2018-03-23 06:04:06,0.06185200,0.00400000
2018-03-23 06:04:07,0.06185200,1.61900000
2018-03-23 06:04:07,0.06185200,0.56800000
2018-03-23 06:04:07,0.06192500,0.05600000
