DATE,PRICE,VOLUME
2018-03-24 00:00:00,0.06102700,1.14500000
2018-03-24 00:00:01,0.06095000,0.14100000
2018-03-24 00:00:01,0.06102300,0.02000000
2018-03-24 00:00:01,0.06102300,0.21300000
2018-03-24 00:00:01,0.06103400,0.42600000
2018-03-24 00:00:01,0.06103400,0.35800000
2018-03-24 00:00:01,0.06103400,0.03900000
2018-03-24 00:00:01,0.06106900,0.48000000
2018-03-24 00:00:01,0.06107900,0.62700000
2018-03-24 00:00:01,0.06108600,0.02000000
2018-03-24 00:00:01,0.06109600,1.29300000
2018-03-24 00:00:02,0.06095700,0.83000000
2018-03-24 00:00:03,0.06096500,0.03000000
2018-03-24 00:00:03,0.06102000,0.82400000
2018-03-24 00:00:03,0.06096000,0.07700000
2018-03-24 00:00:04,0.06096200,1.14500000
2018-03-24 00:00:04,0.06096000,1.46200000
2018-03-24 00:00:04,0.06095900,0.68000000
2018-03-24 00:00:04,0.06095100,0.51500000
2018-03-24 00:00:04,0.06095000,0.02000000
2018-03-24 00:00:04,0.06094200,0.60400000
2018-03-24 00:00:04,0.06094200,0.39600000
2018-03-24 00:00:04,0.06093900,0.15100000
2018-03-24 00:00:05,0.06095100,0.23000000
2018-03-24 00:00:05,0.06093900,0.33700000
2018-03-24 00:00:05,0.06092400,0.57700000
2018-03-24 00:00:05,0.06092400,0.02300000
2018-03-24 00:00:05,0.06090900,1.12100000
2018-03-24 00:00:05,0.06090900,0.52000000
2018-03-24 00:00:05,0.06090800,0.51200000
2018-03-24 00:00:05,0.06088000,0.11200000
2018-03-24 00:00:05,0.06088000,0.00200000
2018-03-24 00:00:05,0.06096200,0.46800000
2018-03-24 00:00:05,0.06102000,0.00600000
2018-03-24 00:00:05,0.06102300,0.04200000
2018-03-24 00:00:05,0.06102300,0.45600000
2018-03-24 00:00:05,0.06102600,0.55300000
2018-03-24 00:00:05,0.06102600,0.22700000
2018-03-24 00:00:05,0.06102600,0.22700000
2018-03-24 00:00:06,0.06102600,0.27600000
2018-03-24 00:00:06,0.06102700,2.73200000
2018-03-24 00:00:07,0.06102500,0.09100000
2018-03-24 00:00:07,0.06102500,0.07700000
2018-03-24 00:00:07,0.06102500,0.34200000
2018-03-24 00:00:08,0.06102500,2.49000000
2018-03-24 00:00:08,0.06102700,1.06700000
2018-03-24 00:00:08,0.06102800,0.23000000
2018-03-24 00:00:08,0.06103500,0.44800000
2018-03-24 00:00:08,0.06104900,0.82300000
2018-03-24 00:00:08,0.06107400,0.36000000
2018-03-24 00:00:08,0.06102100,0.18400000
2018-03-24 00:00:09,0.06102100,0.50700000
2018-03-24 00:00:09,0.06101100,0.41400000
2018-03-24 00:00:10,0.06102200,0.51100000
2018-03-24 00:00:10,0.06102100,0.28100000
2018-03-24 00:00:11,0.06108900,0.04800000
2018-03-24 00:00:11,0.06102100,0.01600000
2018-03-24 00:00:11,0.06102100,0.10900000
2018-03-24 00:00:11,0.06099800,0.06300000
2018-03-24 00:00:12,0.06099800,0.02000000
2018-03-24 00:00:13,0.06100000,0.29000000
2018-03-24 00:00:13,0.06108700,0.16300000
2018-03-24 00:00:14,0.06100000,0.07400000
2018-03-24 00:00:15,0.06108600,0.30000000
2018-03-24 00:00:15,0.06108700,1.08100000
2018-03-24 00:00:15,0.06108800,0.25500000
2018-03-24 00:00:15,0.06108900,0.85100000
2018-03-24 00:00:15,0.06108800,0.02800000
2018-03-24 00:00:15,0.06109600,0.10000000
2018-03-24 00:00:16,0.06110800,0.45300000
2018-03-24 00:00:16,0.06100200,0.45300000
2018-03-24 00:00:16,0.06108700,0.07400000
2018-03-24 00:00:16,0.06112000,0.50000000
2018-03-24 00:00:16,0.06112200,0.15900000
2018-03-24 00:00:16,0.06112300,0.40000000
2018-03-24 00:00:16,0.06112400,0.55200000
2018-03-24 00:00:16,0.06112500,0.04900000
2018-03-24 00:00:16,0.06112600,0.46600000
2018-03-24 00:00:16,0.06112600,0.03500000
2018-03-24 00:00:16,0.06100400,0.02500000
2018-03-24 00:00:16,0.06112500,0.23900000
2018-03-24 00:00:16,0.06112500,0.02800000
2018-03-24 00:00:16,0.06112700,0.82300000
2018-03-24 00:00:16,0.06111900,8.69700000
2018-03-24 00:00:18,0.06108300,0.44600000
2018-03-24 00:00:18,0.06111800,2.11700000
2018-03-24 00:00:18,0.06111900,1.66900000
2018-03-24 00:00:18,0.06112300,0.40000000
2018-03-24 00:00:18,0.06112700,0.80600000
2018-03-24 00:00:18,0.06113100,0.46900000
2018-03-24 00:00:18,0.06114700,0.64700000
2018-03-24 00:00:18,0.06115200,0.45000000
2018-03-24 00:00:18,0.06115600,0.20000000
2018-03-24 00:00:18,0.06116000,4.05900000
2018-03-24 00:00:18,0.06116000,2.11000000
2018-03-24 00:00:18,0.06101700,0.57700000
2018-03-24 00:00:19,0.06107700,0.57700000
2018-03-24 00:00:19,0.06108200,0.12000000
2018-03-24 00:00:19,0.06109800,0.46900000
2018-03-24 00:00:19,0.06111700,0.35700000
2018-03-24 00:00:19,0.06111700,0.57600000
2018-03-24 00:00:19,0.06116000,2.00500000
2018-03-24 00:00:22,0.06104600,0.05000000
2018-03-24 00:00:22,0.06104600,1.36700000
2018-03-24 00:00:25,0.06108600,0.05300000
2018-03-24 00:00:25,0.06108700,0.28400000
2018-03-24 00:00:26,0.06104900,1.03800000
2018-03-24 00:00:26,0.06104800,0.30500000
2018-03-24 00:00:26,0.06105500,0.03000000
2018-03-24 00:00:27,0.06108600,0.05000000
2018-03-24 00:00:27,0.06108700,0.38800000
2018-03-24 00:00:27,0.06108800,0.35500000
2018-03-24 00:00:27,0.06111700,0.03000000
2018-03-24 00:00:28,0.06105600,0.07300000
2018-03-24 00:00:28,0.06111600,0.02800000
2018-03-24 00:00:29,0.06106700,0.22400000
2018-03-24 00:00:30,0.06106700,0.22400000
2018-03-24 00:00:30,0.06109100,7.05700000
2018-03-24 00:00:30,0.06111600,6.01900000
2018-03-24 00:00:30,0.06111600,3.76700000
2018-03-24 00:00:30,0.06111600,0.01900000
2018-03-24 00:00:30,0.06111600,1.65700000
2018-03-24 00:00:30,0.06111700,0.02800000
2018-03-24 00:00:30,0.06111800,0.02000000
2018-03-24 00:00:30,0.06113500,0.74800000
2018-03-24 00:00:31,0.06109400,0.46900000
2018-03-24 00:00:31,0.06108200,0.18600000
2018-03-24 00:00:31,0.06108200,0.26400000
2018-03-24 00:00:31,0.06107800,0.08100000
2018-03-24 00:00:31,0.06107800,1.78500000
2018-03-24 00:00:31,0.06106700,0.05000000
2018-03-24 00:00:31,0.06111500,0.02100000
2018-03-24 00:00:31,0.06111500,0.07800000
2018-03-24 00:00:32,0.06111500,0.01800000
2018-03-24 00:00:32,0.06111500,0.33600000
2018-03-24 00:00:32,0.06107900,0.01700000
2018-03-24 00:00:32,0.06107900,0.29700000
2018-03-24 00:00:32,0.06107900,0.20500000
2018-03-24 00:00:32,0.06107900,0.15700000
2018-03-24 00:00:32,0.06107900,0.08700000
2018-03-24 00:00:32,0.06111700,0.72800000
2018-03-24 00:00:32,0.06107900,0.06000000
2018-03-24 00:00:32,0.06106800,0.26400000
2018-03-24 00:00:33,0.06111700,0.15700000
2018-03-24 00:00:33,0.06106900,0.23100000
2018-03-24 00:00:33,0.06106900,0.02600000
2018-03-24 00:00:33,0.06106800,0.22900000
2018-03-24 00:00:33,0.06106800,0.19800000
2018-03-24 00:00:33,0.06106800,0.00900000
2018-03-24 00:00:33,0.06106100,0.19400000
2018-03-24 00:00:33,0.06106100,1.07000000
2018-03-24 00:00:34,0.06111600,0.30400000
2018-03-24 00:00:34,0.06106100,0.01200000
2018-03-24 00:00:34,0.06105600,0.07800000
2018-03-24 00:00:35,0.06111600,0.00100000
2018-03-24 00:00:35,0.06111700,0.07800000
2018-03-24 00:00:35,0.06111700,0.59700000
2018-03-24 00:00:35,0.06111700,0.05500000
2018-03-24 00:00:35,0.06111700,0.38400000
2018-03-24 00:00:35,0.06111700,0.00100000
2018-03-24 00:00:35,0.06112700,0.36700000
2018-03-24 00:00:37,0.06105800,0.05200000
2018-03-24 00:00:37,0.06105800,0.06000000
2018-03-24 00:00:37,0.06105900,0.52800000
2018-03-24 00:00:37,0.06114400,0.45900000
2018-03-24 00:00:38,0.06109000,0.44100000
2018-03-24 00:00:38,0.06109000,0.05200000
2018-03-24 00:00:38,0.06105900,0.44000000
2018-03-24 00:00:38,0.06105900,0.06500000
2018-03-24 00:00:38,0.06105900,0.17700000
2018-03-24 00:00:38,0.06114400,0.37300000
2018-03-24 00:00:38,0.06115900,0.09200000
2018-03-24 00:00:39,0.06106100,0.12000000
2018-03-24 00:00:39,0.06112900,0.45200000
2018-03-24 00:00:39,0.06106100,1.32300000
2018-03-24 00:00:39,0.06109100,0.20800000
2018-03-24 00:00:39,0.06109100,0.23800000
2018-03-24 00:00:39,0.06106100,0.20700000
2018-03-24 00:00:40,0.06106100,0.08900000
2018-03-24 00:00:40,0.06108400,0.83100000
2018-03-24 00:00:40,0.06108400,0.00100000
2018-03-24 00:00:40,0.06106000,0.40600000
2018-03-24 00:00:40,0.06105900,0.23000000
2018-03-24 00:00:40,0.06105800,0.10000000
2018-03-24 00:00:40,0.06105800,0.03000000
2018-03-24 00:00:40,0.06105800,0.04800000
2018-03-24 00:00:40,0.06112900,0.00100000
2018-03-24 00:00:40,0.06115800,0.17600000
2018-03-24 00:00:40,0.06105900,0.18200000
2018-03-24 00:00:40,0.06105600,0.41700000
2018-03-24 00:00:41,0.06113400,0.18200000
2018-03-24 00:00:41,0.06113400,0.34400000
2018-03-24 00:00:42,0.06113400,1.25900000
2018-03-24 00:00:42,0.06113400,0.48900000
2018-03-24 00:00:43,0.06113300,0.06700000
2018-03-24 00:00:43,0.06113300,0.00100000
2018-03-24 00:00:43,0.06115400,0.51100000
2018-03-24 00:00:43,0.06115500,0.29600000
2018-03-24 00:00:43,0.06115600,0.59500000
2018-03-24 00:00:43,0.06115800,0.90400000
2018-03-24 00:00:43,0.06115900,1.07200000
2018-03-24 00:00:43,0.06116000,0.02800000
2018-03-24 00:00:43,0.06116100,0.15000000
2018-03-24 00:00:43,0.06116400,0.02000000
2018-03-24 00:00:43,0.06116700,0.40000000
2018-03-24 00:00:43,0.06116900,0.19000000
2018-03-24 00:00:43,0.06118900,0.36500000
2018-03-24 00:00:43,0.06106900,0.18800000
2018-03-24 00:00:44,0.06106900,0.12200000
2018-03-24 00:00:44,0.06106900,0.15900000
2018-03-24 00:00:44,0.06106900,0.72600000
2018-03-24 00:00:44,0.06106500,0.23900000
2018-03-24 00:00:45,0.06113400,0.65500000
2018-03-24 00:00:45,0.06107600,0.04300000
2018-03-24 00:00:45,0.06107600,0.44600000
2018-03-24 00:00:45,0.06107600,0.59100000
2018-03-24 00:00:45,0.06106700,0.20200000
2018-03-24 00:00:45,0.06113400,0.54000000
2018-03-24 00:00:45,0.06113900,0.15100000
2018-03-24 00:00:45,0.06113700,0.24800000
2018-03-24 00:00:45,0.06113700,0.24200000
2018-03-24 00:00:45,0.06113800,0.00600000
2018-03-24 00:00:46,0.06106800,0.29300000
2018-03-24 00:00:46,0.06112700,0.44600000
2018-03-24 00:00:46,0.06113000,0.90500000
2018-03-24 00:00:46,0.06113100,0.40000000
2018-03-24 00:00:46,0.06113300,0.69600000
2018-03-24 00:00:46,0.06113300,2.11100000
2018-03-24 00:00:46,0.06106900,0.13200000
2018-03-24 00:00:46,0.06106900,1.26600000
2018-03-24 00:00:46,0.06113700,4.08000000
2018-03-24 00:00:47,0.06106900,0.06300000
2018-03-24 00:00:47,0.06106900,0.08300000
2018-03-24 00:00:48,0.06111600,0.02000000
2018-03-24 00:00:48,0.06109300,0.05400000
2018-03-24 00:00:48,0.06107000,0.32100000
2018-03-24 00:00:49,0.06107000,0.49700000
2018-03-24 00:00:49,0.06109300,0.02800000
2018-03-24 00:00:49,0.06106900,0.02700000
2018-03-24 00:00:49,0.06106900,0.18400000
2018-03-24 00:00:49,0.06106900,0.02800000
2018-03-24 00:00:50,0.06107000,0.03300000
2018-03-24 00:00:50,0.06107000,0.10300000
2018-03-24 00:00:51,0.06107000,0.39300000
2018-03-24 00:00:51,0.06107000,0.11800000
2018-03-24 00:00:51,0.06107000,0.62000000
2018-03-24 00:00:51,0.06107000,0.42300000
2018-03-24 00:00:52,0.06107100,0.18400000
2018-03-24 00:00:52,0.06107100,0.58200000
2018-03-24 00:00:52,0.06107100,0.06300000
2018-03-24 00:00:52,0.06107000,0.75300000
2018-03-24 00:00:52,0.06109300,0.41000000
2018-03-24 00:00:52,0.06109300,0.00100000
2018-03-24 00:00:52,0.06109300,0.56400000
2018-03-24 00:00:52,0.06109300,0.06800000
2018-03-24 00:00:52,0.06109300,0.12200000
2018-03-24 00:00:52,0.06109300,0.03200000
2018-03-24 00:00:53,0.06109300,0.37300000
2018-03-24 00:00:53,0.06109300,1.00000000
2018-03-24 00:00:53,0.06109300,1.61900000
2018-03-24 00:00:53,0.06109300,0.09000000
2018-03-24 00:00:53,0.06107000,0.07200000
2018-03-24 00:00:53,0.06107000,0.08900000
2018-03-24 00:00:53,0.06107000,0.08900000
2018-03-24 00:00:53,0.06107000,0.02400000
2018-03-24 00:00:53,0.06111600,0.00100000
2018-03-24 00:00:53,0.06111700,0.53300000
2018-03-24 00:00:53,0.06113200,1.08000000
2018-03-24 00:00:53,0.06113900,0.24900000
2018-03-24 00:00:53,0.06114300,0.81800000
2018-03-24 00:00:53,0.06115600,0.20200000
2018-03-24 00:00:53,0.06115700,0.04400000
2018-03-24 00:00:53,0.06118900,2.63500000
2018-03-24 00:00:53,0.06119000,4.00000000
2018-03-24 00:00:53,0.06119000,2.43800000
2018-03-24 00:00:53,0.06107100,0.73000000
2018-03-24 00:00:53,0.06107000,1.11500000
2018-03-24 00:00:53,0.06107100,0.03000000
2018-03-24 00:00:53,0.06108200,0.01900000
2018-03-24 00:00:53,0.06108200,0.18400000
2018-03-24 00:00:53,0.06108200,0.07300000
2018-03-24 00:00:54,0.06108200,0.07300000
2018-03-24 00:00:54,0.06108200,0.01900000
2018-03-24 00:00:54,0.06108200,0.16100000
2018-03-24 00:00:54,0.06108300,0.06600000
2018-03-24 00:00:54,0.06108900,0.02500000
2018-03-24 00:00:54,0.06120100,0.06200000
2018-03-24 00:00:55,0.06108900,1.08000000
2018-03-24 00:00:55,0.06108500,0.09700000
2018-03-24 00:00:55,0.06110700,0.10000000
2018-03-24 00:00:55,0.06110600,0.97900000
2018-03-24 00:00:55,0.06115000,0.00100000
2018-03-24 00:00:55,0.06110800,0.68800000
2018-03-24 00:00:56,0.06110800,0.09300000
2018-03-24 00:00:56,0.06110800,0.04100000
2018-03-24 00:00:56,0.06110700,0.04300000
2018-03-24 00:00:56,0.06110700,0.15700000
2018-03-24 00:00:56,0.06110600,0.10000000
2018-03-24 00:00:56,0.06109000,0.05100000
2018-03-24 00:00:56,0.06110700,0.15600000
2018-03-24 00:00:56,0.06110700,0.04400000
2018-03-24 00:00:56,0.06109000,0.11100000
2018-03-24 00:00:56,0.06110700,0.04300000
2018-03-24 00:00:56,0.06110700,0.15600000
2018-03-24 00:00:56,0.06110700,0.00100000
2018-03-24 00:00:56,0.06109000,0.02300000
2018-03-24 00:00:56,0.06110700,0.20000000
2018-03-24 00:00:56,0.06109000,0.08400000
2018-03-24 00:00:56,0.06108500,0.41500000
2018-03-24 00:00:56,0.06108400,0.11700000
2018-03-24 00:00:56,0.06108300,0.20000000
2018-03-24 00:00:56,0.06108300,0.23500000
2018-03-24 00:00:57,0.06109100,0.82100000
2018-03-24 00:00:57,0.06114300,0.23100000
2018-03-24 00:00:57,0.06114400,0.21700000
2018-03-24 00:00:58,0.06113800,0.03400000
2018-03-24 00:00:59,0.06107000,0.01100000
2018-03-24 00:01:00,0.06107000,0.07300000
2018-03-24 00:01:00,0.06113200,0.02200000
2018-03-24 00:01:00,0.06113200,1.36000000
2018-03-24 00:01:00,0.06113700,0.82200000
2018-03-24 00:01:00,0.06114400,0.10000000
2018-03-24 00:01:00,0.06114900,0.13000000
2018-03-24 00:01:00,0.06115400,0.03300000
2018-03-24 00:01:00,0.06107000,0.37300000
2018-03-24 00:01:00,0.06107000,0.02400000
2018-03-24 00:01:01,0.06107100,0.48400000
2018-03-24 00:01:02,0.06107100,0.02400000
2018-03-24 00:01:03,0.06107200,0.10000000
2018-03-24 00:01:03,0.06107100,0.13000000
2018-03-24 00:01:03,0.06107100,0.10000000
2018-03-24 00:01:03,0.06107100,0.10000000
2018-03-24 00:01:03,0.06107100,0.10000000
2018-03-24 00:01:03,0.06107100,0.10000000
2018-03-24 00:01:03,0.06107100,0.10000000
2018-03-24 00:01:03,0.06107100,0.10000000
2018-03-24 00:01:04,0.06107100,0.19500000
2018-03-24 00:01:04,0.06107100,0.20700000
2018-03-24 00:01:04,0.06106800,0.36000000
2018-03-24 00:01:04,0.06106700,1.56700000
2018-03-24 00:01:05,0.06102800,1.28600000
2018-03-24 00:01:05,0.06107100,0.12300000
2018-03-24 00:01:05,0.06107100,0.15000000
2018-03-24 00:01:05,0.06102700,0.01800000
2018-03-24 00:01:05,0.06102700,1.34900000
2018-03-24 00:01:05,0.06107100,0.42100000
2018-03-24 00:01:05,0.06107100,0.00100000
2018-03-24 00:01:05,0.06114100,0.30100000
2018-03-24 00:01:05,0.06103200,0.20800000
2018-03-24 00:01:05,0.06103300,0.06800000
2018-03-24 00:01:06,0.06113900,1.63300000
2018-03-24 00:01:06,0.06113900,1.36600000
2018-03-24 00:01:06,0.06103400,0.03400000
2018-03-24 00:01:06,0.06103400,0.46100000
2018-03-24 00:01:07,0.06103500,0.06700000
2018-03-24 00:01:07,0.06103500,0.16500000
2018-03-24 00:01:07,0.06103500,2.21800000
2018-03-24 00:01:07,0.06103500,0.72000000
2018-03-24 00:01:07,0.06103500,0.00100000
2018-03-24 00:01:07,0.06103400,0.46400000
2018-03-24 00:01:07,0.06102900,0.25500000
2018-03-24 00:01:07,0.06102900,0.14200000
2018-03-24 00:01:07,0.06102700,0.27000000
2018-03-24 00:01:07,0.06102700,0.07500000
2018-03-24 00:01:08,0.06102800,0.18300000
2018-03-24 00:01:08,0.06102800,0.06300000
2018-03-24 00:01:08,0.06102800,0.11700000
2018-03-24 00:01:08,0.06102800,0.40000000
2018-03-24 00:01:08,0.06102800,0.06600000
2018-03-24 00:01:08,0.06102800,0.03200000
2018-03-24 00:01:08,0.06102900,1.89400000
2018-03-24 00:01:08,0.06102900,0.50000000
2018-03-24 00:01:09,0.06102900,0.00100000
2018-03-24 00:01:09,0.06102800,0.03700000
2018-03-24 00:01:09,0.06106600,0.20700000
2018-03-24 00:01:09,0.06102800,0.37300000
2018-03-24 00:01:09,0.06102800,0.02000000
2018-03-24 00:01:09,0.06104700,16.66900000
2018-03-24 00:01:09,0.06102800,6.71100000
2018-03-24 00:01:09,0.06102400,1.02400000
2018-03-24 00:01:09,0.06102000,0.07100000
2018-03-24 00:01:10,0.06102000,0.07100000
2018-03-24 00:01:10,0.06102700,0.23900000
2018-03-24 00:01:10,0.06102700,0.00100000
2018-03-24 00:01:10,0.06106700,0.05100000
2018-03-24 00:01:10,0.06106700,0.02300000
2018-03-24 00:01:10,0.06105500,0.32700000
2018-03-24 00:01:10,0.06106700,0.11600000
2018-03-24 00:01:10,0.06105500,0.16600000
2018-03-24 00:01:10,0.06102000,0.32600000
2018-03-24 00:01:10,0.06106700,0.09100000
2018-03-24 00:01:10,0.06102000,0.27000000
2018-03-24 00:01:10,0.06100500,0.02000000
2018-03-24 00:01:10,0.06100000,0.06900000
2018-03-24 00:01:10,0.06100000,0.41100000
2018-03-24 00:01:10,0.06099800,0.07300000
2018-03-24 00:01:10,0.06099800,0.07100000
2018-03-24 00:01:10,0.06106700,0.54200000
2018-03-24 00:01:10,0.06106700,0.23000000
2018-03-24 00:01:10,0.06106700,0.13000000
2018-03-24 00:01:11,0.06099900,0.05600000
2018-03-24 00:01:11,0.06099900,0.60300000
2018-03-24 00:01:11,0.06099900,0.07300000
2018-03-24 00:01:11,0.06106600,0.28400000
2018-03-24 00:01:11,0.06106600,0.26500000
2018-03-24 00:01:12,0.06106500,0.82400000
2018-03-24 00:01:12,0.06106600,0.23000000
2018-03-24 00:01:12,0.06106500,1.36700000
2018-03-24 00:01:13,0.06106600,0.56600000
2018-03-24 00:01:13,0.06099800,0.14800000
2018-03-24 00:01:14,0.06099900,0.11100000
2018-03-24 00:01:14,0.06099900,0.02400000
2018-03-24 00:01:14,0.06099900,0.49500000
2018-03-24 00:01:15,0.06099800,0.19100000
2018-03-24 00:01:15,0.06099800,0.02500000
2018-03-24 00:01:15,0.06106700,0.20000000
2018-03-24 00:01:15,0.06107100,1.21900000
2018-03-24 00:01:15,0.06107100,0.09000000
2018-03-24 00:01:15,0.06107700,0.82400000
2018-03-24 00:01:15,0.06108300,0.30000000
2018-03-24 00:01:15,0.06108400,0.48000000
2018-03-24 00:01:15,0.06110600,0.45300000
2018-03-24 00:01:15,0.06111900,0.85100000
2018-03-24 00:01:15,0.06111900,0.15900000
2018-03-24 00:01:15,0.06106700,0.16000000
2018-03-24 00:01:16,0.06106700,0.13900000
2018-03-24 00:01:16,0.06099800,0.00800000
2018-03-24 00:01:16,0.06099500,0.12300000
2018-03-24 00:01:16,0.06099700,0.21400000
2018-03-24 00:01:17,0.06099900,0.17200000
2018-03-24 00:01:17,0.06105900,0.70900000
2018-03-24 00:01:17,0.06107600,0.94200000
2018-03-24 00:01:17,0.06107700,0.20000000
2018-03-24 00:01:18,0.06100100,0.12400000
2018-03-24 00:01:18,0.06100100,0.32900000
2018-03-24 00:01:20,0.06100100,0.80900000
2018-03-24 00:01:21,0.06101400,0.04700000
2018-03-24 00:01:22,0.06101400,0.04100000
2018-03-24 00:01:22,0.06101400,0.30600000
2018-03-24 00:01:22,0.06098600,0.63100000
2018-03-24 00:01:22,0.06098500,0.46400000
2018-03-24 00:01:22,0.06097500,0.05500000
2018-03-24 00:01:22,0.06097500,0.17500000
2018-03-24 00:01:22,0.06097400,0.45300000
2018-03-24 00:01:22,0.06101400,0.09800000
2018-03-24 00:01:25,0.06101400,0.24100000
2018-03-24 00:01:25,0.06101400,0.00400000
2018-03-24 00:01:25,0.06104500,0.24000000
2018-03-24 00:01:26,0.06097700,0.03400000
2018-03-24 00:01:26,0.06097800,0.07600000
2018-03-24 00:01:27,0.06097700,0.05100000
2018-03-24 00:01:27,0.06097700,0.04700000
2018-03-24 00:01:28,0.06097700,0.13300000
2018-03-24 00:01:28,0.06097800,0.07800000
2018-03-24 00:01:28,0.06097800,0.39000000
2018-03-24 00:01:30,0.06102600,0.03100000
2018-03-24 00:01:30,0.06102700,0.44000000
2018-03-24 00:01:30,0.06102700,0.02700000
2018-03-24 00:01:30,0.06100300,0.89100000
2018-03-24 00:01:30,0.06097900,0.01700000
2018-03-24 00:01:30,0.06097900,0.30800000
2018-03-24 00:01:31,0.06102700,0.01800000
2018-03-24 00:01:32,0.06102700,0.02200000
2018-03-24 00:01:32,0.06102700,1.88900000
2018-03-24 00:01:32,0.06103800,0.23000000
2018-03-24 00:01:32,0.06104000,0.33600000
2018-03-24 00:01:33,0.06103800,0.19900000
2018-03-24 00:01:33,0.06103800,0.10000000
2018-03-24 00:01:33,0.06103900,0.65600000
2018-03-24 00:01:33,0.06097800,0.07200000
2018-03-24 00:01:35,0.06104800,0.18300000
2018-03-24 00:01:36,0.06104800,0.11600000
2018-03-24 00:01:36,0.06098000,0.23000000
2018-03-24 00:01:36,0.06097900,0.19200000
2018-03-24 00:01:36,0.06098000,0.01900000
2018-03-24 00:01:37,0.06098000,0.20800000
2018-03-24 00:01:38,0.06098000,0.05900000
2018-03-24 00:01:38,0.06098000,0.41700000
2018-03-24 00:01:38,0.06098000,0.41800000
2018-03-24 00:01:38,0.06098000,0.34900000
2018-03-24 00:01:38,0.06098000,0.07200000
2018-03-24 00:01:38,0.06098000,0.15800000
2018-03-24 00:01:38,0.06097800,0.83400000
2018-03-24 00:01:38,0.06097700,0.13300000
2018-03-24 00:01:39,0.06098000,0.23000000
2018-03-24 00:01:39,0.06095600,0.19100000
2018-03-24 00:01:39,0.06095000,0.40000000
2018-03-24 00:01:39,0.06094600,0.02000000
2018-03-24 00:01:39,0.06094300,0.01700000
2018-03-24 00:01:39,0.06101000,0.41700000
2018-03-24 00:01:39,0.06101000,0.06300000
2018-03-24 00:01:39,0.06098000,0.07300000
2018-03-24 00:01:39,0.06098000,0.12700000
2018-03-24 00:01:39,0.06094300,0.06300000
2018-03-24 00:01:39,0.06092300,0.04000000
2018-03-24 00:01:39,0.06091600,0.11000000
2018-03-24 00:01:39,0.06101000,0.41800000
2018-03-24 00:01:40,0.06101000,0.02800000
2018-03-24 00:01:40,0.06097300,0.02700000
2018-03-24 00:01:40,0.06097300,0.02700000
2018-03-24 00:01:40,0.06097300,0.43800000
2018-03-24 00:01:40,0.06097300,0.00100000
2018-03-24 00:01:40,0.06094300,0.02000000
2018-03-24 00:01:40,0.06091700,0.44400000
2018-03-24 00:01:41,0.06101900,0.05500000
2018-03-24 00:01:41,0.06101800,0.37200000
2018-03-24 00:01:42,0.06101800,1.05000000
2018-03-24 00:01:44,0.06101700,0.69400000
2018-03-24 00:01:44,0.06101700,0.18600000
2018-03-24 00:01:45,0.06101700,0.89100000
2018-03-24 00:01:45,0.06101700,0.13000000
2018-03-24 00:01:46,0.06101700,0.13100000
2018-03-24 00:01:46,0.06101800,0.10000000
2018-03-24 00:01:46,0.06101800,0.03000000
2018-03-24 00:01:46,0.06101800,0.10000000
2018-03-24 00:01:46,0.06101800,0.10000000
2018-03-24 00:01:46,0.06101800,0.03000000
2018-03-24 00:01:46,0.06101800,0.10000000
2018-03-24 00:01:46,0.06101800,0.09700000
2018-03-24 00:01:46,0.06101700,0.10200000
2018-03-24 00:01:46,0.06101700,0.10000000
2018-03-24 00:01:46,0.06101700,0.10000000
2018-03-24 00:01:47,0.06101700,0.10100000
2018-03-24 00:01:47,0.06101800,2.45200000
2018-03-24 00:01:47,0.06101700,0.20000000
2018-03-24 00:01:47,0.06101800,1.75700000
2018-03-24 00:01:47,0.06101800,0.10000000
2018-03-24 00:01:47,0.06101800,0.13200000
2018-03-24 00:01:47,0.06101700,0.09900000
2018-03-24 00:01:47,0.06101700,0.00100000
2018-03-24 00:01:47,0.06101700,0.10000000
2018-03-24 00:01:47,0.06101700,0.13400000
2018-03-24 00:01:47,0.06101800,1.00200000
2018-03-24 00:01:47,0.06101700,7.43200000
2018-03-24 00:01:47,0.06101700,0.12300000
2018-03-24 00:01:48,0.06101700,0.16300000
2018-03-24 00:01:48,0.06097800,2.85100000
2018-03-24 00:01:48,0.06097900,0.15900000
2018-03-24 00:01:49,0.06101700,0.00100000
2018-03-24 00:01:49,0.06101800,0.10000000
2018-03-24 00:01:49,0.06101800,0.04300000
2018-03-24 00:01:49,0.06101800,0.18000000
2018-03-24 00:01:49,0.06101800,0.02900000
2018-03-24 00:01:49,0.06101800,0.03400000
2018-03-24 00:01:49,0.06101800,0.10200000
2018-03-24 00:01:49,0.06101800,0.21200000
2018-03-24 00:01:49,0.06101800,0.10200000
2018-03-24 00:01:49,0.06101800,0.02800000
2018-03-24 00:01:49,0.06101800,1.17400000
2018-03-24 00:01:50,0.06101800,1.63800000
2018-03-24 00:01:50,0.06101800,2.36400000
2018-03-24 00:01:51,0.06101800,0.02000000
2018-03-24 00:01:51,0.06097900,1.52800000
2018-03-24 00:01:52,0.06097900,0.01800000
2018-03-24 00:01:52,0.06100000,0.29000000
2018-03-24 00:01:52,0.06100000,0.00100000
2018-03-24 00:01:52,0.06101800,0.00100000
2018-03-24 00:01:52,0.06101900,0.08100000
2018-03-24 00:01:52,0.06101900,0.94500000
2018-03-24 00:01:52,0.06097900,0.73800000
2018-03-24 00:01:52,0.06097900,0.02000000
2018-03-24 00:01:52,0.06097800,0.06900000
2018-03-24 00:01:52,0.06101900,0.00100000
2018-03-24 00:01:52,0.06102800,0.12000000
2018-03-24 00:01:52,0.06102800,0.10100000
2018-03-24 00:01:52,0.06102800,0.03900000
2018-03-24 00:01:52,0.06102800,0.07600000
2018-03-24 00:01:52,0.06102800,0.13500000
2018-03-24 00:01:52,0.06102800,0.12300000
2018-03-24 00:01:52,0.06102800,0.10100000
2018-03-24 00:01:52,0.06101800,0.40600000
2018-03-24 00:01:52,0.06101800,0.14800000
2018-03-24 00:01:53,0.06102800,0.13400000
2018-03-24 00:01:55,0.06102800,0.00100000
2018-03-24 00:01:55,0.06104200,0.40100000
2018-03-24 00:01:55,0.06104200,0.09100000
2018-03-24 00:01:55,0.06104200,0.00100000
2018-03-24 00:01:55,0.06105600,0.44600000
2018-03-24 00:01:55,0.06106300,0.91400000
2018-03-24 00:01:55,0.06106300,0.16700000
2018-03-24 00:01:55,0.06108700,0.79200000
2018-03-24 00:01:55,0.06109900,0.05600000
2018-03-24 00:01:55,0.06110000,0.24800000
2018-03-24 00:01:55,0.06109900,0.02800000
2018-03-24 00:01:56,0.06101800,0.19900000
2018-03-24 00:01:56,0.06101800,0.03200000
2018-03-24 00:01:56,0.06100300,0.19900000
2018-03-24 00:01:56,0.06101800,0.09400000
2018-03-24 00:01:56,0.06101800,0.03100000
2018-03-24 00:01:56,0.06101800,0.06200000
2018-03-24 00:01:57,0.06102100,0.12700000
2018-03-24 00:01:57,0.06102100,0.36000000
2018-03-24 00:01:57,0.06102100,0.21300000
2018-03-24 00:01:57,0.06102100,0.01800000
2018-03-24 00:01:57,0.06102100,0.41200000
2018-03-24 00:01:57,0.06102100,0.03200000
2018-03-24 00:01:58,0.06102200,0.18800000
2018-03-24 00:01:58,0.06102200,0.08000000
2018-03-24 00:01:58,0.06102200,0.18600000
2018-03-24 00:01:58,0.06102100,0.63600000
2018-03-24 00:01:58,0.06101900,0.79300000
2018-03-24 00:01:58,0.06100300,0.23000000
2018-03-24 00:01:58,0.06097900,0.02500000
2018-03-24 00:01:58,0.06109700,0.03100000
2018-03-24 00:01:58,0.06109700,1.98700000
2018-03-24 00:01:58,0.06109800,0.23000000
2018-03-24 00:01:58,0.06110000,0.49000000
2018-03-24 00:01:58,0.06111000,0.79300000
2018-03-24 00:01:58,0.06112500,0.33700000
2018-03-24 00:01:58,0.06112500,0.44500000
2018-03-24 00:01:58,0.06112500,4.55500000
2018-03-24 00:01:58,0.06109700,0.16300000
2018-03-24 00:01:58,0.06109700,0.05000000
2018-03-24 00:01:58,0.06109700,0.08700000
2018-03-24 00:01:58,0.06109600,0.38300000
2018-03-24 00:01:58,0.06109700,0.08700000
2018-03-24 00:01:58,0.06112500,1.37500000
2018-03-24 00:01:58,0.06102200,0.11400000
2018-03-24 00:01:58,0.06109700,1.83800000
2018-03-24 00:01:58,0.06109700,5.46200000
2018-03-24 00:01:58,0.06102200,0.16500000
2018-03-24 00:01:59,0.06102300,0.17600000
2018-03-24 00:01:59,0.06102300,0.00100000
2018-03-24 00:01:59,0.06102200,0.07200000
2018-03-24 00:01:59,0.06102200,0.11400000
2018-03-24 00:01:59,0.06102200,0.04100000
2018-03-24 00:01:59,0.06109700,0.02000000
2018-03-24 00:01:59,0.06102200,0.18900000
2018-03-24 00:01:59,0.06101600,0.10000000
2018-03-24 00:01:59,0.06101600,0.10000000
2018-03-24 00:01:59,0.06101600,0.03000000
2018-03-24 00:01:59,0.06101600,0.10000000
2018-03-24 00:01:59,0.06101600,0.10000000
2018-03-24 00:01:59,0.06101600,0.03000000
2018-03-24 00:01:59,0.06101600,0.15000000
2018-03-24 00:01:59,0.06101600,0.51200000
2018-03-24 00:01:59,0.06100500,0.31600000
2018-03-24 00:01:59,0.06100400,0.46100000
2018-03-24 00:02:00,0.06102200,0.15500000
2018-03-24 00:02:00,0.06109700,0.04100000
2018-03-24 00:02:01,0.06102300,0.14700000
2018-03-24 00:02:02,0.06109700,0.02300000
2018-03-24 00:02:03,0.06102500,0.20000000
2018-03-24 00:02:03,0.06102400,0.29300000
2018-03-24 00:02:03,0.06102500,0.19100000
2018-03-24 00:02:03,0.06102500,0.00900000
2018-03-24 00:02:03,0.06102400,0.19000000
2018-03-24 00:02:03,0.06102500,0.10000000
2018-03-24 00:02:03,0.06102400,0.29100000
2018-03-24 00:02:03,0.06102500,0.19800000
2018-03-24 00:02:03,0.06102500,0.10100000
2018-03-24 00:02:03,0.06102500,0.00100000
2018-03-24 00:02:03,0.06102400,0.10000000
2018-03-24 00:02:03,0.06102500,0.01800000
2018-03-24 00:02:03,0.06109700,0.34000000
2018-03-24 00:02:04,0.06102600,0.08900000
2018-03-24 00:02:04,0.06102600,0.25400000
2018-03-24 00:02:04,0.06109700,0.49000000
2018-03-24 00:02:05,0.06109600,1.15100000
2018-03-24 00:02:05,0.06109700,1.35600000
2018-03-24 00:02:05,0.06109700,0.79300000
2018-03-24 00:02:05,0.06111400,0.01300000
2018-03-24 00:02:05,0.06111400,0.11700000
2018-03-24 00:02:05,0.06112800,0.08000000
2018-03-24 00:02:05,0.06115600,0.60000000
2018-03-24 00:02:05,0.06115900,0.36000000
2018-03-24 00:02:05,0.06116600,1.34500000
2018-03-24 00:02:05,0.06102800,0.29900000
2018-03-24 00:02:05,0.06102800,0.00100000
2018-03-24 00:02:05,0.06102700,0.26300000
2018-03-24 00:02:06,0.06102700,0.21600000
2018-03-24 00:02:06,0.06111300,0.29900000
2018-03-24 00:02:06,0.06111300,0.00100000
2018-03-24 00:02:06,0.06111400,0.13000000
2018-03-24 00:02:06,0.06116600,0.29900000
2018-03-24 00:02:06,0.06109600,1.28400000
2018-03-24 00:02:06,0.06109600,1.21200000
2018-03-24 00:02:07,0.06102900,1.07000000
2018-03-24 00:02:07,0.06106900,0.95300000
2018-03-24 00:02:07,0.06102900,0.11400000
2018-03-24 00:02:07,0.06103000,0.13300000
2018-03-24 00:02:08,0.06103000,0.50200000
2018-03-24 00:02:08,0.06103000,0.15100000
2018-03-24 00:02:08,0.06103000,0.19700000
2018-03-24 00:02:08,0.06103000,0.15300000
2018-03-24 00:02:08,0.06103000,2.19100000
2018-03-24 00:02:08,0.06103000,0.13800000
2018-03-24 00:02:08,0.06106900,0.36600000
2018-03-24 00:02:08,0.06106900,0.15500000
2018-03-24 00:02:09,0.06106800,0.09500000
2018-03-24 00:02:09,0.06106100,0.44500000
2018-03-24 00:02:09,0.06106800,0.37000000
2018-03-24 00:02:09,0.06106900,0.37400000
2018-03-24 00:02:09,0.06106900,0.36900000
2018-03-24 00:02:09,0.06106900,0.27900000
2018-03-24 00:02:09,0.06108300,0.36900000
2018-03-24 00:02:10,0.06106800,0.24500000
2018-03-24 00:02:10,0.06109600,1.41300000
2018-03-24 00:02:10,0.06110900,0.45300000
2018-03-24 00:02:10,0.06111300,0.46600000
2018-03-24 00:02:10,0.06111300,0.04600000
2018-03-24 00:02:10,0.06112700,0.19800000
2018-03-24 00:02:10,0.06112700,0.28200000
2018-03-24 00:02:10,0.06112700,0.32700000
2018-03-24 00:02:10,0.06112700,2.49300000
2018-03-24 00:02:10,0.06106100,0.00100000
2018-03-24 00:02:10,0.06102400,0.20000000
2018-03-24 00:02:10,0.06102200,0.12500000
2018-03-24 00:02:11,0.06112700,4.35300000
2018-03-24 00:02:11,0.06112700,0.03000000
2018-03-24 00:02:11,0.06108900,0.29900000
2018-03-24 00:02:12,0.06108900,0.18100000
2018-03-24 00:02:12,0.06102400,0.20400000
2018-03-24 00:02:12,0.06102400,0.09600000
2018-03-24 00:02:12,0.06102400,0.06800000
2018-03-24 00:02:12,0.06102300,0.02500000
2018-03-24 00:02:12,0.06108800,0.08800000
2018-03-24 00:02:12,0.06112500,0.11300000
2018-03-24 00:02:13,0.06110900,0.09000000
2018-03-24 00:02:13,0.06102400,0.68200000
2018-03-24 00:02:14,0.06102600,0.06500000
2018-03-24 00:02:15,0.06102700,1.16700000
2018-03-24 00:02:16,0.06102700,0.28900000
2018-03-24 00:02:16,0.06102700,0.19300000
2018-03-24 00:02:16,0.06102700,0.44800000
2018-03-24 00:02:16,0.06102600,0.23000000
2018-03-24 00:02:16,0.06102200,0.06600000
2018-03-24 00:02:16,0.06102200,0.44700000
2018-03-24 00:02:16,0.06102200,0.75400000
2018-03-24 00:02:16,0.06102200,0.75300000
2018-03-24 00:02:16,0.06102200,8.09200000
2018-03-24 00:02:16,0.06102000,0.26000000
2018-03-24 00:02:16,0.06102700,0.18700000
2018-03-24 00:02:16,0.06102700,0.04300000
2018-03-24 00:02:16,0.06102700,0.10000000
2018-03-24 00:02:16,0.06102700,0.10000000
2018-03-24 00:02:16,0.06102700,0.06200000
2018-03-24 00:02:16,0.06102000,0.47900000
2018-03-24 00:02:16,0.06101900,0.17600000
2018-03-24 00:02:16,0.06102700,1.85700000
2018-03-24 00:02:16,0.06102700,1.37000000
2018-03-24 00:02:16,0.06102700,0.08500000
2018-03-24 00:02:17,0.06102700,1.63700000
2018-03-24 00:02:17,0.06102700,0.06200000
2018-03-24 00:02:17,0.06102700,0.10100000
2018-03-24 00:02:17,0.06102700,4.30400000
2018-03-24 00:02:17,0.06102700,1.83800000
2018-03-24 00:02:17,0.06102700,0.02500000
2018-03-24 00:02:17,0.06102700,0.12400000
2018-03-24 00:02:17,0.06101900,0.34200000
2018-03-24 00:02:17,0.06101900,0.79100000
2018-03-24 00:02:17,0.06102700,0.09700000
2018-03-24 00:02:17,0.06101800,0.45300000
2018-03-24 00:02:17,0.06101800,0.00100000
2018-03-24 00:02:17,0.06102700,3.36700000
2018-03-24 00:02:17,0.06102700,0.62400000
2018-03-24 00:02:17,0.06102700,0.86500000
2018-03-24 00:02:17,0.06102700,0.54300000
2018-03-24 00:02:17,0.06102700,0.54000000
2018-03-24 00:02:17,0.06102700,0.23400000
2018-03-24 00:02:18,0.06102100,0.23400000
2018-03-24 00:02:18,0.06101700,0.02000000
2018-03-24 00:02:18,0.06101600,0.16500000
2018-03-24 00:02:18,0.06101600,0.11300000
2018-03-24 00:02:18,0.06102700,0.12400000
2018-03-24 00:02:18,0.06101600,0.02200000
2018-03-24 00:02:19,0.06102700,8.38700000
2018-03-24 00:02:19,0.06100000,1.86300000
2018-03-24 00:02:19,0.06100000,0.13900000
2018-03-24 00:02:19,0.06102700,0.79600000
2018-03-24 00:02:20,0.06102700,0.00400000
2018-03-24 00:02:20,0.06102700,0.02500000
2018-03-24 00:02:20,0.06102700,0.54000000
2018-03-24 00:02:20,0.06102700,0.00100000
2018-03-24 00:02:20,0.06100100,2.14900000
2018-03-24 00:02:20,0.06100000,5.32700000
2018-03-24 00:02:20,0.06100000,0.11700000
2018-03-24 00:02:20,0.06100000,0.20500000
2018-03-24 00:02:20,0.06100000,0.03900000
2018-03-24 00:02:21,0.06102700,0.02400000
2018-03-24 00:02:21,0.06102700,0.07000000
2018-03-24 00:02:21,0.06102700,0.00100000
2018-03-24 00:02:21,0.06100000,0.06900000
2018-03-24 00:02:21,0.06100000,0.37400000
2018-03-24 00:02:22,0.06107700,0.94200000
2018-03-24 00:02:22,0.06102700,0.29900000
2018-03-24 00:02:23,0.06102800,0.13900000
2018-03-24 00:02:23,0.06102700,0.00100000
2018-03-24 00:02:23,0.06100000,0.04400000
2018-03-24 00:02:23,0.06100000,0.13800000
2018-03-24 00:02:24,0.06100000,0.18000000
2018-03-24 00:02:24,0.06100000,4.46400000
2018-03-24 00:02:24,0.06100000,0.41600000
2018-03-24 00:02:24,0.06100000,0.37600000
2018-03-24 00:02:24,0.06100000,0.18400000
2018-03-24 00:02:25,0.06100000,6.72000000
2018-03-24 00:02:25,0.06097900,0.38000000
2018-03-24 00:02:25,0.06097500,0.48500000
2018-03-24 00:02:25,0.06097400,1.20300000
2018-03-24 00:02:25,0.06096800,0.02600000
2018-03-24 00:02:25,0.06092700,0.18600000
2018-03-24 00:02:25,0.06104600,0.58700000
2018-03-24 00:02:26,0.06100100,0.46500000
2018-03-24 00:02:26,0.06097400,0.46400000
2018-03-24 00:02:26,0.06097400,0.16400000
2018-03-24 00:02:26,0.06097400,0.01400000
2018-03-24 00:02:26,0.06092800,0.64200000
2018-03-24 00:02:26,0.06097400,0.16500000
2018-03-24 00:02:26,0.06100100,0.30100000
2018-03-24 00:02:26,0.06100100,0.04200000
2018-03-24 00:02:26,0.06100100,0.05400000
2018-03-24 00:02:26,0.06100100,0.06900000
2018-03-24 00:02:26,0.06104500,0.27400000
2018-03-24 00:02:26,0.06104500,0.01800000
2018-03-24 00:02:26,0.06092800,1.48600000
2018-03-24 00:02:26,0.06104500,0.16400000
2018-03-24 00:02:26,0.06092800,0.23800000
2018-03-24 00:02:27,0.06100100,0.06700000
2018-03-24 00:02:27,0.06100100,0.00200000
2018-03-24 00:02:27,0.06104400,0.29100000
2018-03-24 00:02:29,0.06104000,0.20800000
2018-03-24 00:02:31,0.06103800,0.26500000
2018-03-24 00:02:31,0.06103800,0.22300000
2018-03-24 00:02:31,0.06103800,0.03500000
2018-03-24 00:02:31,0.06103800,0.08100000
2018-03-24 00:02:31,0.06103900,2.36500000
2018-03-24 00:02:32,0.06103800,0.04800000
2018-03-24 00:02:32,0.06103800,0.18200000
2018-03-24 00:02:32,0.06103900,0.85600000
2018-03-24 00:02:32,0.06104000,1.28800000
2018-03-24 00:02:32,0.06104100,0.14700000
2018-03-24 00:02:33,0.06103700,0.05700000
2018-03-24 00:02:33,0.06103700,0.11400000
2018-03-24 00:02:37,0.06103100,1.11000000
2018-03-24 00:02:37,0.06103100,0.06900000
2018-03-24 00:02:37,0.06103100,0.30000000
2018-03-24 00:02:37,0.06095700,0.74200000
2018-03-24 00:02:37,0.06098600,0.02400000
2018-03-24 00:02:38,0.06098800,0.07000000
2018-03-24 00:02:38,0.06098700,0.02000000
2018-03-24 00:02:40,0.06099800,0.05700000
2018-03-24 00:02:40,0.06099800,0.65600000
2018-03-24 00:02:40,0.06099800,0.16400000
2018-03-24 00:02:41,0.06099800,0.81800000
2018-03-24 00:02:41,0.06099800,4.11700000
2018-03-24 00:02:41,0.06102900,0.37500000
2018-03-24 00:02:41,0.06099800,4.29500000
2018-03-24 00:02:41,0.06099800,0.00100000
2018-03-24 00:02:41,0.06098700,0.10000000
2018-03-24 00:02:41,0.06098700,0.10200000
2018-03-24 00:02:42,0.06098700,0.14300000
2018-03-24 00:02:43,0.06098600,0.09800000
2018-03-24 00:02:43,0.06098600,0.32300000
2018-03-24 00:02:43,0.06098600,0.00100000
2018-03-24 00:02:43,0.06097400,0.85600000
2018-03-24 00:02:43,0.06095700,0.02000000
2018-03-24 00:02:43,0.06095600,0.23000000
2018-03-24 00:02:43,0.06095600,0.00200000
2018-03-24 00:02:43,0.06099800,0.01800000
2018-03-24 00:02:43,0.06099800,0.44000000
2018-03-24 00:02:43,0.06099800,0.22300000
2018-03-24 00:02:43,0.06099800,0.02400000
2018-03-24 00:02:44,0.06099800,0.65400000
2018-03-24 00:02:44,0.06099800,0.09100000
2018-03-24 00:02:44,0.06099800,1.63900000
2018-03-24 00:02:44,0.06099800,1.23500000
2018-03-24 00:02:44,0.06099800,0.26400000
2018-03-24 00:02:44,0.06099800,1.65900000
2018-03-24 00:02:45,0.06098800,0.45500000
2018-03-24 00:02:45,0.06099800,0.53500000
2018-03-24 00:02:45,0.06099800,6.47600000
2018-03-24 00:02:45,0.06098800,0.00100000
2018-03-24 00:02:46,0.06102900,0.48000000
2018-03-24 00:02:46,0.06102900,0.05200000
2018-03-24 00:02:46,0.06102900,0.17500000
2018-03-24 00:02:46,0.06103000,0.79800000
2018-03-24 00:02:46,0.06103300,0.85700000
2018-03-24 00:02:46,0.06103700,0.02800000
2018-03-24 00:02:46,0.06105200,0.04600000
2018-03-24 00:02:46,0.06105200,0.17400000
2018-03-24 00:02:46,0.06105200,0.01000000
2018-03-24 00:02:46,0.06106900,0.86100000
2018-03-24 00:02:46,0.06107700,0.84700000
2018-03-24 00:02:47,0.06105100,0.04100000
2018-03-24 00:02:47,0.06099900,0.34300000
2018-03-24 00:02:47,0.06099900,0.00100000
2018-03-24 00:02:47,0.06095500,0.34200000
2018-03-24 00:02:48,0.06105000,0.07800000
2018-03-24 00:02:49,0.06103600,1.02400000
2018-03-24 00:02:49,0.06103600,0.00100000
2018-03-24 00:02:49,0.06103700,0.04400000
2018-03-24 00:02:49,0.06103700,0.18500000
2018-03-24 00:02:49,0.06098700,0.03600000
2018-03-24 00:02:49,0.06103700,0.09100000
2018-03-24 00:02:50,0.06103000,0.57100000
2018-03-24 00:02:50,0.06103000,0.03900000
2018-03-24 00:02:50,0.06103000,0.22800000
2018-03-24 00:02:50,0.06103000,0.24100000
2018-03-24 00:02:50,0.06103700,0.02000000
2018-03-24 00:02:50,0.06103800,0.79800000
2018-03-24 00:02:51,0.06103800,0.51400000
2018-03-24 00:02:51,0.06103800,0.20000000
2018-03-24 00:02:51,0.06100100,0.15300000
2018-03-24 00:02:51,0.06100100,0.34800000
2018-03-24 00:02:51,0.06102900,0.30000000
2018-03-24 00:02:51,0.06100100,0.00800000
2018-03-24 00:02:51,0.06100100,0.49000000
2018-03-24 00:02:51,0.06103600,0.06500000
2018-03-24 00:02:51,0.06100100,0.02100000
2018-03-24 00:02:52,0.06104500,0.07600000
2018-03-24 00:02:52,0.06104500,0.12200000
2018-03-24 00:02:52,0.06104500,0.00200000
2018-03-24 00:02:52,0.06104900,0.11300000
2018-03-24 00:02:52,0.06104500,0.07600000
2018-03-24 00:02:52,0.06104500,0.12300000
2018-03-24 00:02:52,0.06104500,0.02700000
2018-03-24 00:02:52,0.06103600,0.06300000
2018-03-24 00:02:52,0.06103600,0.00100000
2018-03-24 00:02:52,0.06100800,0.06200000
2018-03-24 00:02:53,0.06104500,0.02000000
2018-03-24 00:02:53,0.06103700,0.23700000
2018-03-24 00:02:53,0.06100800,0.14400000
2018-03-24 00:02:53,0.06100800,0.16000000
2018-03-24 00:02:53,0.06100800,0.09800000
2018-03-24 00:02:53,0.06096700,0.13800000
2018-03-24 00:02:54,0.06104500,1.00400000
2018-03-24 00:02:55,0.06104500,0.07000000
2018-03-24 00:02:55,0.06097200,0.05400000
2018-03-24 00:02:55,0.06097200,0.03800000
2018-03-24 00:02:55,0.06097200,0.03700000
2018-03-24 00:02:56,0.06104500,0.62400000
2018-03-24 00:02:56,0.06104500,0.62300000
2018-03-24 00:02:56,0.06104500,1.72000000
2018-03-24 00:02:58,0.06105600,0.01900000
2018-03-24 00:03:00,0.06100200,0.02100000
2018-03-24 00:03:00,0.06100100,0.14300000
2018-03-24 00:03:00,0.06103000,0.06700000
2018-03-24 00:03:00,0.06103000,0.06700000
2018-03-24 00:03:00,0.06103000,0.06800000
2018-03-24 00:03:01,0.06100100,0.32900000
2018-03-24 00:03:02,0.06103000,0.02100000
2018-03-24 00:03:02,0.06103000,2.45600000
2018-03-24 00:03:02,0.06103000,0.14800000
2018-03-24 00:03:02,0.06100200,0.09900000
2018-03-24 00:03:02,0.06100200,0.10000000
2018-03-24 00:03:02,0.06103000,0.09000000
2018-03-24 00:03:02,0.06100200,0.16400000
2018-03-24 00:03:02,0.06105600,0.00100000
2018-03-24 00:03:02,0.06106400,0.38300000
2018-03-24 00:03:02,0.06100300,0.10900000
2018-03-24 00:03:03,0.06100300,0.02000000
2018-03-24 00:03:03,0.06107500,0.80200000
2018-03-24 00:03:03,0.06100300,0.02100000
2018-03-24 00:03:03,0.06107600,0.20000000
2018-03-24 00:03:03,0.06107600,0.10000000
2018-03-24 00:03:03,0.06107600,0.10000000
2018-03-24 00:03:03,0.06100400,0.17100000
2018-03-24 00:03:04,0.06107600,0.09900000
2018-03-24 00:03:04,0.06100500,0.80700000
2018-03-24 00:03:04,0.06100500,0.00100000
2018-03-24 00:03:04,0.06100400,0.15000000
2018-03-24 00:03:05,0.06107300,0.25400000
2018-03-24 00:03:06,0.06100700,0.67100000
2018-03-24 00:03:07,0.06101800,0.46300000
2018-03-24 00:03:08,0.06107300,0.30000000
2018-03-24 00:03:09,0.06107300,1.48300000
2018-03-24 00:03:09,0.06104600,0.56800000
2018-03-24 00:03:09,0.06101900,0.25900000
2018-03-24 00:03:10,0.06101600,0.11400000
2018-03-24 00:03:10,0.06101600,0.14500000
2018-03-24 00:03:10,0.06107300,0.11300000
2018-03-24 00:03:10,0.06107300,0.25800000
2018-03-24 00:03:10,0.06107300,1.14400000
2018-03-24 00:03:10,0.06107800,1.08100000
2018-03-24 00:03:10,0.06108500,0.10000000
2018-03-24 00:03:10,0.06108700,0.66000000
2018-03-24 00:03:10,0.06108500,0.10000000
2018-03-24 00:03:10,0.06108700,0.14800000
2018-03-24 00:03:10,0.06110000,0.73900000
2018-03-24 00:03:10,0.06112800,0.14700000
2018-03-24 00:03:12,0.06112600,0.47300000
2018-03-24 00:03:12,0.06103100,1.60500000
2018-03-24 00:03:12,0.06112600,0.33500000
2018-03-24 00:03:12,0.06112700,0.40800000
2018-03-24 00:03:12,0.06113000,0.02000000
2018-03-24 00:03:12,0.06115600,0.20000000
2018-03-24 00:03:12,0.06116000,0.24700000
2018-03-24 00:03:12,0.06103200,0.17900000
2018-03-24 00:03:13,0.06112600,0.07300000
2018-03-24 00:03:13,0.06103200,0.13200000
2018-03-24 00:03:13,0.06103200,0.16600000
2018-03-24 00:03:14,0.06103500,0.13000000
2018-03-24 00:03:14,0.06103400,0.11900000
2018-03-24 00:03:14,0.06103400,0.06000000
2018-03-24 00:03:14,0.06103400,1.31500000
2018-03-24 00:03:14,0.06103400,0.03000000
2018-03-24 00:03:14,0.06103400,0.10000000
2018-03-24 00:03:14,0.06103400,0.48800000
2018-03-24 00:03:14,0.06103400,0.10000000
2018-03-24 00:03:14,0.06103400,0.03000000
2018-03-24 00:03:14,0.06103400,0.10000000
2018-03-24 00:03:14,0.06103400,0.10000000
2018-03-24 00:03:14,0.06103400,0.03000000
2018-03-24 00:03:14,0.06103400,0.10000000
2018-03-24 00:03:14,0.06103400,0.10000000
2018-03-24 00:03:14,0.06103400,0.03000000
2018-03-24 00:03:14,0.06103400,0.10000000
2018-03-24 00:03:14,0.06103400,0.10000000
2018-03-24 00:03:14,0.06103400,0.10000000
2018-03-24 00:03:14,0.06103400,0.10000000
2018-03-24 00:03:14,0.06103300,2.00200000
2018-03-24 00:03:14,0.06103300,1.08200000
2018-03-24 00:03:14,0.06103300,0.72900000
2018-03-24 00:03:14,0.06103100,0.39700000
2018-03-24 00:03:14,0.06102400,0.20000000
2018-03-24 00:03:14,0.06101800,0.50000000
2018-03-24 00:03:14,0.06101700,0.17800000
2018-03-24 00:03:14,0.06101700,0.90300000
2018-03-24 00:03:14,0.06101300,0.32600000
2018-03-24 00:03:14,0.06103400,0.10000000
2018-03-24 00:03:15,0.06103400,0.10000000
2018-03-24 00:03:15,0.06103400,0.10000000
2018-03-24 00:03:15,0.06103400,0.10000000
2018-03-24 00:03:15,0.06103400,0.10000000
2018-03-24 00:03:15,0.06103400,0.09900000
2018-03-24 00:03:15,0.06103400,0.30600000
2018-03-24 00:03:15,0.06103400,2.07100000
2018-03-24 00:03:15,0.06103400,0.50600000
2018-03-24 00:03:16,0.06111800,0.18400000
2018-03-24 00:03:16,0.06111800,0.11600000
2018-03-24 00:03:16,0.06111900,0.46400000
2018-03-24 00:03:16,0.06112500,0.46200000
2018-03-24 00:03:16,0.06106700,0.09100000
2018-03-24 00:03:17,0.06103600,0.48900000
2018-03-24 00:03:17,0.06106700,0.27300000
2018-03-24 00:03:18,0.06103700,0.20100000
2018-03-24 00:03:18,0.06103700,0.09900000
2018-03-24 00:03:18,0.06102700,0.72400000
2018-03-24 00:03:19,0.06102700,0.10100000
2018-03-24 00:03:19,0.06106600,2.04300000
2018-03-24 00:03:20,0.06106700,0.30000000
2018-03-24 00:03:21,0.06100200,0.23400000
2018-03-24 00:03:21,0.06100200,0.03300000
2018-03-24 00:03:21,0.06100200,2.37000000
2018-03-24 00:03:21,0.06100100,0.03200000
2018-03-24 00:03:21,0.06100300,0.28000000
2018-03-24 00:03:21,0.06100100,0.49600000
2018-03-24 00:03:21,0.06099800,0.10000000
2018-03-24 00:03:21,0.06098900,0.50600000
2018-03-24 00:03:22,0.06098900,0.31900000
2018-03-24 00:03:22,0.06100200,0.03400000
2018-03-24 00:03:23,0.06106200,0.01800000
2018-03-24 00:03:23,0.06098100,0.03000000
2018-03-24 00:03:23,0.06106200,0.01200000
2018-03-24 00:03:23,0.06098100,0.04300000
2018-03-24 00:03:24,0.06098100,0.23900000
2018-03-24 00:03:25,0.06106000,0.35600000
2018-03-24 00:03:25,0.06106000,0.15400000
2018-03-24 00:03:25,0.06106100,0.15900000
2018-03-24 00:03:26,0.06105800,0.07100000
2018-03-24 00:03:26,0.06105800,0.07100000
2018-03-24 00:03:26,0.06097800,0.23000000
2018-03-24 00:03:26,0.06097200,0.04800000
2018-03-24 00:03:26,0.06097000,2.70600000
2018-03-24 00:03:26,0.06096700,0.10100000
2018-03-24 00:03:26,0.06095000,0.39900000
2018-03-24 00:03:26,0.06094600,0.10800000
2018-03-24 00:03:26,0.06094400,0.60000000
2018-03-24 00:03:26,0.06094300,0.02000000
2018-03-24 00:03:26,0.06093000,0.05600000
2018-03-24 00:03:26,0.06092900,0.48900000
2018-03-24 00:03:26,0.06092800,26.50000000
2018-03-24 00:03:26,0.06092500,0.10000000
2018-03-24 00:03:26,0.06092500,0.10000000
2018-03-24 00:03:26,0.06092500,0.03000000
2018-03-24 00:03:26,0.06092500,0.16900000
2018-03-24 00:03:26,0.06092500,0.60000000
2018-03-24 00:03:26,0.06092500,0.10000000
2018-03-24 00:03:26,0.06092500,0.36300000
2018-03-24 00:03:26,0.06092500,0.53900000
2018-03-24 00:03:26,0.06092500,0.60000000
2018-03-24 00:03:26,0.06092500,0.02200000
2018-03-24 00:03:26,0.06092500,0.11500000
2018-03-24 00:03:26,0.06092500,0.32800000
2018-03-24 00:03:26,0.06092500,0.10000000
2018-03-24 00:03:26,0.06092500,0.45400000
2018-03-24 00:03:26,0.06092500,0.70000000
2018-03-24 00:03:26,0.06092500,0.30500000
2018-03-24 00:03:26,0.06092500,0.03000000
2018-03-24 00:03:26,0.06092500,0.14300000
2018-03-24 00:03:26,0.06092500,0.14700000
2018-03-24 00:03:26,0.06092500,0.77000000
2018-03-24 00:03:26,0.06092500,0.60000000
2018-03-24 00:03:26,0.06092500,0.77200000
2018-03-24 00:03:26,0.06092500,0.10000000
2018-03-24 00:03:26,0.06092500,0.10000000
2018-03-24 00:03:26,0.06092500,0.16400000
2018-03-24 00:03:26,0.06092500,0.10000000
2018-03-24 00:03:26,0.06092500,0.10000000
2018-03-24 00:03:26,0.06092500,0.02800000
2018-03-24 00:03:26,0.06092500,0.16400000
2018-03-24 00:03:26,0.06092500,0.26300000
2018-03-24 00:03:26,0.06092500,0.16400000
2018-03-24 00:03:26,0.06092500,0.26200000
2018-03-24 00:03:26,0.06092500,0.32800000
2018-03-24 00:03:26,0.06092500,1.27500000
2018-03-24 00:03:26,0.06092500,0.16400000
2018-03-24 00:03:26,0.06092500,0.32800000
2018-03-24 00:03:26,0.06092500,0.16400000
2018-03-24 00:03:26,0.06092500,0.16300000
2018-03-24 00:03:27,0.06092500,0.32800000
2018-03-24 00:03:27,0.06092500,0.16400000
2018-03-24 00:03:27,0.06092500,0.48100000
2018-03-24 00:03:27,0.06092500,0.18400000
2018-03-24 00:03:27,0.06092500,1.63100000
2018-03-24 00:03:27,0.06092500,0.15800000
2018-03-24 00:03:27,0.06092500,0.05200000
2018-03-24 00:03:27,0.06092500,0.15400000
2018-03-24 00:03:27,0.06092500,0.46800000
2018-03-24 00:03:27,0.06092500,0.21000000
2018-03-24 00:03:27,0.06092500,0.32800000
2018-03-24 00:03:27,0.06092500,0.08900000
2018-03-24 00:03:27,0.06092400,0.14100000
2018-03-24 00:03:27,0.06092500,0.18700000
2018-03-24 00:03:27,0.06092500,0.10400000
2018-03-24 00:03:27,0.06092500,0.32800000
2018-03-24 00:03:27,0.06092500,0.16400000
2018-03-24 00:03:27,0.06092500,0.02400000
2018-03-24 00:03:28,0.06091300,0.03900000
2018-03-24 00:03:28,0.06092500,0.63500000
2018-03-24 00:03:28,0.06092500,0.16400000
2018-03-24 00:03:28,0.06092500,0.31000000
2018-03-24 00:03:28,0.06092500,0.14700000
2018-03-24 00:03:28,0.06092500,0.13800000
2018-03-24 00:03:28,0.06092500,0.32800000
2018-03-24 00:03:28,0.06092500,1.01300000
2018-03-24 00:03:28,0.06104200,0.46400000
2018-03-24 00:03:28,0.06104500,1.41000000
2018-03-24 00:03:28,0.06104500,0.93300000
2018-03-24 00:03:28,0.06104500,0.16400000
2018-03-24 00:03:28,0.06104500,0.10000000
2018-03-24 00:03:28,0.06104500,0.08300000
2018-03-24 00:03:28,0.06104500,0.02500000
2018-03-24 00:03:28,0.06104500,1.23100000
2018-03-24 00:03:28,0.06104500,2.37600000
2018-03-24 00:03:28,0.06091600,0.79200000
2018-03-24 00:03:28,0.06092100,1.63800000
2018-03-24 00:03:28,0.06091700,0.18000000
2018-03-24 00:03:28,0.06091600,0.61900000
2018-03-24 00:03:28,0.06091300,0.05000000
2018-03-24 00:03:28,0.06092500,0.60800000
2018-03-24 00:03:28,0.06092500,0.48400000
2018-03-24 00:03:28,0.06092500,0.53400000
2018-03-24 00:03:29,0.06105200,1.63800000
2018-03-24 00:03:29,0.06105100,0.79700000
2018-03-24 00:03:29,0.06105200,0.02100000
2018-03-24 00:03:31,0.06104800,0.02300000
2018-03-24 00:03:31,0.06104800,0.28900000
2018-03-24 00:03:31,0.06104800,0.02300000
2018-03-24 00:03:31,0.06104900,0.81800000
2018-03-24 00:03:31,0.06104900,0.13900000
2018-03-24 00:03:31,0.06100500,0.37600000
2018-03-24 00:03:31,0.06100500,0.00100000
2018-03-24 00:03:31,0.06097100,0.37500000
2018-03-24 00:03:32,0.06100600,0.45400000
2018-03-24 00:03:32,0.06100600,0.00100000
2018-03-24 00:03:32,0.06097100,0.08900000
2018-03-24 00:03:32,0.06104700,0.80000000
2018-03-24 00:03:32,0.06104700,1.58700000
2018-03-24 00:03:33,0.06097200,0.20100000
2018-03-24 00:03:33,0.06104600,0.74900000
2018-03-24 00:03:33,0.06097200,0.11100000
2018-03-24 00:03:33,0.06097200,0.00100000
2018-03-24 00:03:33,0.06097100,0.02000000
2018-03-24 00:03:33,0.06096500,0.03000000
2018-03-24 00:03:33,0.06093800,0.03800000
2018-03-24 00:03:34,0.06097200,0.03400000
2018-03-24 00:03:35,0.06097200,0.13900000
2018-03-24 00:03:35,0.06097200,0.53300000
2018-03-24 00:03:35,0.06097200,0.10900000
2018-03-24 00:03:35,0.06097200,0.81900000
2018-03-24 00:03:35,0.06097200,0.22800000
2018-03-24 00:03:35,0.06097200,0.30500000
2018-03-24 00:03:35,0.06097200,0.07400000
2018-03-24 00:03:35,0.06097200,0.13200000
2018-03-24 00:03:35,0.06097200,0.43600000
2018-03-24 00:03:35,0.06097200,0.03000000
2018-03-24 00:03:35,0.06097200,0.08700000
2018-03-24 00:03:35,0.06097200,0.10200000
2018-03-24 00:03:35,0.06097200,1.19600000
2018-03-24 00:03:35,0.06104400,0.65300000
2018-03-24 00:03:35,0.06103300,0.08800000
2018-03-24 00:03:36,0.06101100,0.02500000
2018-03-24 00:03:36,0.06097200,0.24600000
2018-03-24 00:03:37,0.06104300,0.81800000
2018-03-24 00:03:38,0.06104300,0.22800000
2018-03-24 00:03:38,0.06104300,0.26600000
2018-03-24 00:03:38,0.06104300,0.16300000
2018-03-24 00:03:39,0.06104300,0.22800000
2018-03-24 00:03:39,0.06097400,0.15200000
2018-03-24 00:03:40,0.06097500,0.16900000
2018-03-24 00:03:40,0.06104200,0.22800000
2018-03-24 00:03:40,0.06097500,0.44900000
2018-03-24 00:03:40,0.06104200,1.36400000
2018-03-24 00:03:41,0.06104200,0.13900000
2018-03-24 00:03:41,0.06101000,0.96200000
2018-03-24 00:03:42,0.06104200,0.08800000
2018-03-24 00:03:42,0.06104200,0.17100000
2018-03-24 00:03:42,0.06104300,0.46300000
2018-03-24 00:03:42,0.06104700,0.48900000
2018-03-24 00:03:42,0.06104900,0.23000000
2018-03-24 00:03:42,0.06105600,0.53600000
2018-03-24 00:03:42,0.06101000,0.00100000
2018-03-24 00:03:42,0.06097700,0.03400000
2018-03-24 00:03:42,0.06105600,0.26400000
2018-03-24 00:03:42,0.06105800,0.02000000
2018-03-24 00:03:42,0.06106300,0.23000000
2018-03-24 00:03:42,0.06106700,0.14000000
2018-03-24 00:03:42,0.06106300,0.03000000
2018-03-24 00:03:42,0.06106700,0.02300000
2018-03-24 00:03:42,0.06108300,0.16500000
2018-03-24 00:03:43,0.06099900,0.52400000
2018-03-24 00:03:43,0.06099900,0.27900000
2018-03-24 00:03:43,0.06106300,0.23000000
2018-03-24 00:03:43,0.06108100,0.23500000
2018-03-24 00:03:43,0.06106800,0.09400000
2018-03-24 00:03:43,0.06106800,0.04400000
2018-03-24 00:03:44,0.06097900,0.02300000
2018-03-24 00:03:45,0.06106200,0.18000000
2018-03-24 00:03:46,0.06106200,0.07800000
2018-03-24 00:03:46,0.06100000,1.88300000
2018-03-24 00:03:46,0.06100000,1.83300000
2018-03-24 00:03:46,0.06106200,0.18900000
2018-03-24 00:03:46,0.06106900,0.20000000
2018-03-24 00:03:46,0.06107200,0.80700000
2018-03-24 00:03:46,0.06108100,0.04800000
2018-03-24 00:03:46,0.06109300,0.60000000
2018-03-24 00:03:46,0.06109600,1.55800000
2018-03-24 00:03:46,0.06109600,0.09800000
2018-03-24 00:03:46,0.06109700,0.16800000
2018-03-24 00:03:46,0.06109700,0.45900000
2018-03-24 00:03:46,0.06109900,4.77300000
2018-03-24 00:03:46,0.06098300,0.11400000
2018-03-24 00:03:46,0.06105600,0.01900000
2018-03-24 00:03:46,0.06105600,0.28100000
2018-03-24 00:03:46,0.06098300,0.17800000
2018-03-24 00:03:46,0.06098300,0.05700000
2018-03-24 00:03:46,0.06098400,0.03900000
2018-03-24 00:03:47,0.06106900,0.05000000
2018-03-24 00:03:47,0.06107700,0.15500000
2018-03-24 00:03:47,0.06107700,0.14500000
2018-03-24 00:03:47,0.06107700,0.20000000
2018-03-24 00:03:47,0.06107700,0.20000000
2018-03-24 00:03:47,0.06107700,0.20000000
2018-03-24 00:03:47,0.06107700,0.20000000
2018-03-24 00:03:47,0.06109100,12.61100000
2018-03-24 00:03:48,0.06099700,0.15400000
2018-03-24 00:03:48,0.06099600,0.33500000
2018-03-24 00:03:49,0.06108500,0.03900000
2018-03-24 00:03:49,0.06108600,0.01700000
2018-03-24 00:03:50,0.06100100,0.03600000
2018-03-24 00:03:51,0.06100200,0.23000000
2018-03-24 00:03:51,0.06100100,5.41000000
2018-03-24 00:03:51,0.06099600,0.29200000
2018-03-24 00:03:51,0.06098800,0.20400000
2018-03-24 00:03:51,0.06097900,0.02000000
2018-03-24 00:03:51,0.06097400,1.65900000
2018-03-24 00:03:51,0.06097200,1.59400000
2018-03-24 00:03:51,0.06094500,0.02000000
2018-03-24 00:03:51,0.06092500,6.53400000
2018-03-24 00:03:51,0.06091500,10.00000000
2018-03-24 00:03:51,0.06090500,0.48900000
2018-03-24 00:03:51,0.06090000,0.65900000
2018-03-24 00:03:51,0.06089900,8.28900000
2018-03-24 00:03:51,0.06100200,0.79600000
2018-03-24 00:03:51,0.06089900,0.26500000
2018-03-24 00:03:51,0.06088000,0.87700000
2018-03-24 00:03:51,0.06087700,0.16000000
2018-03-24 00:03:51,0.06087400,0.07000000
2018-03-24 00:03:51,0.06086600,0.21000000
2018-03-24 00:03:51,0.06086000,0.01700000
2018-03-24 00:03:51,0.06085400,0.44600000
2018-03-24 00:03:51,0.06085300,0.14000000
2018-03-24 00:03:51,0.06085000,0.10800000
2018-03-24 00:03:51,0.06084800,0.45000000
2018-03-24 00:03:51,0.06084700,0.95300000
2018-03-24 00:03:51,0.06084600,2.76100000
2018-03-24 00:03:51,0.06099300,0.03000000
2018-03-24 00:03:51,0.06099300,0.10000000
2018-03-24 00:03:51,0.06090400,1.08200000
2018-03-24 00:03:51,0.06090400,0.55500000
2018-03-24 00:03:51,0.06084600,0.18500000
2018-03-24 00:03:51,0.06099300,0.03000000
2018-03-24 00:03:51,0.06084600,0.55500000
2018-03-24 00:03:51,0.06099300,0.10000000
2018-03-24 00:03:51,0.06099300,0.10000000
2018-03-24 00:03:51,0.06099300,0.03000000
2018-03-24 00:03:51,0.06099300,0.10000000
2018-03-24 00:03:51,0.06099300,0.03000000
2018-03-24 00:03:51,0.06099300,0.10000000
2018-03-24 00:03:51,0.06099300,0.10000000
2018-03-24 00:03:51,0.06099300,0.16000000
2018-03-24 00:03:51,0.06099300,0.10000000
2018-03-24 00:03:51,0.06099300,0.48200000
2018-03-24 00:03:51,0.06099300,0.05600000
2018-03-24 00:03:51,0.06099300,0.10000000
2018-03-24 00:03:51,0.06099300,0.12900000
2018-03-24 00:03:51,0.06099300,0.10000000
2018-03-24 00:03:51,0.06099300,1.15300000
2018-03-24 00:03:51,0.06100300,0.11200000
2018-03-24 00:03:51,0.06100300,0.60200000
2018-03-24 00:03:51,0.06100200,0.10000000
2018-03-24 00:03:51,0.06100100,0.62700000
2018-03-24 00:03:51,0.06099800,1.84700000
2018-03-24 00:03:51,0.06087900,1.95800000
2018-03-24 00:03:51,0.06109300,0.49300000
2018-03-24 00:03:51,0.06109800,0.03600000
2018-03-24 00:03:51,0.06109900,1.35200000
2018-03-24 00:03:51,0.06109200,0.10500000
2018-03-24 00:03:51,0.06108700,0.22900000
2018-03-24 00:03:52,0.06100300,0.22100000
2018-03-24 00:03:52,0.06108700,0.07400000
2018-03-24 00:03:52,0.06108700,0.07200000
2018-03-24 00:03:52,0.06108700,0.02400000
2018-03-24 00:03:52,0.06106200,0.45000000
2018-03-24 00:03:52,0.06095100,0.70800000
2018-03-24 00:03:52,0.06092900,0.62700000
2018-03-24 00:03:52,0.06089400,5.93500000
2018-03-24 00:03:52,0.06108600,0.83000000
2018-03-24 00:03:52,0.06108700,0.95500000
2018-03-24 00:03:52,0.06089400,3.30200000
2018-03-24 00:03:52,0.06089400,0.76300000
2018-03-24 00:03:52,0.06108600,0.44900000
2018-03-24 00:03:52,0.06108600,0.78100000
2018-03-24 00:03:52,0.06108700,0.28300000
2018-03-24 00:03:52,0.06108900,0.17900000
2018-03-24 00:03:52,0.06109000,0.08900000
2018-03-24 00:03:53,0.06106200,0.07000000
2018-03-24 00:03:53,0.06094500,1.63900000
2018-03-24 00:03:53,0.06094000,0.48200000
2018-03-24 00:03:54,0.06105600,1.40800000
2018-03-24 00:03:55,0.06103100,0.03800000
2018-03-24 00:03:55,0.06103100,0.45700000
2018-03-24 00:03:55,0.06091300,0.05800000
2018-03-24 00:03:55,0.06090800,0.05800000
2018-03-24 00:03:55,0.06090800,0.17300000
2018-03-24 00:03:55,0.06103100,0.02600000
2018-03-24 00:03:55,0.06105400,0.20500000
2018-03-24 00:03:57,0.06105000,1.95900000
2018-03-24 00:03:57,0.06105000,1.04100000
2018-03-24 00:03:57,0.06105100,1.60700000
2018-03-24 00:03:57,0.06105200,2.83000000
2018-03-24 00:03:57,0.06105100,0.60000000
2018-03-24 00:03:57,0.06105200,2.91300000
2018-03-24 00:03:57,0.06092900,0.90900000
2018-03-24 00:03:57,0.06092800,0.23600000
2018-03-24 00:03:57,0.06094100,0.42200000
2018-03-24 00:03:57,0.06094100,0.16400000
2018-03-24 00:03:58,0.06105000,0.12600000
2018-03-24 00:03:58,0.06105000,0.03800000
2018-03-24 00:03:58,0.06094200,0.23000000
2018-03-24 00:03:58,0.06094100,1.07300000
2018-03-24 00:03:58,0.06093600,0.38000000
2018-03-24 00:03:59,0.06104700,0.30000000
2018-03-24 00:03:59,0.06102100,0.07600000
2018-03-24 00:03:59,0.06102100,0.36800000
2018-03-24 00:03:59,0.06094300,0.10000000
2018-03-24 00:03:59,0.06094300,0.16400000
2018-03-24 00:03:59,0.06094400,0.23000000
2018-03-24 00:03:59,0.06094300,1.40900000
2018-03-24 00:03:59,0.06094200,3.16400000
2018-03-24 00:03:59,0.06094100,0.40600000
2018-03-24 00:03:59,0.06092900,0.50000000
2018-03-24 00:03:59,0.06092800,0.25100000
2018-03-24 00:04:00,0.06102000,0.10500000
2018-03-24 00:04:00,0.06094300,0.16400000
2018-03-24 00:04:00,0.06102000,0.73200000
2018-03-24 00:04:00,0.06101400,0.22800000
2018-03-24 00:04:00,0.06093500,0.01700000
2018-03-24 00:04:01,0.06101400,0.06300000
2018-03-24 00:04:01,0.06093500,0.28300000
2018-03-24 00:04:01,0.06093400,0.20000000
2018-03-24 00:04:01,0.06093400,0.16400000
2018-03-24 00:04:01,0.06093400,0.10000000
2018-03-24 00:04:01,0.06092900,0.06400000
2018-03-24 00:04:01,0.06092900,1.05600000
2018-03-24 00:04:01,0.06092900,0.75500000
2018-03-24 00:04:01,0.06093400,1.81300000
2018-03-24 00:04:01,0.06093400,0.26500000
2018-03-24 00:04:01,0.06093400,0.10000000
2018-03-24 00:04:01,0.06093400,0.11500000
2018-03-24 00:04:01,0.06093400,0.10000000
2018-03-24 00:04:01,0.06093400,0.10000000
2018-03-24 00:04:01,0.06093400,0.92100000
2018-03-24 00:04:01,0.06093400,0.20300000
2018-03-24 00:04:01,0.06093400,0.10000000
2018-03-24 00:04:01,0.06093400,1.69200000
2018-03-24 00:04:01,0.06093000,0.16500000
2018-03-24 00:04:01,0.06092900,0.08400000
2018-03-24 00:04:01,0.06092900,0.24600000
2018-03-24 00:04:01,0.06093400,0.18800000
2018-03-24 00:04:01,0.06093400,0.84700000
2018-03-24 00:04:01,0.06101400,2.66800000
2018-03-24 00:04:01,0.06101400,0.33200000
2018-03-24 00:04:01,0.06101900,0.23300000
2018-03-24 00:04:01,0.06101900,0.57100000
2018-03-24 00:04:01,0.06102000,0.23000000
2018-03-24 00:04:01,0.06102100,0.00200000
2018-03-24 00:04:01,0.06103500,0.23100000
2018-03-24 00:04:01,0.06102000,0.11200000
2018-03-24 00:04:02,0.06098900,0.07200000
2018-03-24 00:04:02,0.06098900,0.07200000
2018-03-24 00:04:02,0.06098900,0.16400000
2018-03-24 00:04:02,0.06098900,0.49600000
2018-03-24 00:04:02,0.06101300,0.93800000
2018-03-24 00:04:02,0.06097600,0.14000000
2018-03-24 00:04:02,0.06093600,0.12200000
2018-03-24 00:04:02,0.06093600,0.10000000
2018-03-24 00:04:02,0.06101200,0.30900000
2018-03-24 00:04:02,0.06101300,0.18400000
2018-03-24 00:04:02,0.06101300,0.06100000
2018-03-24 00:04:02,0.06102000,0.43400000
2018-03-24 00:04:02,0.06102000,0.02200000
2018-03-24 00:04:03,0.06102000,0.10100000
2018-03-24 00:04:03,0.06101200,0.17700000
2018-03-24 00:04:03,0.06101200,3.70800000
2018-03-24 00:04:03,0.06101200,0.32800000
2018-03-24 00:04:03,0.06101200,0.04600000
2018-03-24 00:04:04,0.06101200,4.17000000
2018-03-24 00:04:04,0.06094000,0.16400000
2018-03-24 00:04:04,0.06101200,0.02000000
2018-03-24 00:04:05,0.06094100,0.25400000
2018-03-24 00:04:07,0.06101200,0.10500000
2018-03-24 00:04:07,0.06102400,0.42300000
2018-03-24 00:04:07,0.06102600,0.12700000
2018-03-24 00:04:07,0.06102600,0.10300000
2018-03-24 00:04:07,0.06103000,0.51400000
2018-03-24 00:04:07,0.06103100,0.03800000
2018-03-24 00:04:07,0.06094600,0.82000000
2018-03-24 00:04:07,0.06094500,1.00800000
2018-03-24 00:04:07,0.06102600,0.11100000
2018-03-24 00:04:07,0.06102600,0.08000000
2018-03-24 00:04:08,0.06102600,0.41600000
2018-03-24 00:04:08,0.06102600,0.03800000
2018-03-24 00:04:09,0.06102500,0.06300000
2018-03-24 00:04:09,0.06102500,0.05900000
2018-03-24 00:04:10,0.06102500,0.01000000
2018-03-24 00:04:10,0.06102500,0.18800000
2018-03-24 00:04:10,0.06102600,0.01100000
2018-03-24 00:04:10,0.06102600,0.18800000
2018-03-24 00:04:11,0.06102600,0.38900000
2018-03-24 00:04:11,0.06103400,0.09200000
2018-03-24 00:04:12,0.06095400,1.37200000
2018-03-24 00:04:12,0.06095400,0.10000000
2018-03-24 00:04:12,0.06095400,0.03000000
2018-03-24 00:04:12,0.06095400,0.10000000
2018-03-24 00:04:12,0.06095400,0.03000000
2018-03-24 00:04:12,0.06095400,0.51500000
2018-03-24 00:04:12,0.06095400,0.10000000
2018-03-24 00:04:12,0.06095400,0.03000000
2018-03-24 00:04:12,0.06095400,0.06200000
2018-03-24 00:04:12,0.06095400,0.03000000
2018-03-24 00:04:12,0.06095400,0.02100000
2018-03-24 00:04:12,0.06095400,0.80500000
2018-03-24 00:04:12,0.06095400,0.02500000
2018-03-24 00:04:12,0.06095400,0.16700000
2018-03-24 00:04:12,0.06095400,1.06300000
2018-03-24 00:04:12,0.06095400,0.02000000
2018-03-24 00:04:12,0.06095400,0.49000000
2018-03-24 00:04:12,0.06095400,1.88900000
2018-03-24 00:04:12,0.06095400,0.49100000
2018-03-24 00:04:12,0.06095400,0.38500000
2018-03-24 00:04:12,0.06103700,0.10000000
2018-03-24 00:04:12,0.06104700,0.22600000
2018-03-24 00:04:12,0.06103700,0.10000000
2018-03-24 00:04:12,0.06095500,0.09900000
2018-03-24 00:04:12,0.06102600,0.07200000
2018-03-24 00:04:12,0.06102600,0.64700000
2018-03-24 00:04:12,0.06103700,2.38000000
2018-03-24 00:04:12,0.06103900,0.20000000
2018-03-24 00:04:12,0.06105100,1.66400000
2018-03-24 00:04:12,0.06105200,0.23200000
2018-03-24 00:04:12,0.06105300,0.02000000
2018-03-24 00:04:12,0.06105400,0.32000000
2018-03-24 00:04:12,0.06106400,1.06400000
2018-03-24 00:04:12,0.06107300,0.62700000
2018-03-24 00:04:12,0.06109000,0.40000000
2018-03-24 00:04:12,0.06109600,0.32200000
2018-03-24 00:04:13,0.06103700,0.18500000
2018-03-24 00:04:13,0.06103700,0.03600000
2018-03-24 00:04:13,0.06103700,0.19000000
2018-03-24 00:04:13,0.06103700,0.09200000
2018-03-24 00:04:13,0.06095600,0.23100000
2018-03-24 00:04:13,0.06095600,0.10500000
2018-03-24 00:04:13,0.06095600,0.50200000
2018-03-24 00:04:13,0.06095600,0.01800000
2018-03-24 00:04:13,0.06095600,0.12400000
2018-03-24 00:04:13,0.06095600,0.42200000
2018-03-24 00:04:14,0.06103900,0.16400000
2018-03-24 00:04:14,0.06096500,0.16300000
2018-03-24 00:04:14,0.06096500,0.27300000
2018-03-24 00:04:14,0.06096500,0.27200000
2018-03-24 00:04:14,0.06096600,0.10300000
2018-03-24 00:04:14,0.06096600,0.01800000
2018-03-24 00:04:14,0.06096600,0.09600000
2018-03-24 00:04:14,0.06103700,0.76300000
2018-03-24 00:04:15,0.06104000,0.32800000
2018-03-24 00:04:15,0.06104000,1.48400000
2018-03-24 00:04:15,0.06096800,0.32700000
2018-03-24 00:04:15,0.06096800,0.12000000
2018-03-24 00:04:15,0.06105000,0.05500000
2018-03-24 00:04:15,0.06105000,0.20300000
2018-03-24 00:04:15,0.06105000,0.05500000
2018-03-24 00:04:16,0.06103000,0.08700000
2018-03-24 00:04:16,0.06103700,0.21200000
2018-03-24 00:04:17,0.06103700,0.00100000
2018-03-24 00:04:17,0.06097100,0.06800000
2018-03-24 00:04:17,0.06104700,0.40500000
2018-03-24 00:04:18,0.06102600,0.81400000
2018-03-24 00:04:18,0.06102600,0.00100000
2018-03-24 00:04:18,0.06097100,0.11500000
2018-03-24 00:04:18,0.06097100,0.18500000
2018-03-24 00:04:19,0.06097300,0.02400000
2018-03-24 00:04:19,0.06104800,0.19000000
2018-03-24 00:04:19,0.06104800,0.88900000
2018-03-24 00:04:19,0.06105500,0.20000000
2018-03-24 00:04:19,0.06105800,0.81500000
2018-03-24 00:04:19,0.06106200,0.52000000
2018-03-24 00:04:19,0.06106300,0.27700000
2018-03-24 00:04:20,0.06105500,0.03900000
2018-03-24 00:04:20,0.06105500,0.10600000
2018-03-24 00:04:20,0.06105500,0.03500000
2018-03-24 00:04:21,0.06105500,0.05000000
2018-03-24 00:04:21,0.06106400,0.20000000
2018-03-24 00:04:21,0.06108000,0.81300000
2018-03-24 00:04:21,0.06108900,0.60000000
2018-03-24 00:04:21,0.06109500,0.05600000
2018-03-24 00:04:21,0.06113300,0.15900000
2018-03-24 00:04:21,0.06113400,0.01200000
2018-03-24 00:04:21,0.06106300,0.19500000
2018-03-24 00:04:21,0.06106400,0.13200000
2018-03-24 00:04:21,0.06106400,0.07600000
2018-03-24 00:04:21,0.06106400,0.09200000
2018-03-24 00:04:21,0.06109400,0.17100000
2018-03-24 00:04:21,0.06106400,0.07400000
2018-03-24 00:04:22,0.06097900,0.10500000
2018-03-24 00:04:22,0.06097800,0.03200000
2018-03-24 00:04:22,0.06097800,0.03100000
2018-03-24 00:04:22,0.06097800,1.51100000
2018-03-24 00:04:23,0.06108400,0.67300000
2018-03-24 00:04:23,0.06111100,0.40000000
2018-03-24 00:04:23,0.06111600,0.49500000
2018-03-24 00:04:23,0.06108400,0.04500000
2018-03-24 00:04:23,0.06108800,0.10000000
2018-03-24 00:04:23,0.06110000,0.01500000
2018-03-24 00:04:23,0.06108700,0.02000000
2018-03-24 00:04:23,0.06108800,0.05300000
2018-03-24 00:04:23,0.06108700,0.01900000
2018-03-24 00:04:23,0.06108700,0.09000000
2018-03-24 00:04:24,0.06098200,0.43600000
2018-03-24 00:04:24,0.06098200,0.19000000
2018-03-24 00:04:24,0.06098100,0.07400000
2018-03-24 00:04:24,0.06108700,0.29500000
2018-03-24 00:04:24,0.06108700,0.08000000
2018-03-24 00:04:24,0.06108700,0.00200000
2018-03-24 00:04:24,0.06108800,0.07700000
2018-03-24 00:04:24,0.06108800,0.16700000
2018-03-24 00:04:24,0.06108800,0.03300000
2018-03-24 00:04:24,0.06109900,0.04200000
2018-03-24 00:04:25,0.06108800,0.11200000
2018-03-24 00:04:25,0.06108800,0.01900000
2018-03-24 00:04:25,0.06108700,0.09000000
2018-03-24 00:04:26,0.06108700,0.39900000
2018-03-24 00:04:26,0.06108800,0.19900000
2018-03-24 00:04:26,0.06110000,0.07200000
2018-03-24 00:04:26,0.06108800,0.08000000
2018-03-24 00:04:26,0.06108800,0.14300000
2018-03-24 00:04:26,0.06110000,0.02700000
2018-03-24 00:04:26,0.06108800,0.07400000
2018-03-24 00:04:26,0.06108800,0.05600000
2018-03-24 00:04:26,0.06110000,0.02600000
2018-03-24 00:04:26,0.06108800,0.10000000
2018-03-24 00:04:26,0.06110000,0.06200000
2018-03-24 00:04:27,0.06108800,0.05000000
2018-03-24 00:04:27,0.06108800,0.02700000
2018-03-24 00:04:27,0.06099300,0.10800000
2018-03-24 00:04:27,0.06099300,0.25900000
2018-03-24 00:04:27,0.06099200,0.12400000
2018-03-24 00:04:27,0.06099200,0.13600000
2018-03-24 00:04:27,0.06098700,0.23000000
2018-03-24 00:04:28,0.06108800,0.03700000
2018-03-24 00:04:28,0.06108800,0.03700000
2018-03-24 00:04:28,0.06108800,0.01400000
2018-03-24 00:04:28,0.06108800,0.11500000
2018-03-24 00:04:29,0.06108800,0.30000000
2018-03-24 00:04:29,0.06099600,0.03900000
2018-03-24 00:04:30,0.06099900,0.23100000
2018-03-24 00:04:31,0.06099900,0.21600000
2018-03-24 00:04:31,0.06105900,0.23300000
2018-03-24 00:04:32,0.06099800,0.82700000
2018-03-24 00:04:32,0.06105800,1.40500000
2018-03-24 00:04:32,0.06105800,0.39700000
2018-03-24 00:04:32,0.06099900,0.06200000
2018-03-24 00:04:33,0.06099600,0.12000000
2018-03-24 00:04:33,0.06099900,1.97300000
2018-03-24 00:04:33,0.06099900,0.72200000
2018-03-24 00:04:34,0.06099200,0.03900000
2018-03-24 00:04:34,0.06099200,0.72700000
2018-03-24 00:04:34,0.06105900,0.03700000
2018-03-24 00:04:34,0.06105900,0.03800000
2018-03-24 00:04:34,0.06099200,2.23400000
2018-03-24 00:04:34,0.06098600,0.10000000
2018-03-24 00:04:34,0.06098400,0.49900000
2018-03-24 00:04:34,0.06098300,0.02700000
2018-03-24 00:04:35,0.06099600,0.24500000
2018-03-24 00:04:35,0.06105800,0.07600000
2018-03-24 00:04:35,0.06099600,0.00100000
2018-03-24 00:04:35,0.06105800,0.04100000
2018-03-24 00:04:36,0.06098600,0.05900000
2018-03-24 00:04:36,0.06098200,1.08200000
2018-03-24 00:04:36,0.06098600,0.00100000
2018-03-24 00:04:36,0.06105800,0.05800000
2018-03-24 00:04:36,0.06105700,0.05900000
2018-03-24 00:04:36,0.06097900,0.23000000
2018-03-24 00:04:36,0.06098000,3.95900000
2018-03-24 00:04:36,0.06098000,0.07200000
2018-03-24 00:04:36,0.06098000,0.07200000
2018-03-24 00:04:36,0.06105500,0.06200000
2018-03-24 00:04:37,0.06105500,0.25800000
2018-03-24 00:04:38,0.06098100,1.77700000
2018-03-24 00:04:38,0.06098100,0.00100000
2018-03-24 00:04:38,0.06098000,0.15600000
2018-03-24 00:04:38,0.06097500,0.06300000
2018-03-24 00:04:38,0.06098200,0.12900000
2018-03-24 00:04:39,0.06098200,0.15800000
2018-03-24 00:04:39,0.06097600,0.49800000
2018-03-24 00:04:40,0.06105000,0.76300000
2018-03-24 00:04:40,0.06097400,0.02100000
2018-03-24 00:04:40,0.06104900,2.14900000
2018-03-24 00:04:40,0.06105000,1.22800000
2018-03-24 00:04:41,0.06097400,0.15100000
2018-03-24 00:04:41,0.06104800,0.50000000
2018-03-24 00:04:41,0.06105000,0.33300000
2018-03-24 00:04:41,0.06097600,0.13600000
2018-03-24 00:04:41,0.06104900,0.03600000
2018-03-24 00:04:42,0.06097600,1.63900000
2018-03-24 00:04:42,0.06104900,0.87800000
2018-03-24 00:04:42,0.06104900,0.12300000
2018-03-24 00:04:42,0.06104900,0.87600000
2018-03-24 00:04:42,0.06097600,0.22600000
2018-03-24 00:04:42,0.06097600,0.99800000
2018-03-24 00:04:42,0.06104700,0.83300000
2018-03-24 00:04:42,0.06097600,0.00100000
2018-03-24 00:04:42,0.06097500,2.10500000
2018-03-24 00:04:42,0.06097300,0.33000000
2018-03-24 00:04:42,0.06097100,0.08500000
2018-03-24 00:04:42,0.06096600,3.00000000
2018-03-24 00:04:42,0.06095600,0.02000000
2018-03-24 00:04:42,0.06095400,2.76400000
2018-03-24 00:04:42,0.06094900,0.00100000
2018-03-24 00:04:43,0.06097300,0.33000000
2018-03-24 00:04:43,0.06097300,0.11200000
2018-03-24 00:04:43,0.06104000,0.81800000
2018-03-24 00:04:43,0.06103500,0.21000000
2018-03-24 00:04:43,0.06097200,0.33000000
2018-03-24 00:04:43,0.06094900,1.02000000
2018-03-24 00:04:44,0.06097200,0.22900000
2018-03-24 00:04:44,0.06097200,0.13000000
2018-03-24 00:04:44,0.06103400,0.04400000
2018-03-24 00:04:45,0.06103200,0.46800000
2018-03-24 00:04:45,0.06103200,0.03000000
2018-03-24 00:04:45,0.06103300,0.30900000
2018-03-24 00:04:46,0.06103100,0.09900000
2018-03-24 00:04:47,0.06103100,0.90100000
2018-03-24 00:04:47,0.06095700,0.49900000
2018-03-24 00:04:47,0.06095600,1.21300000
2018-03-24 00:04:47,0.06103100,0.09700000
2018-03-24 00:04:47,0.06095600,0.39000000
2018-03-24 00:04:47,0.06103100,5.28000000
2018-03-24 00:04:47,0.06103100,1.19700000
2018-03-24 00:04:47,0.06095600,0.23000000
2018-03-24 00:04:48,0.06103000,0.13200000
2018-03-24 00:04:48,0.06103000,0.28100000
2018-03-24 00:04:48,0.06095700,0.16500000
2018-03-24 00:04:48,0.06103000,1.01300000
2018-03-24 00:04:48,0.06095700,0.79500000
2018-03-24 00:04:49,0.06097600,0.11500000
2018-03-24 00:04:49,0.06097600,0.28100000
2018-03-24 00:04:49,0.06097600,2.60300000
2018-03-24 00:04:50,0.06097600,0.00100000
2018-03-24 00:04:50,0.06095800,0.47400000
2018-03-24 00:04:50,0.06095700,0.18000000
2018-03-24 00:04:50,0.06097800,0.06200000
2018-03-24 00:04:50,0.06102800,0.02200000
2018-03-24 00:04:50,0.06102800,0.02300000
2018-03-24 00:04:50,0.06097800,0.03500000
2018-03-24 00:04:51,0.06095700,0.16300000
2018-03-24 00:04:51,0.06102600,0.20100000
2018-03-24 00:04:51,0.06097800,0.60400000
2018-03-24 00:04:51,0.06095700,0.00100000
2018-03-24 00:04:51,0.06095600,0.02000000
2018-03-24 00:04:51,0.06095500,0.37100000
2018-03-24 00:04:51,0.06094900,0.20000000
2018-03-24 00:04:51,0.06094200,0.01100000
2018-03-24 00:04:51,0.06094900,0.10000000
2018-03-24 00:04:51,0.06094200,0.09900000
2018-03-24 00:04:51,0.06097800,0.00100000
2018-03-24 00:04:51,0.06102600,0.02400000
2018-03-24 00:04:53,0.06095400,0.01900000
2018-03-24 00:04:53,0.06102500,1.99100000
2018-03-24 00:04:53,0.06102600,0.36800000
2018-03-24 00:04:53,0.06102400,0.32900000
2018-03-24 00:04:53,0.06102400,0.51400000
2018-03-24 00:04:53,0.06102400,0.58600000
2018-03-24 00:04:55,0.06102400,0.31900000
2018-03-24 00:04:55,0.06095700,0.39100000
2018-03-24 00:04:55,0.06095700,0.15300000
2018-03-24 00:04:55,0.06102400,0.08300000
2018-03-24 00:04:55,0.06102400,0.24900000
2018-03-24 00:04:55,0.06102400,0.00100000
2018-03-24 00:04:55,0.06102500,0.03400000
2018-03-24 00:04:55,0.06102500,0.29600000
2018-03-24 00:04:55,0.06102900,0.11400000
2018-03-24 00:04:55,0.06095700,1.11600000
2018-03-24 00:04:55,0.06095700,0.00100000
2018-03-24 00:04:55,0.06095700,0.11400000
2018-03-24 00:04:55,0.06095700,0.02500000
2018-03-24 00:04:55,0.06095700,0.06000000
2018-03-24 00:04:56,0.06095700,0.26700000
2018-03-24 00:04:56,0.06095700,0.03900000
2018-03-24 00:04:56,0.06095700,0.07800000
2018-03-24 00:04:56,0.06095700,0.33500000
2018-03-24 00:04:56,0.06102500,0.38300000
2018-03-24 00:04:56,0.06102500,0.03100000
2018-03-24 00:04:56,0.06102900,0.17400000
2018-03-24 00:04:56,0.06102900,0.03200000
2018-03-24 00:04:56,0.06102900,0.32400000
2018-03-24 00:04:56,0.06103300,0.02000000
2018-03-24 00:04:56,0.06105300,0.37400000
2018-03-24 00:04:56,0.06102900,0.33000000
2018-03-24 00:04:56,0.06105300,0.00400000
2018-03-24 00:04:56,0.06095500,0.12400000
2018-03-24 00:04:56,0.06095500,0.00100000
2018-03-24 00:04:56,0.06095400,0.00100000
2018-03-24 00:04:56,0.06094600,0.08800000
2018-03-24 00:04:57,0.06094700,0.11100000
2018-03-24 00:04:57,0.06102200,0.04800000
2018-03-24 00:04:57,0.06095400,0.16100000
2018-03-24 00:04:57,0.06095400,2.60100000
2018-03-24 00:04:57,0.06094700,0.99200000
2018-03-24 00:04:58,0.06094900,0.32900000
2018-03-24 00:04:59,0.06094900,0.54600000
2018-03-24 00:04:59,0.06094900,0.33000000
2018-03-24 00:04:59,0.06094800,0.21500000
2018-03-24 00:04:59,0.06100000,0.09900000
2018-03-24 00:04:59,0.06094900,0.10000000
2018-03-24 00:04:59,0.06094900,0.32900000
2018-03-24 00:04:59,0.06100000,0.00100000
2018-03-24 00:04:59,0.06102200,0.00400000
2018-03-24 00:04:59,0.06102000,0.37600000
2018-03-24 00:05:01,0.06094800,0.27800000
2018-03-24 00:05:02,0.06095500,0.03000000
2018-03-24 00:05:02,0.06094800,0.01100000
2018-03-24 00:05:02,0.06095400,0.12400000
2018-03-24 00:05:02,0.06101900,1.56100000
2018-03-24 00:05:03,0.06095400,0.64800000
2018-03-24 00:05:03,0.06095400,0.64100000
2018-03-24 00:05:03,0.06095400,1.16300000
2018-03-24 00:05:03,0.06095400,0.03500000
2018-03-24 00:05:04,0.06101700,0.16300000
2018-03-24 00:05:05,0.06097800,0.12000000
2018-03-24 00:05:05,0.06095400,0.48200000
2018-03-24 00:05:05,0.06094900,0.03000000
2018-03-24 00:05:05,0.06094900,0.10000000
2018-03-24 00:05:05,0.06094900,0.06900000
2018-03-24 00:05:06,0.06098700,0.10300000
2018-03-24 00:05:07,0.06098700,0.03900000
2018-03-24 00:05:07,0.06098700,0.02000000
2018-03-24 00:05:07,0.06097800,0.03800000
2018-03-24 00:05:07,0.06097800,0.48400000
2018-03-24 00:05:07,0.06101700,0.05300000
2018-03-24 00:05:08,0.06097800,0.00100000
2018-03-24 00:05:08,0.06095400,0.12400000
2018-03-24 00:05:08,0.06095400,0.03900000
2018-03-24 00:05:08,0.06101600,0.03900000
2018-03-24 00:05:08,0.06095400,0.18500000
2018-03-24 00:05:08,0.06095400,0.04600000
2018-03-24 00:05:08,0.06094800,0.02000000
2018-03-24 00:05:08,0.06094200,2.89000000
2018-03-24 00:05:08,0.06094000,0.02000000
2018-03-24 00:05:08,0.06093400,5.85500000
2018-03-24 00:05:08,0.06092600,0.19000000
2018-03-24 00:05:08,0.06092100,0.60000000
2018-03-24 00:05:08,0.06090900,0.19100000
2018-03-24 00:05:08,0.06090800,0.46100000
2018-03-24 00:05:08,0.06090400,0.48100000
2018-03-24 00:05:08,0.06088900,2.71900000
2018-03-24 00:05:09,0.06101600,0.00100000
2018-03-24 00:05:09,0.06101700,0.63200000
2018-03-24 00:05:09,0.06102200,0.09000000
2018-03-24 00:05:09,0.06104500,1.05700000
2018-03-24 00:05:09,0.06094700,0.30000000
2018-03-24 00:05:09,0.06092200,0.66900000
2018-03-24 00:05:09,0.06094700,0.10000000
2018-03-24 00:05:09,0.06092200,0.19800000
2018-03-24 00:05:09,0.06094800,0.30000000
2018-03-24 00:05:10,0.06094700,0.09700000
2018-03-24 00:05:10,0.06094700,0.00300000
2018-03-24 00:05:10,0.06092700,0.92100000
2018-03-24 00:05:11,0.06104000,0.30000000
2018-03-24 00:05:11,0.06104100,0.41800000
2018-03-24 00:05:11,0.06104100,0.03800000
2018-03-24 00:05:11,0.06093400,0.49200000
2018-03-24 00:05:11,0.06093300,0.43200000
2018-03-24 00:05:11,0.06104000,0.66100000
2018-03-24 00:05:11,0.06101400,0.16300000
2018-03-24 00:05:12,0.06101400,0.08900000
2018-03-24 00:05:12,0.06098600,0.04800000
2018-03-24 00:05:12,0.06092800,0.02800000
2018-03-24 00:05:12,0.06092800,0.15200000
2018-03-24 00:05:12,0.06092700,0.03300000
2018-03-24 00:05:13,0.06102800,0.05100000
2018-03-24 00:05:13,0.06093300,0.03200000
2018-03-24 00:05:13,0.06092800,0.18500000
2018-03-24 00:05:15,0.06093300,0.03100000
2018-03-24 00:05:15,0.06093300,0.00100000
2018-03-24 00:05:15,0.06101500,0.03000000
2018-03-24 00:05:15,0.06101500,0.01900000
2018-03-24 00:05:15,0.06101500,0.03100000
2018-03-24 00:05:15,0.06101500,0.03100000
2018-03-24 00:05:15,0.06101500,0.03100000
2018-03-24 00:05:15,0.06101500,0.03100000
2018-03-24 00:05:16,0.06095200,0.02000000
2018-03-24 00:05:16,0.06093300,0.01200000
2018-03-24 00:05:16,0.06100900,1.12900000
2018-03-24 00:05:16,0.06093300,0.01800000
2018-03-24 00:05:16,0.06095200,0.00200000
2018-03-24 00:05:16,0.06093100,0.03400000
2018-03-24 00:05:17,0.06101200,0.29900000
2018-03-24 00:05:18,0.06093300,0.03200000
2018-03-24 00:05:18,0.06101200,0.04700000
2018-03-24 00:05:18,0.06101200,0.07700000
2018-03-24 00:05:18,0.06097200,0.89500000
2018-03-24 00:05:18,0.06101200,0.42600000
2018-03-24 00:05:18,0.06101300,0.33000000
2018-03-24 00:05:18,0.06101500,0.42400000
2018-03-24 00:05:18,0.06102000,0.00200000
2018-03-24 00:05:18,0.06101200,0.07000000
2018-03-24 00:05:18,0.06093400,0.30000000
2018-03-24 00:05:18,0.06093300,0.23600000
2018-03-24 00:05:18,0.06093300,0.26900000
2018-03-24 00:05:18,0.06093200,0.26900000
2018-03-24 00:05:18,0.06101000,0.16500000
2018-03-24 00:05:19,0.06093300,0.32900000
2018-03-24 00:05:19,0.06093400,0.39400000
2018-03-24 00:05:19,0.06101000,0.19200000
2018-03-24 00:05:19,0.06101000,0.08500000
2018-03-24 00:05:19,0.06101000,0.18900000
2018-03-24 00:05:19,0.06102000,0.00300000
2018-03-24 00:05:20,0.06101000,0.30500000
2018-03-24 00:05:20,0.06100900,0.35000000
2018-03-24 00:05:20,0.06093400,0.15200000
2018-03-24 00:05:20,0.06093400,1.32400000
2018-03-24 00:05:20,0.06093400,0.15800000
2018-03-24 00:05:20,0.06100800,0.10200000
2018-03-24 00:05:21,0.06100800,0.32700000
2018-03-24 00:05:21,0.06100800,0.00100000
2018-03-24 00:05:21,0.06100900,1.15500000
2018-03-24 00:05:21,0.06100800,0.17000000
2018-03-24 00:05:22,0.06100800,0.08000000
2018-03-24 00:05:23,0.06100800,0.12400000
2018-03-24 00:05:23,0.06100800,0.53200000
2018-03-24 00:05:23,0.06100900,0.02400000
2018-03-24 00:05:24,0.06093700,0.26900000
2018-03-24 00:05:24,0.06093600,0.79400000
2018-03-24 00:05:24,0.06093600,0.05200000
2018-03-24 00:05:24,0.06093900,0.06300000
2018-03-24 00:05:24,0.06093900,0.00700000
2018-03-24 00:05:24,0.06093800,0.06200000
2018-03-24 00:05:24,0.06094900,0.04500000
2018-03-24 00:05:24,0.06094900,0.29200000
2018-03-24 00:05:24,0.06100700,0.04400000
2018-03-24 00:05:25,0.06100600,0.55600000
2018-03-24 00:05:26,0.06100400,1.27100000
2018-03-24 00:05:26,0.06093900,0.04300000
2018-03-24 00:05:27,0.06100300,0.81200000
2018-03-24 00:05:27,0.06093900,0.10200000
2018-03-24 00:05:27,0.06093900,0.00100000
2018-03-24 00:05:27,0.06093800,0.00200000
2018-03-24 00:05:27,0.06093700,0.18200000
2018-03-24 00:05:27,0.06093500,1.08200000
2018-03-24 00:05:27,0.06093300,0.07300000
2018-03-24 00:05:27,0.06093300,0.07400000
2018-03-24 00:05:27,0.06093300,0.12300000
2018-03-24 00:05:27,0.06093300,0.53200000
2018-03-24 00:05:27,0.06095900,0.19600000
2018-03-24 00:05:27,0.06093100,0.07000000
2018-03-24 00:05:28,0.06095900,0.61600000
2018-03-24 00:05:28,0.06095900,0.00100000
2018-03-24 00:05:28,0.06100300,0.49400000
2018-03-24 00:05:28,0.06100300,0.61600000
2018-03-24 00:05:28,0.06100300,0.24300000
2018-03-24 00:05:28,0.06100300,0.04800000
2018-03-24 00:05:28,0.06100400,0.01800000
2018-03-24 00:05:28,0.06100400,0.04600000
2018-03-24 00:05:28,0.06100400,0.61600000
2018-03-24 00:05:28,0.06093300,0.04200000
2018-03-24 00:05:28,0.06100400,0.10600000
2018-03-24 00:05:28,0.06095900,0.26400000
2018-03-24 00:05:28,0.06095900,0.33500000
2018-03-24 00:05:28,0.06100100,0.05600000
2018-03-24 00:05:29,0.06100100,0.10600000
2018-03-24 00:05:29,0.06100000,0.05900000
2018-03-24 00:05:29,0.06100100,0.02400000
2018-03-24 00:05:29,0.06095900,0.34800000
2018-03-24 00:05:30,0.06095900,0.00100000
2018-03-24 00:05:30,0.06093500,0.14700000
2018-03-24 00:05:30,0.06093500,0.14800000
2018-03-24 00:05:32,0.06093500,0.75500000
2018-03-24 00:05:32,0.06093600,0.02100000
2018-03-24 00:05:32,0.06093600,0.04000000
2018-03-24 00:05:32,0.06100300,0.08000000
2018-03-24 00:05:32,0.06100200,0.67200000
2018-03-24 00:05:32,0.06100300,0.25000000
2018-03-24 00:05:32,0.06100400,0.34900000
2018-03-24 00:05:33,0.06100200,0.05200000
2018-03-24 00:05:33,0.06100200,0.03300000
2018-03-24 00:05:33,0.06100200,0.05200000
2018-03-24 00:05:34,0.06093800,0.07300000
2018-03-24 00:05:34,0.06093800,0.07800000
2018-03-24 00:05:34,0.06093600,0.28100000
2018-03-24 00:05:34,0.06092800,3.99800000
2018-03-24 00:05:34,0.06090900,0.32600000
2018-03-24 00:05:35,0.06097400,0.57300000
2018-03-24 00:05:35,0.06091000,0.38900000
2018-03-24 00:05:35,0.06097400,0.13000000
2018-03-24 00:05:35,0.06097400,0.63400000
2018-03-24 00:05:35,0.06100000,0.39000000
2018-03-24 00:05:35,0.06100100,0.24700000
2018-03-24 00:05:35,0.06090900,0.23300000
2018-03-24 00:05:36,0.06100100,0.25700000
2018-03-24 00:05:36,0.06100100,0.25600000
2018-03-24 00:05:36,0.06093800,0.32400000
2018-03-24 00:05:36,0.06093800,0.00100000
2018-03-24 00:05:36,0.06091000,0.11900000
2018-03-24 00:05:37,0.06099100,0.07700000
2018-03-24 00:05:38,0.06091300,0.01700000
2018-03-24 00:05:39,0.06091300,0.39000000
2018-03-24 00:05:39,0.06089500,0.12400000
2018-03-24 00:05:39,0.06091300,0.38500000
2018-03-24 00:05:39,0.06091300,0.00100000
2018-03-24 00:05:39,0.06098700,0.31200000
2018-03-24 00:05:39,0.06098800,0.07200000
2018-03-24 00:05:39,0.06098800,0.29200000
2018-03-24 00:05:39,0.06098800,0.13300000
2018-03-24 00:05:39,0.06098900,0.25200000
2018-03-24 00:05:40,0.06098700,0.50900000
2018-03-24 00:05:41,0.06098500,0.29800000
2018-03-24 00:05:41,0.06098500,0.16900000
2018-03-24 00:05:41,0.06098600,0.12900000
2018-03-24 00:05:42,0.06098500,0.20000000
2018-03-24 00:05:42,0.06098600,0.90200000
2018-03-24 00:05:42,0.06098800,0.10700000
2018-03-24 00:05:43,0.06089800,0.03200000
2018-03-24 00:05:43,0.06098400,0.30000000
2018-03-24 00:05:44,0.06098400,0.16300000
2018-03-24 00:05:44,0.06093500,0.02500000
2018-03-24 00:05:44,0.06090000,0.01300000
2018-03-24 00:05:44,0.06090000,0.03800000
2018-03-24 00:05:44,0.06090000,0.41000000
2018-03-24 00:05:45,0.06093600,0.46700000
2018-03-24 00:05:45,0.06090000,0.67800000
2018-03-24 00:05:45,0.06089900,0.80300000
2018-03-24 00:05:45,0.06089800,0.39200000
2018-03-24 00:05:45,0.06087700,0.81200000
2018-03-24 00:05:45,0.06087000,0.60000000
2018-03-24 00:05:45,0.06085500,0.21500000
2018-03-24 00:05:45,0.06085200,1.24900000
2018-03-24 00:05:45,0.06098300,0.81000000
2018-03-24 00:05:45,0.06088200,0.33000000
2018-03-24 00:05:45,0.06085400,0.49400000
2018-03-24 00:05:45,0.06090000,0.38700000
2018-03-24 00:05:46,0.06098100,0.18900000
2018-03-24 00:05:48,0.06090100,0.04500000
2018-03-24 00:05:48,0.06090100,0.03200000
2018-03-24 00:05:48,0.06097400,0.07800000
2018-03-24 00:05:49,0.06097400,0.37100000
2018-03-24 00:05:49,0.06097400,0.09200000
2018-03-24 00:05:49,0.06090100,0.48300000
2018-03-24 00:05:50,0.06090100,1.20200000
2018-03-24 00:05:50,0.06087800,0.33000000
2018-03-24 00:05:50,0.06085300,0.00800000
2018-03-24 00:05:50,0.06087800,0.33000000
2018-03-24 00:05:50,0.06085300,0.34000000
2018-03-24 00:05:50,0.06097400,0.04600000
2018-03-24 00:05:50,0.06094200,0.07800000
2018-03-24 00:05:50,0.06094200,0.17000000
2018-03-24 00:05:51,0.06094200,0.01700000
2018-03-24 00:05:51,0.06094200,0.01600000
2018-03-24 00:05:51,0.06094200,0.14700000
2018-03-24 00:05:51,0.06094200,0.00500000
2018-03-24 00:05:52,0.06087500,0.16900000
2018-03-24 00:05:53,0.06087500,0.38500000
2018-03-24 00:05:53,0.06087500,0.15700000
2018-03-24 00:05:53,0.06087400,0.15600000
2018-03-24 00:05:56,0.06096500,0.54300000
2018-03-24 00:05:56,0.06096600,0.94400000
2018-03-24 00:05:56,0.06096600,1.32000000
2018-03-24 00:05:57,0.06096300,0.54300000
2018-03-24 00:05:58,0.06087500,0.90200000
2018-03-24 00:05:58,0.06087300,1.96400000
2018-03-24 00:05:59,0.06096100,0.12000000
2018-03-24 00:05:59,0.06096100,1.54100000
2018-03-24 00:05:59,0.06096200,0.93200000
2018-03-24 00:05:59,0.06096400,0.97100000
2018-03-24 00:05:59,0.06096500,0.55700000
2018-03-24 00:05:59,0.06087500,0.30300000
2018-03-24 00:05:59,0.06085300,0.04600000
2018-03-24 00:05:59,0.06085300,1.13200000
2018-03-24 00:05:59,0.06085200,0.41400000
2018-03-24 00:05:59,0.06084400,0.19200000
2018-03-24 00:05:59,0.06087300,0.10000000
2018-03-24 00:05:59,0.06087300,0.10000000
2018-03-24 00:05:59,0.06087300,0.10000000
2018-03-24 00:05:59,0.06087300,0.10000000
2018-03-24 00:05:59,0.06087300,0.10000000
2018-03-24 00:05:59,0.06087300,0.06400000
2018-03-24 00:05:59,0.06087300,0.10000000
2018-03-24 00:05:59,0.06087300,0.10000000
2018-03-24 00:05:59,0.06087300,0.00200000
2018-03-24 00:05:59,0.06096200,0.33000000
2018-03-24 00:05:59,0.06096500,0.43200000
2018-03-24 00:05:59,0.06096200,0.08000000
2018-03-24 00:05:59,0.06087600,0.34100000
2018-03-24 00:06:00,0.06096500,0.06000000
2018-03-24 00:06:00,0.06097500,0.24500000
2018-03-24 00:06:00,0.06096500,0.05900000
2018-03-24 00:06:00,0.06096500,0.00100000
2018-03-24 00:06:00,0.06087700,0.05900000
2018-03-24 00:06:01,0.06097200,0.29900000
2018-03-24 00:06:02,0.06097100,0.86900000
2018-03-24 00:06:02,0.06097100,0.21700000
2018-03-24 00:06:02,0.06097000,0.20000000
2018-03-24 00:06:02,0.06097100,0.30000000
2018-03-24 00:06:03,0.06097000,0.13100000
2018-03-24 00:06:03,0.06097000,0.19900000
2018-03-24 00:06:03,0.06098800,0.02800000
2018-03-24 00:06:03,0.06099800,0.08200000
2018-03-24 00:06:03,0.06097000,0.13300000
2018-03-24 00:06:03,0.06097000,0.30000000
2018-03-24 00:06:03,0.06088500,0.30000000
2018-03-24 00:06:03,0.06088400,1.82400000
2018-03-24 00:06:03,0.06088300,0.32500000
2018-03-24 00:06:04,0.06088500,0.04700000
2018-03-24 00:06:04,0.06088500,0.57700000
2018-03-24 00:06:04,0.06097900,0.17400000
2018-03-24 00:06:05,0.06097700,0.06500000
2018-03-24 00:06:05,0.06096900,0.08300000
2018-03-24 00:06:05,0.06088600,0.33000000
2018-03-24 00:06:05,0.06088500,0.12700000
2018-03-24 00:06:05,0.06096900,0.03900000
2018-03-24 00:06:05,0.06096900,0.04000000
2018-03-24 00:06:05,0.06096900,0.01400000
2018-03-24 00:06:05,0.06096800,0.03500000
2018-03-24 00:06:05,0.06096800,0.07500000
2018-03-24 00:06:05,0.06096800,0.03900000
2018-03-24 00:06:05,0.06096800,0.10300000
2018-03-24 00:06:05,0.06088700,0.49200000
2018-03-24 00:06:06,0.06096700,0.12000000
2018-03-24 00:06:06,0.06088800,0.06300000
2018-03-24 00:06:06,0.06088800,0.31700000
2018-03-24 00:06:06,0.06092600,0.01100000
2018-03-24 00:06:07,0.06092600,0.06300000
2018-03-24 00:06:07,0.06092600,0.60600000
2018-03-24 00:06:08,0.06092700,0.07500000
2018-03-24 00:06:09,0.06089100,0.12200000
2018-03-24 00:06:09,0.06092700,0.00100000
2018-03-24 00:06:09,0.06096700,0.07100000
2018-03-24 00:06:09,0.06096700,0.10900000
2018-03-24 00:06:09,0.06089100,0.16400000
2018-03-24 00:06:09,0.06097100,0.33000000
2018-03-24 00:06:09,0.06097600,0.96700000
2018-03-24 00:06:09,0.06099800,0.12900000
2018-03-24 00:06:10,0.06097100,0.32900000
2018-03-24 00:06:10,0.06097100,0.00100000
2018-03-24 00:06:10,0.06099800,0.69000000
2018-03-24 00:06:11,0.06097000,0.08000000
2018-03-24 00:06:12,0.06089600,0.41600000
2018-03-24 00:06:13,0.06089900,0.40000000
2018-03-24 00:06:13,0.06089900,0.15400000
2018-03-24 00:06:13,0.06089900,0.10100000
2018-03-24 00:06:14,0.06089900,1.34500000
2018-03-24 00:06:14,0.06097000,0.08300000
2018-03-24 00:06:14,0.06090000,0.17500000
2018-03-24 00:06:14,0.06096900,0.16100000
2018-03-24 00:06:15,0.06090100,0.63000000
2018-03-24 00:06:15,0.06090000,0.29100000
2018-03-24 00:06:15,0.06090000,0.62900000
2018-03-24 00:06:15,0.06090100,0.32900000
2018-03-24 00:06:15,0.06096700,0.22100000
2018-03-24 00:06:15,0.06096700,15.51000000
2018-03-24 00:06:15,0.06090100,0.09100000
2018-03-24 00:06:15,0.06090100,0.23100000
2018-03-24 00:06:16,0.06096700,0.83000000
2018-03-24 00:06:16,0.06096800,0.05700000
2018-03-24 00:06:16,0.06096700,0.33000000
2018-03-24 00:06:16,0.06096800,0.24700000
2018-03-24 00:06:16,0.06090000,0.34400000
2018-03-24 00:06:16,0.06096700,0.82900000
2018-03-24 00:06:16,0.06090000,0.00100000
2018-03-24 00:06:16,0.06089700,0.07200000
2018-03-24 00:06:16,0.06096700,0.73000000
2018-03-24 00:06:16,0.06096700,0.13800000
2018-03-24 00:06:16,0.06096600,0.13200000
2018-03-24 00:06:16,0.06096600,0.20100000
2018-03-24 00:06:16,0.06096700,0.46300000
2018-03-24 00:06:16,0.06096800,0.60000000
2018-03-24 00:06:16,0.06096900,0.17400000
2018-03-24 00:06:16,0.06096600,0.10000000
2018-03-24 00:06:16,0.06096900,0.66700000
2018-03-24 00:06:16,0.06098100,0.67000000
2018-03-24 00:06:16,0.06096600,0.11500000
2018-03-24 00:06:17,0.06096600,0.29800000
2018-03-24 00:06:17,0.06096600,1.11500000
2018-03-24 00:06:17,0.06096600,0.05000000
2018-03-24 00:06:17,0.06089700,0.07600000
2018-03-24 00:06:17,0.06089400,0.03000000
2018-03-24 00:06:17,0.06084900,0.04700000
2018-03-24 00:06:17,0.06084800,0.36400000
2018-03-24 00:06:17,0.06084700,0.14000000
2018-03-24 00:06:17,0.06089800,0.07400000
2018-03-24 00:06:18,0.06096300,0.04700000
2018-03-24 00:06:19,0.06090000,0.05200000
2018-03-24 00:06:19,0.06096400,0.07400000
2018-03-24 00:06:19,0.06096900,0.49300000
2018-03-24 00:06:19,0.06098900,0.05700000
2018-03-24 00:06:19,0.06098900,0.24300000
2018-03-24 00:06:19,0.06099800,0.02800000
2018-03-24 00:06:19,0.06100400,0.02000000
2018-03-24 00:06:19,0.06100600,0.33300000
2018-03-24 00:06:19,0.06090000,0.29600000
2018-03-24 00:06:19,0.06096500,0.20900000
2018-03-24 00:06:19,0.06098900,0.30000000
2018-03-24 00:06:19,0.06100600,1.32800000
2018-03-24 00:06:19,0.06100700,1.02900000
2018-03-24 00:06:19,0.06100700,0.30100000
2018-03-24 00:06:19,0.06102200,0.36000000
2018-03-24 00:06:19,0.06102200,0.10000000
2018-03-24 00:06:19,0.06102200,0.10000000
2018-03-24 00:06:19,0.06102200,0.10000000
2018-03-24 00:06:19,0.06102200,0.10100000
2018-03-24 00:06:19,0.06102200,0.10000000
2018-03-24 00:06:19,0.06102200,0.10000000
2018-03-24 00:06:19,0.06102200,0.10000000
2018-03-24 00:06:19,0.06102200,0.29000000
2018-03-24 00:06:19,0.06102200,0.10000000
2018-03-24 00:06:19,0.06102200,0.10000000
2018-03-24 00:06:19,0.06102200,0.10000000
2018-03-24 00:06:19,0.06102200,0.23300000
2018-03-24 00:06:19,0.06102200,0.05000000
2018-03-24 00:06:19,0.06102200,0.10000000
2018-03-24 00:06:19,0.06102200,0.10000000
2018-03-24 00:06:19,0.06102200,0.29100000
2018-03-24 00:06:19,0.06102200,0.05600000
2018-03-24 00:06:19,0.06102200,0.03500000
2018-03-24 00:06:19,0.06090000,0.14900000
2018-03-24 00:06:19,0.06090600,0.36900000
2018-03-24 00:06:20,0.06091800,1.23500000
2018-03-24 00:06:21,0.06096500,0.03800000
2018-03-24 00:06:22,0.06100600,0.07900000
2018-03-24 00:06:22,0.06096500,1.47200000
2018-03-24 00:06:22,0.06093300,0.33000000
2018-03-24 00:06:22,0.06093300,0.03000000
2018-03-24 00:06:22,0.06093200,1.26300000
2018-03-24 00:06:22,0.06093200,0.39800000
2018-03-24 00:06:22,0.06092100,1.35700000
2018-03-24 00:06:23,0.06092100,1.41100000
2018-03-24 00:06:23,0.06090400,0.33000000
2018-03-24 00:06:23,0.06096000,0.21200000
2018-03-24 00:06:23,0.06096000,0.30700000
2018-03-24 00:06:24,0.06096000,0.32000000
2018-03-24 00:06:24,0.06096000,0.20600000
2018-03-24 00:06:24,0.06096000,0.11100000
2018-03-24 00:06:24,0.06096500,1.64700000
2018-03-24 00:06:24,0.06100400,0.13900000
2018-03-24 00:06:25,0.06100200,0.08600000
2018-03-24 00:06:25,0.06090700,0.67700000
2018-03-24 00:06:26,0.06090700,0.14700000
2018-03-24 00:06:27,0.06099900,0.27700000
2018-03-24 00:06:27,0.06100000,0.51000000
2018-03-24 00:06:27,0.06100100,1.18200000
2018-03-24 00:06:27,0.06100000,0.08000000
2018-03-24 00:06:28,0.06091200,0.03300000
2018-03-24 00:06:29,0.06099900,0.07400000
2018-03-24 00:06:29,0.06091300,0.01200000
2018-03-24 00:06:29,0.06091400,0.49400000
2018-03-24 00:06:30,0.06091600,0.10600000
2018-03-24 00:06:30,0.06091400,0.01400000
2018-03-24 00:06:33,0.06099600,0.12600000
2018-03-24 00:06:33,0.06091700,0.11400000
2018-03-24 00:06:33,0.06091700,0.08500000
2018-03-24 00:06:34,0.06099500,0.05800000
2018-03-24 00:06:34,0.06091700,0.12000000
2018-03-24 00:06:34,0.06091700,0.11400000
2018-03-24 00:06:34,0.06091700,0.35900000
2018-03-24 00:06:34,0.06091700,0.33000000
2018-03-24 00:06:34,0.06091600,0.76700000
2018-03-24 00:06:34,0.06091700,0.15800000
2018-03-24 00:06:34,0.06099400,0.66700000
2018-03-24 00:06:34,0.06099400,0.44900000
2018-03-24 00:06:34,0.06099500,0.21700000
2018-03-24 00:06:35,0.06099200,0.03900000
2018-03-24 00:06:35,0.06091700,0.98700000
2018-03-24 00:06:35,0.06091800,0.09900000
2018-03-24 00:06:36,0.06091900,1.78700000
2018-03-24 00:06:36,0.06091900,0.12900000
2018-03-24 00:06:36,0.06091900,0.05800000
2018-03-24 00:06:37,0.06092000,0.33000000
2018-03-24 00:06:37,0.06099000,0.16300000
2018-03-24 00:06:37,0.06092000,0.33000000
2018-03-24 00:06:37,0.06092000,0.33000000
2018-03-24 00:06:37,0.06091900,1.18300000
2018-03-24 00:06:37,0.06092000,0.12800000
2018-03-24 00:06:38,0.06091900,0.98800000
2018-03-24 00:06:38,0.06091900,0.35200000
2018-03-24 00:06:38,0.06098900,0.02500000
2018-03-24 00:06:38,0.06091800,0.04100000
2018-03-24 00:06:39,0.06098000,1.43000000
2018-03-24 00:06:39,0.06098100,1.34500000
2018-03-24 00:06:39,0.06098900,0.17200000
2018-03-24 00:06:39,0.06099500,4.56700000
2018-03-24 00:06:39,0.06099500,1.42700000
2018-03-24 00:06:39,0.06092000,0.17500000
2018-03-24 00:06:39,0.06092000,0.00100000
2018-03-24 00:06:39,0.06090700,0.16400000
2018-03-24 00:06:40,0.06090900,0.16100000
2018-03-24 00:06:41,0.06090900,0.26400000
2018-03-24 00:06:41,0.06090900,0.00500000
2018-03-24 00:06:41,0.06090900,0.10000000
2018-03-24 00:06:41,0.06090900,0.06500000
2018-03-24 00:06:41,0.06098600,0.03800000
2018-03-24 00:06:41,0.06098600,0.06400000
2018-03-24 00:06:41,0.06098600,0.03400000
2018-03-24 00:06:41,0.06098000,0.23600000
2018-03-24 00:06:41,0.06098000,0.00200000
2018-03-24 00:06:41,0.06090900,0.23500000
2018-03-24 00:06:41,0.06090900,0.02000000
2018-03-24 00:06:41,0.06090900,0.21000000
2018-03-24 00:06:41,0.06090800,0.02700000
2018-03-24 00:06:41,0.06098600,0.02000000
2018-03-24 00:06:43,0.06091100,0.12200000
2018-03-24 00:06:44,0.06098100,0.08700000
2018-03-24 00:06:44,0.06098100,0.03000000
2018-03-24 00:06:45,0.06091300,0.60500000
2018-03-24 00:06:45,0.06091300,0.00100000
2018-03-24 00:06:45,0.06091200,0.11900000
2018-03-24 00:06:46,0.06091200,0.03900000
2018-03-24 00:06:47,0.06097700,0.07900000
2018-03-24 00:06:47,0.06097700,0.25000000
2018-03-24 00:06:47,0.06097700,0.18000000
2018-03-24 00:06:47,0.06097800,0.04800000
2018-03-24 00:06:48,0.06091200,0.09900000
2018-03-24 00:06:48,0.06091200,0.13400000
2018-03-24 00:06:49,0.06091200,0.09900000
2018-03-24 00:06:49,0.06097300,0.49300000
2018-03-24 00:06:49,0.06091400,0.06200000
2018-03-24 00:06:50,0.06091500,0.48900000
2018-03-24 00:06:50,0.06097300,0.00700000
2018-03-24 00:06:50,0.06091400,1.81900000
2018-03-24 00:06:51,0.06091500,0.19700000
2018-03-24 00:06:51,0.06091500,0.12000000
2018-03-24 00:06:51,0.06097900,0.45900000
2018-03-24 00:06:52,0.06091500,0.08400000
2018-03-24 00:06:53,0.06097900,0.01400000
2018-03-24 00:06:54,0.06091600,0.24500000
2018-03-24 00:06:54,0.06091600,0.05000000
2018-03-24 00:06:54,0.06091500,0.24400000
2018-03-24 00:06:54,0.06091500,0.00200000
2018-03-24 00:06:54,0.06091400,0.04700000
2018-03-24 00:06:55,0.06097900,0.22700000
2018-03-24 00:06:55,0.06097900,0.22600000
2018-03-24 00:06:55,0.06091400,0.70900000
2018-03-24 00:06:55,0.06091400,0.76500000
2018-03-24 00:06:55,0.06097900,0.19300000
2018-03-24 00:06:55,0.06091400,0.18400000
2018-03-24 00:06:56,0.06097900,0.19000000
2018-03-24 00:06:56,0.06097900,0.17900000
2018-03-24 00:06:56,0.06097900,0.12300000
2018-03-24 00:06:56,0.06098000,1.07500000
2018-03-24 00:06:56,0.06097900,0.10000000
2018-03-24 00:06:56,0.06097900,0.03000000
2018-03-24 00:06:56,0.06097900,0.10000000
2018-03-24 00:06:56,0.06097900,0.10000000
2018-03-24 00:06:56,0.06098000,0.19100000
2018-03-24 00:06:56,0.06097900,0.10000000
2018-03-24 00:06:56,0.06097900,0.00400000
2018-03-24 00:06:56,0.06097900,0.22600000
2018-03-24 00:06:56,0.06098000,0.31100000
2018-03-24 00:06:56,0.06098400,0.20200000
2018-03-24 00:06:56,0.06097900,0.10000000
2018-03-24 00:06:56,0.06098400,0.20400000
2018-03-24 00:06:56,0.06097900,0.12400000
2018-03-24 00:06:56,0.06097900,0.20600000
2018-03-24 00:06:56,0.06097900,0.03000000
2018-03-24 00:06:56,0.06097900,0.09400000
2018-03-24 00:06:56,0.06097900,0.13600000
2018-03-24 00:06:56,0.06097900,0.16600000
2018-03-24 00:06:56,0.06091400,0.18300000
2018-03-24 00:06:56,0.06090300,0.00100000
2018-03-24 00:06:56,0.06097900,0.10700000
2018-03-24 00:06:57,0.06098300,0.39400000
2018-03-24 00:06:57,0.06098300,0.24500000
2018-03-24 00:06:57,0.06098400,0.14800000
2018-03-24 00:06:57,0.06099200,0.19000000
2018-03-24 00:06:57,0.06098400,0.00100000
2018-03-24 00:06:57,0.06090400,0.14700000
2018-03-24 00:06:57,0.06090400,0.11900000
2018-03-24 00:06:57,0.06099200,0.11000000
2018-03-24 00:06:57,0.06100100,1.66100000
2018-03-24 00:06:57,0.06100200,0.40000000
2018-03-24 00:06:57,0.06100400,0.02000000
2018-03-24 00:06:57,0.06100900,0.04000000
2018-03-24 00:06:57,0.06101200,0.74700000
2018-03-24 00:06:57,0.06099200,0.10000000
2018-03-24 00:06:57,0.06099200,0.10000000
2018-03-24 00:06:57,0.06101200,1.12900000
2018-03-24 00:06:58,0.06099300,0.07500000
2018-03-24 00:06:58,0.06099300,0.00100000
2018-03-24 00:06:58,0.06099200,0.10000000
2018-03-24 00:06:58,0.06092000,0.08400000
2018-03-24 00:06:58,0.06092000,0.06400000
2018-03-24 00:06:58,0.06099600,0.08800000
2018-03-24 00:06:58,0.06099600,0.01200000
2018-03-24 00:06:58,0.06104100,0.18000000
2018-03-24 00:06:58,0.06104200,0.15900000
2018-03-24 00:06:58,0.06098000,0.40000000
2018-03-24 00:06:58,0.06099600,0.06200000
2018-03-24 00:06:58,0.06098100,0.20300000
2018-03-24 00:06:58,0.06098100,0.11500000
2018-03-24 00:06:59,0.06100300,0.16900000
2018-03-24 00:06:59,0.06092100,0.16800000
2018-03-24 00:06:59,0.06092100,0.18400000
2018-03-24 00:06:59,0.06104200,0.04900000
2018-03-24 00:07:01,0.06097900,0.15300000
2018-03-24 00:07:01,0.06097900,0.19000000
2018-03-24 00:07:01,0.06097900,0.02000000
2018-03-24 00:07:01,0.06093100,0.12000000
2018-03-24 00:07:01,0.06097900,0.03700000
2018-03-24 00:07:01,0.06098400,0.03500000
2018-03-24 00:07:02,0.06101500,0.13800000
2018-03-24 00:07:02,0.06101400,0.13700000
2018-03-24 00:07:02,0.06098400,0.86800000
2018-03-24 00:07:02,0.06098400,0.00100000
2018-03-24 00:07:02,0.06093300,0.06500000
2018-03-24 00:07:02,0.06093300,0.18200000
2018-03-24 00:07:02,0.06093200,0.03800000
2018-03-24 00:07:02,0.06093200,0.12000000
2018-03-24 00:07:02,0.06098400,0.11900000
2018-03-24 00:07:02,0.06098400,0.28100000
2018-03-24 00:07:02,0.06093200,0.11800000
2018-03-24 00:07:02,0.06093200,0.09400000
2018-03-24 00:07:02,0.06093200,0.27800000
2018-03-24 00:07:03,0.06093300,0.16600000
2018-03-24 00:07:03,0.06093300,0.16600000
2018-03-24 00:07:03,0.06101300,0.22400000
2018-03-24 00:07:03,0.06093500,0.12000000
2018-03-24 00:07:03,0.06093500,0.16600000
2018-03-24 00:07:04,0.06099900,0.54300000
2018-03-24 00:07:04,0.06099900,0.51100000
2018-03-24 00:07:04,0.06099900,4.20800000
2018-03-24 00:07:04,0.06099900,0.04700000
2018-03-24 00:07:04,0.06099900,0.03800000
2018-03-24 00:07:04,0.06093800,0.12000000
2018-03-24 00:07:04,0.06093800,0.15300000
2018-03-24 00:07:05,0.06093800,0.05300000
2018-03-24 00:07:05,0.06099800,0.29900000
2018-03-24 00:07:05,0.06099800,0.00100000
2018-03-24 00:07:05,0.06099900,0.29800000
2018-03-24 00:07:05,0.06099900,1.65500000
2018-03-24 00:07:05,0.06099900,1.12100000
