DATE,PRICE,VOLUME
2018-03-20 05:59:59,0.06358400,0.02000000
2018-03-20 06:00:00,0.06358400,0.18000000
2018-03-20 06:00:03,0.06359000,0.07000000
2018-03-20 06:00:03,0.06358400,0.07000000
2018-03-20 06:00:03,0.06358300,0.09400000
2018-03-20 06:00:05,0.06358500,0.01700000
2018-03-20 06:00:05,0.06358500,9.01200000
2018-03-20 06:00:07,0.06358400,0.04900000
2018-03-20 06:00:07,0.06358400,0.07000000
2018-03-20 06:00:08,0.06358500,0.01600000
2018-03-20 06:00:09,0.06358500,0.35100000
2018-03-20 06:00:09,0.06364900,0.03800000
2018-03-20 06:00:09,0.06358500,0.19700000
2018-03-20 06:00:09,0.06364900,0.00100000
2018-03-20 06:00:10,0.06358500,4.45600000
2018-03-20 06:00:10,0.06358500,11.88100000
2018-03-20 06:00:10,0.06358500,0.24000000
2018-03-20 06:00:10,0.06358500,0.30800000
2018-03-20 06:00:10,0.06364900,0.00100000
2018-03-20 06:00:10,0.06365400,0.12800000
2018-03-20 06:00:10,0.06365400,0.54700000
2018-03-20 06:00:10,0.06365400,0.08000000
2018-03-20 06:00:11,0.06358500,0.01800000
2018-03-20 06:00:11,0.06358500,0.02300000
2018-03-20 06:00:11,0.06358500,0.71300000
2018-03-20 06:00:14,0.06358400,0.75200000
2018-03-20 06:00:15,0.06365300,0.02900000
2018-03-20 06:00:17,0.06358400,1.82200000
2018-03-20 06:00:17,0.06358400,0.02000000
2018-03-20 06:00:20,0.06358900,0.12600000
2018-03-20 06:00:21,0.06358900,0.20000000
2018-03-20 06:00:21,0.06358900,0.04400000
2018-03-20 06:00:21,0.06358900,0.05400000
2018-03-20 06:00:21,0.06358900,0.05400000
2018-03-20 06:00:23,0.06359000,0.06600000
2018-03-20 06:00:24,0.06359000,6.61000000
2018-03-20 06:00:24,0.06359000,0.06500000
2018-03-20 06:00:24,0.06359000,0.00100000
2018-03-20 06:00:24,0.06365300,0.06400000
2018-03-20 06:00:24,0.06358900,2.14600000
2018-03-20 06:00:26,0.06365300,0.07100000
2018-03-20 06:00:27,0.06365300,0.49800000
2018-03-20 06:00:27,0.06358900,0.39900000
2018-03-20 06:00:28,0.06365300,0.05100000
2018-03-20 06:00:28,0.06365400,0.04900000
2018-03-20 06:00:29,0.06359200,0.36500000
2018-03-20 06:00:29,0.06359200,0.20000000
2018-03-20 06:00:30,0.06359200,0.04400000
2018-03-20 06:00:30,0.06359200,0.23300000
2018-03-20 06:00:30,0.06359100,4.19300000
2018-03-20 06:00:30,0.06359100,0.97200000
2018-03-20 06:00:32,0.06358900,1.00900000
2018-03-20 06:00:32,0.06358900,0.68600000
2018-03-20 06:00:35,0.06358900,0.06300000
2018-03-20 06:00:35,0.06358900,0.08200000
2018-03-20 06:00:35,0.06358900,0.40500000
2018-03-20 06:00:35,0.06359000,0.40500000
2018-03-20 06:00:35,0.06359000,0.40500000
2018-03-20 06:00:37,0.06359000,0.92800000
2018-03-20 06:00:37,0.06359000,1.31800000
2018-03-20 06:00:41,0.06359000,0.00300000
2018-03-20 06:00:41,0.06358900,0.26500000
2018-03-20 06:00:41,0.06358900,1.82800000
2018-03-20 06:00:42,0.06358900,0.00100000
2018-03-20 06:00:42,0.06358400,0.46900000
2018-03-20 06:00:42,0.06359000,0.34700000
2018-03-20 06:00:42,0.06359000,0.00100000
2018-03-20 06:00:42,0.06358400,0.14100000
2018-03-20 06:00:43,0.06358400,6.19800000
2018-03-20 06:00:43,0.06358400,0.23000000
2018-03-20 06:00:43,0.06358500,2.13700000
2018-03-20 06:00:43,0.06358500,0.26600000
2018-03-20 06:00:43,0.06358500,0.08400000
2018-03-20 06:00:43,0.06358300,0.58900000
2018-03-20 06:00:44,0.06358300,0.18800000
2018-03-20 06:00:52,0.06358300,3.52700000
2018-03-20 06:00:52,0.06358300,0.02600000
2018-03-20 06:00:53,0.06359000,0.73800000
2018-03-20 06:00:53,0.06359000,0.31700000
2018-03-20 06:00:53,0.06359000,1.72000000
2018-03-20 06:00:53,0.06359100,0.00100000
2018-03-20 06:00:53,0.06365100,0.22500000
2018-03-20 06:00:53,0.06365300,0.09000000
2018-03-20 06:00:53,0.06358300,0.36500000
2018-03-20 06:00:57,0.06361000,0.04100000
2018-03-20 06:00:57,0.06361000,0.74100000
2018-03-20 06:00:57,0.06361000,1.57600000
2018-03-20 06:00:57,0.06361000,0.42900000
2018-03-20 06:00:57,0.06361000,1.20500000
2018-03-20 06:00:57,0.06361000,6.01800000
2018-03-20 06:00:58,0.06358300,0.67300000
2018-03-20 06:00:59,0.06358300,2.04200000
2018-03-20 06:00:59,0.06358200,0.08500000
2018-03-20 06:00:59,0.06358200,9.24100000
2018-03-20 06:00:59,0.06358200,0.02900000
2018-03-20 06:01:01,0.06358200,0.33400000
2018-03-20 06:01:01,0.06358200,0.33300000
2018-03-20 06:01:01,0.06358200,0.33700000
2018-03-20 06:01:02,0.06358200,2.38200000
2018-03-20 06:01:02,0.06358400,0.32400000
2018-03-20 06:01:02,0.06358400,0.52600000
2018-03-20 06:01:02,0.06358400,0.52200000
2018-03-20 06:01:02,0.06358400,0.13300000
2018-03-20 06:01:02,0.06358400,0.03000000
2018-03-20 06:01:02,0.06358200,0.04400000
2018-03-20 06:01:02,0.06358400,0.00100000
2018-03-20 06:01:02,0.06364500,0.02600000
2018-03-20 06:01:02,0.06364500,0.31400000
2018-03-20 06:01:03,0.06363000,0.60500000
2018-03-20 06:01:03,0.06363000,0.33700000
2018-03-20 06:01:03,0.06363000,0.00700000
2018-03-20 06:01:03,0.06364600,0.15200000
2018-03-20 06:01:04,0.06358300,0.16700000
2018-03-20 06:01:04,0.06358300,0.78200000
2018-03-20 06:01:04,0.06358200,4.16700000
2018-03-20 06:01:05,0.06358300,0.03100000
2018-03-20 06:01:05,0.06358200,0.11800000
2018-03-20 06:01:05,0.06358300,0.00100000
2018-03-20 06:01:05,0.06364600,0.02600000
2018-03-20 06:01:05,0.06364600,0.03100000
2018-03-20 06:01:05,0.06364600,6.55000000
2018-03-20 06:01:09,0.06364800,0.13200000
2018-03-20 06:01:09,0.06358300,0.44700000
2018-03-20 06:01:09,0.06364800,0.04800000
2018-03-20 06:01:09,0.06358300,0.74000000
2018-03-20 06:01:09,0.06364800,0.03100000
2018-03-20 06:01:09,0.06358300,0.03200000
2018-03-20 06:01:11,0.06358200,0.06000000
2018-03-20 06:01:11,0.06358200,0.02900000
2018-03-20 06:01:11,0.06358200,0.02900000
2018-03-20 06:01:14,0.06364800,0.41200000
2018-03-20 06:01:15,0.06364800,0.07300000
2018-03-20 06:01:15,0.06365000,0.03800000
2018-03-20 06:01:16,0.06358200,0.11100000
2018-03-20 06:01:17,0.06358300,0.04900000
2018-03-20 06:01:17,0.06358300,0.09300000
2018-03-20 06:01:17,0.06365200,0.14100000
2018-03-20 06:01:17,0.06365200,0.14100000
2018-03-20 06:01:18,0.06358300,0.01600000
2018-03-20 06:01:19,0.06358400,0.07300000
2018-03-20 06:01:19,0.06358200,1.02600000
2018-03-20 06:01:19,0.06362000,0.06300000
2018-03-20 06:01:19,0.06365200,0.04800000
2018-03-20 06:01:19,0.06365200,0.04200000
2018-03-20 06:01:19,0.06365300,0.01900000
2018-03-20 06:01:19,0.06358200,1.38600000
2018-03-20 06:01:20,0.06358300,0.09000000
2018-03-20 06:01:20,0.06358200,7.83400000
2018-03-20 06:01:24,0.06358300,0.09300000
2018-03-20 06:01:26,0.06358500,0.07200000
2018-03-20 06:01:27,0.06363400,0.02000000
2018-03-20 06:01:30,0.06363400,0.00700000
2018-03-20 06:01:30,0.06364800,0.17200000
2018-03-20 06:01:30,0.06365100,0.10200000
2018-03-20 06:01:31,0.06365100,0.01700000
2018-03-20 06:01:32,0.06365000,0.04000000
2018-03-20 06:01:32,0.06365100,0.24100000
2018-03-20 06:01:32,0.06358500,0.00100000
2018-03-20 06:01:32,0.06358300,0.42800000
2018-03-20 06:01:33,0.06365100,0.08200000
2018-03-20 06:01:34,0.06358300,0.01800000
2018-03-20 06:01:34,0.06358300,0.02800000
2018-03-20 06:01:36,0.06358300,0.12200000
2018-03-20 06:01:37,0.06358400,1.86300000
2018-03-20 06:01:38,0.06358400,0.59500000
2018-03-20 06:01:38,0.06365000,0.08300000
2018-03-20 06:01:38,0.06365000,0.02000000
2018-03-20 06:01:38,0.06358300,0.03800000
2018-03-20 06:01:39,0.06358300,0.02600000
2018-03-20 06:01:39,0.06358300,0.02800000
2018-03-20 06:01:39,0.06358300,0.06600000
2018-03-20 06:01:39,0.06358300,0.25500000
2018-03-20 06:01:42,0.06365000,0.07900000
2018-03-20 06:01:44,0.06358300,0.00100000
2018-03-20 06:01:44,0.06358200,13.20800000
2018-03-20 06:01:44,0.06356900,0.90000000
2018-03-20 06:01:44,0.06356200,0.32000000
2018-03-20 06:01:44,0.06355000,2.56300000
2018-03-20 06:01:44,0.06362000,0.38500000
2018-03-20 06:01:44,0.06362000,0.11100000
2018-03-20 06:01:44,0.06361900,0.35100000
2018-03-20 06:01:44,0.06361900,0.06000000
2018-03-20 06:01:46,0.06355200,4.57300000
2018-03-20 06:01:47,0.06355000,0.04300000
2018-03-20 06:01:48,0.06355000,0.17600000
2018-03-20 06:01:49,0.06355000,0.02300000
2018-03-20 06:01:51,0.06361700,0.93000000
2018-03-20 06:01:51,0.06361800,1.20700000
2018-03-20 06:01:51,0.06361900,0.02800000
2018-03-20 06:01:51,0.06364900,0.22200000
2018-03-20 06:01:51,0.06365000,0.05600000
2018-03-20 06:01:51,0.06365100,1.05500000
2018-03-20 06:01:51,0.06365300,0.05000000
2018-03-20 06:01:51,0.06365500,1.45200000
2018-03-20 06:01:51,0.06355000,0.05500000
2018-03-20 06:01:52,0.06355300,0.20100000
2018-03-20 06:01:52,0.06355400,0.15400000
2018-03-20 06:01:53,0.06355500,0.02000000
2018-03-20 06:01:54,0.06356100,0.13500000
2018-03-20 06:01:54,0.06356200,0.06000000
2018-03-20 06:01:54,0.06356200,0.10000000
2018-03-20 06:01:55,0.06356200,0.51700000
2018-03-20 06:01:55,0.06364700,0.21700000
2018-03-20 06:01:55,0.06356200,0.09300000
2018-03-20 06:01:55,0.06356300,1.36800000
2018-03-20 06:01:58,0.06356400,0.41700000
2018-03-20 06:01:58,0.06355400,0.92900000
2018-03-20 06:01:59,0.06356000,0.06900000
2018-03-20 06:02:01,0.06355400,0.51800000
2018-03-20 06:02:02,0.06355400,0.01100000
2018-03-20 06:02:02,0.06355400,0.11100000
2018-03-20 06:02:02,0.06355300,0.52500000
2018-03-20 06:02:02,0.06355300,0.00400000
2018-03-20 06:02:02,0.06355000,0.02100000
2018-03-20 06:02:02,0.06355000,0.62500000
2018-03-20 06:02:03,0.06355500,0.14600000
2018-03-20 06:02:03,0.06355000,0.81600000
2018-03-20 06:02:04,0.06361700,0.38700000
2018-03-20 06:02:04,0.06361600,0.35600000
2018-03-20 06:02:04,0.06361600,0.62800000
2018-03-20 06:02:05,0.06361600,0.01900000
2018-03-20 06:02:06,0.06361600,0.17100000
2018-03-20 06:02:06,0.06361600,0.03600000
2018-03-20 06:02:08,0.06360900,0.11100000
2018-03-20 06:02:08,0.06355500,0.07000000
2018-03-20 06:02:09,0.06360900,0.02400000
2018-03-20 06:02:10,0.06358200,1.83500000
2018-03-20 06:02:10,0.06355500,2.42700000
2018-03-20 06:02:10,0.06355500,1.13300000
2018-03-20 06:02:11,0.06361000,0.06200000
2018-03-20 06:02:11,0.06361000,0.00800000
2018-03-20 06:02:11,0.06361500,0.06100000
2018-03-20 06:02:12,0.06361400,0.46100000
2018-03-20 06:02:12,0.06355500,0.07600000
2018-03-20 06:02:12,0.06355500,0.00100000
2018-03-20 06:02:12,0.06355400,0.01700000
2018-03-20 06:02:12,0.06355000,0.65900000
2018-03-20 06:02:12,0.06361400,0.75400000
2018-03-20 06:02:12,0.06360900,0.04000000
2018-03-20 06:02:12,0.06361400,0.00100000
2018-03-20 06:02:12,0.06361500,0.78400000
2018-03-20 06:02:12,0.06361700,0.00200000
2018-03-20 06:02:12,0.06362200,1.69800000
2018-03-20 06:02:12,0.06355000,0.07600000
2018-03-20 06:02:13,0.06362400,0.09000000
2018-03-20 06:02:13,0.06362400,0.04000000
2018-03-20 06:02:13,0.06362400,0.79700000
2018-03-20 06:02:13,0.06362800,0.02600000
2018-03-20 06:02:15,0.06362700,2.84200000
2018-03-20 06:02:15,0.06362700,1.67900000
2018-03-20 06:02:17,0.06356200,0.35100000
2018-03-20 06:02:17,0.06355600,1.85300000
2018-03-20 06:02:17,0.06355100,0.92800000
2018-03-20 06:02:17,0.06355000,0.05700000
2018-03-20 06:02:20,0.06356000,0.07000000
2018-03-20 06:02:20,0.06355900,0.44800000
2018-03-20 06:02:20,0.06355100,0.94600000
2018-03-20 06:02:20,0.06355000,2.41500000
2018-03-20 06:02:20,0.06361300,0.02000000
2018-03-20 06:02:20,0.06354700,0.26600000
2018-03-20 06:02:20,0.06354600,0.25200000
2018-03-20 06:02:21,0.06361000,0.06900000
2018-03-20 06:02:21,0.06354600,0.50300000
2018-03-20 06:02:21,0.06354400,0.94600000
2018-03-20 06:02:21,0.06353700,1.60000000
2018-03-20 06:02:21,0.06352400,0.85900000
2018-03-20 06:02:21,0.06351000,1.00000000
2018-03-20 06:02:21,0.06350900,4.37200000
2018-03-20 06:02:21,0.06360900,0.08800000
2018-03-20 06:02:23,0.06352200,0.15600000
2018-03-20 06:02:24,0.06352200,0.18000000
2018-03-20 06:02:24,0.06360200,0.15100000
2018-03-20 06:02:24,0.06360200,0.02000000
2018-03-20 06:02:26,0.06360000,0.18600000
2018-03-20 06:02:26,0.06360000,0.04800000
2018-03-20 06:02:28,0.06359700,0.95900000
2018-03-20 06:02:28,0.06359800,0.18300000
2018-03-20 06:02:28,0.06360100,0.44800000
2018-03-20 06:02:29,0.06360100,0.07700000
2018-03-20 06:02:29,0.06360100,0.48000000
2018-03-20 06:02:29,0.06360100,4.03400000
2018-03-20 06:02:30,0.06361100,0.06900000
2018-03-20 06:02:32,0.06361000,0.06400000
2018-03-20 06:02:33,0.06359500,0.02600000
2018-03-20 06:02:33,0.06359500,0.00100000
2018-03-20 06:02:33,0.06360900,0.02500000
2018-03-20 06:02:34,0.06355000,0.04900000
2018-03-20 06:02:34,0.06355000,0.00100000
2018-03-20 06:02:34,0.06361000,0.04800000
2018-03-20 06:02:35,0.06361200,0.33700000
2018-03-20 06:02:35,0.06361200,0.62000000
2018-03-20 06:02:37,0.06354600,0.41800000
2018-03-20 06:02:37,0.06354500,0.43900000
2018-03-20 06:02:37,0.06354400,1.64500000
2018-03-20 06:02:37,0.06361200,4.01000000
2018-03-20 06:02:37,0.06361200,0.00100000
2018-03-20 06:02:37,0.06354400,0.76200000
2018-03-20 06:02:38,0.06361300,0.00700000
2018-03-20 06:02:38,0.06362200,2.18900000
2018-03-20 06:02:38,0.06362200,0.24700000
2018-03-20 06:02:39,0.06362200,0.47000000
2018-03-20 06:02:39,0.06362100,0.11100000
2018-03-20 06:02:40,0.06362100,0.11100000
2018-03-20 06:02:41,0.06355200,0.53800000
2018-03-20 06:02:41,0.06355200,0.15100000
2018-03-20 06:02:41,0.06355200,0.47300000
2018-03-20 06:02:41,0.06355300,0.95000000
2018-03-20 06:02:41,0.06355200,1.47100000
2018-03-20 06:02:42,0.06361900,0.12700000
2018-03-20 06:02:42,0.06361900,0.03200000
2018-03-20 06:02:43,0.06355300,0.05000000
2018-03-20 06:02:44,0.06355300,0.16500000
2018-03-20 06:02:44,0.06355300,0.22400000
2018-03-20 06:02:44,0.06355200,0.08700000
2018-03-20 06:02:45,0.06355200,0.37000000
2018-03-20 06:02:45,0.06355200,0.05000000
2018-03-20 06:02:47,0.06355400,0.05000000
2018-03-20 06:02:47,0.06361600,0.09300000
2018-03-20 06:02:48,0.06355400,1.29700000
2018-03-20 06:02:48,0.06358400,10.00200000
2018-03-20 06:02:48,0.06355400,2.12500000
2018-03-20 06:02:48,0.06355400,2.10300000
2018-03-20 06:02:49,0.06355400,1.34600000
2018-03-20 06:02:49,0.06355400,0.00100000
2018-03-20 06:02:49,0.06361400,1.34500000
2018-03-20 06:02:49,0.06361400,0.22200000
2018-03-20 06:02:49,0.06361400,0.27200000
2018-03-20 06:02:49,0.06361400,0.04700000
2018-03-20 06:02:49,0.06355300,0.05000000
2018-03-20 06:02:49,0.06355300,3.45100000
2018-03-20 06:02:49,0.06354400,0.99800000
2018-03-20 06:02:51,0.06354500,0.05000000
2018-03-20 06:02:51,0.06354500,0.10900000
2018-03-20 06:02:51,0.06354400,0.03100000
2018-03-20 06:02:52,0.06355000,0.07000000
2018-03-20 06:02:52,0.06354600,0.35500000
2018-03-20 06:02:53,0.06361000,0.07000000
2018-03-20 06:02:53,0.06361100,0.04100000
2018-03-20 06:02:54,0.06361000,0.11100000
2018-03-20 06:02:54,0.06354600,0.51600000
2018-03-20 06:02:54,0.06354500,0.84500000
2018-03-20 06:02:54,0.06354400,0.58700000
2018-03-20 06:02:55,0.06361000,0.06600000
2018-03-20 06:02:56,0.06360900,0.02900000
2018-03-20 06:02:58,0.06357800,8.51600000
2018-03-20 06:02:58,0.06354500,5.97200000
2018-03-20 06:02:59,0.06354500,3.76900000
2018-03-20 06:02:59,0.06361100,0.11100000
2018-03-20 06:03:02,0.06361100,0.01900000
2018-03-20 06:03:04,0.06361100,0.57600000
2018-03-20 06:03:04,0.06361100,0.00800000
2018-03-20 06:03:04,0.06361200,2.65100000
2018-03-20 06:03:06,0.06361100,0.00900000
2018-03-20 06:03:06,0.06354400,0.51900000
2018-03-20 06:03:07,0.06361100,0.70600000
2018-03-20 06:03:07,0.06361200,0.08000000
2018-03-20 06:03:08,0.06354500,0.37000000
2018-03-20 06:03:09,0.06361200,0.07900000
2018-03-20 06:03:12,0.06355300,0.02300000
2018-03-20 06:03:12,0.06361200,0.21900000
2018-03-20 06:03:15,0.06361200,0.94300000
2018-03-20 06:03:16,0.06358300,4.51200000
2018-03-20 06:03:16,0.06355400,3.64000000
2018-03-20 06:03:17,0.06355300,0.05000000
2018-03-20 06:03:19,0.06355300,0.04200000
2018-03-20 06:03:19,0.06354400,0.00300000
2018-03-20 06:03:19,0.06361200,0.35000000
2018-03-20 06:03:19,0.06361200,0.05300000
2018-03-20 06:03:19,0.06361200,0.40400000
2018-03-20 06:03:20,0.06361200,0.22000000
2018-03-20 06:03:20,0.06354400,0.19400000
2018-03-20 06:03:22,0.06354600,1.58100000
2018-03-20 06:03:22,0.06354600,0.99000000
2018-03-20 06:03:22,0.06354600,0.00100000
2018-03-20 06:03:22,0.06354600,0.21800000
2018-03-20 06:03:22,0.06354600,0.07300000
2018-03-20 06:03:22,0.06354600,0.07300000
2018-03-20 06:03:22,0.06354600,0.07200000
2018-03-20 06:03:23,0.06354600,1.57200000
2018-03-20 06:03:23,0.06354600,0.52700000
2018-03-20 06:03:23,0.06354400,1.58100000
2018-03-20 06:03:23,0.06354600,0.03600000
2018-03-20 06:03:23,0.06361200,0.00100000
2018-03-20 06:03:23,0.06361300,0.04000000
2018-03-20 06:03:23,0.06361500,0.84500000
2018-03-20 06:03:23,0.06361600,0.21600000
2018-03-20 06:03:23,0.06361600,0.70500000
2018-03-20 06:03:23,0.06361700,0.55900000
2018-03-20 06:03:23,0.06361700,0.03500000
2018-03-20 06:03:23,0.06354400,1.69500000
2018-03-20 06:03:23,0.06354400,0.11100000
2018-03-20 06:03:24,0.06361700,0.02200000
2018-03-20 06:03:24,0.06355000,0.06900000
2018-03-20 06:03:25,0.06354500,1.29300000
2018-03-20 06:03:25,0.06354600,0.04900000
2018-03-20 06:03:28,0.06354600,0.00100000
2018-03-20 06:03:28,0.06354400,0.11400000
2018-03-20 06:03:30,0.06361000,0.04200000
2018-03-20 06:03:32,0.06354400,0.21900000
2018-03-20 06:03:33,0.06355000,0.03900000
2018-03-20 06:03:34,0.06354500,0.24500000
2018-03-20 06:03:35,0.06361000,0.06900000
2018-03-20 06:03:36,0.06361000,0.00100000
2018-03-20 06:03:36,0.06361400,0.04500000
2018-03-20 06:03:36,0.06361400,0.19900000
2018-03-20 06:03:37,0.06354500,1.57400000
2018-03-20 06:03:37,0.06354500,0.09200000
2018-03-20 06:03:37,0.06354500,0.16400000
2018-03-20 06:03:37,0.06354500,0.91300000
2018-03-20 06:03:37,0.06361300,0.04900000
2018-03-20 06:03:38,0.06354500,0.14800000
2018-03-20 06:03:38,0.06357900,10.45400000
2018-03-20 06:03:38,0.06354500,2.49800000
2018-03-20 06:03:38,0.06354500,0.05700000
2018-03-20 06:03:38,0.06354500,2.50800000
2018-03-20 06:03:38,0.06354500,0.12200000
2018-03-20 06:03:38,0.06354500,0.09900000
2018-03-20 06:03:38,0.06354500,0.03200000
2018-03-20 06:03:38,0.06354500,0.02300000
2018-03-20 06:03:38,0.06354500,0.04900000
2018-03-20 06:03:39,0.06354500,0.00100000
2018-03-20 06:03:39,0.06360900,0.02200000
2018-03-20 06:03:39,0.06360900,0.00100000
2018-03-20 06:03:39,0.06354400,0.02100000
2018-03-20 06:03:39,0.06354400,0.02200000
2018-03-20 06:03:39,0.06354400,0.02200000
2018-03-20 06:03:39,0.06354400,0.02200000
2018-03-20 06:03:39,0.06359600,0.01900000
2018-03-20 06:03:41,0.06354400,0.01600000
2018-03-20 06:03:47,0.06354400,0.46500000
2018-03-20 06:03:50,0.06354600,1.37400000
2018-03-20 06:03:50,0.06354500,0.34700000
2018-03-20 06:03:50,0.06354400,0.00100000
2018-03-20 06:03:50,0.06354300,0.75500000
2018-03-20 06:03:50,0.06353100,0.50100000
2018-03-20 06:03:50,0.06351200,1.05000000
2018-03-20 06:03:50,0.06350900,7.97200000
2018-03-20 06:03:51,0.06359400,0.09600000
2018-03-20 06:03:51,0.06359400,0.21500000
2018-03-20 06:03:51,0.06351200,2.68400000
2018-03-20 06:03:51,0.06351200,0.22400000
2018-03-20 06:03:51,0.06351200,0.22700000
2018-03-20 06:03:54,0.06352000,0.56400000
2018-03-20 06:03:54,0.06359000,0.44400000
2018-03-20 06:03:56,0.06352000,0.00100000
2018-03-20 06:03:56,0.06351900,0.05500000
2018-03-20 06:03:56,0.06351900,0.05400000
2018-03-20 06:03:56,0.06351900,0.04200000
2018-03-20 06:03:56,0.06351600,0.02700000
2018-03-20 06:03:56,0.06351900,0.00100000
2018-03-20 06:03:56,0.06359000,0.04100000
2018-03-20 06:03:57,0.06350900,0.61500000
2018-03-20 06:03:57,0.06355000,0.93300000
2018-03-20 06:03:57,0.06359000,0.11000000
2018-03-20 06:03:58,0.06355000,0.09900000
2018-03-20 06:04:02,0.06359000,0.04600000
2018-03-20 06:04:02,0.06359000,0.05300000
2018-03-20 06:04:02,0.06355000,2.64000000
2018-03-20 06:04:04,0.06355100,0.04600000
2018-03-20 06:04:05,0.06355100,0.12200000
2018-03-20 06:04:05,0.06358900,0.09700000
2018-03-20 06:04:05,0.06355100,0.02200000
2018-03-20 06:04:05,0.06355100,1.91200000
2018-03-20 06:04:06,0.06359000,0.06900000
2018-03-20 06:04:07,0.06359000,0.00100000
2018-03-20 06:04:07,0.06359100,0.05400000
2018-03-20 06:04:07,0.06359100,0.08500000
2018-03-20 06:04:07,0.06355200,0.52600000
2018-03-20 06:04:07,0.06359100,0.30900000
2018-03-20 06:04:07,0.06359300,0.08400000
2018-03-20 06:04:07,0.06359300,2.21900000
2018-03-20 06:04:07,0.06359400,0.02400000
2018-03-20 06:04:08,0.06359300,1.88700000
2018-03-20 06:04:08,0.06359300,1.28300000
2018-03-20 06:04:09,0.06357200,7.51200000
2018-03-20 06:04:09,0.06359300,0.55000000
2018-03-20 06:04:10,0.06359400,0.56900000
2018-03-20 06:04:11,0.06359500,0.51100000
2018-03-20 06:04:11,0.06355200,0.00100000
2018-03-20 06:04:11,0.06355100,0.00300000
2018-03-20 06:04:11,0.06355000,5.20100000
2018-03-20 06:04:11,0.06355000,0.16100000
2018-03-20 06:04:12,0.06355000,0.04400000
2018-03-20 06:04:12,0.06359500,0.00800000
2018-03-20 06:04:12,0.06355100,0.85400000
2018-03-20 06:04:12,0.06355100,0.90100000
2018-03-20 06:04:13,0.06355200,0.18200000
2018-03-20 06:04:13,0.06355200,0.15600000
2018-03-20 06:04:14,0.06359500,0.54800000
2018-03-20 06:04:14,0.06359600,0.00100000
2018-03-20 06:04:14,0.06360500,0.25800000
2018-03-20 06:04:14,0.06355200,0.15300000
2018-03-20 06:04:15,0.06360500,0.07200000
2018-03-20 06:04:15,0.06360800,1.00000000
2018-03-20 06:04:15,0.06361000,1.12000000
2018-03-20 06:04:15,0.06361400,2.73600000
2018-03-20 06:04:15,0.06361700,2.04700000
2018-03-20 06:04:15,0.06362100,0.33000000
2018-03-20 06:04:15,0.06362300,0.51500000
2018-03-20 06:04:15,0.06362800,0.00100000
2018-03-20 06:04:15,0.06364700,0.47000000
2018-03-20 06:04:15,0.06355200,0.73400000
2018-03-20 06:04:15,0.06355200,6.21600000
2018-03-20 06:04:15,0.06355200,0.49000000
2018-03-20 06:04:15,0.06362100,0.33000000
2018-03-20 06:04:15,0.06364700,0.36800000
2018-03-20 06:04:15,0.06364800,0.04000000
2018-03-20 06:04:15,0.06365000,0.33300000
2018-03-20 06:04:15,0.06365200,1.84400000
2018-03-20 06:04:15,0.06365300,0.33300000
2018-03-20 06:04:15,0.06365500,0.58100000
2018-03-20 06:04:15,0.06362100,0.03100000
2018-03-20 06:04:16,0.06363800,0.03600000
2018-03-20 06:04:16,0.06355300,0.02600000
2018-03-20 06:04:16,0.06355300,0.08300000
2018-03-20 06:04:16,0.06356100,1.73300000
2018-03-20 06:04:16,0.06356000,0.83900000
2018-03-20 06:04:16,0.06355500,2.17400000
2018-03-20 06:04:16,0.06355400,11.46300000
2018-03-20 06:04:16,0.06355300,0.48600000
2018-03-20 06:04:16,0.06355200,4.15600000
2018-03-20 06:04:16,0.06355200,0.03000000
2018-03-20 06:04:16,0.06355200,0.10000000
2018-03-20 06:04:16,0.06355200,0.22200000
2018-03-20 06:04:16,0.06355200,0.10000000
2018-03-20 06:04:16,0.06355200,0.03000000
2018-03-20 06:04:16,0.06355200,0.03000000
2018-03-20 06:04:17,0.06355200,0.88500000
2018-03-20 06:04:17,0.06355200,0.09100000
2018-03-20 06:04:17,0.06355200,0.15800000
2018-03-20 06:04:17,0.06355200,0.17000000
2018-03-20 06:04:17,0.06355200,0.44900000
2018-03-20 06:04:17,0.06355100,0.20000000
2018-03-20 06:04:17,0.06355200,0.91600000
2018-03-20 06:04:17,0.06355200,0.55100000
2018-03-20 06:04:17,0.06355200,0.19500000
2018-03-20 06:04:17,0.06355200,4.96100000
2018-03-20 06:04:17,0.06355000,0.10000000
2018-03-20 06:04:17,0.06355200,0.23800000
2018-03-20 06:04:17,0.06355200,5.13000000
2018-03-20 06:04:17,0.06355000,0.84800000
2018-03-20 06:04:18,0.06355200,0.06100000
2018-03-20 06:04:18,0.06355200,0.77600000
2018-03-20 06:04:18,0.06355200,0.31900000
2018-03-20 06:04:19,0.06355200,0.02000000
2018-03-20 06:04:19,0.06355200,0.35200000
2018-03-20 06:04:19,0.06355200,7.28600000
2018-03-20 06:04:19,0.06355200,0.10000000
2018-03-20 06:04:19,0.06355200,1.11300000
2018-03-20 06:04:19,0.06355200,5.04500000
2018-03-20 06:04:19,0.06355200,1.73000000
2018-03-20 06:04:19,0.06355200,7.05400000
2018-03-20 06:04:19,0.06355200,0.09700000
2018-03-20 06:04:20,0.06355200,0.78100000
2018-03-20 06:04:20,0.06355000,0.17300000
2018-03-20 06:04:20,0.06355000,0.40300000
2018-03-20 06:04:20,0.06355000,0.40100000
2018-03-20 06:04:21,0.06355200,1.57300000
2018-03-20 06:04:21,0.06355200,0.00900000
2018-03-20 06:04:21,0.06355200,6.45100000
2018-03-20 06:04:21,0.06355200,0.11100000
2018-03-20 06:04:21,0.06355200,0.26800000
2018-03-20 06:04:21,0.06355200,3.34100000
2018-03-20 06:04:21,0.06355200,0.71600000
2018-03-20 06:04:21,0.06355200,1.88200000
2018-03-20 06:04:22,0.06355200,0.04100000
2018-03-20 06:04:22,0.06355200,0.11100000
2018-03-20 06:04:22,0.06355200,0.65600000
2018-03-20 06:04:23,0.06355200,2.87300000
2018-03-20 06:04:24,0.06363000,0.64400000
2018-03-20 06:04:24,0.06363100,3.13000000
2018-03-20 06:04:24,0.06363200,0.44800000
2018-03-20 06:04:24,0.06363300,0.60600000
2018-03-20 06:04:25,0.06355500,0.02300000
2018-03-20 06:04:26,0.06363000,0.44900000
2018-03-20 06:04:26,0.06363200,0.00800000
2018-03-20 06:04:26,0.06363000,0.03000000
2018-03-20 06:04:26,0.06363000,0.03000000
2018-03-20 06:04:26,0.06363000,0.03000000
2018-03-20 06:04:26,0.06363000,0.02100000
2018-03-20 06:04:27,0.06356000,0.02300000
2018-03-20 06:04:28,0.06356000,0.04800000
2018-03-20 06:04:28,0.06356100,0.11000000
2018-03-20 06:04:29,0.06356100,0.31200000
2018-03-20 06:04:29,0.06355700,0.58300000
2018-03-20 06:04:30,0.06355200,0.15600000
2018-03-20 06:04:30,0.06355200,0.45500000
2018-03-20 06:04:31,0.06362000,0.07000000
2018-03-20 06:04:31,0.06362400,0.47200000
2018-03-20 06:04:31,0.06362600,0.39400000
2018-03-20 06:04:32,0.06356000,0.06900000
2018-03-20 06:04:32,0.06356100,0.64300000
2018-03-20 06:04:33,0.06362800,1.37500000
2018-03-20 06:04:34,0.06355500,0.03900000
2018-03-20 06:04:35,0.06355700,0.44900000
2018-03-20 06:04:35,0.06355600,0.26400000
2018-03-20 06:04:35,0.06355600,3.07600000
2018-03-20 06:04:35,0.06362000,0.06700000
2018-03-20 06:04:37,0.06362000,0.00300000
2018-03-20 06:04:37,0.06362500,0.76400000
2018-03-20 06:04:38,0.06355800,3.05500000
2018-03-20 06:04:38,0.06359500,0.04500000
2018-03-20 06:04:38,0.06362200,4.19800000
2018-03-20 06:04:39,0.06362500,0.08100000
2018-03-20 06:04:40,0.06358000,10.03000000
2018-03-20 06:04:44,0.06355900,0.32800000
2018-03-20 06:04:45,0.06359200,1.20200000
2018-03-20 06:04:45,0.06355900,0.11100000
2018-03-20 06:04:47,0.06355800,0.28500000
2018-03-20 06:04:48,0.06355800,0.00100000
2018-03-20 06:04:48,0.06355700,0.26300000
2018-03-20 06:04:48,0.06355800,0.03000000
2018-03-20 06:04:49,0.06355800,0.09700000
2018-03-20 06:04:49,0.06355800,0.07000000
2018-03-20 06:04:50,0.06355800,0.14300000
2018-03-20 06:04:50,0.06359100,5.78500000
2018-03-20 06:04:50,0.06355800,2.15400000
2018-03-20 06:04:50,0.06355800,0.33900000
2018-03-20 06:04:50,0.06355800,0.00100000
2018-03-20 06:04:50,0.06362500,0.00100000
2018-03-20 06:04:50,0.06362900,0.33700000
2018-03-20 06:04:51,0.06362400,0.20000000
2018-03-20 06:04:52,0.06356000,0.06900000
2018-03-20 06:04:52,0.06355700,0.67900000
2018-03-20 06:04:52,0.06355700,0.00100000
2018-03-20 06:04:52,0.06355500,0.05500000
2018-03-20 06:04:53,0.06355500,0.02500000
2018-03-20 06:04:53,0.06355500,0.00100000
2018-03-20 06:04:53,0.06355200,0.27700000
2018-03-20 06:04:54,0.06355200,0.16400000
2018-03-20 06:04:56,0.06358100,3.33800000
2018-03-20 06:04:57,0.06355200,0.01700000
2018-03-20 06:04:57,0.06355200,0.04100000
2018-03-20 06:04:59,0.06355200,0.14800000
2018-03-20 06:04:59,0.06362000,0.04400000
2018-03-20 06:05:00,0.06362000,0.05800000
2018-03-20 06:05:00,0.06355200,0.67100000
2018-03-20 06:05:01,0.06361800,0.78100000
2018-03-20 06:05:02,0.06355200,0.52600000
2018-03-20 06:05:03,0.06355200,0.34200000
2018-03-20 06:05:04,0.06355200,0.07800000
2018-03-20 06:05:05,0.06355200,0.03500000
2018-03-20 06:05:05,0.06355200,0.14900000
2018-03-20 06:05:05,0.06355200,1.10300000
2018-03-20 06:05:05,0.06355200,0.35600000
2018-03-20 06:05:05,0.06361600,0.04100000
2018-03-20 06:05:06,0.06361600,1.04800000
2018-03-20 06:05:06,0.06361600,0.11200000
2018-03-20 06:05:08,0.06355400,2.86800000
2018-03-20 06:05:08,0.06355400,0.01700000
2018-03-20 06:05:09,0.06355400,2.44200000
2018-03-20 06:05:10,0.06355400,0.04000000
2018-03-20 06:05:10,0.06355400,0.28600000
2018-03-20 06:05:10,0.06355400,0.20700000
2018-03-20 06:05:10,0.06361500,0.20000000
2018-03-20 06:05:10,0.06355300,0.02000000
2018-03-20 06:05:11,0.06355300,0.21300000
2018-03-20 06:05:12,0.06355300,0.14400000
2018-03-20 06:05:13,0.06355300,0.37200000
2018-03-20 06:05:14,0.06361400,2.14800000
2018-03-20 06:05:14,0.06361600,0.20600000
2018-03-20 06:05:14,0.06361600,0.31100000
2018-03-20 06:05:14,0.06361800,0.34700000
2018-03-20 06:05:14,0.06362000,0.87500000
2018-03-20 06:05:14,0.06362300,0.27100000
2018-03-20 06:05:14,0.06362400,0.19000000
2018-03-20 06:05:15,0.06361400,0.14100000
2018-03-20 06:05:15,0.06355500,0.10200000
2018-03-20 06:05:17,0.06361400,0.18900000
2018-03-20 06:05:18,0.06355500,0.02900000
2018-03-20 06:05:18,0.06362300,0.15500000
2018-03-20 06:05:19,0.06355500,0.02800000
2018-03-20 06:05:20,0.06355500,1.57200000
2018-03-20 06:05:20,0.06355500,0.01700000
2018-03-20 06:05:20,0.06355500,0.25200000
2018-03-20 06:05:20,0.06355300,0.03900000
2018-03-20 06:05:20,0.06360800,0.02700000
2018-03-20 06:05:20,0.06355300,0.31400000
2018-03-20 06:05:21,0.06355400,0.27200000
2018-03-20 06:05:21,0.06355300,0.64600000
2018-03-20 06:05:22,0.06355400,0.15600000
2018-03-20 06:05:23,0.06355400,0.04700000
2018-03-20 06:05:24,0.06355500,0.12000000
2018-03-20 06:05:24,0.06355400,0.01300000
2018-03-20 06:05:25,0.06358700,4.54200000
2018-03-20 06:05:25,0.06355400,2.09000000
2018-03-20 06:05:28,0.06355300,0.67500000
2018-03-20 06:05:28,0.06355300,1.00000000
2018-03-20 06:05:29,0.06355400,0.01300000
2018-03-20 06:05:30,0.06361400,0.09300000
2018-03-20 06:05:33,0.06355400,0.36600000
2018-03-20 06:05:33,0.06355400,0.02800000
2018-03-20 06:05:33,0.06361300,0.18400000
2018-03-20 06:05:33,0.06355400,0.51300000
2018-03-20 06:05:33,0.06355400,0.37000000
2018-03-20 06:05:36,0.06355500,0.07000000
2018-03-20 06:05:37,0.06361200,0.20000000
2018-03-20 06:05:37,0.06361200,0.37000000
2018-03-20 06:05:37,0.06361200,0.26200000
2018-03-20 06:05:37,0.06361200,8.71400000
2018-03-20 06:05:38,0.06361200,0.80400000
2018-03-20 06:05:38,0.06355500,0.01300000
2018-03-20 06:05:38,0.06355400,0.16900000
2018-03-20 06:05:38,0.06355300,0.15800000
2018-03-20 06:05:38,0.06355200,0.13700000
2018-03-20 06:05:38,0.06355200,0.06300000
2018-03-20 06:05:38,0.06355200,0.08600000
2018-03-20 06:05:38,0.06355200,0.45000000
2018-03-20 06:05:38,0.06355200,0.28400000
2018-03-20 06:05:38,0.06355200,0.20700000
2018-03-20 06:05:38,0.06354100,0.07700000
2018-03-20 06:05:38,0.06355200,0.15100000
2018-03-20 06:05:38,0.06354100,0.55100000
2018-03-20 06:05:39,0.06353500,0.32400000
2018-03-20 06:05:39,0.06353500,0.13100000
2018-03-20 06:05:39,0.06353500,0.13500000
2018-03-20 06:05:39,0.06353100,0.09500000
2018-03-20 06:05:39,0.06353200,0.02800000
2018-03-20 06:05:41,0.06353500,0.12500000
2018-03-20 06:05:41,0.06353500,0.01100000
2018-03-20 06:05:41,0.06355200,0.00100000
2018-03-20 06:05:41,0.06361200,0.12300000
2018-03-20 06:05:41,0.06361200,0.13500000
2018-03-20 06:05:42,0.06353200,0.04500000
2018-03-20 06:05:42,0.06353200,0.09100000
2018-03-20 06:05:42,0.06360900,0.09000000
2018-03-20 06:05:42,0.06353200,0.02800000
2018-03-20 06:05:42,0.06360600,0.44500000
2018-03-20 06:05:42,0.06360700,0.33000000
2018-03-20 06:05:42,0.06360800,1.43000000
2018-03-20 06:05:43,0.06360600,0.40300000
2018-03-20 06:05:43,0.06360500,0.40300000
2018-03-20 06:05:43,0.06360500,0.04600000
2018-03-20 06:05:44,0.06353300,0.00400000
2018-03-20 06:05:45,0.06355200,0.35800000
2018-03-20 06:05:45,0.06360400,0.61300000
2018-03-20 06:05:45,0.06360500,0.00100000
2018-03-20 06:05:45,0.06360800,0.20400000
2018-03-20 06:05:45,0.06360900,0.72800000
2018-03-20 06:05:45,0.06360800,8.35100000
2018-03-20 06:05:45,0.06360800,0.54400000
2018-03-20 06:05:46,0.06360800,0.30300000
2018-03-20 06:05:46,0.06355300,0.24400000
2018-03-20 06:05:46,0.06355300,0.03400000
2018-03-20 06:05:46,0.06355200,1.03200000
2018-03-20 06:05:50,0.06355200,0.04900000
2018-03-20 06:05:52,0.06360300,0.34600000
2018-03-20 06:05:52,0.06360300,0.02300000
2018-03-20 06:05:52,0.06360300,0.04900000
2018-03-20 06:05:52,0.06360300,0.04700000
2018-03-20 06:05:53,0.06360200,0.05200000
2018-03-20 06:05:53,0.06355400,0.67500000
2018-03-20 06:05:54,0.06359500,0.17800000
2018-03-20 06:05:56,0.06355500,0.13300000
2018-03-20 06:05:56,0.06355500,0.44500000
2018-03-20 06:05:56,0.06359500,0.00200000
2018-03-20 06:05:56,0.06359500,0.16300000
2018-03-20 06:05:56,0.06359500,0.02700000
2018-03-20 06:05:57,0.06359500,0.50700000
2018-03-20 06:05:57,0.06359500,0.41200000
2018-03-20 06:05:57,0.06359500,0.93400000
2018-03-20 06:05:57,0.06355400,0.41100000
2018-03-20 06:05:57,0.06355400,0.16300000
2018-03-20 06:05:57,0.06360200,0.01000000
2018-03-20 06:05:57,0.06360300,5.05200000
2018-03-20 06:05:59,0.06359500,0.14500000
2018-03-20 06:05:59,0.06360800,0.04000000
2018-03-20 06:05:59,0.06360900,0.00500000
2018-03-20 06:05:59,0.06359700,0.02700000
2018-03-20 06:06:00,0.06360900,0.31400000
2018-03-20 06:06:02,0.06355400,0.00100000
2018-03-20 06:06:02,0.06355200,0.05400000
2018-03-20 06:06:02,0.06355300,1.35300000
2018-03-20 06:06:02,0.06355300,0.90100000
2018-03-20 06:06:02,0.06355300,1.35700000
2018-03-20 06:06:02,0.06355300,0.47300000
2018-03-20 06:06:02,0.06360900,0.06400000
2018-03-20 06:06:03,0.06355300,0.34200000
2018-03-20 06:06:03,0.06360900,0.34600000
2018-03-20 06:06:03,0.06360900,0.03400000
2018-03-20 06:06:03,0.06358100,24.60000000
2018-03-20 06:06:03,0.06355300,11.53400000
2018-03-20 06:06:03,0.06355300,10.04500000
2018-03-20 06:06:04,0.06355300,0.03300000
2018-03-20 06:06:04,0.06355300,0.31100000
2018-03-20 06:06:04,0.06355300,0.14900000
2018-03-20 06:06:04,0.06355300,3.13000000
2018-03-20 06:06:04,0.06355300,0.31800000
2018-03-20 06:06:04,0.06355300,0.48500000
2018-03-20 06:06:04,0.06360900,0.31500000
2018-03-20 06:06:04,0.06355200,0.03500000
2018-03-20 06:06:05,0.06355300,0.01600000
2018-03-20 06:06:07,0.06360900,0.17700000
2018-03-20 06:06:08,0.06360900,0.00100000
2018-03-20 06:06:08,0.06360900,0.29600000
2018-03-20 06:06:08,0.06360900,0.00100000
2018-03-20 06:06:08,0.06355300,0.00100000
2018-03-20 06:06:08,0.06355200,0.29400000
2018-03-20 06:06:08,0.06355200,0.29500000
2018-03-20 06:06:08,0.06355200,0.02800000
2018-03-20 06:06:09,0.06361000,0.11100000
2018-03-20 06:06:11,0.06355200,1.18400000
2018-03-20 06:06:12,0.06360400,0.14900000
2018-03-20 06:06:14,0.06360400,0.07400000
2018-03-20 06:06:15,0.06360400,0.95800000
2018-03-20 06:06:16,0.06360400,0.67800000
2018-03-20 06:06:17,0.06360000,0.79900000
2018-03-20 06:06:20,0.06360000,0.00100000
2018-03-20 06:06:20,0.06360400,0.00100000
2018-03-20 06:06:20,0.06361000,0.10900000
2018-03-20 06:06:21,0.06361000,0.32000000
2018-03-20 06:06:23,0.06355500,1.73000000
2018-03-20 06:06:23,0.06355400,0.18200000
2018-03-20 06:06:24,0.06355300,0.01900000
2018-03-20 06:06:25,0.06355400,0.09900000
2018-03-20 06:06:25,0.06355400,0.03400000
2018-03-20 06:06:27,0.06361000,0.00100000
2018-03-20 06:06:27,0.06361200,0.84800000
2018-03-20 06:06:28,0.06361200,1.57100000
2018-03-20 06:06:28,0.06361200,1.01900000
2018-03-20 06:06:28,0.06355300,0.06300000
2018-03-20 06:06:28,0.06355300,0.44200000
2018-03-20 06:06:30,0.06355300,0.00100000
2018-03-20 06:06:30,0.06355200,0.01000000
2018-03-20 06:06:33,0.06361200,0.07300000
2018-03-20 06:06:35,0.06355400,0.95100000
2018-03-20 06:06:36,0.06355200,1.35800000
2018-03-20 06:06:36,0.06355200,1.31000000
2018-03-20 06:06:37,0.06355200,0.18300000
2018-03-20 06:06:39,0.06355200,0.71900000
2018-03-20 06:06:39,0.06355200,0.20200000
2018-03-20 06:06:42,0.06355200,1.57200000
2018-03-20 06:06:42,0.06355200,0.17900000
2018-03-20 06:06:42,0.06355200,0.11000000
2018-03-20 06:06:42,0.06355200,0.33700000
2018-03-20 06:06:42,0.06355200,3.62100000
2018-03-20 06:06:42,0.06359900,0.02600000
2018-03-20 06:06:43,0.06355200,0.02900000
2018-03-20 06:06:43,0.06355200,1.71000000
2018-03-20 06:06:44,0.06355300,0.59000000
2018-03-20 06:06:44,0.06355300,2.10000000
2018-03-20 06:06:45,0.06359900,0.00100000
2018-03-20 06:06:45,0.06361200,0.12500000
2018-03-20 06:06:45,0.06361300,0.05000000
2018-03-20 06:06:45,0.06359900,0.02600000
2018-03-20 06:06:46,0.06355200,1.57500000
2018-03-20 06:06:47,0.06355200,1.09800000
2018-03-20 06:06:47,0.06355200,2.16000000
2018-03-20 06:06:47,0.06355200,3.26200000
2018-03-20 06:06:48,0.06355200,0.02900000
2018-03-20 06:06:48,0.06355200,0.31100000
2018-03-20 06:06:48,0.06359900,0.00100000
2018-03-20 06:06:48,0.06361000,0.96600000
2018-03-20 06:06:48,0.06361300,0.08600000
2018-03-20 06:06:48,0.06361800,0.75500000
2018-03-20 06:06:48,0.06362000,0.12000000
2018-03-20 06:06:48,0.06362100,0.84000000
2018-03-20 06:06:48,0.06355400,1.84800000
2018-03-20 06:06:49,0.06362100,1.57100000
2018-03-20 06:06:49,0.06362100,2.64700000
2018-03-20 06:06:49,0.06355500,0.02000000
2018-03-20 06:06:51,0.06355500,0.38600000
2018-03-20 06:06:52,0.06355400,0.15200000
2018-03-20 06:06:52,0.06355200,0.27200000
2018-03-20 06:06:52,0.06362100,2.82900000
2018-03-20 06:06:53,0.06359300,0.10800000
2018-03-20 06:06:54,0.06355300,0.02900000
2018-03-20 06:06:55,0.06355600,0.03900000
2018-03-20 06:06:56,0.06357400,0.49900000
2018-03-20 06:06:56,0.06355600,2.21300000
2018-03-20 06:06:56,0.06359300,0.00100000
2018-03-20 06:06:56,0.06362100,0.09100000
2018-03-20 06:06:56,0.06362100,0.09300000
2018-03-20 06:06:56,0.06355600,0.35900000
2018-03-20 06:06:56,0.06355500,0.03100000
2018-03-20 06:06:57,0.06355600,0.03700000
2018-03-20 06:06:57,0.06355600,0.00100000
2018-03-20 06:06:57,0.06362100,0.03600000
2018-03-20 06:06:57,0.06355500,1.26300000
2018-03-20 06:06:58,0.06355500,0.22100000
2018-03-20 06:06:58,0.06355500,1.79500000
2018-03-20 06:06:58,0.06355200,5.78500000
2018-03-20 06:07:02,0.06355200,0.67300000
2018-03-20 06:07:04,0.06355200,0.09600000
2018-03-20 06:07:07,0.06362000,0.04000000
2018-03-20 06:07:07,0.06362100,0.06300000
2018-03-20 06:07:08,0.06355300,0.02500000
2018-03-20 06:07:08,0.06362100,0.42800000
2018-03-20 06:07:10,0.06362100,0.04100000
2018-03-20 06:07:10,0.06362100,1.41900000
2018-03-20 06:07:10,0.06362100,1.25400000
2018-03-20 06:07:11,0.06355300,0.33000000
2018-03-20 06:07:11,0.06355300,0.00100000
2018-03-20 06:07:11,0.06355200,0.32900000
2018-03-20 06:07:11,0.06355300,0.09000000
2018-03-20 06:07:11,0.06355300,0.07300000
2018-03-20 06:07:12,0.06355300,0.01800000
2018-03-20 06:07:13,0.06355300,0.00100000
2018-03-20 06:07:13,0.06355200,0.12400000
2018-03-20 06:07:13,0.06361400,0.05300000
2018-03-20 06:07:13,0.06355200,0.12500000
2018-03-20 06:07:14,0.06361400,0.12600000
2018-03-20 06:07:14,0.06361400,0.02000000
2018-03-20 06:07:14,0.06355200,1.57300000
2018-03-20 06:07:14,0.06361400,0.03100000
2018-03-20 06:07:14,0.06355200,0.03600000
2018-03-20 06:07:14,0.06361400,0.05600000
2018-03-20 06:07:15,0.06355300,1.47600000
2018-03-20 06:07:16,0.06355300,0.63100000
2018-03-20 06:07:16,0.06355300,0.50400000
2018-03-20 06:07:16,0.06355300,1.57900000
2018-03-20 06:07:16,0.06355300,1.17300000
2018-03-20 06:07:16,0.06357600,6.66200000
2018-03-20 06:07:16,0.06355300,0.00100000
2018-03-20 06:07:17,0.06357600,0.23400000
2018-03-20 06:07:17,0.06355200,0.00100000
2018-03-20 06:07:17,0.06355000,0.09600000
2018-03-20 06:07:17,0.06355000,0.10200000
2018-03-20 06:07:17,0.06354300,0.01600000
2018-03-20 06:07:17,0.06354300,0.93400000
2018-03-20 06:07:17,0.06354300,0.01700000
2018-03-20 06:07:17,0.06357600,0.00100000
2018-03-20 06:07:17,0.06360000,0.06700000
2018-03-20 06:07:18,0.06360400,0.13900000
2018-03-20 06:07:18,0.06360400,0.00100000
2018-03-20 06:07:18,0.06354000,0.02000000
2018-03-20 06:07:18,0.06353300,0.09000000
2018-03-20 06:07:18,0.06357800,0.11000000
2018-03-20 06:07:21,0.06353300,0.11000000
2018-03-20 06:07:21,0.06353000,0.02000000
2018-03-20 06:07:21,0.06357700,0.04600000
2018-03-20 06:07:22,0.06355500,0.11900000
2018-03-20 06:07:24,0.06357400,0.20800000
2018-03-20 06:07:25,0.06355600,2.17500000
2018-03-20 06:07:28,0.06355500,0.00100000
2018-03-20 06:07:28,0.06352000,0.02000000
2018-03-20 06:07:28,0.06351800,0.39600000
2018-03-20 06:07:29,0.06351600,0.90100000
2018-03-20 06:07:29,0.06351400,0.14100000
2018-03-20 06:07:30,0.06355600,0.00200000
2018-03-20 06:07:32,0.06357300,0.03700000
2018-03-20 06:07:32,0.06355000,1.00000000
2018-03-20 06:07:32,0.06351400,0.02800000
2018-03-20 06:07:32,0.06357300,0.93200000
2018-03-20 06:07:32,0.06357400,0.00100000
2018-03-20 06:07:32,0.06357700,0.00100000
2018-03-20 06:07:32,0.06357800,0.17000000
2018-03-20 06:07:32,0.06359500,0.69900000
2018-03-20 06:07:33,0.06351500,0.22800000
2018-03-20 06:07:33,0.06351400,0.77400000
2018-03-20 06:07:34,0.06359200,1.72900000
2018-03-20 06:07:34,0.06359200,1.00100000
2018-03-20 06:07:35,0.06352000,0.07000000
2018-03-20 06:07:35,0.06351800,0.84600000
2018-03-20 06:07:35,0.06359100,0.06400000
2018-03-20 06:07:35,0.06352000,0.07300000
2018-03-20 06:07:35,0.06352000,0.07300000
2018-03-20 06:07:35,0.06359100,0.04600000
2018-03-20 06:07:35,0.06352000,0.07300000
2018-03-20 06:07:36,0.06352000,0.07300000
2018-03-20 06:07:36,0.06352000,0.15800000
2018-03-20 06:07:36,0.06352000,0.07300000
2018-03-20 06:07:36,0.06352000,0.28800000
2018-03-20 06:07:36,0.06352000,0.07300000
2018-03-20 06:07:36,0.06352000,0.04000000
2018-03-20 06:07:36,0.06351600,0.11600000
2018-03-20 06:07:36,0.06351600,0.44900000
2018-03-20 06:07:36,0.06352000,0.30300000
2018-03-20 06:07:37,0.06352000,0.21500000
2018-03-20 06:07:37,0.06351600,0.08700000
2018-03-20 06:07:37,0.06351600,0.24000000
2018-03-20 06:07:37,0.06351600,0.08900000
2018-03-20 06:07:37,0.06351600,0.41900000
2018-03-20 06:07:37,0.06351600,0.08900000
2018-03-20 06:07:37,0.06358700,0.10000000
2018-03-20 06:07:37,0.06358700,0.03400000
2018-03-20 06:07:37,0.06358700,0.15700000
2018-03-20 06:07:38,0.06351400,0.05700000
2018-03-20 06:07:38,0.06351400,0.07000000
2018-03-20 06:07:38,0.06351400,0.27300000
2018-03-20 06:07:38,0.06351400,0.12400000
2018-03-20 06:07:38,0.06358600,0.11800000
2018-03-20 06:07:38,0.06358700,0.01000000
2018-03-20 06:07:38,0.06358900,0.14800000
2018-03-20 06:07:38,0.06358900,0.46600000
2018-03-20 06:07:38,0.06358900,0.03400000
2018-03-20 06:07:38,0.06352000,0.07000000
2018-03-20 06:07:38,0.06358900,0.15100000
2018-03-20 06:07:39,0.06358800,0.01800000
2018-03-20 06:07:39,0.06358800,0.01700000
2018-03-20 06:07:40,0.06351300,0.86500000
2018-03-20 06:07:41,0.06351400,0.31600000
2018-03-20 06:07:42,0.06358600,0.05500000
2018-03-20 06:07:42,0.06351700,1.41500000
2018-03-20 06:07:43,0.06352000,0.07000000
2018-03-20 06:07:43,0.06351700,0.58400000
2018-03-20 06:07:44,0.06353000,1.00000000
2018-03-20 06:07:44,0.06351700,0.00100000
2018-03-20 06:07:44,0.06351000,0.02000000
2018-03-20 06:07:44,0.06350900,0.00800000
2018-03-20 06:07:44,0.06350900,0.98800000
2018-03-20 06:07:45,0.06358400,0.47100000
2018-03-20 06:07:48,0.06358000,0.07000000
2018-03-20 06:07:48,0.06358300,0.00200000
2018-03-20 06:07:50,0.06358200,0.73200000
2018-03-20 06:07:50,0.06358300,0.36800000
2018-03-20 06:07:51,0.06351200,0.04400000
2018-03-20 06:07:52,0.06358200,0.76600000
2018-03-20 06:07:53,0.06351400,0.41700000
2018-03-20 06:07:54,0.06351300,0.04400000
2018-03-20 06:07:54,0.06351300,0.00300000
2018-03-20 06:07:54,0.06358200,0.04200000
2018-03-20 06:07:54,0.06351200,0.30400000
2018-03-20 06:07:55,0.06351300,0.03300000
2018-03-20 06:07:55,0.06351400,0.94000000
2018-03-20 06:07:55,0.06351400,0.05900000
2018-03-20 06:07:55,0.06358000,0.41700000
2018-03-20 06:07:55,0.06358100,0.04000000
2018-03-20 06:07:55,0.06358200,0.20700000
2018-03-20 06:07:56,0.06358200,0.07200000
2018-03-20 06:07:57,0.06351400,0.14600000
2018-03-20 06:07:57,0.06358200,0.36500000
2018-03-20 06:08:00,0.06351300,0.32300000
2018-03-20 06:08:00,0.06351200,0.00100000
2018-03-20 06:08:00,0.06350900,2.56900000
2018-03-20 06:08:00,0.06350800,11.10700000
2018-03-20 06:08:01,0.06356300,0.34700000
2018-03-20 06:08:01,0.06356400,0.28200000
2018-03-20 06:08:01,0.06356400,0.11400000
2018-03-20 06:08:02,0.06350900,0.02100000
2018-03-20 06:08:02,0.06350900,0.07200000
2018-03-20 06:08:02,0.06350900,0.01600000
2018-03-20 06:08:03,0.06350900,0.14900000
2018-03-20 06:08:03,0.06350900,0.13600000
2018-03-20 06:08:03,0.06350900,0.10600000
2018-03-20 06:08:04,0.06350800,0.01800000
2018-03-20 06:08:04,0.06350800,0.22000000
2018-03-20 06:08:04,0.06350900,0.00100000
2018-03-20 06:08:04,0.06356400,0.01600000
2018-03-20 06:08:05,0.06350800,0.06000000
2018-03-20 06:08:05,0.06356400,0.12200000
2018-03-20 06:08:05,0.06356400,0.03200000
2018-03-20 06:08:06,0.06356400,0.47100000
2018-03-20 06:08:06,0.06350800,2.89400000
2018-03-20 06:08:06,0.06350700,0.28000000
2018-03-20 06:08:06,0.06350600,0.04000000
2018-03-20 06:08:06,0.06350300,0.60000000
2018-03-20 06:08:06,0.06350000,0.80500000
2018-03-20 06:08:06,0.06349900,0.96800000
2018-03-20 06:08:06,0.06349600,0.01700000
2018-03-20 06:08:06,0.06349500,0.19000000
2018-03-20 06:08:06,0.06349300,0.40200000
2018-03-20 06:08:06,0.06349200,1.38100000
2018-03-20 06:08:06,0.06350800,1.79300000
2018-03-20 06:08:06,0.06350800,1.30700000
2018-03-20 06:08:07,0.06350800,1.12500000
2018-03-20 06:08:07,0.06350800,0.11300000
2018-03-20 06:08:07,0.06350800,0.02900000
2018-03-20 06:08:08,0.06350100,0.20000000
2018-03-20 06:08:09,0.06350800,2.73900000
2018-03-20 06:08:09,0.06351200,0.13600000
2018-03-20 06:08:10,0.06351200,0.28800000
2018-03-20 06:08:11,0.06351300,0.51500000
2018-03-20 06:08:11,0.06351200,0.05000000
2018-03-20 06:08:11,0.06356200,0.47100000
2018-03-20 06:08:12,0.06356100,1.03400000
2018-03-20 06:08:12,0.06356100,0.07800000
2018-03-20 06:08:12,0.06351300,0.05000000
2018-03-20 06:08:12,0.06350100,0.09700000
2018-03-20 06:08:12,0.06350100,0.32900000
2018-03-20 06:08:14,0.06350100,0.05100000
2018-03-20 06:08:17,0.06350100,0.00200000
2018-03-20 06:08:17,0.06350100,0.02600000
2018-03-20 06:08:17,0.06356100,0.44500000
2018-03-20 06:08:17,0.06348600,0.13200000
2018-03-20 06:08:18,0.06348600,0.28400000
2018-03-20 06:08:18,0.06348500,0.48200000
2018-03-20 06:08:18,0.06348500,0.07000000
2018-03-20 06:08:18,0.06347800,0.96900000
2018-03-20 06:08:18,0.06347800,0.00200000
2018-03-20 06:08:18,0.06348500,0.19800000
2018-03-20 06:08:18,0.06348500,1.74300000
2018-03-20 06:08:18,0.06348500,0.05000000
2018-03-20 06:08:18,0.06348500,0.31600000
2018-03-20 06:08:18,0.06348500,0.82600000
2018-03-20 06:08:18,0.06348500,0.14800000
2018-03-20 06:08:18,0.06348500,0.88300000
2018-03-20 06:08:18,0.06348600,2.77000000
2018-03-20 06:08:19,0.06348700,0.06500000
2018-03-20 06:08:19,0.06348700,0.10200000
2018-03-20 06:08:20,0.06355800,0.03800000
2018-03-20 06:08:20,0.06348800,0.47300000
2018-03-20 06:08:20,0.06355800,0.01600000
2018-03-20 06:08:20,0.06348800,0.04500000
2018-03-20 06:08:20,0.06348600,0.01000000
2018-03-20 06:08:21,0.06348600,1.01300000
2018-03-20 06:08:21,0.06348600,0.01600000
2018-03-20 06:08:21,0.06348600,0.13400000
2018-03-20 06:08:21,0.06347300,0.04700000
2018-03-20 06:08:21,0.06347100,0.22000000
2018-03-20 06:08:23,0.06347400,0.12500000
2018-03-20 06:08:24,0.06347400,0.19700000
2018-03-20 06:08:26,0.06348600,0.24600000
2018-03-20 06:08:27,0.06348000,0.06900000
2018-03-20 06:08:27,0.06348000,0.00100000
2018-03-20 06:08:27,0.06348500,0.26300000
2018-03-20 06:08:27,0.06348500,0.02100000
2018-03-20 06:08:27,0.06348600,0.00300000
2018-03-20 06:08:27,0.06349400,0.44800000
2018-03-20 06:08:27,0.06349400,0.02000000
2018-03-20 06:08:27,0.06349400,0.09000000
2018-03-20 06:08:28,0.06350600,0.11100000
2018-03-20 06:08:28,0.06350600,0.86300000
2018-03-20 06:08:28,0.06354400,0.14200000
2018-03-20 06:08:29,0.06354400,0.65500000
2018-03-20 06:08:30,0.06347400,0.12500000
2018-03-20 06:08:31,0.06347500,0.11000000
2018-03-20 06:08:32,0.06347500,0.05800000
2018-03-20 06:08:33,0.06348700,0.46800000
2018-03-20 06:08:33,0.06348700,1.57300000
2018-03-20 06:08:33,0.06347500,0.00300000
2018-03-20 06:08:34,0.06348700,0.05000000
2018-03-20 06:08:34,0.06347700,0.04900000
2018-03-20 06:08:34,0.06354300,0.50000000
2018-03-20 06:08:35,0.06347500,0.35200000
2018-03-20 06:08:36,0.06347500,0.00100000
2018-03-20 06:08:36,0.06347400,0.05100000
2018-03-20 06:08:37,0.06354100,0.49900000
2018-03-20 06:08:37,0.06347100,0.96300000
2018-03-20 06:08:38,0.06348700,0.28800000
2018-03-20 06:08:38,0.06348700,0.01800000
2018-03-20 06:08:38,0.06348700,0.06800000
2018-03-20 06:08:38,0.06348700,0.11100000
2018-03-20 06:08:38,0.06348700,0.56700000
2018-03-20 06:08:39,0.06348700,1.36700000
2018-03-20 06:08:39,0.06348700,0.31200000
2018-03-20 06:08:39,0.06348700,0.11100000
2018-03-20 06:08:39,0.06348700,1.17400000
2018-03-20 06:08:39,0.06348700,0.98300000
2018-03-20 06:08:40,0.06348700,0.00100000
2018-03-20 06:08:40,0.06354100,0.45100000
2018-03-20 06:08:40,0.06354200,0.34700000
2018-03-20 06:08:40,0.06354300,0.15500000
2018-03-20 06:08:40,0.06348700,0.11100000
2018-03-20 06:08:40,0.06347200,0.72300000
2018-03-20 06:08:40,0.06347200,0.00100000
2018-03-20 06:08:41,0.06349000,0.09200000
2018-03-20 06:08:41,0.06349000,0.00100000
2018-03-20 06:08:41,0.06347200,0.51800000
2018-03-20 06:08:41,0.06347200,0.00100000
2018-03-20 06:08:41,0.06347100,0.00100000
2018-03-20 06:08:42,0.06347100,0.04400000
2018-03-20 06:08:42,0.06347100,0.00100000
2018-03-20 06:08:42,0.06354200,0.04300000
2018-03-20 06:08:42,0.06354200,0.02100000
2018-03-20 06:08:42,0.06347300,0.24700000
2018-03-20 06:08:42,0.06347300,0.20400000
2018-03-20 06:08:44,0.06354100,0.14500000
2018-03-20 06:08:44,0.06347400,0.25900000
2018-03-20 06:08:45,0.06350700,0.63700000
2018-03-20 06:08:45,0.06347400,0.00100000
2018-03-20 06:08:45,0.06354100,0.09400000
2018-03-20 06:08:45,0.06346800,0.09100000
2018-03-20 06:08:45,0.06354100,0.18100000
2018-03-20 06:08:45,0.06354100,0.02100000
2018-03-20 06:08:46,0.06346800,0.16800000
2018-03-20 06:08:46,0.06347000,0.05400000
2018-03-20 06:08:47,0.06347100,0.13700000
2018-03-20 06:08:49,0.06350300,0.56500000
2018-03-20 06:08:49,0.06353900,0.33300000
2018-03-20 06:08:49,0.06353900,0.35200000
2018-03-20 06:08:50,0.06347000,0.02000000
2018-03-20 06:08:51,0.06353800,0.51900000
2018-03-20 06:08:51,0.06353900,0.33000000
2018-03-20 06:08:51,0.06354000,0.07000000
2018-03-20 06:08:51,0.06354100,0.34000000
2018-03-20 06:08:51,0.06354300,1.74100000
2018-03-20 06:08:51,0.06353800,0.15200000
2018-03-20 06:08:52,0.06346900,0.02900000
2018-03-20 06:08:52,0.06347000,0.06900000
2018-03-20 06:08:53,0.06347000,0.07300000
2018-03-20 06:08:53,0.06347000,0.02300000
2018-03-20 06:08:53,0.06353800,0.11900000
2018-03-20 06:08:53,0.06347000,0.22700000
2018-03-20 06:08:53,0.06346800,0.00100000
2018-03-20 06:08:53,0.06346500,0.01500000
2018-03-20 06:08:54,0.06353800,1.05100000
2018-03-20 06:08:54,0.06353900,0.78300000
2018-03-20 06:08:54,0.06354000,0.20000000
2018-03-20 06:08:54,0.06354300,2.96600000
2018-03-20 06:08:55,0.06346500,0.08200000
2018-03-20 06:08:56,0.06353600,0.35200000
2018-03-20 06:08:56,0.06354100,0.33000000
2018-03-20 06:08:56,0.06354200,0.04700000
2018-03-20 06:08:56,0.06354300,0.05300000
2018-03-20 06:08:56,0.06346600,0.94300000
2018-03-20 06:08:56,0.06346500,0.02000000
2018-03-20 06:08:56,0.06346100,0.18100000
2018-03-20 06:08:56,0.06345700,0.71400000
2018-03-20 06:08:56,0.06345700,0.06400000
2018-03-20 06:08:56,0.06346500,0.75300000
2018-03-20 06:08:56,0.06346500,0.00100000
2018-03-20 06:08:56,0.06354100,0.30000000
2018-03-20 06:08:56,0.06354300,0.48100000
2018-03-20 06:08:57,0.06346600,0.10200000
2018-03-20 06:08:57,0.06353000,0.07000000
2018-03-20 06:08:57,0.06353200,0.27200000
2018-03-20 06:08:57,0.06353400,0.10000000
2018-03-20 06:08:57,0.06353600,0.94300000
2018-03-20 06:08:57,0.06354000,1.69800000
2018-03-20 06:08:57,0.06354100,0.30000000
2018-03-20 06:08:57,0.06354300,0.74900000
2018-03-20 06:08:57,0.06354500,0.75600000
2018-03-20 06:08:57,0.06354800,0.11200000
2018-03-20 06:08:58,0.06347000,0.04100000
2018-03-20 06:08:59,0.06354000,0.14200000
2018-03-20 06:08:59,0.06354100,0.75600000
2018-03-20 06:08:59,0.06354500,0.20000000
2018-03-20 06:08:59,0.06354800,0.25700000
2018-03-20 06:08:59,0.06355400,2.04500000
2018-03-20 06:08:59,0.06354500,0.20000000
2018-03-20 06:08:59,0.06354800,0.10000000
2018-03-20 06:08:59,0.06355400,0.48200000
2018-03-20 06:08:59,0.06354500,0.20000000
2018-03-20 06:08:59,0.06354800,0.10000000
2018-03-20 06:08:59,0.06355400,0.48200000
2018-03-20 06:09:00,0.06347200,1.16500000
2018-03-20 06:09:00,0.06347200,0.00100000
2018-03-20 06:09:00,0.06347200,0.22900000
2018-03-20 06:09:00,0.06347100,0.99400000
2018-03-20 06:09:00,0.06347000,0.06900000
2018-03-20 06:09:00,0.06346900,7.67400000
2018-03-20 06:09:00,0.06346600,5.00000000
2018-03-20 06:09:00,0.06347200,0.13000000
2018-03-20 06:09:00,0.06345900,0.03000000
2018-03-20 06:09:00,0.06345900,0.10000000
2018-03-20 06:09:00,0.06345900,0.10000000
2018-03-20 06:09:00,0.06345900,0.03000000
2018-03-20 06:09:00,0.06345900,0.10000000
2018-03-20 06:09:00,0.06345900,0.10000000
2018-03-20 06:09:00,0.06345900,0.10000000
2018-03-20 06:09:00,0.06345900,0.10000000
2018-03-20 06:09:00,0.06345900,0.10000000
2018-03-20 06:09:00,0.06345900,0.10000000
2018-03-20 06:09:00,0.06345900,0.10000000
2018-03-20 06:09:00,0.06345900,0.10000000
2018-03-20 06:09:00,0.06345900,0.10000000
2018-03-20 06:09:00,0.06345900,0.10000000
2018-03-20 06:09:00,0.06345900,0.10000000
2018-03-20 06:09:00,0.06345900,0.10000000
2018-03-20 06:09:00,0.06345900,0.10000000
2018-03-20 06:09:00,0.06345900,0.10000000
2018-03-20 06:09:00,0.06345900,0.10000000
2018-03-20 06:09:00,0.06345900,0.10000000
2018-03-20 06:09:00,0.06345900,0.10000000
2018-03-20 06:09:00,0.06345900,0.10000000
2018-03-20 06:09:00,0.06345900,0.10000000
2018-03-20 06:09:00,0.06345900,0.10000000
2018-03-20 06:09:00,0.06345900,0.47500000
2018-03-20 06:09:00,0.06345900,0.08900000
2018-03-20 06:09:01,0.06345000,0.01700000
2018-03-20 06:09:01,0.06345900,0.07400000
2018-03-20 06:09:01,0.06345900,0.25400000
2018-03-20 06:09:01,0.06345900,0.22900000
2018-03-20 06:09:02,0.06345800,0.06900000
2018-03-20 06:09:03,0.06345900,0.00100000
2018-03-20 06:09:03,0.06346700,0.11000000
2018-03-20 06:09:03,0.06346000,0.07000000
2018-03-20 06:09:03,0.06346700,0.14300000
2018-03-20 06:09:03,0.06346700,0.02800000
2018-03-20 06:09:03,0.06346700,0.20400000
2018-03-20 06:09:03,0.06352900,0.02700000
2018-03-20 06:09:03,0.06352900,0.05200000
2018-03-20 06:09:03,0.06354400,0.15100000
2018-03-20 06:09:04,0.06345800,0.17800000
2018-03-20 06:09:04,0.06345900,0.03400000
2018-03-20 06:09:04,0.06345800,0.03200000
2018-03-20 06:09:04,0.06345900,0.02800000
2018-03-20 06:09:04,0.06345900,0.11300000
2018-03-20 06:09:04,0.06346000,0.05800000
2018-03-20 06:09:04,0.06346000,0.01200000
2018-03-20 06:09:04,0.06345900,0.92800000
2018-03-20 06:09:04,0.06345900,0.92800000
2018-03-20 06:09:04,0.06345900,1.37500000
2018-03-20 06:09:04,0.06345800,2.92600000
2018-03-20 06:09:04,0.06345000,3.74700000
2018-03-20 06:09:04,0.06344000,3.86700000
2018-03-20 06:09:04,0.06343700,0.20200000
2018-03-20 06:09:04,0.06343500,0.31200000
2018-03-20 06:09:04,0.06343300,0.94800000
2018-03-20 06:09:04,0.06342900,0.93500000
2018-03-20 06:09:04,0.06342700,1.57000000
2018-03-20 06:09:04,0.06342500,0.12000000
2018-03-20 06:09:04,0.06341800,0.58500000
2018-03-20 06:09:04,0.06341700,0.31000000
2018-03-20 06:09:04,0.06341400,0.31000000
2018-03-20 06:09:04,0.06340900,0.10000000
2018-03-20 06:09:04,0.06340500,0.32000000
2018-03-20 06:09:04,0.06340000,3.85000000
2018-03-20 06:09:04,0.06339600,0.41900000
2018-03-20 06:09:04,0.06337800,0.04000000
2018-03-20 06:09:04,0.06343700,0.92800000
2018-03-20 06:09:04,0.06344000,0.92900000
2018-03-20 06:09:04,0.06354000,0.03900000
2018-03-20 06:09:04,0.06346000,0.10000000
2018-03-20 06:09:04,0.06346000,1.63500000
2018-03-20 06:09:04,0.06345900,1.84600000
2018-03-20 06:09:04,0.06339900,0.25000000
2018-03-20 06:09:04,0.06345900,0.85000000
2018-03-20 06:09:05,0.06345800,0.20800000
2018-03-20 06:09:05,0.06345800,0.07800000
2018-03-20 06:09:05,0.06345800,0.72600000
2018-03-20 06:09:05,0.06345800,0.05300000
2018-03-20 06:09:05,0.06345900,0.41400000
2018-03-20 06:09:05,0.06345800,0.05200000
2018-03-20 06:09:05,0.06345800,0.05100000
2018-03-20 06:09:05,0.06345800,0.05700000
2018-03-20 06:09:05,0.06345900,0.33500000
2018-03-20 06:09:05,0.06345800,0.30700000
2018-03-20 06:09:05,0.06345800,0.05700000
2018-03-20 06:09:05,0.06345800,0.13400000
2018-03-20 06:09:06,0.06345700,0.12600000
2018-03-20 06:09:06,0.06345700,0.08100000
2018-03-20 06:09:07,0.06340000,0.15100000
2018-03-20 06:09:07,0.06340000,0.39000000
2018-03-20 06:09:07,0.06339900,0.04000000
2018-03-20 06:09:07,0.06345600,0.11300000
2018-03-20 06:09:08,0.06345600,0.08700000
2018-03-20 06:09:08,0.06345700,0.22200000
2018-03-20 06:09:08,0.06345900,1.66000000
2018-03-20 06:09:08,0.06337700,0.37600000
2018-03-20 06:09:09,0.06344900,0.90500000
2018-03-20 06:09:09,0.06345000,0.07000000
2018-03-20 06:09:09,0.06345500,0.02600000
2018-03-20 06:09:09,0.06345500,0.56000000
2018-03-20 06:09:10,0.06345000,0.07700000
2018-03-20 06:09:10,0.06345000,0.00100000
2018-03-20 06:09:11,0.06338000,0.00300000
2018-03-20 06:09:11,0.06344900,0.78200000
2018-03-20 06:09:11,0.06344900,0.21200000
2018-03-20 06:09:11,0.06345300,0.57000000
2018-03-20 06:09:11,0.06338100,0.02000000
2018-03-20 06:09:12,0.06345300,0.07800000
2018-03-20 06:09:13,0.06345300,0.73200000
2018-03-20 06:09:13,0.06338300,0.01700000
2018-03-20 06:09:13,0.06338300,0.05900000
2018-03-20 06:09:14,0.06344800,0.58700000
2018-03-20 06:09:14,0.06344800,0.26100000
2018-03-20 06:09:14,0.06338300,0.18700000
2018-03-20 06:09:14,0.06344800,0.00200000
2018-03-20 06:09:14,0.06344800,0.11000000
2018-03-20 06:09:14,0.06344800,0.04700000
2018-03-20 06:09:14,0.06344800,0.15700000
2018-03-20 06:09:14,0.06345000,0.24600000
2018-03-20 06:09:14,0.06345000,0.75400000
2018-03-20 06:09:14,0.06345400,0.78200000
2018-03-20 06:09:14,0.06345000,0.02800000
2018-03-20 06:09:15,0.06345300,0.54500000
2018-03-20 06:09:15,0.06344800,0.02900000
2018-03-20 06:09:15,0.06345300,0.36800000
2018-03-20 06:09:15,0.06345300,0.07800000
2018-03-20 06:09:16,0.06344900,0.07200000
2018-03-20 06:09:16,0.06345300,0.21000000
2018-03-20 06:09:16,0.06345300,0.04100000
2018-03-20 06:09:16,0.06345100,0.82200000
2018-03-20 06:09:16,0.06344900,1.03200000
2018-03-20 06:09:16,0.06344900,0.27100000
2018-03-20 06:09:17,0.06344900,0.02500000
2018-03-20 06:09:17,0.06344900,0.04700000
2018-03-20 06:09:17,0.06345300,0.14500000
2018-03-20 06:09:17,0.06345400,0.59000000
2018-03-20 06:09:17,0.06344800,0.24200000
2018-03-20 06:09:17,0.06345400,0.37100000
2018-03-20 06:09:17,0.06345500,0.41100000
2018-03-20 06:09:18,0.06344800,0.05000000
2018-03-20 06:09:19,0.06344800,0.00100000
2018-03-20 06:09:19,0.06344700,0.04400000
2018-03-20 06:09:19,0.06344700,0.00200000
2018-03-20 06:09:19,0.06344900,0.04300000
2018-03-20 06:09:19,0.06340200,0.89600000
2018-03-20 06:09:19,0.06340200,0.00900000
2018-03-20 06:09:19,0.06338000,0.10000000
2018-03-20 06:09:19,0.06337500,0.15900000
2018-03-20 06:09:19,0.06336400,1.78300000
2018-03-20 06:09:19,0.06335000,0.10200000
2018-03-20 06:09:19,0.06336400,0.08400000
2018-03-20 06:09:19,0.06336400,0.11800000
2018-03-20 06:09:19,0.06336400,0.15200000
2018-03-20 06:09:19,0.06336400,0.12900000
2018-03-20 06:09:19,0.06336400,0.03900000
2018-03-20 06:09:19,0.06336400,0.02700000
2018-03-20 06:09:19,0.06336400,0.61700000
2018-03-20 06:09:19,0.06338000,0.10900000
2018-03-20 06:09:19,0.06344900,0.00900000
2018-03-20 06:09:19,0.06344900,0.00300000
2018-03-20 06:09:19,0.06345500,0.04200000
2018-03-20 06:09:19,0.06345600,0.54100000
2018-03-20 06:09:19,0.06345800,0.03000000
2018-03-20 06:09:19,0.06345800,0.05300000
2018-03-20 06:09:20,0.06335000,0.02500000
2018-03-20 06:09:20,0.06345600,0.02700000
2018-03-20 06:09:20,0.06345500,0.78200000
2018-03-20 06:09:20,0.06345500,0.14900000
2018-03-20 06:09:21,0.06340200,0.02100000
2018-03-20 06:09:21,0.06340200,0.73300000
2018-03-20 06:09:21,0.06340200,0.11100000
2018-03-20 06:09:21,0.06340200,0.21900000
2018-03-20 06:09:21,0.06340200,0.07800000
2018-03-20 06:09:22,0.06340200,0.57600000
2018-03-20 06:09:22,0.06340200,0.11400000
2018-03-20 06:09:22,0.06345600,0.08600000
2018-03-20 06:09:22,0.06345600,1.66200000
2018-03-20 06:09:22,0.06345400,1.38100000
2018-03-20 06:09:23,0.06345400,2.14900000
2018-03-20 06:09:23,0.06345500,1.56700000
2018-03-20 06:09:23,0.06345300,0.30000000
2018-03-20 06:09:23,0.06345500,0.48200000
2018-03-20 06:09:23,0.06345300,0.11100000
2018-03-20 06:09:23,0.06345300,0.28900000
2018-03-20 06:09:23,0.06345500,0.49300000
2018-03-20 06:09:23,0.06345300,0.30000000
2018-03-20 06:09:23,0.06345600,0.74300000
2018-03-20 06:09:24,0.06340300,0.60300000
2018-03-20 06:09:24,0.06345300,0.02300000
2018-03-20 06:09:24,0.06345300,0.11100000
2018-03-20 06:09:24,0.06345300,0.07800000
2018-03-20 06:09:24,0.06345300,0.01900000
2018-03-20 06:09:25,0.06340200,0.11000000
2018-03-20 06:09:25,0.06345300,0.11100000
2018-03-20 06:09:25,0.06345300,0.29200000
2018-03-20 06:09:26,0.06345300,0.31300000
2018-03-20 06:09:26,0.06345600,0.25700000
2018-03-20 06:09:26,0.06345800,0.21200000
2018-03-20 06:09:26,0.06345300,0.30000000
2018-03-20 06:09:26,0.06345800,0.48200000
2018-03-20 06:09:26,0.06345300,0.30000000
2018-03-20 06:09:26,0.06345800,1.30700000
2018-03-20 06:09:27,0.06345300,0.07800000
2018-03-20 06:09:27,0.06345300,0.04300000
2018-03-20 06:09:28,0.06345300,0.07800000
2018-03-20 06:09:28,0.06345700,0.10000000
2018-03-20 06:09:28,0.06345700,0.10000000
2018-03-20 06:09:28,0.06345700,0.20300000
2018-03-20 06:09:28,0.06345700,0.15800000
2018-03-20 06:09:28,0.06340200,0.00100000
2018-03-20 06:09:28,0.06339500,0.33000000
2018-03-20 06:09:28,0.06339500,0.03800000
2018-03-20 06:09:28,0.06339500,0.52200000
2018-03-20 06:09:28,0.06337500,0.02900000
2018-03-20 06:09:28,0.06345800,0.11100000
2018-03-20 06:09:28,0.06345800,1.17800000
2018-03-20 06:09:29,0.06339500,0.89100000
2018-03-20 06:09:29,0.06337500,0.21000000
2018-03-20 06:09:29,0.06345300,0.20400000
2018-03-20 06:09:29,0.06345300,0.77300000
2018-03-20 06:09:29,0.06345300,0.02300000
2018-03-20 06:09:29,0.06345700,0.75900000
2018-03-20 06:09:29,0.06345700,0.11100000
2018-03-20 06:09:29,0.06345200,0.78200000
2018-03-20 06:09:29,0.06339600,0.37500000
2018-03-20 06:09:29,0.06339600,1.38100000
2018-03-20 06:09:29,0.06337700,0.03200000
2018-03-20 06:09:30,0.06345200,0.23100000
2018-03-20 06:09:30,0.06345200,0.47200000
2018-03-20 06:09:30,0.06345200,0.07800000
2018-03-20 06:09:31,0.06345200,0.20000000
2018-03-20 06:09:31,0.06345600,0.12000000
2018-03-20 06:09:32,0.06345600,0.43100000
2018-03-20 06:09:32,0.06345600,0.51300000
2018-03-20 06:09:32,0.06345700,0.04700000
2018-03-20 06:09:32,0.06345800,0.28600000
2018-03-20 06:09:32,0.06345900,0.78200000
2018-03-20 06:09:32,0.06345800,0.15300000
2018-03-20 06:09:33,0.06345800,0.69700000
2018-03-20 06:09:33,0.06345900,0.11100000
2018-03-20 06:09:33,0.06345900,5.11000000
2018-03-20 06:09:33,0.06345900,0.08800000
2018-03-20 06:09:33,0.06345900,0.05300000
2018-03-20 06:09:34,0.06345900,0.47400000
2018-03-20 06:09:34,0.06345900,0.05100000
2018-03-20 06:09:35,0.06346000,1.00100000
2018-03-20 06:09:35,0.06346000,0.28200000
2018-03-20 06:09:35,0.06347000,0.50000000
2018-03-20 06:09:35,0.06347000,0.10800000
2018-03-20 06:09:35,0.06347000,0.14900000
2018-03-20 06:09:35,0.06347400,0.63300000
2018-03-20 06:09:35,0.06350000,1.57000000
2018-03-20 06:09:35,0.06350800,0.33900000
2018-03-20 06:09:35,0.06351500,0.87500000
2018-03-20 06:09:35,0.06351600,0.33400000
2018-03-20 06:09:35,0.06351900,0.32900000
2018-03-20 06:09:35,0.06352000,0.41700000
2018-03-20 06:09:35,0.06353700,0.32000000
2018-03-20 06:09:35,0.06353800,0.41900000
2018-03-20 06:09:35,0.06354400,0.40900000
2018-03-20 06:09:35,0.06354500,0.04000000
2018-03-20 06:09:35,0.06354800,2.00000000
2018-03-20 06:09:35,0.06355400,0.02800000
2018-03-20 06:09:35,0.06355500,0.12000000
2018-03-20 06:09:35,0.06355900,0.34800000
2018-03-20 06:09:35,0.06357400,0.31200000
2018-03-20 06:09:35,0.06357500,0.60800000
2018-03-20 06:09:35,0.06358300,0.15900000
2018-03-20 06:09:35,0.06358400,0.28200000
2018-03-20 06:09:36,0.06346000,0.11000000
2018-03-20 06:09:36,0.06349900,0.56000000
2018-03-20 06:09:36,0.06349900,0.07800000
2018-03-20 06:09:37,0.06347000,0.19900000
2018-03-20 06:09:37,0.06347000,0.00100000
2018-03-20 06:09:37,0.06346600,0.06200000
2018-03-20 06:09:37,0.06346600,0.52300000
2018-03-20 06:09:37,0.06346600,0.07100000
2018-03-20 06:09:38,0.06346600,0.24700000
2018-03-20 06:09:39,0.06346600,0.02500000
2018-03-20 06:09:40,0.06346600,0.02900000
2018-03-20 06:09:40,0.06346600,0.04300000
2018-03-20 06:09:40,0.06346500,0.00700000
2018-03-20 06:09:41,0.06346600,0.02900000
2018-03-20 06:09:42,0.06346600,0.02900000
2018-03-20 06:09:42,0.06351900,0.38200000
2018-03-20 06:09:43,0.06346700,0.02900000
2018-03-20 06:09:44,0.06346100,0.02900000
2018-03-20 06:09:44,0.06355100,0.60300000
2018-03-20 06:09:44,0.06355200,0.17900000
2018-03-20 06:09:44,0.06347000,0.06000000
2018-03-20 06:09:46,0.06353800,1.84200000
2018-03-20 06:09:46,0.06347300,0.60200000
2018-03-20 06:09:46,0.06347200,0.72200000
2018-03-20 06:09:46,0.06347000,0.83000000
2018-03-20 06:09:46,0.06346200,0.20000000
2018-03-20 06:09:46,0.06346100,0.60800000
2018-03-20 06:09:46,0.06346000,0.00100000
2018-03-20 06:09:46,0.06345900,18.66600000
2018-03-20 06:09:46,0.06345900,0.10000000
2018-03-20 06:09:46,0.06345900,0.10000000
2018-03-20 06:09:46,0.06345900,0.10000000
2018-03-20 06:09:46,0.06345900,0.03000000
2018-03-20 06:09:46,0.06345900,0.10000000
2018-03-20 06:09:46,0.06345900,0.03000000
2018-03-20 06:09:46,0.06345900,0.06500000
2018-03-20 06:09:47,0.06346200,0.02900000
2018-03-20 06:09:47,0.06346200,0.10600000
2018-03-20 06:09:47,0.06346100,0.02800000
2018-03-20 06:09:47,0.06345800,0.18600000
2018-03-20 06:09:48,0.06345800,0.29300000
2018-03-20 06:09:48,0.06345800,0.00100000
2018-03-20 06:09:48,0.06345300,0.02800000
2018-03-20 06:09:48,0.06345300,0.17100000
2018-03-20 06:09:48,0.06346700,0.11100000
2018-03-20 06:09:50,0.06346700,0.61900000
2018-03-20 06:09:50,0.06345400,0.08200000
2018-03-20 06:09:50,0.06345400,0.02300000
2018-03-20 06:09:50,0.06345400,0.12700000
2018-03-20 06:09:51,0.06345500,0.03000000
2018-03-20 06:09:51,0.06345400,1.08000000
2018-03-20 06:09:51,0.06345500,0.13000000
2018-03-20 06:09:51,0.06345400,0.02900000
2018-03-20 06:09:51,0.06345500,0.03200000
2018-03-20 06:09:51,0.06345500,0.07600000
2018-03-20 06:09:51,0.06345500,0.12100000
2018-03-20 06:09:51,0.06346700,0.62000000
2018-03-20 06:09:51,0.06347000,0.07000000
2018-03-20 06:09:51,0.06354800,0.47100000
2018-03-20 06:09:51,0.06357100,0.08000000
2018-03-20 06:09:51,0.06358900,0.45900000
2018-03-20 06:09:51,0.06359000,0.23000000
2018-03-20 06:09:51,0.06359300,0.83000000
2018-03-20 06:09:51,0.06360000,0.32500000
2018-03-20 06:09:51,0.06360800,0.07000000
2018-03-20 06:09:51,0.06361000,1.38600000
2018-03-20 06:09:51,0.06361200,0.52500000
2018-03-20 06:09:52,0.06350000,0.30900000
2018-03-20 06:09:52,0.06350000,0.00100000
2018-03-20 06:09:52,0.06345500,0.00100000
2018-03-20 06:09:52,0.06345300,0.00100000
2018-03-20 06:09:52,0.06345000,0.03400000
2018-03-20 06:09:52,0.06345000,0.00500000
2018-03-20 06:09:52,0.06343000,0.02700000
2018-03-20 06:09:52,0.06343000,0.02900000
2018-03-20 06:09:52,0.06345500,0.02200000
2018-03-20 06:09:52,0.06345500,0.07800000
2018-03-20 06:09:52,0.06343000,0.06200000
2018-03-20 06:09:52,0.06361200,0.60100000
2018-03-20 06:09:52,0.06361100,0.22900000
2018-03-20 06:09:52,0.06346600,0.10300000
2018-03-20 06:09:52,0.06361000,0.05200000
2018-03-20 06:09:53,0.06347300,0.30700000
2018-03-20 06:09:54,0.06347500,0.34100000
2018-03-20 06:09:54,0.06347500,0.55000000
2018-03-20 06:09:54,0.06347500,0.33800000
2018-03-20 06:09:54,0.06347500,0.09700000
2018-03-20 06:09:54,0.06347500,0.02000000
2018-03-20 06:09:54,0.06347100,0.01100000
2018-03-20 06:09:55,0.06347100,0.02800000
2018-03-20 06:09:56,0.06349500,0.18900000
2018-03-20 06:09:56,0.06349500,0.22300000
2018-03-20 06:09:56,0.06349500,1.08700000
2018-03-20 06:09:57,0.06349500,0.10600000
2018-03-20 06:09:58,0.06349500,0.15400000
2018-03-20 06:09:59,0.06349500,0.74400000
2018-03-20 06:09:59,0.06349500,0.12600000
2018-03-20 06:09:59,0.06349500,0.24500000
2018-03-20 06:09:59,0.06349500,0.15900000
2018-03-20 06:10:01,0.06349500,0.28000000
2018-03-20 06:10:01,0.06349500,0.08500000
2018-03-20 06:10:01,0.06349500,1.57600000
2018-03-20 06:10:01,0.06349500,0.21600000
2018-03-20 06:10:01,0.06348000,0.29800000
2018-03-20 06:10:01,0.06348000,0.21500000
2018-03-20 06:10:02,0.06347100,0.01600000
2018-03-20 06:10:02,0.06347100,0.27400000
2018-03-20 06:10:02,0.06347100,0.00100000
2018-03-20 06:10:02,0.06346800,0.27300000
2018-03-20 06:10:02,0.06346800,0.33300000
2018-03-20 06:10:03,0.06346800,0.00200000
2018-03-20 06:10:03,0.06346700,0.11100000
2018-03-20 06:10:03,0.06346000,0.01100000
2018-03-20 06:10:04,0.06346000,0.26800000
2018-03-20 06:10:04,0.06350000,0.09900000
2018-03-20 06:10:04,0.06350000,1.31400000
2018-03-20 06:10:04,0.06350000,0.80000000
2018-03-20 06:10:04,0.06350000,0.46700000
2018-03-20 06:10:04,0.06346000,0.79900000
2018-03-20 06:10:05,0.06348000,0.01600000
2018-03-20 06:10:05,0.06348000,0.00100000
2018-03-20 06:10:05,0.06346000,0.01500000
2018-03-20 06:10:05,0.06346200,0.10300000
2018-03-20 06:10:05,0.06346700,0.92600000
2018-03-20 06:10:05,0.06346700,0.13400000
2018-03-20 06:10:05,0.06351800,0.14700000
2018-03-20 06:10:06,0.06346000,0.10500000
2018-03-20 06:10:06,0.06346000,0.15800000
2018-03-20 06:10:06,0.06345200,0.04600000
2018-03-20 06:10:08,0.06351800,0.22600000
2018-03-20 06:10:08,0.06352300,0.13700000
2018-03-20 06:10:09,0.06345400,0.27100000
2018-03-20 06:10:10,0.06352200,0.30200000
2018-03-20 06:10:10,0.06345500,0.25400000
2018-03-20 06:10:11,0.06351800,0.50000000
2018-03-20 06:10:12,0.06351800,0.04700000
2018-03-20 06:10:13,0.06348700,6.51400000
2018-03-20 06:10:13,0.06345600,2.29400000
2018-03-20 06:10:14,0.06345200,0.03300000
2018-03-20 06:10:15,0.06345200,0.08300000
2018-03-20 06:10:17,0.06345000,0.19000000
2018-03-20 06:10:17,0.06351700,0.50000000
2018-03-20 06:10:18,0.06345000,0.10200000
2018-03-20 06:10:20,0.06345000,0.27300000
2018-03-20 06:10:24,0.06351500,0.33000000
2018-03-20 06:10:24,0.06351600,2.05500000
2018-03-20 06:10:24,0.06351600,0.33000000
2018-03-20 06:10:24,0.06351500,0.33000000
2018-03-20 06:10:24,0.06351600,1.36000000
2018-03-20 06:10:24,0.06351800,0.68500000
2018-03-20 06:10:24,0.06351500,0.02000000
2018-03-20 06:10:26,0.06345100,0.09800000
2018-03-20 06:10:27,0.06345200,1.57400000
2018-03-20 06:10:27,0.06345200,3.42600000
2018-03-20 06:10:28,0.06345200,1.57400000
2018-03-20 06:10:28,0.06345200,3.42600000
2018-03-20 06:10:28,0.06345000,0.10400000
2018-03-20 06:10:29,0.06345200,0.04700000
2018-03-20 06:10:29,0.06345000,0.27100000
2018-03-20 06:10:30,0.06344700,0.01600000
2018-03-20 06:10:30,0.06344700,0.02500000
2018-03-20 06:10:30,0.06344700,0.01200000
2018-03-20 06:10:30,0.06344700,0.01600000
2018-03-20 06:10:31,0.06344700,0.05000000
2018-03-20 06:10:31,0.06349500,5.18700000
2018-03-20 06:10:35,0.06345000,5.95200000
2018-03-20 06:10:35,0.06344700,0.00100000
2018-03-20 06:10:35,0.06343700,3.29700000
2018-03-20 06:10:36,0.06343700,0.27800000
2018-03-20 06:10:36,0.06343900,0.38200000
2018-03-20 06:10:36,0.06343800,0.01700000
2018-03-20 06:10:36,0.06351300,0.47200000
2018-03-20 06:10:36,0.06344000,0.07000000
2018-03-20 06:10:37,0.06344000,0.51800000
2018-03-20 06:10:37,0.06351200,0.10400000
2018-03-20 06:10:37,0.06344000,0.90000000
2018-03-20 06:10:38,0.06344100,0.90000000
2018-03-20 06:10:38,0.06345000,0.03200000
2018-03-20 06:10:38,0.06345000,0.02700000
2018-03-20 06:10:38,0.06345000,0.05100000
2018-03-20 06:10:38,0.06345000,1.57500000
2018-03-20 06:10:38,0.06344100,0.21500000
2018-03-20 06:10:38,0.06345000,0.69400000
2018-03-20 06:10:38,0.06345000,0.31100000
2018-03-20 06:10:38,0.06345000,0.58300000
2018-03-20 06:10:38,0.06345000,0.35300000
2018-03-20 06:10:38,0.06345000,0.78300000
2018-03-20 06:10:39,0.06345000,0.59100000
2018-03-20 06:10:39,0.06350200,0.94800000
2018-03-20 06:10:39,0.06351100,3.43100000
2018-03-20 06:10:39,0.06343900,0.52300000
2018-03-20 06:10:39,0.06343700,0.26500000
2018-03-20 06:10:39,0.06343700,1.16000000
2018-03-20 06:10:40,0.06343500,0.50700000
2018-03-20 06:10:40,0.06343500,0.04700000
2018-03-20 06:10:40,0.06343500,1.44500000
2018-03-20 06:10:41,0.06345000,0.06900000
2018-03-20 06:10:41,0.06345000,0.00100000
2018-03-20 06:10:41,0.06350700,0.06800000
2018-03-20 06:10:41,0.06343500,0.00100000
2018-03-20 06:10:41,0.06341000,0.19200000
2018-03-20 06:10:41,0.06341000,0.07900000
2018-03-20 06:10:43,0.06341300,0.42200000
2018-03-20 06:10:44,0.06350200,0.56000000
2018-03-20 06:10:44,0.06350200,0.11100000
2018-03-20 06:10:45,0.06350000,1.32700000
2018-03-20 06:10:46,0.06342100,0.06900000
2018-03-20 06:10:46,0.06342200,0.06300000
2018-03-20 06:10:47,0.06349900,0.10000000
2018-03-20 06:10:47,0.06342500,0.93700000
2018-03-20 06:10:47,0.06348000,0.01700000
2018-03-20 06:10:48,0.06342600,0.52300000
2018-03-20 06:10:48,0.06347900,0.06100000
2018-03-20 06:10:50,0.06345000,0.01700000
2018-03-20 06:10:50,0.06342600,0.03700000
2018-03-20 06:10:50,0.06345000,0.09400000
2018-03-20 06:10:50,0.06345000,0.32900000
2018-03-20 06:10:50,0.06345000,4.56000000
2018-03-20 06:10:51,0.06345000,0.16300000
2018-03-20 06:10:51,0.06345000,0.13600000
2018-03-20 06:10:52,0.06345000,0.48100000
2018-03-20 06:10:53,0.06347800,0.04100000
2018-03-20 06:10:53,0.06348000,0.11600000
2018-03-20 06:10:55,0.06346900,0.10100000
2018-03-20 06:10:55,0.06346900,0.29100000
2018-03-20 06:10:55,0.06346900,0.08800000
2018-03-20 06:10:55,0.06345000,0.00100000
2018-03-20 06:10:55,0.06340300,0.08700000
2018-03-20 06:10:55,0.06340300,0.02900000
2018-03-20 06:10:55,0.06348000,0.07800000
2018-03-20 06:10:56,0.06347900,0.11100000
2018-03-20 06:10:56,0.06347800,0.13700000
2018-03-20 06:10:57,0.06347800,0.11100000
2018-03-20 06:10:57,0.06345000,0.10000000
2018-03-20 06:10:57,0.06345000,0.02000000
2018-03-20 06:10:58,0.06345000,0.11100000
2018-03-20 06:10:58,0.06345000,4.76900000
2018-03-20 06:10:59,0.06346500,0.02700000
2018-03-20 06:10:59,0.06346500,0.11100000
2018-03-20 06:11:00,0.06347800,0.74500000
2018-03-20 06:11:00,0.06348000,1.77400000
2018-03-20 06:11:00,0.06348200,0.33000000
2018-03-20 06:11:00,0.06348700,0.15100000
2018-03-20 06:11:00,0.06347800,0.11000000
2018-03-20 06:11:00,0.06347800,0.00100000
2018-03-20 06:11:00,0.06345000,0.01100000
2018-03-20 06:11:00,0.06340600,0.05600000
2018-03-20 06:11:01,0.06348800,0.20000000
2018-03-20 06:11:01,0.06348900,1.03400000
2018-03-20 06:11:01,0.06341000,0.07000000
2018-03-20 06:11:01,0.06340900,3.59400000
2018-03-20 06:11:01,0.06340800,1.33600000
2018-03-20 06:11:02,0.06348700,1.41800000
2018-03-20 06:11:02,0.06348900,1.25900000
2018-03-20 06:11:03,0.06348500,0.01600000
2018-03-20 06:11:03,0.06348500,1.12200000
2018-03-20 06:11:03,0.06348600,0.27300000
2018-03-20 06:11:03,0.06348700,2.59400000
2018-03-20 06:11:03,0.06348800,0.51900000
2018-03-20 06:11:03,0.06348900,0.04100000
2018-03-20 06:11:04,0.06348000,0.07000000
2018-03-20 06:11:04,0.06348900,0.02300000
2018-03-20 06:11:04,0.06348900,0.09300000
2018-03-20 06:11:06,0.06341600,0.85100000
2018-03-20 06:11:06,0.06341500,3.39000000
2018-03-20 06:11:06,0.06341300,0.27000000
2018-03-20 06:11:06,0.06341100,0.33000000
2018-03-20 06:11:06,0.06341000,0.07000000
2018-03-20 06:11:06,0.06340800,0.08900000
2018-03-20 06:11:07,0.06348900,0.13300000
2018-03-20 06:11:07,0.06348800,0.47500000
2018-03-20 06:11:07,0.06348900,0.01300000
2018-03-20 06:11:07,0.06348800,0.63000000
2018-03-20 06:11:10,0.06348700,0.47900000
2018-03-20 06:11:10,0.06348700,0.16100000
2018-03-20 06:11:11,0.06348600,0.10200000
2018-03-20 06:11:12,0.06348000,0.07000000
2018-03-20 06:11:12,0.06348600,0.85100000
2018-03-20 06:11:12,0.06348800,0.33900000
2018-03-20 06:11:13,0.06348900,0.39700000
2018-03-20 06:11:13,0.06349500,0.33000000
2018-03-20 06:11:13,0.06349800,0.92000000
2018-03-20 06:11:14,0.06342100,0.13600000
2018-03-20 06:11:14,0.06342100,0.93000000
2018-03-20 06:11:14,0.06341600,0.13500000
2018-03-20 06:11:14,0.06341600,0.44600000
2018-03-20 06:11:14,0.06349400,0.23200000
2018-03-20 06:11:14,0.06349500,0.33000000
2018-03-20 06:11:14,0.06350000,0.58400000
2018-03-20 06:11:15,0.06342200,0.16400000
2018-03-20 06:11:16,0.06342300,0.22500000
2018-03-20 06:11:16,0.06342300,0.19500000
2018-03-20 06:11:16,0.06342300,0.04400000
2018-03-20 06:11:16,0.06349100,0.10000000
2018-03-20 06:11:17,0.06342400,5.00000000
2018-03-20 06:11:18,0.06348900,0.34700000
2018-03-20 06:11:18,0.06349000,0.55100000
2018-03-20 06:11:18,0.06349100,0.06400000
2018-03-20 06:11:18,0.06349200,0.14600000
2018-03-20 06:11:18,0.06349800,0.03200000
2018-03-20 06:11:18,0.06342200,0.26900000
2018-03-20 06:11:18,0.06342200,0.00100000
2018-03-20 06:11:18,0.06342000,0.09500000
2018-03-20 06:11:18,0.06342000,0.28400000
2018-03-20 06:11:19,0.06342300,0.10800000
2018-03-20 06:11:19,0.06342300,0.03900000
2018-03-20 06:11:19,0.06349700,0.53500000
2018-03-20 06:11:20,0.06349300,0.11000000
2018-03-20 06:11:20,0.06349300,0.11800000
2018-03-20 06:11:21,0.06342400,1.47900000
2018-03-20 06:11:22,0.06342400,0.03200000
2018-03-20 06:11:23,0.06342500,0.15200000
2018-03-20 06:11:23,0.06342500,0.19300000
2018-03-20 06:11:23,0.06349200,0.04000000
2018-03-20 06:11:23,0.06349300,0.62300000
2018-03-20 06:11:23,0.06349900,0.30000000
2018-03-20 06:11:23,0.06350000,0.26400000
2018-03-20 06:11:23,0.06342500,0.02500000
2018-03-20 06:11:24,0.06342500,1.21500000
2018-03-20 06:11:26,0.06342500,0.36100000
2018-03-20 06:11:26,0.06342500,0.63900000
2018-03-20 06:11:26,0.06342000,0.00100000
2018-03-20 06:11:26,0.06341600,0.13000000
2018-03-20 06:11:26,0.06341500,0.05700000
2018-03-20 06:11:26,0.06342500,0.10200000
2018-03-20 06:11:27,0.06342500,0.12600000
2018-03-20 06:11:27,0.06342500,0.04400000
2018-03-20 06:11:27,0.06349100,0.07800000
2018-03-20 06:11:28,0.06342600,0.31900000
2018-03-20 06:11:31,0.06342000,0.02500000
2018-03-20 06:11:33,0.06342000,0.33100000
2018-03-20 06:11:33,0.06342200,0.31500000
2018-03-20 06:11:33,0.06342200,0.04900000
2018-03-20 06:11:33,0.06348700,0.13700000
2018-03-20 06:11:33,0.06348700,0.04800000
2018-03-20 06:11:34,0.06348600,0.01800000
2018-03-20 06:11:34,0.06348600,2.98300000
2018-03-20 06:11:34,0.06348400,0.27800000
2018-03-20 06:11:34,0.06348500,0.27300000
2018-03-20 06:11:34,0.06348600,0.70900000
2018-03-20 06:11:34,0.06348500,0.54400000
2018-03-20 06:11:35,0.06341200,0.07000000
2018-03-20 06:11:35,0.06348500,0.14600000
2018-03-20 06:11:36,0.06341400,0.08400000
2018-03-20 06:11:36,0.06348400,0.04700000
2018-03-20 06:11:36,0.06348500,0.14700000
2018-03-20 06:11:36,0.06348800,0.45200000
2018-03-20 06:11:36,0.06349000,0.27200000
2018-03-20 06:11:36,0.06350000,0.16900000
2018-03-20 06:11:36,0.06349000,0.39600000
2018-03-20 06:11:36,0.06349000,0.12200000
2018-03-20 06:11:36,0.06349000,0.40000000
2018-03-20 06:11:36,0.06341500,0.05100000
2018-03-20 06:11:37,0.06348300,0.16300000
2018-03-20 06:11:37,0.06342200,0.18500000
2018-03-20 06:11:38,0.06342200,0.33600000
2018-03-20 06:11:38,0.06341600,0.15100000
2018-03-20 06:11:39,0.06342100,0.09300000
2018-03-20 06:11:39,0.06342100,0.65200000
2018-03-20 06:11:40,0.06342100,0.11900000
2018-03-20 06:11:40,0.06342100,0.70600000
2018-03-20 06:11:40,0.06342100,0.69700000
2018-03-20 06:11:41,0.06342100,0.00100000
2018-03-20 06:11:42,0.06342000,0.01900000
2018-03-20 06:11:42,0.06342000,3.72100000
2018-03-20 06:11:43,0.06342200,0.00100000
2018-03-20 06:11:43,0.06348200,0.65400000
2018-03-20 06:11:43,0.06348300,2.55800000
2018-03-20 06:11:43,0.06348300,0.00200000
2018-03-20 06:11:43,0.06349900,0.09400000
2018-03-20 06:11:43,0.06350000,1.04400000
2018-03-20 06:11:44,0.06342300,1.52300000
2018-03-20 06:11:45,0.06342300,1.57600000
2018-03-20 06:11:45,0.06342300,2.12400000
2018-03-20 06:11:46,0.06342500,1.57600000
2018-03-20 06:11:46,0.06342500,0.42300000
2018-03-20 06:11:47,0.06342500,1.21300000
2018-03-20 06:11:47,0.06342000,1.26000000
2018-03-20 06:11:48,0.06343000,0.07000000
2018-03-20 06:11:48,0.06342100,0.06900000
2018-03-20 06:11:48,0.06342100,0.62200000
2018-03-20 06:11:48,0.06342100,0.00100000
2018-03-20 06:11:48,0.06341100,0.09200000
2018-03-20 06:11:48,0.06349300,0.13100000
2018-03-20 06:11:49,0.06341300,1.57600000
2018-03-20 06:11:49,0.06341300,0.17000000
2018-03-20 06:11:49,0.06341200,0.05300000
2018-03-20 06:11:49,0.06348900,0.46200000
2018-03-20 06:11:50,0.06341300,1.57600000
2018-03-20 06:11:50,0.06341300,2.34600000
2018-03-20 06:11:50,0.06341200,0.80500000
2018-03-20 06:11:50,0.06341000,6.21800000
2018-03-20 06:11:50,0.06340200,1.01900000
2018-03-20 06:11:50,0.06339900,0.36600000
2018-03-20 06:11:50,0.06337500,0.00100000
2018-03-20 06:11:50,0.06336500,0.07600000
2018-03-20 06:11:51,0.06341200,0.69700000
2018-03-20 06:11:52,0.06348600,0.07400000
2018-03-20 06:11:53,0.06341400,0.12100000
2018-03-20 06:11:53,0.06341400,0.64600000
2018-03-20 06:11:54,0.06340800,0.12900000
2018-03-20 06:11:54,0.06341300,0.17100000
2018-03-20 06:11:54,0.06341300,0.10700000
2018-03-20 06:11:54,0.06341300,0.06100000
2018-03-20 06:11:54,0.06341300,0.11000000
2018-03-20 06:11:54,0.06341300,1.73600000
2018-03-20 06:11:55,0.06341000,0.06900000
2018-03-20 06:11:55,0.06336800,0.30000000
2018-03-20 06:11:55,0.06336700,0.09000000
2018-03-20 06:11:56,0.06336800,0.31100000
2018-03-20 06:11:58,0.06341300,0.11100000
2018-03-20 06:11:58,0.06341300,0.01600000
2018-03-20 06:11:58,0.06341300,0.40400000
2018-03-20 06:11:58,0.06341300,0.35400000
2018-03-20 06:11:59,0.06336800,0.06400000
2018-03-20 06:11:59,0.06336800,0.28000000
2018-03-20 06:11:59,0.06341300,0.10200000
2018-03-20 06:11:59,0.06348500,0.53600000
2018-03-20 06:11:59,0.06348500,0.10100000
2018-03-20 06:12:02,0.06340400,0.02000000
2018-03-20 06:12:03,0.06347800,0.38900000
2018-03-20 06:12:04,0.06340400,0.08400000
2018-03-20 06:12:04,0.06347700,1.22100000
2018-03-20 06:12:04,0.06347800,0.22800000
2018-03-20 06:12:04,0.06347900,0.59800000
2018-03-20 06:12:04,0.06347800,0.05900000
2018-03-20 06:12:04,0.06348000,0.01700000
2018-03-20 06:12:07,0.06341100,0.52000000
2018-03-20 06:12:08,0.06340100,0.23500000
2018-03-20 06:12:11,0.06340000,0.06900000
2018-03-20 06:12:11,0.06347500,0.00200000
2018-03-20 06:12:12,0.06340200,0.47000000
2018-03-20 06:12:13,0.06340300,0.77000000
2018-03-20 06:12:13,0.06347300,0.18800000
2018-03-20 06:12:14,0.06340200,0.32400000
2018-03-20 06:12:14,0.06340200,0.29900000
2018-03-20 06:12:15,0.06340300,0.14700000
2018-03-20 06:12:18,0.06340400,0.02900000
2018-03-20 06:12:19,0.06340100,0.02900000
2018-03-20 06:12:22,0.06346900,0.14700000
2018-03-20 06:12:23,0.06346900,0.27400000
2018-03-20 06:12:23,0.06340200,0.01600000
2018-03-20 06:12:23,0.06343400,1.23500000
2018-03-20 06:12:23,0.06346900,0.33500000
2018-03-20 06:12:23,0.06346900,0.22200000
2018-03-20 06:12:24,0.06340300,0.13800000
2018-03-20 06:12:24,0.06346800,0.04100000
2018-03-20 06:12:24,0.06347000,0.18700000
2018-03-20 06:12:25,0.06340300,0.86200000
2018-03-20 06:12:25,0.06340000,0.91300000
2018-03-20 06:12:26,0.06340000,1.57600000
2018-03-20 06:12:26,0.06340000,1.67300000
2018-03-20 06:12:27,0.06340100,0.03900000
2018-03-20 06:12:28,0.06346900,0.29400000
2018-03-20 06:12:30,0.06340200,0.06900000
2018-03-20 06:12:30,0.06340200,0.35500000
2018-03-20 06:12:31,0.06343500,1.18700000
2018-03-20 06:12:31,0.06340200,0.59000000
2018-03-20 06:12:31,0.06340200,0.14200000
2018-03-20 06:12:31,0.06340200,0.03100000
2018-03-20 06:12:31,0.06340000,0.07000000
2018-03-20 06:12:31,0.06340100,0.07100000
2018-03-20 06:12:31,0.06340100,0.14800000
2018-03-20 06:12:32,0.06340100,0.00100000
2018-03-20 06:12:32,0.06340100,0.02100000
2018-03-20 06:12:32,0.06340200,0.10700000
2018-03-20 06:12:32,0.06340200,0.28100000
2018-03-20 06:12:32,0.06340200,0.19100000
2018-03-20 06:12:35,0.06346200,0.11100000
2018-03-20 06:12:35,0.06340100,0.15300000
2018-03-20 06:12:35,0.06340100,1.57900000
2018-03-20 06:12:35,0.06340100,0.71900000
2018-03-20 06:12:37,0.06346200,0.16400000
2018-03-20 06:12:37,0.06346900,0.00100000
2018-03-20 06:12:37,0.06347000,0.58800000
2018-03-20 06:12:38,0.06340200,0.01700000
2018-03-20 06:12:39,0.06340200,0.25900000
2018-03-20 06:12:39,0.06340200,0.02900000
2018-03-20 06:12:40,0.06340200,0.11100000
2018-03-20 06:12:41,0.06342000,0.82200000
2018-03-20 06:12:41,0.06342000,0.03800000
2018-03-20 06:12:41,0.06342000,0.11100000
2018-03-20 06:12:44,0.06342100,0.01600000
2018-03-20 06:12:44,0.06344400,3.26600000
2018-03-20 06:12:44,0.06342100,0.97700000
2018-03-20 06:12:44,0.06342100,1.08100000
2018-03-20 06:12:45,0.06342000,0.45300000
2018-03-20 06:12:45,0.06342000,0.02900000
2018-03-20 06:12:45,0.06346300,0.02500000
2018-03-20 06:12:45,0.06346800,0.04000000
2018-03-20 06:12:45,0.06347000,0.17200000
2018-03-20 06:12:46,0.06342000,0.04000000
2018-03-20 06:12:47,0.06342000,0.44900000
2018-03-20 06:12:48,0.06342000,0.05800000
2018-03-20 06:12:48,0.06340200,0.05900000
2018-03-20 06:12:48,0.06345900,0.02700000
2018-03-20 06:12:48,0.06347000,0.02600000
2018-03-20 06:12:49,0.06342000,1.57600000
2018-03-20 06:12:49,0.06342000,0.42300000
2018-03-20 06:12:49,0.06342000,0.00100000
2018-03-20 06:12:49,0.06340200,0.04500000
2018-03-20 06:12:49,0.06340100,0.00100000
2018-03-20 06:12:49,0.06340100,0.06200000
2018-03-20 06:12:49,0.06340100,0.37400000
2018-03-20 06:12:49,0.06340100,0.05000000
2018-03-20 06:12:49,0.06340000,0.02400000
2018-03-20 06:12:49,0.06340000,0.02500000
2018-03-20 06:12:49,0.06340100,0.25200000
2018-03-20 06:12:49,0.06340100,0.63000000
2018-03-20 06:12:50,0.06340000,1.57600000
2018-03-20 06:12:50,0.06340100,0.08300000
2018-03-20 06:12:50,0.06340100,0.57300000
2018-03-20 06:12:50,0.06340000,1.88100000
2018-03-20 06:12:50,0.06340100,0.51600000
2018-03-20 06:12:50,0.06340000,0.08100000
2018-03-20 06:12:51,0.06340100,0.93300000
2018-03-20 06:12:51,0.06340100,0.20800000
2018-03-20 06:12:51,0.06340100,0.12400000
2018-03-20 06:12:51,0.06340000,0.34800000
2018-03-20 06:12:51,0.06340000,0.03900000
2018-03-20 06:12:51,0.06340000,0.20600000
2018-03-20 06:12:51,0.06340000,0.29500000
2018-03-20 06:12:52,0.06340000,1.57600000
2018-03-20 06:12:52,0.06340000,1.43900000
2018-03-20 06:12:52,0.06340000,2.82500000
2018-03-20 06:12:52,0.06340000,0.78900000
2018-03-20 06:12:52,0.06340100,0.14700000
2018-03-20 06:12:52,0.06340100,0.00100000
2018-03-20 06:12:52,0.06346100,0.19900000
2018-03-20 06:12:52,0.06340000,0.10700000
2018-03-20 06:12:53,0.06340000,1.57600000
2018-03-20 06:12:53,0.06340000,6.68400000
2018-03-20 06:12:53,0.06346100,0.06000000
2018-03-20 06:12:53,0.06340000,0.02700000
2018-03-20 06:12:54,0.06340000,0.77300000
2018-03-20 06:12:54,0.06340000,0.27300000
2018-03-20 06:12:54,0.06340900,0.06500000
2018-03-20 06:12:55,0.06340900,0.73400000
2018-03-20 06:12:55,0.06346100,0.01600000
2018-03-20 06:12:55,0.06346800,0.00400000
2018-03-20 06:12:57,0.06347000,0.13500000
2018-03-20 06:12:57,0.06347100,0.06000000
2018-03-20 06:12:57,0.06341000,0.52200000
2018-03-20 06:12:57,0.06340900,5.54800000
2018-03-20 06:12:57,0.06340000,3.26800000
2018-03-20 06:12:57,0.06340000,16.89200000
2018-03-20 06:12:57,0.06340000,0.52200000
2018-03-20 06:12:58,0.06340000,0.05500000
2018-03-20 06:12:59,0.06341000,0.03200000
2018-03-20 06:13:01,0.06340400,1.44800000
2018-03-20 06:13:01,0.06340900,0.87100000
2018-03-20 06:13:02,0.06341000,0.15500000
2018-03-20 06:13:02,0.06341000,0.04000000
2018-03-20 06:13:02,0.06340000,1.01200000
2018-03-20 06:13:04,0.06341000,0.01700000
2018-03-20 06:13:06,0.06340100,1.31800000
2018-03-20 06:13:06,0.06340000,0.57900000
2018-03-20 06:13:06,0.06340000,0.03000000
2018-03-20 06:13:07,0.06341000,0.26900000
2018-03-20 06:13:07,0.06340000,0.02200000
2018-03-20 06:13:09,0.06341000,0.00900000
2018-03-20 06:13:09,0.06346800,0.75700000
2018-03-20 06:13:14,0.06346900,0.02000000
2018-03-20 06:13:17,0.06340000,0.02800000
2018-03-20 06:13:18,0.06346800,0.26600000
2018-03-20 06:13:18,0.06346800,0.17100000
2018-03-20 06:13:19,0.06346800,0.14900000
2018-03-20 06:13:20,0.06340200,0.08100000
2018-03-20 06:13:20,0.06340000,0.01000000
2018-03-20 06:13:23,0.06340100,0.88900000
2018-03-20 06:13:23,0.06340100,1.50400000
2018-03-20 06:13:24,0.06346900,1.13700000
2018-03-20 06:13:25,0.06340000,0.04800000
2018-03-20 06:13:27,0.06346900,0.22800000
2018-03-20 06:13:28,0.06346900,0.01800000
2018-03-20 06:13:29,0.06340200,0.03500000
2018-03-20 06:13:29,0.06340200,0.09900000
2018-03-20 06:13:29,0.06340200,0.06900000
2018-03-20 06:13:29,0.06340200,0.09900000
2018-03-20 06:13:29,0.06340200,0.11100000
2018-03-20 06:13:30,0.06340200,0.11100000
2018-03-20 06:13:34,0.06342000,0.11100000
2018-03-20 06:13:36,0.06342000,0.11100000
2018-03-20 06:13:36,0.06342000,0.02800000
2018-03-20 06:13:37,0.06346500,0.09300000
2018-03-20 06:13:37,0.06342000,0.11100000
2018-03-20 06:13:37,0.06346000,0.04100000
2018-03-20 06:13:38,0.06346000,0.26000000
2018-03-20 06:13:38,0.06346000,0.08300000
2018-03-20 06:13:38,0.06342000,0.42400000
2018-03-20 06:13:38,0.06342000,0.02800000
2018-03-20 06:13:38,0.06342000,0.09800000
2018-03-20 06:13:38,0.06342000,0.10400000
2018-03-20 06:13:38,0.06342000,0.14500000
2018-03-20 06:13:39,0.06346000,0.14000000
2018-03-20 06:13:39,0.06346500,0.03600000
2018-03-20 06:13:39,0.06346900,3.41500000
2018-03-20 06:13:39,0.06346900,0.19400000
2018-03-20 06:13:39,0.06346900,0.93100000
2018-03-20 06:13:39,0.06346900,0.08500000
2018-03-20 06:13:39,0.06347000,0.12400000
2018-03-20 06:13:39,0.06346900,0.25600000
2018-03-20 06:13:39,0.06346900,0.19800000
2018-03-20 06:13:39,0.06346900,2.23700000
2018-03-20 06:13:39,0.06346900,0.21900000
2018-03-20 06:13:39,0.06346900,0.21800000
2018-03-20 06:13:40,0.06346900,0.54500000
2018-03-20 06:13:40,0.06346900,14.05700000
2018-03-20 06:13:40,0.06342000,0.13300000
2018-03-20 06:13:40,0.06346900,0.04000000
2018-03-20 06:13:40,0.06347000,1.30700000
2018-03-20 06:13:41,0.06342000,0.08800000
2018-03-20 06:13:41,0.06342000,0.06600000
2018-03-20 06:13:42,0.06344400,0.22200000
2018-03-20 06:13:42,0.06346900,0.08500000
2018-03-20 06:13:43,0.06342000,0.11300000
2018-03-20 06:13:43,0.06342000,0.05600000
2018-03-20 06:13:44,0.06342000,0.38300000
2018-03-20 06:13:50,0.06347000,0.35300000
2018-03-20 06:13:50,0.06342000,0.00100000
2018-03-20 06:13:50,0.06340900,0.34300000
2018-03-20 06:13:50,0.06340900,0.00700000
2018-03-20 06:13:50,0.06340100,0.33800000
2018-03-20 06:13:51,0.06347000,0.14500000
2018-03-20 06:13:51,0.06340200,1.58000000
2018-03-20 06:13:51,0.06340200,1.13700000
2018-03-20 06:13:52,0.06347000,0.37300000
2018-03-20 06:13:52,0.06347000,0.37300000
2018-03-20 06:13:52,0.06347000,0.05200000
2018-03-20 06:13:52,0.06342200,1.49300000
2018-03-20 06:13:52,0.06347000,0.06300000
2018-03-20 06:13:54,0.06347000,0.04700000
2018-03-20 06:13:56,0.06347000,0.14500000
2018-03-20 06:13:57,0.06342300,0.67400000
2018-03-20 06:13:58,0.06347000,0.35600000
2018-03-20 06:13:58,0.06344000,0.14600000
2018-03-20 06:13:58,0.06346900,0.02300000
2018-03-20 06:13:59,0.06344000,4.85400000
2018-03-20 06:13:59,0.06342200,0.00100000
2018-03-20 06:13:59,0.06342000,0.09700000
2018-03-20 06:13:59,0.06342000,0.11600000
2018-03-20 06:14:05,0.06342000,0.87500000
2018-03-20 06:14:07,0.06342000,0.04600000
2018-03-20 06:14:08,0.06344000,0.99900000
2018-03-20 06:14:09,0.06344000,0.00100000
2018-03-20 06:14:09,0.06342000,0.10800000
2018-03-20 06:14:10,0.06342000,0.08300000
2018-03-20 06:14:11,0.06342000,0.73100000
2018-03-20 06:14:11,0.06342000,1.86400000
2018-03-20 06:14:12,0.06342000,0.21100000
2018-03-20 06:14:12,0.06346800,0.26400000
2018-03-20 06:14:14,0.06346800,0.17400000
2018-03-20 06:14:16,0.06342000,0.52100000
2018-03-20 06:14:16,0.06346900,0.01600000
2018-03-20 06:14:17,0.06346900,0.12600000
2018-03-20 06:14:18,0.06346900,0.24800000
2018-03-20 06:14:19,0.06346900,1.60400000
2018-03-20 06:14:20,0.06342000,0.01600000
2018-03-20 06:14:22,0.06346800,0.05900000
2018-03-20 06:14:24,0.06344400,0.16200000
2018-03-20 06:14:24,0.06346800,0.00100000
2018-03-20 06:14:24,0.06342000,0.23000000
2018-03-20 06:14:27,0.06342000,0.05300000
2018-03-20 06:14:27,0.06342000,0.32200000
2018-03-20 06:14:28,0.06342000,0.18700000
2018-03-20 06:14:32,0.06342000,0.03800000
2018-03-20 06:14:32,0.06342000,0.33900000
2018-03-20 06:14:32,0.06342000,0.40600000
2018-03-20 06:14:32,0.06342000,0.05400000
2018-03-20 06:14:33,0.06342000,1.12500000
2018-03-20 06:14:33,0.06342000,0.20800000
2018-03-20 06:14:34,0.06342000,0.48800000
2018-03-20 06:14:35,0.06346900,0.15900000
2018-03-20 06:14:35,0.06346900,0.05200000
2018-03-20 06:14:35,0.06346900,0.04700000
2018-03-20 06:14:35,0.06346900,0.50100000
2018-03-20 06:14:36,0.06342100,0.02300000
2018-03-20 06:14:36,0.06346900,1.96200000
2018-03-20 06:14:36,0.06346800,0.14400000
2018-03-20 06:14:37,0.06346800,0.15400000
2018-03-20 06:14:37,0.06346800,1.57400000
2018-03-20 06:14:37,0.06346800,0.15300000
2018-03-20 06:14:37,0.06346800,0.16000000
2018-03-20 06:14:37,0.06346800,2.49500000
2018-03-20 06:14:37,0.06346800,0.02900000
2018-03-20 06:14:37,0.06347000,0.05800000
2018-03-20 06:14:37,0.06346800,0.04800000
2018-03-20 06:14:37,0.06346800,0.04900000
2018-03-20 06:14:37,0.06346800,3.18400000
2018-03-20 06:14:37,0.06342100,0.54900000
2018-03-20 06:14:37,0.06342100,2.58100000
2018-03-20 06:14:37,0.06342000,1.49100000
2018-03-20 06:14:37,0.06342000,2.22500000
2018-03-20 06:14:37,0.06342000,9.68700000
2018-03-20 06:14:37,0.06340800,0.75700000
2018-03-20 06:14:37,0.06340000,18.71900000
2018-03-20 06:14:37,0.06340000,0.01900000
2018-03-20 06:14:37,0.06346800,0.64900000
2018-03-20 06:14:37,0.06346800,0.00600000
2018-03-20 06:14:38,0.06346200,0.25100000
2018-03-20 06:14:40,0.06346200,0.00100000
2018-03-20 06:14:42,0.06346100,0.06200000
2018-03-20 06:14:44,0.06346100,0.00100000
2018-03-20 06:14:44,0.06346200,0.02700000
2018-03-20 06:14:44,0.06346800,0.08300000
2018-03-20 06:14:45,0.06346800,0.39800000
2018-03-20 06:14:45,0.06346800,0.11100000
2018-03-20 06:14:45,0.06346800,1.26000000
2018-03-20 06:14:47,0.06346800,0.29200000
2018-03-20 06:14:47,0.06346800,0.19500000
2018-03-20 06:14:48,0.06346800,0.52500000
2018-03-20 06:14:48,0.06346800,0.01400000
2018-03-20 06:14:48,0.06347000,0.01300000
2018-03-20 06:14:48,0.06347000,0.01900000
2018-03-20 06:14:48,0.06347000,1.92300000
2018-03-20 06:14:52,0.06346900,0.06200000
2018-03-20 06:14:52,0.06346900,0.53300000
2018-03-20 06:14:54,0.06347000,0.04100000
2018-03-20 06:14:54,0.06341100,0.01800000
2018-03-20 06:14:54,0.06341100,0.01500000
2018-03-20 06:14:54,0.06340400,0.10800000
2018-03-20 06:14:55,0.06347000,1.57500000
2018-03-20 06:14:56,0.06347000,0.41700000
2018-03-20 06:14:57,0.06346900,1.26100000
2018-03-20 06:14:58,0.06340700,0.17100000
2018-03-20 06:14:58,0.06340700,0.02800000
2018-03-20 06:14:58,0.06346900,1.69600000
2018-03-20 06:14:59,0.06346900,1.21100000
2018-03-20 06:14:59,0.06340800,1.17400000
2018-03-20 06:14:59,0.06340800,3.42000000
2018-03-20 06:15:01,0.06347000,0.02400000
2018-03-20 06:15:02,0.06346800,0.53400000
2018-03-20 06:15:02,0.06346800,0.02600000
2018-03-20 06:15:02,0.06340600,0.02900000
2018-03-20 06:15:02,0.06346800,0.04600000
2018-03-20 06:15:02,0.06340600,0.02800000
2018-03-20 06:15:04,0.06340600,0.06300000
2018-03-20 06:15:04,0.06340600,0.02900000
2018-03-20 06:15:04,0.06346800,0.01700000
2018-03-20 06:15:05,0.06346800,0.19400000
2018-03-20 06:15:05,0.06340600,0.02900000
2018-03-20 06:15:06,0.06340700,0.01700000
2018-03-20 06:15:07,0.06346800,0.12000000
2018-03-20 06:15:07,0.06346800,0.10600000
2018-03-20 06:15:07,0.06346800,2.20700000
2018-03-20 06:15:08,0.06340800,5.85700000
2018-03-20 06:15:08,0.06340800,0.01600000
2018-03-20 06:15:09,0.06346800,0.02000000
2018-03-20 06:15:09,0.06340700,0.14700000
2018-03-20 06:15:09,0.06340700,0.02500000
2018-03-20 06:15:09,0.06340700,0.02800000
2018-03-20 06:15:11,0.06346100,0.39600000
2018-03-20 06:15:11,0.06346100,1.47000000
2018-03-20 06:15:11,0.06346800,0.00800000
2018-03-20 06:15:11,0.06346900,0.09500000
2018-03-20 06:15:11,0.06346900,1.94800000
2018-03-20 06:15:11,0.06346900,1.93100000
2018-03-20 06:15:11,0.06346900,0.92800000
2018-03-20 06:15:11,0.06347000,0.49700000
2018-03-20 06:15:11,0.06347000,0.12900000
2018-03-20 06:15:11,0.06347000,0.06800000
2018-03-20 06:15:12,0.06347000,0.07300000
2018-03-20 06:15:15,0.06340800,4.88200000
2018-03-20 06:15:16,0.06347000,2.68000000
2018-03-20 06:15:18,0.06340700,0.19300000
2018-03-20 06:15:18,0.06347000,2.45300000
2018-03-20 06:15:18,0.06340700,0.11000000
2018-03-20 06:15:18,0.06340600,0.17700000
2018-03-20 06:15:19,0.06340600,0.24000000
2018-03-20 06:15:19,0.06340600,0.66000000
2018-03-20 06:15:20,0.06340600,0.74300000
2018-03-20 06:15:20,0.06340600,0.10800000
2018-03-20 06:15:20,0.06340600,0.39800000
2018-03-20 06:15:22,0.06340600,2.49000000
2018-03-20 06:15:24,0.06346600,4.88200000
2018-03-20 06:15:24,0.06346800,0.54500000
2018-03-20 06:15:24,0.06346900,0.07400000
2018-03-20 06:15:24,0.06346900,0.57000000
2018-03-20 06:15:24,0.06346900,0.02000000
2018-03-20 06:15:24,0.06346900,7.46600000
2018-03-20 06:15:24,0.06346900,0.16500000
2018-03-20 06:15:24,0.06346900,0.06400000
2018-03-20 06:15:24,0.06346900,0.17900000
2018-03-20 06:15:24,0.06346900,0.50400000
2018-03-20 06:15:24,0.06346900,0.58100000
2018-03-20 06:15:24,0.06340600,0.00600000
2018-03-20 06:15:24,0.06340000,0.47100000
2018-03-20 06:15:24,0.06340000,0.49400000
2018-03-20 06:15:25,0.06340100,0.27100000
2018-03-20 06:15:25,0.06346600,0.02500000
2018-03-20 06:15:25,0.06340000,0.62900000
2018-03-20 06:15:26,0.06340100,0.90000000
2018-03-20 06:15:26,0.06346500,0.03900000
2018-03-20 06:15:26,0.06340100,1.39900000
2018-03-20 06:15:26,0.06346500,0.00100000
2018-03-20 06:15:26,0.06346600,0.00300000
2018-03-20 06:15:26,0.06347000,1.42300000
2018-03-20 06:15:26,0.06347100,2.01200000
2018-03-20 06:15:26,0.06347200,0.14700000
2018-03-20 06:15:26,0.06347400,0.05100000
2018-03-20 06:15:26,0.06347700,0.04100000
2018-03-20 06:15:26,0.06348300,1.74600000
2018-03-20 06:15:26,0.06348700,0.04000000
2018-03-20 06:15:26,0.06348800,0.72000000
2018-03-20 06:15:26,0.06348800,0.21400000
2018-03-20 06:15:27,0.06340300,0.74200000
2018-03-20 06:15:29,0.06341000,0.06900000
2018-03-20 06:15:31,0.06341000,1.81100000
2018-03-20 06:15:31,0.06340800,0.57500000
2018-03-20 06:15:32,0.06340900,0.05100000
2018-03-20 06:15:33,0.06347600,0.60400000
2018-03-20 06:15:33,0.06347700,0.72900000
2018-03-20 06:15:33,0.06348300,0.47600000
2018-03-20 06:15:33,0.06348400,0.86900000
2018-03-20 06:15:33,0.06348600,1.34300000
2018-03-20 06:15:33,0.06348800,2.72800000
2018-03-20 06:15:33,0.06349200,0.04700000
2018-03-20 06:15:33,0.06349500,1.65900000
2018-03-20 06:15:33,0.06341000,0.18700000
2018-03-20 06:15:34,0.06347700,0.05100000
2018-03-20 06:15:34,0.06348000,0.06000000
2018-03-20 06:15:34,0.06341000,0.14200000
2018-03-20 06:15:35,0.06341000,0.60400000
2018-03-20 06:15:35,0.06340400,0.47700000
2018-03-20 06:15:35,0.06340300,0.16000000
2018-03-20 06:15:35,0.06340300,0.27000000
2018-03-20 06:15:35,0.06340200,0.08300000
2018-03-20 06:15:36,0.06341000,0.72700000
2018-03-20 06:15:36,0.06340400,1.44900000
2018-03-20 06:15:36,0.06340300,0.30000000
2018-03-20 06:15:36,0.06340200,1.19200000
2018-03-20 06:15:36,0.06347800,0.02000000
2018-03-20 06:15:36,0.06347700,0.01700000
2018-03-20 06:15:37,0.06347700,0.07200000
2018-03-20 06:15:37,0.06347700,0.11100000
2018-03-20 06:15:37,0.06340600,0.07700000
2018-03-20 06:15:37,0.06347000,0.07900000
2018-03-20 06:15:38,0.06347000,0.79100000
2018-03-20 06:15:38,0.06340600,0.76600000
2018-03-20 06:15:38,0.06347700,0.11100000
2018-03-20 06:15:38,0.06340600,0.02700000
2018-03-20 06:15:39,0.06347600,0.11100000
2018-03-20 06:15:39,0.06340700,0.63200000
2018-03-20 06:15:39,0.06340600,0.18400000
2018-03-20 06:15:39,0.06340300,0.30000000
2018-03-20 06:15:39,0.06340000,5.40800000
2018-03-20 06:15:39,0.06339900,0.04100000
2018-03-20 06:15:39,0.06338600,0.71900000
2018-03-20 06:15:39,0.06338000,0.20000000
2018-03-20 06:15:39,0.06337600,0.04200000
2018-03-20 06:15:39,0.06337400,1.72400000
2018-03-20 06:15:40,0.06347600,0.04100000
2018-03-20 06:15:40,0.06347500,0.11100000
2018-03-20 06:15:41,0.06347000,0.07000000
2018-03-20 06:15:41,0.06347300,0.04100000
2018-03-20 06:15:41,0.06347200,0.20000000
2018-03-20 06:15:42,0.06347200,0.11100000
2018-03-20 06:15:43,0.06347000,0.11100000
2018-03-20 06:15:44,0.06346800,0.08500000
2018-03-20 06:15:44,0.06346800,0.11100000
2018-03-20 06:15:45,0.06346600,0.11100000
2018-03-20 06:15:46,0.06339000,0.78200000
2018-03-20 06:15:46,0.06338700,0.11100000
2018-03-20 06:15:46,0.06338600,0.23900000
2018-03-20 06:15:47,0.06339100,0.10000000
2018-03-20 06:15:47,0.06344500,0.11100000
2018-03-20 06:15:48,0.06344400,0.11100000
2018-03-20 06:15:48,0.06339200,0.53300000
2018-03-20 06:15:49,0.06344000,0.07000000
2018-03-20 06:15:49,0.06344400,0.04100000
2018-03-20 06:15:49,0.06344400,0.06900000
2018-03-20 06:15:49,0.06344400,0.35800000
2018-03-20 06:15:50,0.06344400,0.33200000
2018-03-20 06:15:50,0.06344500,1.55700000
2018-03-20 06:15:50,0.06346400,0.27100000
2018-03-20 06:15:50,0.06346500,1.01400000
