DATE,PRICE,VOLUME
2018-03-20 05:00:01,0.06327900,0.04700000
2018-03-20 05:00:01,0.06322000,0.04200000
2018-03-20 05:00:02,0.06328500,0.50000000
2018-03-20 05:00:03,0.06328500,0.03200000
2018-03-20 05:00:03,0.06328500,0.03200000
2018-03-20 05:00:04,0.06328000,0.02200000
2018-03-20 05:00:04,0.06328000,0.00100000
2018-03-20 05:00:04,0.06322000,0.01600000
2018-03-20 05:00:05,0.06322000,0.15700000
2018-03-20 05:00:05,0.06328500,0.34700000
2018-03-20 05:00:05,0.06322000,0.13300000
2018-03-20 05:00:06,0.06328500,0.06300000
2018-03-20 05:00:06,0.06328000,0.05700000
2018-03-20 05:00:06,0.06328000,0.00100000
2018-03-20 05:00:06,0.06322000,0.05700000
2018-03-20 05:00:06,0.06322000,0.02000000
2018-03-20 05:00:06,0.06321700,0.03700000
2018-03-20 05:00:06,0.06321700,0.05700000
2018-03-20 05:00:06,0.06321700,0.05700000
2018-03-20 05:00:06,0.06321700,0.05700000
2018-03-20 05:00:06,0.06321700,0.12800000
2018-03-20 05:00:08,0.06328500,0.03000000
2018-03-20 05:00:08,0.06328500,0.45900000
2018-03-20 05:00:08,0.06328800,0.04100000
2018-03-20 05:00:10,0.06322000,0.07000000
2018-03-20 05:00:10,0.06328300,0.76100000
2018-03-20 05:00:10,0.06328300,0.01900000
2018-03-20 05:00:12,0.06327900,0.07100000
2018-03-20 05:00:12,0.06327900,0.72200000
2018-03-20 05:00:12,0.06327900,0.06600000
2018-03-20 05:00:12,0.06328800,3.88300000
2018-03-20 05:00:12,0.06329000,0.14800000
2018-03-20 05:00:13,0.06321800,1.15300000
2018-03-20 05:00:14,0.06328000,0.07000000
2018-03-20 05:00:14,0.06328300,0.10000000
2018-03-20 05:00:14,0.06329000,0.33000000
2018-03-20 05:00:16,0.06328000,0.54500000
2018-03-20 05:00:16,0.06328000,0.19600000
2018-03-20 05:00:16,0.06328000,0.07900000
2018-03-20 05:00:16,0.06322100,0.27400000
2018-03-20 05:00:16,0.06322100,0.03900000
2018-03-20 05:00:16,0.06322100,0.13800000
2018-03-20 05:00:16,0.06322000,0.13600000
2018-03-20 05:00:16,0.06329000,0.15300000
2018-03-20 05:00:18,0.06322000,0.49000000
2018-03-20 05:00:18,0.06321800,5.84400000
2018-03-20 05:00:18,0.06328900,0.45100000
2018-03-20 05:00:18,0.06329000,1.20700000
2018-03-20 05:00:19,0.06322000,0.06900000
2018-03-20 05:00:19,0.06328900,0.21400000
2018-03-20 05:00:19,0.06328900,0.03900000
2018-03-20 05:00:19,0.06329000,0.00100000
2018-03-20 05:00:19,0.06330000,0.19000000
2018-03-20 05:00:19,0.06327900,0.06200000
2018-03-20 05:00:19,0.06327900,0.00100000
2018-03-20 05:00:19,0.06322000,0.06200000
2018-03-20 05:00:20,0.06329000,0.06900000
2018-03-20 05:00:20,0.06329000,0.00100000
2018-03-20 05:00:20,0.06330000,0.06800000
2018-03-20 05:00:20,0.06330000,0.38300000
2018-03-20 05:00:20,0.06330100,0.42600000
2018-03-20 05:00:20,0.06330500,1.15300000
2018-03-20 05:00:20,0.06330600,0.69500000
2018-03-20 05:00:20,0.06330700,2.30300000
2018-03-20 05:00:20,0.06330000,0.13000000
2018-03-20 05:00:20,0.06330700,2.96300000
2018-03-20 05:00:20,0.06329900,0.29000000
2018-03-20 05:00:20,0.06322200,0.42600000
2018-03-20 05:00:21,0.06322300,0.11300000
2018-03-20 05:00:21,0.06329900,0.51000000
2018-03-20 05:00:21,0.06329900,0.72200000
2018-03-20 05:00:21,0.06327400,0.31900000
2018-03-20 05:00:21,0.06327400,0.68000000
2018-03-20 05:00:21,0.06327400,0.00100000
2018-03-20 05:00:21,0.06322300,0.20700000
2018-03-20 05:00:21,0.06322300,0.34400000
2018-03-20 05:00:21,0.06322300,0.68000000
2018-03-20 05:00:21,0.06329900,0.50000000
2018-03-20 05:00:22,0.06329900,0.31500000
2018-03-20 05:00:23,0.06327900,0.11000000
2018-03-20 05:00:23,0.06327900,0.06900000
2018-03-20 05:00:23,0.06323000,0.07000000
2018-03-20 05:00:23,0.06322500,0.03900000
2018-03-20 05:00:23,0.06328900,0.17700000
2018-03-20 05:00:23,0.06328900,0.12000000
2018-03-20 05:00:23,0.06328900,1.23700000
2018-03-20 05:00:23,0.06328900,0.14100000
2018-03-20 05:00:23,0.06328900,0.02600000
2018-03-20 05:00:23,0.06328900,0.24000000
2018-03-20 05:00:23,0.06328900,0.30100000
2018-03-20 05:00:23,0.06328900,0.25200000
2018-03-20 05:00:23,0.06329800,0.32600000
2018-03-20 05:00:23,0.06328900,8.67400000
2018-03-20 05:00:24,0.06322700,0.42800000
2018-03-20 05:00:24,0.06322600,0.05400000
2018-03-20 05:00:25,0.06329700,0.03900000
2018-03-20 05:00:25,0.06329900,0.10000000
2018-03-20 05:00:25,0.06329900,0.07000000
2018-03-20 05:00:25,0.06329900,0.61100000
2018-03-20 05:00:25,0.06322800,0.06900000
2018-03-20 05:00:25,0.06322800,0.63500000
2018-03-20 05:00:25,0.06322700,0.04500000
2018-03-20 05:00:25,0.06322700,0.07700000
2018-03-20 05:00:25,0.06322700,0.18500000
2018-03-20 05:00:25,0.06322800,0.11200000
2018-03-20 05:00:25,0.06322800,0.49900000
2018-03-20 05:00:26,0.06328900,0.05300000
2018-03-20 05:00:26,0.06328900,0.01600000
2018-03-20 05:00:27,0.06322900,0.36700000
2018-03-20 05:00:27,0.06322900,0.02000000
2018-03-20 05:00:27,0.06322400,0.12900000
2018-03-20 05:00:27,0.06322400,0.23800000
2018-03-20 05:00:27,0.06328600,0.38400000
2018-03-20 05:00:28,0.06322400,0.36700000
2018-03-20 05:00:28,0.06328900,0.03000000
2018-03-20 05:00:28,0.06322000,0.34700000
2018-03-20 05:00:28,0.06328900,0.00100000
2018-03-20 05:00:28,0.06329000,0.50000000
2018-03-20 05:00:29,0.06328900,0.07700000
2018-03-20 05:00:29,0.06328900,0.00100000
2018-03-20 05:00:29,0.06322400,0.01500000
2018-03-20 05:00:29,0.06329000,0.03600000
2018-03-20 05:00:29,0.06322400,0.07500000
2018-03-20 05:00:29,0.06329000,0.85000000
2018-03-20 05:00:29,0.06328800,0.45000000
2018-03-20 05:00:29,0.06322400,0.07100000
2018-03-20 05:00:29,0.06328800,1.01700000
2018-03-20 05:00:32,0.06328200,0.04200000
2018-03-20 05:00:32,0.06328000,0.07000000
2018-03-20 05:00:32,0.06328200,0.66200000
2018-03-20 05:00:32,0.06323600,0.02700000
2018-03-20 05:00:32,0.06328200,0.04400000
2018-03-20 05:00:33,0.06323600,0.00100000
2018-03-20 05:00:33,0.06322500,0.82200000
2018-03-20 05:00:33,0.06322400,0.88200000
2018-03-20 05:00:33,0.06322000,0.11600000
2018-03-20 05:00:33,0.06321800,1.44000000
2018-03-20 05:00:33,0.06328200,0.45800000
2018-03-20 05:00:33,0.06321800,0.32200000
2018-03-20 05:00:34,0.06321800,0.02400000
2018-03-20 05:00:35,0.06328200,0.66300000
2018-03-20 05:00:35,0.06321800,0.13500000
2018-03-20 05:00:35,0.06328700,0.12900000
2018-03-20 05:00:36,0.06328900,0.99800000
2018-03-20 05:00:36,0.06321900,2.57500000
2018-03-20 05:00:36,0.06321800,3.49000000
2018-03-20 05:00:36,0.06321700,0.66400000
2018-03-20 05:00:36,0.06321600,8.48000000
2018-03-20 05:00:36,0.06321500,3.39800000
2018-03-20 05:00:36,0.06321400,0.10000000
2018-03-20 05:00:36,0.06321300,0.88900000
2018-03-20 05:00:36,0.06321000,7.95200000
2018-03-20 05:00:36,0.06320900,13.65100000
2018-03-20 05:00:36,0.06320800,0.04800000
2018-03-20 05:00:36,0.06320400,0.42700000
2018-03-20 05:00:36,0.06320300,0.71400000
2018-03-20 05:00:36,0.06320200,0.81700000
2018-03-20 05:00:36,0.06320000,6.79500000
2018-03-20 05:00:39,0.06326900,0.10900000
2018-03-20 05:00:39,0.06326900,0.00100000
2018-03-20 05:00:39,0.06323000,0.10800000
2018-03-20 05:00:39,0.06323000,0.10900000
2018-03-20 05:00:39,0.06328300,0.26600000
2018-03-20 05:00:40,0.06328200,1.58000000
2018-03-20 05:00:40,0.06328200,1.59400000
2018-03-20 05:00:40,0.06328400,0.03000000
2018-03-20 05:00:41,0.06328400,0.11900000
2018-03-20 05:00:41,0.06328500,0.42700000
2018-03-20 05:00:41,0.06328800,2.11000000
2018-03-20 05:00:41,0.06328800,0.46200000
2018-03-20 05:00:41,0.06328900,1.00900000
2018-03-20 05:00:41,0.06329000,0.71200000
2018-03-20 05:00:41,0.06330600,0.33000000
2018-03-20 05:00:41,0.06330700,0.04900000
2018-03-20 05:00:41,0.06323000,0.22600000
2018-03-20 05:00:41,0.06323100,0.63800000
2018-03-20 05:00:41,0.06330500,0.31500000
2018-03-20 05:00:41,0.06330500,0.18900000
2018-03-20 05:00:42,0.06323100,0.59400000
2018-03-20 05:00:42,0.06323200,3.60000000
2018-03-20 05:00:43,0.06323200,1.10700000
2018-03-20 05:00:43,0.06328800,0.02500000
2018-03-20 05:00:43,0.06330400,0.72700000
2018-03-20 05:00:43,0.06328800,0.06100000
2018-03-20 05:00:44,0.06325900,0.66600000
2018-03-20 05:00:44,0.06328800,1.70500000
2018-03-20 05:00:44,0.06328800,0.16900000
2018-03-20 05:00:46,0.06323200,0.45500000
2018-03-20 05:00:48,0.06328800,0.10000000
2018-03-20 05:00:50,0.06323300,2.14800000
2018-03-20 05:00:50,0.06323300,2.87700000
2018-03-20 05:00:53,0.06330000,0.29900000
2018-03-20 05:00:53,0.06323300,0.24900000
2018-03-20 05:00:53,0.06323200,0.03400000
2018-03-20 05:00:53,0.06323000,0.05700000
2018-03-20 05:00:53,0.06322000,0.42700000
2018-03-20 05:00:53,0.06321800,6.06200000
2018-03-20 05:00:53,0.06321700,0.37100000
2018-03-20 05:00:54,0.06321700,0.07100000
2018-03-20 05:00:54,0.06321700,0.07100000
2018-03-20 05:00:54,0.06328700,0.48800000
2018-03-20 05:00:54,0.06321700,0.08500000
2018-03-20 05:00:54,0.06328700,0.26200000
2018-03-20 05:00:54,0.06328700,0.03900000
2018-03-20 05:00:55,0.06322000,0.06900000
2018-03-20 05:00:55,0.06328700,0.06900000
2018-03-20 05:00:55,0.06328600,0.07900000
2018-03-20 05:00:56,0.06321700,1.59000000
2018-03-20 05:00:56,0.06328000,0.07000000
2018-03-20 05:00:56,0.06328600,0.57900000
2018-03-20 05:00:56,0.06328600,0.41800000
2018-03-20 05:00:56,0.06328600,0.16600000
2018-03-20 05:00:57,0.06323300,0.07800000
2018-03-20 05:00:57,0.06328600,0.03100000
2018-03-20 05:00:57,0.06328600,0.03700000
2018-03-20 05:00:57,0.06328600,0.13700000
2018-03-20 05:00:58,0.06328600,0.02100000
2018-03-20 05:00:58,0.06328600,0.08000000
2018-03-20 05:00:59,0.06323300,0.15200000
2018-03-20 05:00:59,0.06323300,0.53900000
2018-03-20 05:00:59,0.06323300,0.14500000
2018-03-20 05:01:02,0.06323300,0.14900000
2018-03-20 05:01:03,0.06323300,0.03100000
2018-03-20 05:01:03,0.06328600,0.10200000
2018-03-20 05:01:03,0.06328600,0.03200000
2018-03-20 05:01:03,0.06328800,0.46800000
2018-03-20 05:01:03,0.06328800,1.58000000
2018-03-20 05:01:03,0.06328800,2.39500000
2018-03-20 05:01:03,0.06328800,0.00100000
2018-03-20 05:01:03,0.06329600,0.02600000
2018-03-20 05:01:04,0.06323300,0.01700000
2018-03-20 05:01:05,0.06330200,0.05200000
2018-03-20 05:01:06,0.06323300,0.87800000
2018-03-20 05:01:08,0.06323300,0.05300000
2018-03-20 05:01:09,0.06330100,1.76400000
2018-03-20 05:01:10,0.06330100,3.21700000
2018-03-20 05:01:10,0.06323300,0.02900000
2018-03-20 05:01:10,0.06323400,0.45300000
2018-03-20 05:01:10,0.06323300,1.70600000
2018-03-20 05:01:10,0.06330200,0.15800000
2018-03-20 05:01:11,0.06323300,0.29000000
2018-03-20 05:01:12,0.06328600,0.09500000
2018-03-20 05:01:12,0.06323300,0.16400000
2018-03-20 05:01:12,0.06322000,0.07300000
2018-03-20 05:01:12,0.06321800,1.39000000
2018-03-20 05:01:12,0.06328600,0.90500000
2018-03-20 05:01:12,0.06329900,0.48300000
2018-03-20 05:01:12,0.06330200,0.29300000
2018-03-20 05:01:12,0.06330600,0.33000000
2018-03-20 05:01:12,0.06330700,3.44900000
2018-03-20 05:01:12,0.06330700,0.90300000
2018-03-20 05:01:13,0.06330400,0.29800000
2018-03-20 05:01:14,0.06329900,0.18800000
2018-03-20 05:01:14,0.06322200,3.64100000
2018-03-20 05:01:15,0.06329800,0.29700000
2018-03-20 05:01:15,0.06322200,0.01700000
2018-03-20 05:01:16,0.06322300,4.19000000
2018-03-20 05:01:16,0.06322200,2.21600000
2018-03-20 05:01:17,0.06329600,0.05100000
2018-03-20 05:01:17,0.06329600,0.14700000
2018-03-20 05:01:19,0.06329500,0.78500000
2018-03-20 05:01:19,0.06323000,0.03900000
2018-03-20 05:01:20,0.06323100,0.03900000
2018-03-20 05:01:21,0.06323100,0.22900000
2018-03-20 05:01:21,0.06322500,0.05000000
2018-03-20 05:01:21,0.06329000,0.04000000
2018-03-20 05:01:21,0.06329600,0.01300000
2018-03-20 05:01:22,0.06328800,0.10600000
2018-03-20 05:01:22,0.06329600,0.64100000
2018-03-20 05:01:22,0.06329700,0.03800000
2018-03-20 05:01:22,0.06322600,0.11800000
2018-03-20 05:01:22,0.06322500,0.45000000
2018-03-20 05:01:22,0.06322300,0.48300000
2018-03-20 05:01:22,0.06322000,0.33000000
2018-03-20 05:01:22,0.06321700,0.53600000
2018-03-20 05:01:23,0.06322300,1.58100000
2018-03-20 05:01:23,0.06322200,0.96100000
2018-03-20 05:01:23,0.06322100,0.01400000
2018-03-20 05:01:24,0.06322200,0.09500000
2018-03-20 05:01:24,0.06322200,0.02000000
2018-03-20 05:01:24,0.06329300,0.25100000
2018-03-20 05:01:24,0.06329300,0.25100000
2018-03-20 05:01:24,0.06322400,0.25400000
2018-03-20 05:01:24,0.06322200,0.02400000
2018-03-20 05:01:24,0.06322100,0.15300000
2018-03-20 05:01:25,0.06329300,0.41500000
2018-03-20 05:01:25,0.06329400,0.37000000
2018-03-20 05:01:25,0.06322100,0.22700000
2018-03-20 05:01:25,0.06325700,6.80700000
2018-03-20 05:01:25,0.06329400,3.52000000
2018-03-20 05:01:25,0.06329400,3.62000000
2018-03-20 05:01:26,0.06329000,0.13900000
2018-03-20 05:01:26,0.06329100,0.47600000
2018-03-20 05:01:26,0.06322200,0.41500000
2018-03-20 05:01:26,0.06321700,0.29900000
2018-03-20 05:01:26,0.06321800,0.11800000
2018-03-20 05:01:26,0.06321700,1.00800000
2018-03-20 05:01:28,0.06328900,0.44700000
2018-03-20 05:01:28,0.06328900,0.26100000
2018-03-20 05:01:29,0.06329000,0.06200000
2018-03-20 05:01:29,0.06322000,0.02100000
2018-03-20 05:01:30,0.06328900,0.08700000
2018-03-20 05:01:30,0.06328900,0.15300000
2018-03-20 05:01:30,0.06322100,0.06100000
2018-03-20 05:01:30,0.06328900,0.15300000
2018-03-20 05:01:32,0.06327900,0.04000000
2018-03-20 05:01:32,0.06327900,0.00100000
2018-03-20 05:01:32,0.06321900,0.03900000
2018-03-20 05:01:32,0.06321900,0.04000000
2018-03-20 05:01:32,0.06328900,0.02000000
2018-03-20 05:01:32,0.06328900,0.27700000
2018-03-20 05:01:33,0.06328000,0.04900000
2018-03-20 05:01:33,0.06328000,0.00100000
2018-03-20 05:01:33,0.06321900,0.04800000
2018-03-20 05:01:33,0.06328900,0.62300000
2018-03-20 05:01:33,0.06328900,0.31400000
2018-03-20 05:01:33,0.06328900,0.21300000
2018-03-20 05:01:34,0.06322100,0.05200000
2018-03-20 05:01:35,0.06328800,0.06100000
2018-03-20 05:01:35,0.06328900,0.42800000
2018-03-20 05:01:35,0.06328900,0.20400000
2018-03-20 05:01:36,0.06322100,0.16900000
2018-03-20 05:01:36,0.06322200,0.31600000
2018-03-20 05:01:36,0.06328900,0.00100000
2018-03-20 05:01:36,0.06328900,0.03700000
2018-03-20 05:01:37,0.06328900,0.08900000
2018-03-20 05:01:37,0.06328900,0.00100000
2018-03-20 05:01:37,0.06322200,0.08700000
2018-03-20 05:01:37,0.06322200,0.07500000
2018-03-20 05:01:37,0.06322200,0.08700000
2018-03-20 05:01:37,0.06322200,0.06800000
2018-03-20 05:01:37,0.06321900,0.02100000
2018-03-20 05:01:38,0.06324200,0.05900000
2018-03-20 05:01:38,0.06329000,0.03300000
2018-03-20 05:01:38,0.06329000,0.10500000
2018-03-20 05:01:39,0.06328900,0.04200000
2018-03-20 05:01:41,0.06329000,0.87600000
2018-03-20 05:01:41,0.06329000,0.10700000
2018-03-20 05:01:42,0.06329000,0.10100000
2018-03-20 05:01:42,0.06329000,0.25900000
2018-03-20 05:01:42,0.06329000,0.00700000
2018-03-20 05:01:42,0.06324200,0.00100000
2018-03-20 05:01:42,0.06323300,0.13500000
2018-03-20 05:01:42,0.06322200,0.87000000
2018-03-20 05:01:46,0.06329200,0.22000000
2018-03-20 05:01:46,0.06323400,0.13800000
2018-03-20 05:01:46,0.06323400,0.13800000
2018-03-20 05:01:48,0.06323400,0.48100000
2018-03-20 05:01:48,0.06329200,0.00100000
2018-03-20 05:01:48,0.06329300,0.70100000
2018-03-20 05:01:49,0.06329500,0.06300000
2018-03-20 05:01:49,0.06329500,0.20200000
2018-03-20 05:01:52,0.06323300,0.26700000
2018-03-20 05:01:52,0.06323300,0.29000000
2018-03-20 05:01:52,0.06323300,0.86800000
2018-03-20 05:01:54,0.06323300,1.08900000
2018-03-20 05:01:56,0.06329500,1.00000000
2018-03-20 05:01:56,0.06323300,0.62900000
2018-03-20 05:01:56,0.06329400,0.03000000
2018-03-20 05:01:57,0.06327900,0.02300000
2018-03-20 05:01:57,0.06329500,0.00100000
2018-03-20 05:01:57,0.06330200,0.10000000
2018-03-20 05:01:58,0.06330200,4.82700000
2018-03-20 05:01:58,0.06330300,1.74000000
2018-03-20 05:01:58,0.06327900,0.00100000
2018-03-20 05:01:58,0.06323300,0.09900000
2018-03-20 05:02:02,0.06326800,0.10900000
2018-03-20 05:02:02,0.06330200,0.06300000
2018-03-20 05:02:02,0.06323500,0.46400000
2018-03-20 05:02:02,0.06323400,3.17400000
2018-03-20 05:02:02,0.06323400,0.18300000
2018-03-20 05:02:02,0.06323400,2.46400000
2018-03-20 05:02:02,0.06323300,0.54800000
2018-03-20 05:02:02,0.06323500,0.05600000
2018-03-20 05:02:02,0.06323500,0.00100000
2018-03-20 05:02:02,0.06330300,0.00100000
2018-03-20 05:02:02,0.06330400,0.05300000
2018-03-20 05:02:02,0.06330400,0.05600000
2018-03-20 05:02:02,0.06330400,0.66700000
2018-03-20 05:02:03,0.06323500,0.29000000
2018-03-20 05:02:07,0.06330000,0.37300000
2018-03-20 05:02:08,0.06330000,0.07500000
2018-03-20 05:02:08,0.06330000,0.04200000
2018-03-20 05:02:11,0.06330000,0.51000000
2018-03-20 05:02:12,0.06330200,0.01600000
2018-03-20 05:02:13,0.06324600,0.02800000
2018-03-20 05:02:13,0.06323400,0.26200000
2018-03-20 05:02:13,0.06330200,0.00100000
2018-03-20 05:02:13,0.06330300,0.62700000
2018-03-20 05:02:14,0.06330300,0.08900000
2018-03-20 05:02:14,0.06330300,0.15200000
2018-03-20 05:02:14,0.06330300,0.34500000
2018-03-20 05:02:14,0.06330300,0.10500000
2018-03-20 05:02:15,0.06330300,1.58000000
2018-03-20 05:02:15,0.06325800,0.02700000
2018-03-20 05:02:15,0.06330300,0.68200000
2018-03-20 05:02:15,0.06330400,0.58700000
2018-03-20 05:02:16,0.06330400,1.58000000
2018-03-20 05:02:16,0.06330400,0.44100000
2018-03-20 05:02:16,0.06330400,0.02900000
2018-03-20 05:02:16,0.06330400,0.07900000
2018-03-20 05:02:17,0.06330700,0.04500000
2018-03-20 05:02:17,0.06330400,0.18900000
2018-03-20 05:02:17,0.06330400,0.00100000
2018-03-20 05:02:17,0.06325800,0.00100000
2018-03-20 05:02:17,0.06324700,0.02800000
2018-03-20 05:02:17,0.06323300,0.15900000
2018-03-20 05:02:17,0.06323300,0.08900000
2018-03-20 05:02:17,0.06323300,0.15700000
2018-03-20 05:02:18,0.06330700,0.03200000
2018-03-20 05:02:18,0.06330700,0.50000000
2018-03-20 05:02:18,0.06330700,0.63400000
2018-03-20 05:02:18,0.06323400,0.07500000
2018-03-20 05:02:18,0.06330700,0.05100000
2018-03-20 05:02:18,0.06323400,0.07500000
2018-03-20 05:02:19,0.06323500,0.21200000
2018-03-20 05:02:19,0.06330600,0.14900000
2018-03-20 05:02:19,0.06323500,0.04500000
2018-03-20 05:02:19,0.06323400,0.31800000
2018-03-20 05:02:19,0.06330500,0.04100000
2018-03-20 05:02:20,0.06330500,0.07300000
2018-03-20 05:02:20,0.06330500,0.07800000
2018-03-20 05:02:20,0.06330500,0.06200000
2018-03-20 05:02:20,0.06324000,0.07000000
2018-03-20 05:02:20,0.06323500,0.08500000
2018-03-20 05:02:21,0.06330000,0.04700000
2018-03-20 05:02:22,0.06323500,0.25300000
2018-03-20 05:02:22,0.06323500,0.00100000
2018-03-20 05:02:22,0.06323400,0.03500000
2018-03-20 05:02:22,0.06323400,0.45600000
2018-03-20 05:02:22,0.06323400,0.00100000
2018-03-20 05:02:22,0.06323300,0.02900000
2018-03-20 05:02:22,0.06323300,0.31400000
2018-03-20 05:02:23,0.06329900,0.14500000
2018-03-20 05:02:23,0.06329900,0.02200000
2018-03-20 05:02:23,0.06329900,0.03500000
2018-03-20 05:02:23,0.06330000,0.02300000
2018-03-20 05:02:23,0.06330300,0.15600000
2018-03-20 05:02:23,0.06330500,0.00300000
2018-03-20 05:02:23,0.06330600,5.30500000
2018-03-20 05:02:23,0.06330700,3.83600000
2018-03-20 05:02:23,0.06330700,11.86400000
2018-03-20 05:02:23,0.06330700,0.93800000
2018-03-20 05:02:23,0.06330700,2.36900000
2018-03-20 05:02:23,0.06323300,0.87200000
2018-03-20 05:02:23,0.06323300,0.87700000
2018-03-20 05:02:23,0.06323500,0.82200000
2018-03-20 05:02:24,0.06323500,0.00100000
2018-03-20 05:02:25,0.06330400,0.25400000
2018-03-20 05:02:25,0.06330700,0.53100000
2018-03-20 05:02:25,0.06323600,0.65700000
2018-03-20 05:02:25,0.06323400,0.13000000
2018-03-20 05:02:25,0.06323300,0.94100000
2018-03-20 05:02:25,0.06330300,0.07500000
2018-03-20 05:02:26,0.06323600,0.14400000
2018-03-20 05:02:26,0.06330200,0.42800000
2018-03-20 05:02:26,0.06330300,0.01000000
2018-03-20 05:02:26,0.06330700,1.14400000
2018-03-20 05:02:26,0.06330900,0.18000000
2018-03-20 05:02:26,0.06331000,0.11100000
2018-03-20 05:02:26,0.06330300,0.04200000
2018-03-20 05:02:26,0.06330300,0.30000000
2018-03-20 05:02:26,0.06330200,0.42800000
2018-03-20 05:02:26,0.06323600,5.00000000
2018-03-20 05:02:26,0.06323300,9.28500000
2018-03-20 05:02:26,0.06323200,1.23200000
2018-03-20 05:02:26,0.06322500,0.50000000
2018-03-20 05:02:26,0.06322400,0.39600000
2018-03-20 05:02:26,0.06322200,9.13000000
2018-03-20 05:02:26,0.06321900,1.00000000
2018-03-20 05:02:26,0.06321800,2.09200000
2018-03-20 05:02:26,0.06321700,0.04900000
2018-03-20 05:02:26,0.06321500,4.72900000
2018-03-20 05:02:26,0.06320600,0.40400000
2018-03-20 05:02:26,0.06320500,0.31500000
2018-03-20 05:02:26,0.06320300,0.61600000
2018-03-20 05:02:26,0.06320100,14.52400000
2018-03-20 05:02:27,0.06331000,0.06900000
2018-03-20 05:02:27,0.06331100,0.51000000
2018-03-20 05:02:28,0.06330800,1.58200000
2018-03-20 05:02:28,0.06320400,0.04900000
2018-03-20 05:02:28,0.06330800,3.09100000
2018-03-20 05:02:28,0.06330800,0.58700000
2018-03-20 05:02:28,0.06330900,0.19800000
2018-03-20 05:02:28,0.06320500,0.23000000
2018-03-20 05:02:30,0.06321000,0.04300000
2018-03-20 05:02:30,0.06330000,0.28100000
2018-03-20 05:02:31,0.06329900,0.78500000
2018-03-20 05:02:31,0.06321200,0.07400000
2018-03-20 05:02:32,0.06329800,0.17300000
2018-03-20 05:02:32,0.06329700,0.03900000
2018-03-20 05:02:32,0.06321500,0.13700000
2018-03-20 05:02:33,0.06329500,0.02300000
2018-03-20 05:02:33,0.06329300,0.02900000
2018-03-20 05:02:34,0.06329200,0.49900000
2018-03-20 05:02:34,0.06329200,0.00300000
2018-03-20 05:02:34,0.06329300,0.35600000
2018-03-20 05:02:34,0.06329400,0.42600000
2018-03-20 05:02:34,0.06329000,0.04000000
2018-03-20 05:02:34,0.06329200,1.00000000
2018-03-20 05:02:35,0.06329200,0.35300000
2018-03-20 05:02:37,0.06329300,0.14400000
2018-03-20 05:02:37,0.06329400,0.36900000
2018-03-20 05:02:37,0.06329700,0.27200000
2018-03-20 05:02:39,0.06329600,0.03000000
2018-03-20 05:02:40,0.06329600,0.05200000
2018-03-20 05:02:40,0.06329700,0.73300000
2018-03-20 05:02:40,0.06329700,0.04300000
2018-03-20 05:02:40,0.06323100,0.04500000
2018-03-20 05:02:40,0.06329700,0.18900000
2018-03-20 05:02:41,0.06329600,0.32900000
2018-03-20 05:02:42,0.06329700,1.57800000
2018-03-20 05:02:42,0.06329700,1.27800000
2018-03-20 05:02:42,0.06323300,0.20300000
2018-03-20 05:02:43,0.06329700,0.47500000
2018-03-20 05:02:43,0.06329700,0.00100000
2018-03-20 05:02:43,0.06330200,0.03400000
2018-03-20 05:02:43,0.06330700,0.60000000
2018-03-20 05:02:43,0.06331100,0.15000000
2018-03-20 05:02:43,0.06331100,0.07800000
2018-03-20 05:02:44,0.06331200,0.17900000
2018-03-20 05:02:44,0.06323900,0.92100000
2018-03-20 05:02:44,0.06323800,1.94700000
2018-03-20 05:02:44,0.06323600,5.13200000
2018-03-20 05:02:46,0.06331000,0.02100000
2018-03-20 05:02:46,0.06324000,0.02400000
2018-03-20 05:02:46,0.06331000,0.07800000
2018-03-20 05:02:46,0.06324200,0.14300000
2018-03-20 05:02:47,0.06325000,0.09200000
2018-03-20 05:02:47,0.06325000,0.28400000
2018-03-20 05:02:49,0.06330900,0.48000000
2018-03-20 05:02:49,0.06331000,0.30900000
2018-03-20 05:02:49,0.06331000,0.07800000
2018-03-20 05:02:49,0.06331000,0.78900000
2018-03-20 05:02:50,0.06328000,0.51600000
2018-03-20 05:02:50,0.06325100,0.46200000
2018-03-20 05:02:50,0.06325100,0.05000000
2018-03-20 05:02:50,0.06325000,0.58500000
2018-03-20 05:02:50,0.06331000,0.21700000
2018-03-20 05:02:50,0.06331200,0.00100000
2018-03-20 05:02:50,0.06331300,0.18000000
2018-03-20 05:02:50,0.06331400,0.18000000
2018-03-20 05:02:50,0.06331500,0.18000000
2018-03-20 05:02:50,0.06331600,0.18000000
2018-03-20 05:02:50,0.06331700,0.18000000
2018-03-20 05:02:50,0.06331800,0.18000000
2018-03-20 05:02:50,0.06331900,0.40000000
2018-03-20 05:02:50,0.06331900,0.05100000
2018-03-20 05:02:50,0.06331900,0.07200000
2018-03-20 05:02:51,0.06332000,0.18000000
2018-03-20 05:02:52,0.06332100,0.04600000
2018-03-20 05:02:52,0.06332100,0.07800000
2018-03-20 05:02:53,0.06332100,0.05600000
2018-03-20 05:02:53,0.06325300,0.24400000
2018-03-20 05:02:53,0.06325200,0.13600000
2018-03-20 05:02:54,0.06332200,0.18000000
2018-03-20 05:02:54,0.06325400,0.06800000
2018-03-20 05:02:54,0.06325400,0.17400000
2018-03-20 05:02:55,0.06332100,0.03300000
2018-03-20 05:02:55,0.06332100,0.00100000
2018-03-20 05:02:55,0.06325400,0.01600000
2018-03-20 05:02:55,0.06325200,0.01600000
2018-03-20 05:02:55,0.06325200,0.03200000
2018-03-20 05:02:55,0.06325200,0.03300000
2018-03-20 05:02:55,0.06325200,0.07100000
2018-03-20 05:02:55,0.06332200,0.56300000
2018-03-20 05:02:57,0.06325100,0.02100000
2018-03-20 05:02:57,0.06325100,0.02800000
2018-03-20 05:02:57,0.06325100,0.09800000
2018-03-20 05:02:57,0.06330200,0.04800000
2018-03-20 05:02:58,0.06330200,0.07800000
2018-03-20 05:03:00,0.06330100,0.12800000
2018-03-20 05:03:00,0.06325000,0.03800000
2018-03-20 05:03:01,0.06330100,0.07800000
2018-03-20 05:03:01,0.06330100,0.10900000
2018-03-20 05:03:01,0.06325100,0.28200000
2018-03-20 05:03:01,0.06325100,0.13300000
2018-03-20 05:03:02,0.06325100,0.00600000
2018-03-20 05:03:02,0.06325000,0.04800000
2018-03-20 05:03:02,0.06324100,0.75800000
2018-03-20 05:03:02,0.06329800,0.02000000
2018-03-20 05:03:04,0.06329800,0.35700000
2018-03-20 05:03:04,0.06329800,0.35700000
2018-03-20 05:03:04,0.06324100,0.00100000
2018-03-20 05:03:04,0.06323100,0.05800000
2018-03-20 05:03:04,0.06323100,0.05800000
2018-03-20 05:03:04,0.06325100,0.01700000
2018-03-20 05:03:04,0.06329800,0.06100000
2018-03-20 05:03:05,0.06322500,0.15400000
2018-03-20 05:03:05,0.06322500,0.24000000
2018-03-20 05:03:05,0.06322500,0.17900000
2018-03-20 05:03:05,0.06329800,0.11400000
2018-03-20 05:03:07,0.06329700,0.33300000
2018-03-20 05:03:07,0.06329700,0.31400000
2018-03-20 05:03:07,0.06329700,0.07800000
2018-03-20 05:03:07,0.06329700,0.25100000
2018-03-20 05:03:07,0.06329700,0.04000000
2018-03-20 05:03:09,0.06329700,0.29900000
2018-03-20 05:03:10,0.06329600,0.23300000
2018-03-20 05:03:10,0.06329600,0.26700000
2018-03-20 05:03:10,0.06329700,0.51800000
2018-03-20 05:03:10,0.06329600,0.07800000
2018-03-20 05:03:11,0.06321900,0.43200000
2018-03-20 05:03:12,0.06325000,0.05000000
2018-03-20 05:03:12,0.06329500,0.11800000
2018-03-20 05:03:13,0.06325000,0.51800000
2018-03-20 05:03:13,0.06325000,0.27100000
2018-03-20 05:03:13,0.06329500,0.08200000
2018-03-20 05:03:13,0.06329500,0.78500000
2018-03-20 05:03:13,0.06329500,0.07800000
2018-03-20 05:03:15,0.06329100,0.16200000
2018-03-20 05:03:17,0.06325100,0.13800000
2018-03-20 05:03:17,0.06325100,0.27700000
2018-03-20 05:03:17,0.06325100,0.00100000
2018-03-20 05:03:17,0.06325000,0.00100000
2018-03-20 05:03:17,0.06325000,0.12700000
2018-03-20 05:03:17,0.06325000,0.05900000
2018-03-20 05:03:17,0.06329100,0.12600000
2018-03-20 05:03:17,0.06322300,0.78300000
2018-03-20 05:03:17,0.06321700,0.13000000
2018-03-20 05:03:17,0.06321600,0.20000000
2018-03-20 05:03:17,0.06321100,0.34500000
2018-03-20 05:03:18,0.06321700,0.03100000
2018-03-20 05:03:19,0.06328900,0.25900000
2018-03-20 05:03:19,0.06322000,0.06000000
2018-03-20 05:03:19,0.06321800,0.66300000
2018-03-20 05:03:19,0.06325200,0.05400000
2018-03-20 05:03:19,0.06325200,0.05100000
2018-03-20 05:03:19,0.06325200,0.08200000
2018-03-20 05:03:21,0.06328800,0.16500000
2018-03-20 05:03:22,0.06325300,0.06800000
2018-03-20 05:03:23,0.06325300,0.09500000
2018-03-20 05:03:23,0.06325300,0.03400000
2018-03-20 05:03:24,0.06325300,0.15900000
2018-03-20 05:03:26,0.06328900,0.10400000
2018-03-20 05:03:27,0.06328900,0.32600000
2018-03-20 05:03:27,0.06328900,0.72200000
2018-03-20 05:03:27,0.06328900,0.03500000
2018-03-20 05:03:27,0.06328900,0.10100000
2018-03-20 05:03:27,0.06328900,0.10100000
2018-03-20 05:03:28,0.06328800,0.25100000
2018-03-20 05:03:28,0.06328800,0.04900000
2018-03-20 05:03:28,0.06328900,0.13500000
2018-03-20 05:03:28,0.06328800,0.20000000
2018-03-20 05:03:28,0.06328900,0.05100000
2018-03-20 05:03:28,0.06325200,0.00300000
2018-03-20 05:03:28,0.06321700,0.02800000
2018-03-20 05:03:28,0.06321300,0.03500000
2018-03-20 05:03:29,0.06325300,0.82000000
2018-03-20 05:03:30,0.06328900,0.25500000
2018-03-20 05:03:30,0.06329000,0.05900000
2018-03-20 05:03:31,0.06328900,0.86300000
2018-03-20 05:03:31,0.06329000,0.00100000
2018-03-20 05:03:31,0.06329200,0.40800000
2018-03-20 05:03:31,0.06329300,0.47300000
2018-03-20 05:03:31,0.06329400,0.08000000
2018-03-20 05:03:31,0.06329500,0.05000000
2018-03-20 05:03:31,0.06329500,0.02200000
2018-03-20 05:03:31,0.06329500,0.07800000
2018-03-20 05:03:31,0.06330000,0.67400000
2018-03-20 05:03:31,0.06330200,0.02800000
2018-03-20 05:03:31,0.06332200,0.02800000
2018-03-20 05:03:31,0.06332300,0.20200000
2018-03-20 05:03:31,0.06332400,0.18000000
2018-03-20 05:03:31,0.06332500,0.18000000
2018-03-20 05:03:31,0.06332600,1.18000000
2018-03-20 05:03:31,0.06332700,0.18000000
2018-03-20 05:03:32,0.06333100,0.03600000
2018-03-20 05:03:32,0.06328800,0.02600000
2018-03-20 05:03:32,0.06328800,0.06700000
2018-03-20 05:03:32,0.06328800,0.15000000
2018-03-20 05:03:32,0.06328800,0.30800000
2018-03-20 05:03:32,0.06328800,0.24600000
2018-03-20 05:03:32,0.06328800,0.22100000
2018-03-20 05:03:32,0.06328800,0.62100000
2018-03-20 05:03:33,0.06328800,0.00400000
2018-03-20 05:03:33,0.06322000,0.01400000
2018-03-20 05:03:33,0.06322100,0.58000000
2018-03-20 05:03:34,0.06333100,0.19400000
2018-03-20 05:03:34,0.06322200,0.16000000
2018-03-20 05:03:34,0.06322200,0.15800000
2018-03-20 05:03:34,0.06322200,0.13800000
2018-03-20 05:03:34,0.06322100,1.09600000
2018-03-20 05:03:34,0.06322000,0.13000000
2018-03-20 05:03:34,0.06321800,0.35900000
2018-03-20 05:03:34,0.06322200,0.16000000
2018-03-20 05:03:34,0.06322200,0.00100000
2018-03-20 05:03:34,0.06333000,0.15900000
2018-03-20 05:03:35,0.06322300,0.18900000
2018-03-20 05:03:36,0.06332600,0.02600000
2018-03-20 05:03:36,0.06322500,0.05500000
2018-03-20 05:03:36,0.06322500,0.02800000
2018-03-20 05:03:36,0.06332600,0.01900000
2018-03-20 05:03:36,0.06322500,0.21600000
2018-03-20 05:03:37,0.06323000,0.59200000
2018-03-20 05:03:37,0.06323000,0.22500000
2018-03-20 05:03:37,0.06323100,2.67300000
2018-03-20 05:03:37,0.06323000,1.14700000
2018-03-20 05:03:37,0.06332300,0.04000000
2018-03-20 05:03:38,0.06332000,0.05300000
2018-03-20 05:03:38,0.06323100,0.02800000
2018-03-20 05:03:38,0.06323200,0.06400000
2018-03-20 05:03:39,0.06323400,0.07200000
2018-03-20 05:03:39,0.06323400,0.06300000
2018-03-20 05:03:40,0.06331600,0.21900000
2018-03-20 05:03:40,0.06323600,0.39500000
2018-03-20 05:03:40,0.06331600,0.04600000
2018-03-20 05:03:41,0.06331400,0.13400000
2018-03-20 05:03:42,0.06331200,0.04600000
2018-03-20 05:03:42,0.06324100,0.04600000
2018-03-20 05:03:42,0.06331200,0.18800000
2018-03-20 05:03:43,0.06324100,0.23700000
2018-03-20 05:03:44,0.06324100,0.23700000
2018-03-20 05:03:44,0.06324100,0.03100000
2018-03-20 05:03:44,0.06324100,0.35200000
2018-03-20 05:03:44,0.06330800,0.02600000
2018-03-20 05:03:45,0.06323400,0.02700000
2018-03-20 05:03:45,0.06323400,0.00100000
2018-03-20 05:03:45,0.06322700,0.02600000
2018-03-20 05:03:46,0.06330600,0.05300000
2018-03-20 05:03:46,0.06330600,0.04700000
2018-03-20 05:03:46,0.06330700,0.05200000
2018-03-20 05:03:46,0.06330600,0.09900000
2018-03-20 05:03:46,0.06330700,0.23800000
2018-03-20 05:03:46,0.06330700,0.26800000
2018-03-20 05:03:46,0.06323500,0.25500000
2018-03-20 05:03:46,0.06323000,0.05000000
2018-03-20 05:03:46,0.06322800,0.96300000
2018-03-20 05:03:46,0.06322700,0.02800000
2018-03-20 05:03:46,0.06322600,0.20000000
2018-03-20 05:03:46,0.06322500,0.60300000
2018-03-20 05:03:46,0.06322100,0.00600000
2018-03-20 05:03:46,0.06322700,0.28600000
2018-03-20 05:03:47,0.06323600,0.15000000
2018-03-20 05:03:47,0.06330000,0.05900000
2018-03-20 05:03:48,0.06322100,0.32400000
2018-03-20 05:03:49,0.06322100,0.03500000
2018-03-20 05:03:49,0.06322100,1.12000000
2018-03-20 05:03:49,0.06329900,0.01900000
2018-03-20 05:03:49,0.06329900,0.22100000
2018-03-20 05:03:49,0.06329900,0.05100000
2018-03-20 05:03:49,0.06329900,0.57600000
2018-03-20 05:03:49,0.06330000,0.20100000
2018-03-20 05:03:49,0.06330400,0.34200000
2018-03-20 05:03:49,0.06330400,0.13600000
2018-03-20 05:03:49,0.06330400,0.09900000
2018-03-20 05:03:49,0.06329900,0.03000000
2018-03-20 05:03:49,0.06330400,0.08900000
2018-03-20 05:03:49,0.06329900,0.05500000
2018-03-20 05:03:49,0.06329900,0.04500000
2018-03-20 05:03:49,0.06330000,0.10000000
2018-03-20 05:03:49,0.06330400,0.06300000
2018-03-20 05:03:49,0.06330400,1.11900000
2018-03-20 05:03:49,0.06330400,0.54600000
2018-03-20 05:03:49,0.06321800,0.10000000
2018-03-20 05:03:49,0.06322200,1.47900000
2018-03-20 05:03:49,0.06322300,0.10900000
2018-03-20 05:03:50,0.06322500,0.25500000
2018-03-20 05:03:50,0.06322500,0.00100000
2018-03-20 05:03:50,0.06322400,0.13000000
2018-03-20 05:03:50,0.06322300,0.50500000
2018-03-20 05:03:52,0.06323000,0.06000000
2018-03-20 05:03:52,0.06322500,0.11500000
2018-03-20 05:03:52,0.06322400,1.29400000
2018-03-20 05:03:52,0.06322300,0.63600000
2018-03-20 05:03:52,0.06322300,0.11800000
2018-03-20 05:03:52,0.06323000,0.05900000
2018-03-20 05:03:52,0.06322300,0.33000000
2018-03-20 05:03:52,0.06321800,0.00100000
2018-03-20 05:03:52,0.06321300,0.45000000
2018-03-20 05:03:52,0.06321000,0.02800000
2018-03-20 05:03:52,0.06320500,0.48400000
2018-03-20 05:03:52,0.06322300,0.33000000
2018-03-20 05:03:52,0.06320500,0.64800000
2018-03-20 05:03:52,0.06320500,0.04900000
2018-03-20 05:03:53,0.06323000,0.06000000
2018-03-20 05:03:53,0.06323000,0.00100000
2018-03-20 05:03:53,0.06329600,0.03500000
2018-03-20 05:03:53,0.06329600,0.06000000
2018-03-20 05:03:53,0.06329600,0.05300000
2018-03-20 05:03:53,0.06329600,0.01600000
2018-03-20 05:03:53,0.06329600,0.01600000
2018-03-20 05:03:54,0.06323000,0.30000000
2018-03-20 05:03:54,0.06321400,1.58000000
2018-03-20 05:03:54,0.06323000,0.04000000
2018-03-20 05:03:54,0.06321400,0.03600000
2018-03-20 05:03:54,0.06323000,0.30100000
2018-03-20 05:03:54,0.06321400,0.50200000
2018-03-20 05:03:54,0.06323000,0.28200000
2018-03-20 05:03:54,0.06323000,0.66300000
2018-03-20 05:03:54,0.06323000,0.08400000
2018-03-20 05:03:54,0.06323000,0.03500000
2018-03-20 05:03:54,0.06323000,1.32500000
2018-03-20 05:03:54,0.06329300,0.11800000
2018-03-20 05:03:54,0.06321400,0.08400000
2018-03-20 05:03:55,0.06321400,0.15900000
2018-03-20 05:03:55,0.06321400,0.23100000
2018-03-20 05:03:55,0.06322000,0.06000000
2018-03-20 05:03:55,0.06321400,0.11300000
2018-03-20 05:03:55,0.06329000,0.03400000
2018-03-20 05:03:55,0.06321400,0.44900000
2018-03-20 05:03:55,0.06321400,0.07100000
2018-03-20 05:03:56,0.06329000,0.00100000
2018-03-20 05:03:58,0.06321500,0.28500000
2018-03-20 05:03:58,0.06321200,0.29900000
2018-03-20 05:03:58,0.06321200,0.20000000
2018-03-20 05:03:58,0.06320800,0.09900000
2018-03-20 05:03:58,0.06320800,0.20100000
2018-03-20 05:03:58,0.06320500,0.02400000
2018-03-20 05:03:59,0.06328000,0.05900000
2018-03-20 05:03:59,0.06320900,0.29000000
2018-03-20 05:04:00,0.06321000,0.05900000
2018-03-20 05:04:01,0.06321000,0.00100000
2018-03-20 05:04:01,0.06320900,0.03200000
2018-03-20 05:04:01,0.06327900,0.04300000
2018-03-20 05:04:01,0.06327900,0.15800000
2018-03-20 05:04:01,0.06327900,0.07800000
2018-03-20 05:04:02,0.06327900,0.17500000
2018-03-20 05:04:02,0.06320500,0.05400000
2018-03-20 05:04:02,0.06327900,0.02500000
2018-03-20 05:04:02,0.06320500,0.42700000
2018-03-20 05:04:02,0.06320500,0.59600000
2018-03-20 05:04:02,0.06320500,0.15000000
2018-03-20 05:04:02,0.06320600,0.20000000
2018-03-20 05:04:02,0.06320500,0.08300000
2018-03-20 05:04:03,0.06320600,0.32400000
2018-03-20 05:04:03,0.06320500,0.09000000
2018-03-20 05:04:03,0.06320600,0.74500000
2018-03-20 05:04:03,0.06320500,0.00600000
2018-03-20 05:04:03,0.06320600,0.30000000
2018-03-20 05:04:03,0.06320500,0.44500000
2018-03-20 05:04:03,0.06327800,0.01900000
2018-03-20 05:04:03,0.06320700,0.16000000
2018-03-20 05:04:03,0.06320700,0.06800000
2018-03-20 05:04:03,0.06320500,0.06900000
2018-03-20 05:04:03,0.06320500,0.31700000
2018-03-20 05:04:03,0.06324100,0.06300000
2018-03-20 05:04:03,0.06327700,0.08300000
2018-03-20 05:04:04,0.06320500,0.49200000
2018-03-20 05:04:04,0.06320500,0.02900000
2018-03-20 05:04:05,0.06327600,0.00100000
2018-03-20 05:04:05,0.06320500,0.10600000
2018-03-20 05:04:05,0.06320500,0.05000000
2018-03-20 05:04:05,0.06327600,0.06500000
2018-03-20 05:04:05,0.06327600,0.03700000
2018-03-20 05:04:06,0.06320500,0.20200000
2018-03-20 05:04:07,0.06327000,0.03000000
2018-03-20 05:04:07,0.06327000,0.01600000
2018-03-20 05:04:08,0.06327000,0.01400000
2018-03-20 05:04:08,0.06320500,0.06400000
2018-03-20 05:04:08,0.06320500,0.15100000
2018-03-20 05:04:08,0.06320500,0.46300000
2018-03-20 05:04:10,0.06320600,0.04700000
2018-03-20 05:04:10,0.06320500,0.00100000
2018-03-20 05:04:10,0.06320100,0.07000000
2018-03-20 05:04:10,0.06320100,0.04400000
2018-03-20 05:04:11,0.06320100,0.17700000
2018-03-20 05:04:11,0.06320100,0.20400000
2018-03-20 05:04:13,0.06321400,3.37300000
2018-03-20 05:04:13,0.06320100,2.68500000
2018-03-20 05:04:13,0.06320000,74.26600000
2018-03-20 05:04:13,0.06319800,0.20000000
2018-03-20 05:04:13,0.06319300,0.44500000
2018-03-20 05:04:13,0.06319000,4.33800000
2018-03-20 05:04:13,0.06318100,0.36000000
2018-03-20 05:04:13,0.06316100,0.26800000
2018-03-20 05:04:13,0.06316000,4.52000000
2018-03-20 05:04:13,0.06315700,0.38300000
2018-03-20 05:04:13,0.06315200,0.29400000
2018-03-20 05:04:13,0.06315100,0.36000000
2018-03-20 05:04:13,0.06314600,0.33000000
2018-03-20 05:04:13,0.06314400,0.10700000
2018-03-20 05:04:13,0.06314100,2.94800000
2018-03-20 05:04:13,0.06313700,0.08400000
2018-03-20 05:04:13,0.06313300,0.15000000
2018-03-20 05:04:13,0.06313000,0.22300000
2018-03-20 05:04:13,0.06312900,0.29000000
2018-03-20 05:04:13,0.06312600,0.05600000
2018-03-20 05:04:13,0.06312500,0.46700000
2018-03-20 05:04:13,0.06312400,0.01600000
2018-03-20 05:04:13,0.06312000,0.35600000
2018-03-20 05:04:13,0.06311600,0.60800000
2018-03-20 05:04:13,0.06311500,1.00000000
2018-03-20 05:04:13,0.06311000,10.64200000
2018-03-20 05:04:13,0.06310500,5.88000000
2018-03-20 05:04:13,0.06310400,0.10000000
2018-03-20 05:04:13,0.06310300,0.52700000
2018-03-20 05:04:13,0.06310100,0.43000000
2018-03-20 05:04:13,0.06310000,9.29400000
2018-03-20 05:04:13,0.06310000,0.04000000
2018-03-20 05:04:13,0.06310000,0.44000000
2018-03-20 05:04:13,0.06310000,1.00000000
2018-03-20 05:04:14,0.06326400,0.34500000
2018-03-20 05:04:15,0.06326100,0.12900000
2018-03-20 05:04:15,0.06320700,0.10300000
2018-03-20 05:04:15,0.06325400,0.35500000
2018-03-20 05:04:15,0.06325400,0.01700000
2018-03-20 05:04:16,0.06325400,0.02300000
2018-03-20 05:04:16,0.06320700,0.31000000
2018-03-20 05:04:16,0.06325300,0.10700000
2018-03-20 05:04:16,0.06325300,0.14700000
2018-03-20 05:04:16,0.06325300,0.08200000
2018-03-20 05:04:19,0.06325200,0.55500000
2018-03-20 05:04:21,0.06320700,0.00100000
2018-03-20 05:04:21,0.06320100,0.14100000
2018-03-20 05:04:21,0.06314800,0.10000000
2018-03-20 05:04:21,0.06313300,0.44700000
2018-03-20 05:04:21,0.06312200,0.05000000
2018-03-20 05:04:21,0.06311700,0.31500000
2018-03-20 05:04:21,0.06311200,0.04000000
2018-03-20 05:04:21,0.06310000,8.51100000
2018-03-20 05:04:22,0.06314700,0.25600000
2018-03-20 05:04:22,0.06314800,0.32100000
2018-03-20 05:04:23,0.06324700,0.01600000
2018-03-20 05:04:23,0.06323400,0.02100000
2018-03-20 05:04:24,0.06323300,0.13900000
2018-03-20 05:04:24,0.06323100,0.02700000
2018-03-20 05:04:25,0.06323000,1.70200000
2018-03-20 05:04:25,0.06319200,0.02000000
2018-03-20 05:04:25,0.06315200,0.75600000
2018-03-20 05:04:25,0.06322900,0.51600000
2018-03-20 05:04:25,0.06323000,0.08400000
2018-03-20 05:04:26,0.06322800,1.29900000
2018-03-20 05:04:26,0.06320700,0.99700000
2018-03-20 05:04:26,0.06322700,0.75600000
2018-03-20 05:04:26,0.06322800,0.28800000
2018-03-20 05:04:27,0.06315500,0.10300000
2018-03-20 05:04:27,0.06315400,0.00500000
2018-03-20 05:04:29,0.06322500,0.27500000
2018-03-20 05:04:29,0.06322500,0.03000000
2018-03-20 05:04:29,0.06322500,0.00100000
2018-03-20 05:04:29,0.06322600,0.04400000
2018-03-20 05:04:30,0.06316000,0.22600000
2018-03-20 05:04:30,0.06316000,0.05600000
2018-03-20 05:04:30,0.06314700,0.06400000
2018-03-20 05:04:30,0.06313700,0.13000000
2018-03-20 05:04:30,0.06312600,0.65200000
2018-03-20 05:04:30,0.06313700,0.13000000
2018-03-20 05:04:30,0.06312600,0.10000000
2018-03-20 05:04:30,0.06312600,0.02800000
2018-03-20 05:04:30,0.06312600,0.07500000
2018-03-20 05:04:30,0.06312600,0.03000000
2018-03-20 05:04:30,0.06312600,0.10000000
2018-03-20 05:04:30,0.06312600,0.44000000
2018-03-20 05:04:30,0.06322400,0.20200000
2018-03-20 05:04:31,0.06316000,0.08300000
2018-03-20 05:04:31,0.06316000,0.08100000
2018-03-20 05:04:31,0.06316000,0.02500000
2018-03-20 05:04:31,0.06316000,0.00100000
2018-03-20 05:04:31,0.06316700,0.19900000
2018-03-20 05:04:32,0.06316700,0.20300000
2018-03-20 05:04:32,0.06317600,0.29700000
2018-03-20 05:04:32,0.06317600,0.11600000
2018-03-20 05:04:32,0.06317600,0.10600000
2018-03-20 05:04:32,0.06322000,0.05400000
2018-03-20 05:04:32,0.06322000,0.11600000
2018-03-20 05:04:32,0.06322000,0.22100000
2018-03-20 05:04:32,0.06322000,0.11400000
2018-03-20 05:04:32,0.06322000,0.02100000
2018-03-20 05:04:33,0.06317000,0.07700000
2018-03-20 05:04:33,0.06317000,0.00100000
2018-03-20 05:04:33,0.06313000,0.06000000
2018-03-20 05:04:33,0.06312800,0.01600000
2018-03-20 05:04:34,0.06312900,0.19300000
2018-03-20 05:04:34,0.06321500,0.02000000
2018-03-20 05:04:34,0.06321400,0.51800000
2018-03-20 05:04:34,0.06321500,1.18000000
2018-03-20 05:04:34,0.06321600,2.02100000
2018-03-20 05:04:34,0.06321300,0.19900000
2018-03-20 05:04:35,0.06321300,0.09100000
2018-03-20 05:04:35,0.06321300,0.23900000
2018-03-20 05:04:35,0.06321200,0.22500000
2018-03-20 05:04:35,0.06321000,0.06000000
2018-03-20 05:04:35,0.06321200,1.11100000
2018-03-20 05:04:35,0.06321000,0.04600000
2018-03-20 05:04:36,0.06320900,0.28300000
2018-03-20 05:04:36,0.06314300,0.17200000
2018-03-20 05:04:36,0.06314300,0.00300000
2018-03-20 05:04:36,0.06313300,0.02600000
2018-03-20 05:04:36,0.06320900,0.36400000
2018-03-20 05:04:37,0.06320000,0.04600000
2018-03-20 05:04:37,0.06320000,0.09300000
2018-03-20 05:04:38,0.06320000,1.58200000
2018-03-20 05:04:38,0.06320000,0.26300000
2018-03-20 05:04:38,0.06320000,0.02900000
2018-03-20 05:04:38,0.06320000,0.15800000
2018-03-20 05:04:38,0.06320000,0.66100000
2018-03-20 05:04:38,0.06320000,1.23100000
2018-03-20 05:04:38,0.06320000,0.65000000
2018-03-20 05:04:38,0.06320000,1.18700000
2018-03-20 05:04:39,0.06320000,0.78900000
2018-03-20 05:04:39,0.06314100,0.95900000
2018-03-20 05:04:40,0.06320000,0.02800000
2018-03-20 05:04:40,0.06320000,0.78800000
2018-03-20 05:04:40,0.06320000,0.48000000
2018-03-20 05:04:41,0.06320000,0.08300000
2018-03-20 05:04:41,0.06320000,0.29300000
2018-03-20 05:04:41,0.06320000,1.00000000
2018-03-20 05:04:41,0.06320000,0.15800000
2018-03-20 05:04:42,0.06314100,0.16500000
2018-03-20 05:04:42,0.06320000,0.16000000
2018-03-20 05:04:42,0.06320000,0.04500000
2018-03-20 05:04:42,0.06320000,0.07200000
2018-03-20 05:04:42,0.06314100,0.07600000
2018-03-20 05:04:42,0.06313400,0.07800000
2018-03-20 05:04:43,0.06319900,0.08600000
2018-03-20 05:04:43,0.06319900,0.24300000
2018-03-20 05:04:43,0.06319900,0.23100000
2018-03-20 05:04:43,0.06319900,0.30000000
2018-03-20 05:04:43,0.06320000,0.48800000
2018-03-20 05:04:43,0.06319900,0.10000000
2018-03-20 05:04:43,0.06320000,0.19900000
2018-03-20 05:04:44,0.06320000,0.84000000
2018-03-20 05:04:44,0.06313400,0.06900000
2018-03-20 05:04:44,0.06313400,0.00100000
2018-03-20 05:04:44,0.06319900,0.01900000
2018-03-20 05:04:44,0.06319900,0.06900000
2018-03-20 05:04:44,0.06319900,0.06900000
2018-03-20 05:04:44,0.06319900,0.06900000
2018-03-20 05:04:44,0.06319900,0.03100000
2018-03-20 05:04:44,0.06319900,0.06900000
2018-03-20 05:04:44,0.06319900,0.06400000
2018-03-20 05:04:44,0.06319900,0.06900000
2018-03-20 05:04:44,0.06319900,0.06600000
2018-03-20 05:04:46,0.06319800,0.03100000
2018-03-20 05:04:46,0.06312800,0.13500000
2018-03-20 05:04:46,0.06312800,0.30300000
2018-03-20 05:04:46,0.06312800,0.03200000
2018-03-20 05:04:46,0.06312700,0.04400000
2018-03-20 05:04:46,0.06312600,0.35200000
2018-03-20 05:04:46,0.06319700,0.39400000
2018-03-20 05:04:47,0.06319700,0.97700000
2018-03-20 05:04:47,0.06319700,0.20100000
2018-03-20 05:04:47,0.06319700,0.30000000
2018-03-20 05:04:47,0.06319800,1.38400000
2018-03-20 05:04:47,0.06319900,1.90200000
2018-03-20 05:04:47,0.06320000,1.17700000
2018-03-20 05:04:47,0.06320200,0.60800000
2018-03-20 05:04:47,0.06320300,0.51800000
2018-03-20 05:04:47,0.06320800,1.00000000
2018-03-20 05:04:47,0.06321600,2.19000000
2018-03-20 05:04:47,0.06321900,0.75400000
2018-03-20 05:04:47,0.06322000,0.16600000
2018-03-20 05:04:48,0.06319700,0.29900000
2018-03-20 05:04:48,0.06319700,0.20100000
2018-03-20 05:04:48,0.06319300,0.01600000
2018-03-20 05:04:49,0.06319300,0.28200000
2018-03-20 05:04:49,0.06319300,0.12200000
2018-03-20 05:04:50,0.06314600,0.14300000
2018-03-20 05:04:50,0.06314600,0.14300000
2018-03-20 05:04:50,0.06314700,0.14500000
2018-03-20 05:04:50,0.06319300,0.34000000
2018-03-20 05:04:50,0.06322300,0.17000000
2018-03-20 05:04:50,0.06322400,0.13000000
2018-03-20 05:04:52,0.06315100,1.58600000
2018-03-20 05:04:52,0.06322000,0.60000000
2018-03-20 05:04:55,0.06315100,0.02100000
2018-03-20 05:04:56,0.06321700,0.70900000
2018-03-20 05:04:56,0.06321900,0.71500000
2018-03-20 05:04:56,0.06322100,0.11400000
2018-03-20 05:04:57,0.06315100,1.20700000
2018-03-20 05:04:57,0.06314900,0.67200000
2018-03-20 05:04:57,0.06322100,0.64600000
2018-03-20 05:04:57,0.06320000,1.03300000
2018-03-20 05:04:57,0.06320000,0.17000000
2018-03-20 05:04:57,0.06320000,0.03100000
2018-03-20 05:04:58,0.06322100,0.48300000
2018-03-20 05:04:58,0.06320000,0.02300000
2018-03-20 05:04:58,0.06320000,0.18900000
2018-03-20 05:04:58,0.06320000,0.15400000
2018-03-20 05:04:58,0.06315000,0.21100000
2018-03-20 05:04:58,0.06316800,0.43700000
2018-03-20 05:04:59,0.06316800,0.34900000
2018-03-20 05:04:59,0.06322000,0.21000000
2018-03-20 05:05:01,0.06322000,0.36600000
2018-03-20 05:05:01,0.06318200,0.03100000
2018-03-20 05:05:01,0.06318200,1.75100000
2018-03-20 05:05:01,0.06316900,0.54200000
2018-03-20 05:05:01,0.06316800,0.00100000
2018-03-20 05:05:01,0.06314600,0.27400000
2018-03-20 05:05:01,0.06314500,0.53400000
2018-03-20 05:05:01,0.06314400,0.21400000
2018-03-20 05:05:01,0.06312600,0.08100000
2018-03-20 05:05:01,0.06310900,0.28000000
2018-03-20 05:05:01,0.06310000,5.59500000
2018-03-20 05:05:01,0.06309600,7.92500000
2018-03-20 05:05:01,0.06308800,0.03300000
2018-03-20 05:05:01,0.06308600,0.29000000
2018-03-20 05:05:01,0.06308300,0.05000000
2018-03-20 05:05:01,0.06308100,0.27000000
2018-03-20 05:05:01,0.06308000,1.35700000
2018-03-20 05:05:01,0.06307900,0.02000000
2018-03-20 05:05:01,0.06307800,0.15900000
2018-03-20 05:05:01,0.06307000,0.08000000
2018-03-20 05:05:01,0.06306800,2.50000000
2018-03-20 05:05:01,0.06306700,0.34700000
2018-03-20 05:05:01,0.06306600,0.27000000
2018-03-20 05:05:01,0.06306500,0.01600000
2018-03-20 05:05:01,0.06306400,0.06000000
2018-03-20 05:05:01,0.06306100,0.60000000
2018-03-20 05:05:01,0.06306000,0.03100000
2018-03-20 05:05:01,0.06305500,0.10400000
2018-03-20 05:05:01,0.06305200,0.07800000
2018-03-20 05:05:01,0.06305100,0.86400000
2018-03-20 05:05:01,0.06304700,1.19000000
2018-03-20 05:05:01,0.06304000,0.60800000
2018-03-20 05:05:01,0.06303900,0.37500000
2018-03-20 05:05:01,0.06303300,0.32400000
2018-03-20 05:05:01,0.06303000,0.05600000
2018-03-20 05:05:01,0.06302600,0.41700000
2018-03-20 05:05:01,0.06302400,0.10000000
2018-03-20 05:05:01,0.06302300,1.46200000
2018-03-20 05:05:01,0.06301900,0.50000000
2018-03-20 05:05:01,0.06301700,0.18300000
2018-03-20 05:05:01,0.06301000,3.32000000
2018-03-20 05:05:01,0.06300700,0.41600000
2018-03-20 05:05:01,0.06300500,1.00000000
2018-03-20 05:05:01,0.06300300,2.00000000
2018-03-20 05:05:01,0.06300200,1.63900000
2018-03-20 05:05:01,0.06300100,26.94000000
2018-03-20 05:05:01,0.06300000,110.14400000
2018-03-20 05:05:01,0.06300000,0.12400000
2018-03-20 05:05:01,0.06300000,0.17300000
2018-03-20 05:05:02,0.06320000,1.00000000
2018-03-20 05:05:02,0.06314600,0.23000000
2018-03-20 05:05:02,0.06322000,0.00100000
2018-03-20 05:05:02,0.06322200,0.50500000
2018-03-20 05:05:02,0.06323200,0.76000000
2018-03-20 05:05:02,0.06323300,0.73400000
2018-03-20 05:05:02,0.06322100,0.02400000
2018-03-20 05:05:03,0.06321800,0.09100000
2018-03-20 05:05:03,0.06315000,0.01400000
2018-03-20 05:05:03,0.06315000,0.04500000
2018-03-20 05:05:04,0.06321600,0.12200000
2018-03-20 05:05:04,0.06321600,0.10800000
2018-03-20 05:05:04,0.06321700,1.23400000
2018-03-20 05:05:04,0.06321800,4.79600000
2018-03-20 05:05:04,0.06322000,3.25400000
2018-03-20 05:05:04,0.06321600,0.13000000
2018-03-20 05:05:04,0.06321700,0.20000000
2018-03-20 05:05:04,0.06322000,1.45200000
2018-03-20 05:05:04,0.06314600,0.37200000
2018-03-20 05:05:04,0.06321600,0.10000000
2018-03-20 05:05:04,0.06321700,0.62700000
2018-03-20 05:05:04,0.06322000,1.16200000
2018-03-20 05:05:05,0.06321000,0.07900000
2018-03-20 05:05:05,0.06321500,0.42100000
2018-03-20 05:05:05,0.06321500,0.65600000
2018-03-20 05:05:05,0.06321500,0.08000000
2018-03-20 05:05:05,0.06314700,0.19700000
2018-03-20 05:05:06,0.06321800,1.58200000
2018-03-20 05:05:06,0.06321800,0.14400000
2018-03-20 05:05:06,0.06321800,5.10500000
2018-03-20 05:05:07,0.06317300,0.14300000
2018-03-20 05:05:07,0.06317300,0.34300000
2018-03-20 05:05:07,0.06317300,0.02600000
2018-03-20 05:05:08,0.06321600,0.08300000
2018-03-20 05:05:08,0.06314800,0.10300000
2018-03-20 05:05:08,0.06314800,0.08700000
2018-03-20 05:05:08,0.06314800,0.08700000
2018-03-20 05:05:09,0.06321600,0.02900000
2018-03-20 05:05:09,0.06315000,0.32900000
2018-03-20 05:05:10,0.06319700,0.08500000
2018-03-20 05:05:10,0.06319700,0.48300000
2018-03-20 05:05:10,0.06315000,0.08400000
2018-03-20 05:05:10,0.06315000,0.11600000
2018-03-20 05:05:10,0.06314900,0.07000000
2018-03-20 05:05:10,0.06315000,0.20000000
2018-03-20 05:05:10,0.06314900,0.09000000
2018-03-20 05:05:10,0.06314600,0.02800000
2018-03-20 05:05:10,0.06314400,0.18200000
2018-03-20 05:05:10,0.06315000,0.20000000
2018-03-20 05:05:10,0.06315000,0.00100000
2018-03-20 05:05:10,0.06315000,0.19900000
2018-03-20 05:05:10,0.06314900,0.02200000
2018-03-20 05:05:10,0.06315000,0.10000000
2018-03-20 05:05:10,0.06315000,0.09900000
2018-03-20 05:05:10,0.06321600,0.00100000
2018-03-20 05:05:10,0.06321800,0.00100000
2018-03-20 05:05:10,0.06322000,0.02000000
2018-03-20 05:05:10,0.06322000,0.12900000
2018-03-20 05:05:10,0.06315000,0.22100000
2018-03-20 05:05:10,0.06315000,0.16300000
2018-03-20 05:05:10,0.06314900,0.30800000
2018-03-20 05:05:10,0.06314500,0.41200000
2018-03-20 05:05:11,0.06314900,0.32900000
2018-03-20 05:05:11,0.06321900,0.05200000
2018-03-20 05:05:11,0.06315100,0.15100000
2018-03-20 05:05:11,0.06315100,0.15000000
2018-03-20 05:05:12,0.06321900,0.71200000
2018-03-20 05:05:12,0.06322000,0.61100000
2018-03-20 05:05:12,0.06322300,0.13000000
2018-03-20 05:05:12,0.06322800,0.00300000
2018-03-20 05:05:12,0.06315100,0.15500000
2018-03-20 05:05:12,0.06322800,0.31700000
2018-03-20 05:05:12,0.06322900,0.60800000
2018-03-20 05:05:12,0.06323300,0.68300000
2018-03-20 05:05:12,0.06323300,0.19200000
2018-03-20 05:05:12,0.06322700,0.50000000
2018-03-20 05:05:13,0.06315200,1.14800000
2018-03-20 05:05:13,0.06315100,0.77400000
2018-03-20 05:05:13,0.06322700,0.15600000
2018-03-20 05:05:13,0.06322700,0.16900000
2018-03-20 05:05:13,0.06322700,0.00300000
2018-03-20 05:05:13,0.06322600,0.45500000
2018-03-20 05:05:15,0.06316000,0.06000000
2018-03-20 05:05:15,0.06315500,0.23900000
2018-03-20 05:05:15,0.06315500,0.78600000
2018-03-20 05:05:15,0.06315400,0.40800000
2018-03-20 05:05:15,0.06315400,0.26300000
2018-03-20 05:05:16,0.06315600,0.58400000
2018-03-20 05:05:16,0.06315500,0.45000000
2018-03-20 05:05:16,0.06315500,0.58300000
2018-03-20 05:05:17,0.06322500,0.52400000
2018-03-20 05:05:18,0.06322000,0.06000000
2018-03-20 05:05:18,0.06322500,0.01100000
2018-03-20 05:05:18,0.06322500,0.02200000
2018-03-20 05:05:18,0.06322500,0.04800000
2018-03-20 05:05:18,0.06322500,0.50300000
2018-03-20 05:05:18,0.06322500,0.78400000
2018-03-20 05:05:19,0.06322500,0.00200000
2018-03-20 05:05:19,0.06322600,0.00100000
2018-03-20 05:05:19,0.06322900,0.49700000
2018-03-20 05:05:19,0.06322900,0.26000000
2018-03-20 05:05:20,0.06315500,0.07600000
2018-03-20 05:05:20,0.06323300,0.23500000
2018-03-20 05:05:21,0.06323200,3.90500000
2018-03-20 05:05:22,0.06322600,0.02900000
2018-03-20 05:05:22,0.06322600,0.00100000
2018-03-20 05:05:22,0.06316100,0.01700000
2018-03-20 05:05:22,0.06316100,0.02900000
2018-03-20 05:05:23,0.06316100,1.17500000
2018-03-20 05:05:23,0.06319800,0.16800000
2018-03-20 05:05:24,0.06319800,0.12500000
2018-03-20 05:05:24,0.06319800,0.13200000
2018-03-20 05:05:24,0.06321400,0.36800000
2018-03-20 05:05:24,0.06316200,0.23100000
2018-03-20 05:05:24,0.06316200,0.18600000
2018-03-20 05:05:25,0.06316200,0.03900000
2018-03-20 05:05:25,0.06316200,0.06500000
2018-03-20 05:05:25,0.06316200,0.06500000
2018-03-20 05:05:26,0.06320800,0.34600000
2018-03-20 05:05:26,0.06316100,0.11000000
2018-03-20 05:05:27,0.06321600,0.83600000
2018-03-20 05:05:27,0.06321700,0.41700000
2018-03-20 05:05:27,0.06322400,0.16700000
2018-03-20 05:05:27,0.06322500,0.14500000
2018-03-20 05:05:27,0.06322500,0.02800000
2018-03-20 05:05:28,0.06319300,0.51100000
2018-03-20 05:05:28,0.06320800,0.19700000
2018-03-20 05:05:28,0.06320800,0.00200000
2018-03-20 05:05:28,0.06319300,0.02900000
2018-03-20 05:05:28,0.06315700,0.03600000
2018-03-20 05:05:30,0.06316000,0.06000000
2018-03-20 05:05:30,0.06315800,0.12800000
2018-03-20 05:05:31,0.06319000,0.11500000
2018-03-20 05:05:31,0.06319000,0.16600000
2018-03-20 05:05:31,0.06319000,0.01500000
2018-03-20 05:05:31,0.06316000,0.16100000
2018-03-20 05:05:31,0.06322900,0.60000000
2018-03-20 05:05:32,0.06322900,0.88900000
2018-03-20 05:05:32,0.06323000,0.59900000
2018-03-20 05:05:33,0.06317600,0.51100000
2018-03-20 05:05:33,0.06322900,0.17000000
2018-03-20 05:05:33,0.06322900,0.17000000
2018-03-20 05:05:35,0.06322900,0.66000000
2018-03-20 05:05:35,0.06323000,2.34000000
2018-03-20 05:05:36,0.06319700,0.02400000
2018-03-20 05:05:36,0.06319700,0.31000000
2018-03-20 05:05:36,0.06319700,0.74600000
2018-03-20 05:05:36,0.06319700,0.12600000
2018-03-20 05:05:36,0.06319700,0.32800000
2018-03-20 05:05:36,0.06319700,0.05400000
2018-03-20 05:05:36,0.06319700,0.11800000
2018-03-20 05:05:36,0.06316100,0.05200000
2018-03-20 05:05:36,0.06316100,0.04000000
2018-03-20 05:05:37,0.06316300,0.52100000
2018-03-20 05:05:37,0.06316200,0.47900000
2018-03-20 05:05:38,0.06316200,2.14400000
2018-03-20 05:05:38,0.06322900,0.34900000
2018-03-20 05:05:39,0.06322700,0.16100000
2018-03-20 05:05:39,0.06322800,1.48200000
2018-03-20 05:05:40,0.06322700,0.03900000
2018-03-20 05:05:41,0.06322700,0.24300000
2018-03-20 05:05:44,0.06322900,0.02200000
2018-03-20 05:05:44,0.06323000,0.28300000
2018-03-20 05:05:45,0.06322800,0.09100000
2018-03-20 05:05:45,0.06316100,0.24300000
2018-03-20 05:05:45,0.06316100,0.16200000
2018-03-20 05:05:46,0.06322900,0.02300000
2018-03-20 05:05:46,0.06322900,0.31600000
2018-03-20 05:05:47,0.06316300,0.25800000
2018-03-20 05:05:47,0.06323000,0.07000000
2018-03-20 05:05:47,0.06316400,0.40600000
2018-03-20 05:05:47,0.06316400,0.16100000
2018-03-20 05:05:47,0.06316400,0.05900000
2018-03-20 05:05:48,0.06322700,0.03400000
2018-03-20 05:05:48,0.06316400,0.13000000
2018-03-20 05:05:49,0.06316400,0.16400000
2018-03-20 05:05:50,0.06322800,0.02100000
2018-03-20 05:05:50,0.06322800,0.00300000
2018-03-20 05:05:50,0.06321000,0.02000000
2018-03-20 05:05:51,0.06321000,0.32200000
2018-03-20 05:05:51,0.06321000,0.11800000
2018-03-20 05:05:51,0.06321000,0.05500000
2018-03-20 05:05:51,0.06316000,0.05400000
2018-03-20 05:05:51,0.06316000,0.18400000
2018-03-20 05:05:51,0.06316000,0.27800000
2018-03-20 05:05:51,0.06315900,0.03100000
2018-03-20 05:05:51,0.06315700,0.03300000
2018-03-20 05:05:51,0.06321000,0.07800000
2018-03-20 05:05:52,0.06316400,0.20900000
2018-03-20 05:05:52,0.06316400,0.00100000
2018-03-20 05:05:52,0.06321000,0.00100000
2018-03-20 05:05:52,0.06322900,0.02200000
2018-03-20 05:05:52,0.06322900,0.20900000
2018-03-20 05:05:52,0.06322900,0.07200000
2018-03-20 05:05:52,0.06321000,0.03100000
2018-03-20 05:05:52,0.06316000,0.89400000
2018-03-20 05:05:53,0.06321000,0.02900000
2018-03-20 05:05:53,0.06322800,0.25700000
2018-03-20 05:05:53,0.06323000,0.00600000
2018-03-20 05:05:54,0.06322800,0.11100000
2018-03-20 05:05:54,0.06323000,1.58000000
2018-03-20 05:05:54,0.06322800,0.14500000
2018-03-20 05:05:54,0.06322800,0.00100000
2018-03-20 05:05:54,0.06316200,0.14400000
2018-03-20 05:05:54,0.06323000,0.50600000
2018-03-20 05:05:55,0.06316400,0.02000000
2018-03-20 05:05:56,0.06318000,0.10000000
2018-03-20 05:05:57,0.06318100,0.34700000
2018-03-20 05:05:57,0.06318100,0.19900000
2018-03-20 05:05:57,0.06318100,0.00600000
2018-03-20 05:05:57,0.06318000,0.09400000
2018-03-20 05:05:58,0.06323200,0.92000000
2018-03-20 05:05:58,0.06323200,0.24900000
2018-03-20 05:05:58,0.06323200,0.23600000
2018-03-20 05:05:59,0.06323200,0.50000000
2018-03-20 05:06:00,0.06318000,0.36200000
2018-03-20 05:06:00,0.06316300,2.84600000
2018-03-20 05:06:00,0.06316200,1.43900000
2018-03-20 05:06:00,0.06316000,0.75300000
2018-03-20 05:06:01,0.06316000,0.04100000
2018-03-20 05:06:01,0.06316000,2.31200000
2018-03-20 05:06:01,0.06315900,0.08200000
2018-03-20 05:06:01,0.06315700,5.03100000
2018-03-20 05:06:01,0.06315300,0.98800000
2018-03-20 05:06:01,0.06315100,0.52500000
2018-03-20 05:06:01,0.06315000,0.47600000
2018-03-20 05:06:01,0.06313300,0.22000000
2018-03-20 05:06:01,0.06312000,0.22400000
2018-03-20 05:06:02,0.06316000,0.22200000
2018-03-20 05:06:02,0.06323000,0.02300000
2018-03-20 05:06:02,0.06316000,0.07200000
2018-03-20 05:06:03,0.06316000,0.79100000
2018-03-20 05:06:03,0.06316000,0.42400000
2018-03-20 05:06:03,0.06316000,0.01700000
2018-03-20 05:06:04,0.06316000,0.01600000
2018-03-20 05:06:04,0.06322600,0.71800000
2018-03-20 05:06:04,0.06322600,0.13000000
2018-03-20 05:06:05,0.06322500,1.12000000
2018-03-20 05:06:05,0.06320700,0.04800000
2018-03-20 05:06:06,0.06320600,0.32900000
2018-03-20 05:06:06,0.06320600,0.00100000
2018-03-20 05:06:06,0.06320700,0.49900000
2018-03-20 05:06:06,0.06320600,0.33000000
2018-03-20 05:06:06,0.06320700,0.47800000
2018-03-20 05:06:06,0.06316100,0.03800000
2018-03-20 05:06:06,0.06320600,0.33000000
2018-03-20 05:06:06,0.06320700,0.24800000
2018-03-20 05:06:07,0.06320600,1.11300000
2018-03-20 05:06:07,0.06320700,0.08300000
2018-03-20 05:06:07,0.06320800,0.31100000
2018-03-20 05:06:07,0.06316300,0.16200000
2018-03-20 05:06:07,0.06316200,0.02800000
2018-03-20 05:06:07,0.06320600,0.29900000
2018-03-20 05:06:07,0.06316200,0.15500000
2018-03-20 05:06:07,0.06320600,1.23500000
2018-03-20 05:06:07,0.06316200,0.06200000
2018-03-20 05:06:08,0.06316200,0.02900000
2018-03-20 05:06:08,0.06316200,0.40000000
2018-03-20 05:06:08,0.06316000,0.00100000
2018-03-20 05:06:08,0.06312000,0.01000000
2018-03-20 05:06:08,0.06320600,0.30000000
2018-03-20 05:06:08,0.06312000,0.00600000
2018-03-20 05:06:08,0.06310900,0.04700000
2018-03-20 05:06:09,0.06320300,0.50500000
2018-03-20 05:06:09,0.06320100,0.18800000
2018-03-20 05:06:10,0.06311400,0.33000000
2018-03-20 05:06:10,0.06311300,3.17800000
2018-03-20 05:06:10,0.06311200,0.09200000
2018-03-20 05:06:10,0.06320100,0.46800000
2018-03-20 05:06:10,0.06320100,0.13000000
2018-03-20 05:06:10,0.06311400,0.32700000
2018-03-20 05:06:10,0.06311400,0.00300000
2018-03-20 05:06:10,0.06311200,0.27700000
2018-03-20 05:06:10,0.06320000,0.13500000
2018-03-20 05:06:10,0.06314600,1.11000000
2018-03-20 05:06:11,0.06319700,0.13000000
2018-03-20 05:06:11,0.06319800,1.45100000
2018-03-20 05:06:11,0.06319700,0.09400000
2018-03-20 05:06:11,0.06319800,3.19100000
2018-03-20 05:06:11,0.06319800,0.35700000
2018-03-20 05:06:11,0.06319800,0.00100000
2018-03-20 05:06:11,0.06319900,0.20000000
2018-03-20 05:06:11,0.06320300,0.79200000
2018-03-20 05:06:11,0.06320400,0.51200000
2018-03-20 05:06:11,0.06320500,0.26000000
2018-03-20 05:06:11,0.06320700,0.32500000
2018-03-20 05:06:11,0.06319900,0.20000000
2018-03-20 05:06:11,0.06320700,0.19400000
2018-03-20 05:06:11,0.06322000,1.54400000
2018-03-20 05:06:11,0.06322500,1.04100000
2018-03-20 05:06:11,0.06322700,0.27100000
2018-03-20 05:06:11,0.06319900,0.20000000
2018-03-20 05:06:11,0.06320100,1.74600000
2018-03-20 05:06:11,0.06322500,0.50000000
2018-03-20 05:06:11,0.06322700,0.16300000
2018-03-20 05:06:11,0.06322900,0.32500000
2018-03-20 05:06:11,0.06319800,0.48500000
2018-03-20 05:06:11,0.06319800,0.19000000
2018-03-20 05:06:11,0.06319800,1.00000000
2018-03-20 05:06:11,0.06319800,0.29500000
2018-03-20 05:06:12,0.06319800,0.19100000
2018-03-20 05:06:12,0.06319800,0.04700000
2018-03-20 05:06:12,0.06319800,0.02900000
2018-03-20 05:06:12,0.06319800,0.10000000
2018-03-20 05:06:12,0.06319800,0.43700000
2018-03-20 05:06:12,0.06319800,0.47800000
2018-03-20 05:06:12,0.06314700,0.20800000
2018-03-20 05:06:12,0.06314600,0.00100000
2018-03-20 05:06:12,0.06311600,0.22600000
2018-03-20 05:06:12,0.06320000,0.02800000
2018-03-20 05:06:12,0.06319900,0.09700000
2018-03-20 05:06:12,0.06319900,0.00200000
2018-03-20 05:06:12,0.06311600,0.09700000
2018-03-20 05:06:14,0.06319800,0.11500000
2018-03-20 05:06:14,0.06319800,0.08400000
2018-03-20 05:06:15,0.06319800,0.96000000
2018-03-20 05:06:16,0.06314700,0.11200000
2018-03-20 05:06:17,0.06314700,0.42800000
2018-03-20 05:06:17,0.06314700,0.00100000
2018-03-20 05:06:17,0.06319800,0.16500000
2018-03-20 05:06:17,0.06319900,0.26200000
2018-03-20 05:06:17,0.06319900,0.42800000
2018-03-20 05:06:17,0.06319900,0.04500000
2018-03-20 05:06:17,0.06321100,0.20000000
2018-03-20 05:06:21,0.06316700,0.31600000
2018-03-20 05:06:21,0.06316700,0.08700000
2018-03-20 05:06:21,0.06316600,0.24100000
2018-03-20 05:06:22,0.06321300,0.09800000
2018-03-20 05:06:22,0.06321400,0.40200000
2018-03-20 05:06:23,0.06316600,0.00300000
2018-03-20 05:06:23,0.06313400,1.28300000
2018-03-20 05:06:25,0.06321300,0.01600000
2018-03-20 05:06:25,0.06321300,0.01900000
2018-03-20 05:06:27,0.06314100,0.10900000
2018-03-20 05:06:29,0.06321100,0.36800000
2018-03-20 05:06:29,0.06321200,0.10900000
2018-03-20 05:06:29,0.06321300,0.18500000
2018-03-20 05:06:29,0.06321300,0.00100000
2018-03-20 05:06:29,0.06314300,0.18300000
2018-03-20 05:06:30,0.06322200,0.17800000
2018-03-20 05:06:30,0.06322400,0.10000000
2018-03-20 05:06:30,0.06322900,0.22200000
2018-03-20 05:06:32,0.06322100,0.07600000
2018-03-20 05:06:32,0.06322100,0.02300000
2018-03-20 05:06:33,0.06322400,0.10000000
2018-03-20 05:06:33,0.06322900,2.23500000
2018-03-20 05:06:33,0.06315100,0.09100000
2018-03-20 05:06:33,0.06315200,0.10800000
2018-03-20 05:06:34,0.06315500,0.14300000
2018-03-20 05:06:34,0.06316000,0.06000000
2018-03-20 05:06:34,0.06315500,0.17100000
2018-03-20 05:06:34,0.06315400,0.41300000
2018-03-20 05:06:34,0.06315400,0.04700000
2018-03-20 05:06:37,0.06315800,0.15200000
2018-03-20 05:06:37,0.06315800,0.19300000
2018-03-20 05:06:37,0.06322700,0.03100000
2018-03-20 05:06:38,0.06315600,0.23600000
2018-03-20 05:06:38,0.06315900,0.24800000
2018-03-20 05:06:39,0.06322500,0.08300000
2018-03-20 05:06:39,0.06322600,0.41700000
2018-03-20 05:06:40,0.06322600,0.49900000
2018-03-20 05:06:41,0.06322500,0.83600000
2018-03-20 05:06:42,0.06322000,0.05900000
2018-03-20 05:06:43,0.06315600,0.70900000
2018-03-20 05:06:45,0.06315700,0.23200000
2018-03-20 05:06:45,0.06315700,0.15700000
2018-03-20 05:06:46,0.06322500,0.58000000
2018-03-20 05:06:47,0.06319500,0.03100000
2018-03-20 05:06:47,0.06319500,0.00100000
2018-03-20 05:06:47,0.06315700,0.03000000
2018-03-20 05:06:47,0.06315700,0.87700000
2018-03-20 05:06:48,0.06316000,0.64600000
2018-03-20 05:06:48,0.06316000,0.00400000
2018-03-20 05:06:49,0.06316000,1.03200000
2018-03-20 05:06:50,0.06320000,0.15500000
2018-03-20 05:06:51,0.06320000,0.04400000
2018-03-20 05:06:51,0.06320000,0.00100000
2018-03-20 05:06:51,0.06316000,0.00100000
2018-03-20 05:06:51,0.06315700,0.04200000
2018-03-20 05:06:51,0.06315700,0.04400000
2018-03-20 05:06:51,0.06315700,0.04400000
2018-03-20 05:06:51,0.06319000,0.07900000
2018-03-20 05:06:51,0.06320000,0.02200000
2018-03-20 05:06:51,0.06320000,0.12800000
2018-03-20 05:06:51,0.06322500,0.00100000
2018-03-20 05:06:51,0.06322600,0.24800000
2018-03-20 05:06:51,0.06320000,0.02100000
2018-03-20 05:06:52,0.06322900,3.31200000
2018-03-20 05:06:52,0.06322500,0.78500000
2018-03-20 05:06:52,0.06322500,0.00300000
2018-03-20 05:06:52,0.06320000,0.00100000
2018-03-20 05:06:52,0.06319000,0.02900000
2018-03-20 05:06:52,0.06315700,0.05600000
2018-03-20 05:06:53,0.06320000,0.09900000
2018-03-20 05:06:54,0.06316000,0.05900000
2018-03-20 05:06:54,0.06316000,0.00100000
2018-03-20 05:06:54,0.06315800,0.50900000
2018-03-20 05:06:54,0.06315700,1.03900000
2018-03-20 05:06:54,0.06315500,0.67100000
2018-03-20 05:06:54,0.06315500,0.31700000
2018-03-20 05:06:54,0.06315400,1.42300000
2018-03-20 05:06:54,0.06314600,0.13000000
2018-03-20 05:06:54,0.06314100,0.01200000
2018-03-20 05:06:54,0.06320000,0.00100000
2018-03-20 05:06:54,0.06322800,0.04600000
2018-03-20 05:06:54,0.06322800,0.02600000
2018-03-20 05:06:54,0.06322800,0.09200000
2018-03-20 05:06:54,0.06322800,0.04400000
2018-03-20 05:06:54,0.06314600,0.13000000
2018-03-20 05:06:54,0.06314300,0.03300000
2018-03-20 05:06:54,0.06314100,0.01600000
2018-03-20 05:06:54,0.06313500,0.06800000
2018-03-20 05:06:55,0.06322600,0.13000000
2018-03-20 05:06:55,0.06322700,0.52000000
2018-03-20 05:06:55,0.06322600,0.00600000
2018-03-20 05:06:58,0.06321900,0.10000000
2018-03-20 05:07:00,0.06316100,0.61700000
2018-03-20 05:07:02,0.06316100,0.00100000
2018-03-20 05:07:02,0.06316000,0.01600000
2018-03-20 05:07:03,0.06321900,0.04000000
2018-03-20 05:07:03,0.06316000,0.04600000
2018-03-20 05:07:04,0.06316000,0.14400000
2018-03-20 05:07:04,0.06316000,0.79200000
2018-03-20 05:07:04,0.06316000,0.00200000
2018-03-20 05:07:04,0.06315000,0.25200000
2018-03-20 05:07:04,0.06315000,0.24800000
2018-03-20 05:07:04,0.06314700,0.00700000
2018-03-20 05:07:04,0.06316100,0.01700000
2018-03-20 05:07:05,0.06321900,0.09000000
2018-03-20 05:07:06,0.06315100,0.18000000
2018-03-20 05:07:06,0.06315100,0.17000000
2018-03-20 05:07:06,0.06321400,0.10100000
2018-03-20 05:07:06,0.06315100,0.19000000
2018-03-20 05:07:07,0.06315200,0.24800000
2018-03-20 05:07:08,0.06321000,0.06000000
2018-03-20 05:07:08,0.06321000,0.20000000
2018-03-20 05:07:08,0.06321800,0.04700000
2018-03-20 05:07:08,0.06322000,0.44600000
2018-03-20 05:07:08,0.06322000,0.54200000
2018-03-20 05:07:08,0.06322600,0.14900000
2018-03-20 05:07:09,0.06315200,0.87600000
2018-03-20 05:07:09,0.06315200,0.09500000
2018-03-20 05:07:09,0.06315200,0.14900000
2018-03-20 05:07:10,0.06321000,0.10000000
2018-03-20 05:07:10,0.06315700,0.01700000
2018-03-20 05:07:10,0.06321000,0.22000000
2018-03-20 05:07:10,0.06321000,0.10000000
2018-03-20 05:07:11,0.06321000,0.10000000
2018-03-20 05:07:12,0.06315400,1.03600000
2018-03-20 05:07:12,0.06321000,0.07000000
2018-03-20 05:07:13,0.06321000,0.02600000
2018-03-20 05:07:14,0.06318000,0.05400000
2018-03-20 05:07:14,0.06318000,0.13700000
2018-03-20 05:07:14,0.06318000,0.05000000
2018-03-20 05:07:14,0.06318000,0.03100000
2018-03-20 05:07:14,0.06318000,0.07800000
2018-03-20 05:07:14,0.06318000,0.06200000
2018-03-20 05:07:15,0.06318000,0.58800000
2018-03-20 05:07:15,0.06321000,1.14400000
2018-03-20 05:07:16,0.06321000,0.03000000
2018-03-20 05:07:17,0.06321000,0.04500000
2018-03-20 05:07:17,0.06321000,0.03200000
2018-03-20 05:07:18,0.06315100,0.01900000
2018-03-20 05:07:18,0.06321000,1.13700000
2018-03-20 05:07:18,0.06315100,0.40800000
2018-03-20 05:07:18,0.06315100,0.06900000
2018-03-20 05:07:18,0.06315100,0.04000000
2018-03-20 05:07:21,0.06321000,3.40700000
2018-03-20 05:07:21,0.06321000,0.59800000
2018-03-20 05:07:21,0.06322500,0.03600000
2018-03-20 05:07:22,0.06322500,0.02500000
2018-03-20 05:07:23,0.06315200,0.05200000
2018-03-20 05:07:25,0.06315300,0.02700000
2018-03-20 05:07:28,0.06315300,0.05500000
2018-03-20 05:07:31,0.06315300,0.00100000
2018-03-20 05:07:31,0.06315200,0.11000000
2018-03-20 05:07:31,0.06322200,0.85700000
2018-03-20 05:07:31,0.06322300,0.61800000
2018-03-20 05:07:31,0.06322400,0.81200000
2018-03-20 05:07:31,0.06322500,0.18700000
2018-03-20 05:07:31,0.06322600,0.14200000
2018-03-20 05:07:33,0.06315400,0.05200000
2018-03-20 05:07:33,0.06322500,0.07000000
2018-03-20 05:07:33,0.06322600,0.03000000
2018-03-20 05:07:34,0.06322600,0.15800000
2018-03-20 05:07:35,0.06315500,0.39900000
2018-03-20 05:07:35,0.06315500,0.28900000
2018-03-20 05:07:35,0.06322600,0.08100000
2018-03-20 05:07:35,0.06322400,0.03800000
2018-03-20 05:07:36,0.06316000,0.05900000
2018-03-20 05:07:36,0.06316100,0.02900000
2018-03-20 05:07:37,0.06316100,0.10300000
2018-03-20 05:07:37,0.06316100,0.09500000
2018-03-20 05:07:37,0.06316100,0.04000000
2018-03-20 05:07:38,0.06316100,1.54500000
2018-03-20 05:07:38,0.06322000,0.06000000
2018-03-20 05:07:38,0.06322400,0.01400000
2018-03-20 05:07:38,0.06322500,0.06900000
2018-03-20 05:07:38,0.06322500,0.08900000
2018-03-20 05:07:39,0.06322400,0.68800000
2018-03-20 05:07:39,0.06322500,0.27500000
2018-03-20 05:07:40,0.06322300,0.86200000
2018-03-20 05:07:41,0.06320000,0.15800000
2018-03-20 05:07:41,0.06320000,0.67200000
2018-03-20 05:07:41,0.06320000,0.43900000
2018-03-20 05:07:41,0.06322200,2.99500000
2018-03-20 05:07:41,0.06322500,0.10000000
2018-03-20 05:07:41,0.06322600,1.03900000
2018-03-20 05:07:41,0.06322700,0.26000000
2018-03-20 05:07:41,0.06323000,1.28000000
2018-03-20 05:07:42,0.06320000,0.24200000
2018-03-20 05:07:42,0.06322100,0.54400000
2018-03-20 05:07:42,0.06320000,0.86200000
2018-03-20 05:07:44,0.06316000,1.58200000
2018-03-20 05:07:44,0.06316000,3.90600000
2018-03-20 05:07:45,0.06316000,0.63300000
2018-03-20 05:07:45,0.06321900,1.58200000
2018-03-20 05:07:45,0.06321900,0.38500000
2018-03-20 05:07:46,0.06315600,0.14300000
2018-03-20 05:07:46,0.06315600,0.74400000
2018-03-20 05:07:47,0.06321700,1.58200000
2018-03-20 05:07:47,0.06318600,0.14800000
2018-03-20 05:07:47,0.06315600,6.27400000
2018-03-20 05:07:47,0.06315600,0.10000000
2018-03-20 05:07:47,0.06315600,0.10000000
2018-03-20 05:07:47,0.06315600,0.10000000
2018-03-20 05:07:47,0.06315600,0.10000000
2018-03-20 05:07:47,0.06315600,0.10000000
2018-03-20 05:07:47,0.06315600,0.10000000
2018-03-20 05:07:47,0.06315600,0.03100000
2018-03-20 05:07:47,0.06321700,0.59900000
2018-03-20 05:07:49,0.06316000,0.03800000
2018-03-20 05:07:49,0.06321500,0.03100000
2018-03-20 05:07:50,0.06320100,1.02000000
2018-03-20 05:07:50,0.06320100,1.52700000
2018-03-20 05:07:50,0.06316000,0.07500000
2018-03-20 05:07:50,0.06315500,2.37300000
2018-03-20 05:07:51,0.06315500,0.93100000
2018-03-20 05:07:51,0.06315500,0.01600000
2018-03-20 05:07:51,0.06315500,0.13600000
2018-03-20 05:07:51,0.06315500,0.01000000
2018-03-20 05:07:51,0.06315500,0.31000000
2018-03-20 05:07:51,0.06315500,0.22800000
2018-03-20 05:07:52,0.06315500,0.33300000
2018-03-20 05:07:54,0.06315500,0.02400000
2018-03-20 05:07:54,0.06321500,0.10000000
2018-03-20 05:07:54,0.06315600,0.03600000
2018-03-20 05:07:54,0.06322500,0.88400000
2018-03-20 05:07:56,0.06322400,1.58200000
2018-03-20 05:07:56,0.06322400,0.08800000
2018-03-20 05:07:56,0.06322400,0.08800000
2018-03-20 05:07:56,0.06316000,1.37200000
2018-03-20 05:07:56,0.06316000,0.02500000
2018-03-20 05:07:57,0.06322300,1.58200000
2018-03-20 05:07:57,0.06322300,1.39700000
2018-03-20 05:07:57,0.06316100,0.09000000
2018-03-20 05:07:58,0.06322200,0.24500000
2018-03-20 05:07:58,0.06316600,0.07900000
2018-03-20 05:07:58,0.06316300,0.01500000
2018-03-20 05:07:58,0.06316300,0.03500000
2018-03-20 05:07:58,0.06316300,0.32000000
2018-03-20 05:07:59,0.06317100,0.07800000
2018-03-20 05:07:59,0.06317100,0.00100000
2018-03-20 05:07:59,0.06316300,0.05900000
2018-03-20 05:07:59,0.06316300,0.07800000
2018-03-20 05:07:59,0.06316300,0.06900000
2018-03-20 05:07:59,0.06316300,0.10100000
2018-03-20 05:07:59,0.06316300,0.07900000
2018-03-20 05:08:00,0.06316400,0.00300000
2018-03-20 05:08:00,0.06316400,0.02100000
2018-03-20 05:08:00,0.06316400,0.25000000
2018-03-20 05:08:00,0.06316400,0.06200000
2018-03-20 05:08:01,0.06316300,0.09100000
2018-03-20 05:08:01,0.06316300,0.09600000
2018-03-20 05:08:01,0.06316300,0.21100000
2018-03-20 05:08:01,0.06322100,1.58200000
2018-03-20 05:08:01,0.06316300,0.02100000
2018-03-20 05:08:01,0.06322100,1.41700000
2018-03-20 05:08:02,0.06316300,0.04100000
2018-03-20 05:08:02,0.06322300,1.78600000
2018-03-20 05:08:02,0.06316300,0.09000000
2018-03-20 05:08:02,0.06322300,1.19300000
2018-03-20 05:08:02,0.06322300,1.77000000
2018-03-20 05:08:02,0.06322500,0.10000000
2018-03-20 05:08:02,0.06323000,4.00000000
2018-03-20 05:08:02,0.06323200,0.31100000
2018-03-20 05:08:02,0.06323300,0.48900000
2018-03-20 05:08:02,0.06324100,1.16100000
2018-03-20 05:08:02,0.06326000,1.81000000
2018-03-20 05:08:02,0.06326000,2.01000000
2018-03-20 05:08:02,0.06316300,0.09900000
2018-03-20 05:08:02,0.06316300,0.17800000
2018-03-20 05:08:02,0.06316100,0.01200000
2018-03-20 05:08:02,0.06322000,0.09600000
2018-03-20 05:08:03,0.06316100,0.54300000
2018-03-20 05:08:03,0.06316100,1.99200000
2018-03-20 05:08:03,0.06316000,0.25400000
2018-03-20 05:08:03,0.06316200,0.50200000
2018-03-20 05:08:03,0.06316000,1.08100000
2018-03-20 05:08:03,0.06316000,2.68300000
2018-03-20 05:08:04,0.06322000,1.58200000
2018-03-20 05:08:04,0.06316000,0.58400000
2018-03-20 05:08:04,0.06322000,0.17700000
2018-03-20 05:08:04,0.06322000,0.09500000
2018-03-20 05:08:04,0.06322000,0.66200000
2018-03-20 05:08:05,0.06316100,0.61700000
2018-03-20 05:08:05,0.06316100,0.20000000
2018-03-20 05:08:05,0.06322100,0.09500000
2018-03-20 05:08:06,0.06317000,0.39600000
2018-03-20 05:08:06,0.06317000,0.69200000
2018-03-20 05:08:06,0.06322000,0.10000000
2018-03-20 05:08:06,0.06322100,0.00500000
2018-03-20 05:08:06,0.06322300,0.01700000
2018-03-20 05:08:06,0.06326800,0.26200000
2018-03-20 05:08:06,0.06317000,0.23000000
2018-03-20 05:08:06,0.06317000,0.02700000
2018-03-20 05:08:07,0.06317200,0.48800000
2018-03-20 05:08:07,0.06326400,0.03000000
2018-03-20 05:08:07,0.06317200,1.81900000
2018-03-20 05:08:08,0.06326300,0.08400000
2018-03-20 05:08:08,0.06317500,0.03800000
2018-03-20 05:08:08,0.06317500,0.06400000
2018-03-20 05:08:08,0.06317500,0.36500000
2018-03-20 05:08:08,0.06317500,0.02200000
2018-03-20 05:08:08,0.06317500,0.01600000
2018-03-20 05:08:08,0.06326300,0.18000000
2018-03-20 05:08:08,0.06317500,0.00500000
2018-03-20 05:08:09,0.06317500,0.10300000
2018-03-20 05:08:09,0.06318000,0.04900000
2018-03-20 05:08:09,0.06318100,0.01700000
2018-03-20 05:08:09,0.06318100,0.05300000
2018-03-20 05:08:10,0.06318200,0.16900000
2018-03-20 05:08:10,0.06318300,0.19900000
2018-03-20 05:08:10,0.06325900,0.13100000
2018-03-20 05:08:10,0.06318300,0.05000000
2018-03-20 05:08:11,0.06318500,0.04400000
2018-03-20 05:08:11,0.06318500,0.19900000
2018-03-20 05:08:11,0.06325600,0.03800000
2018-03-20 05:08:12,0.06318500,0.04200000
2018-03-20 05:08:12,0.06318500,0.03300000
2018-03-20 05:08:12,0.06318600,0.25700000
2018-03-20 05:08:12,0.06318600,0.83200000
2018-03-20 05:08:13,0.06318600,0.08200000
2018-03-20 05:08:13,0.06319000,0.00200000
2018-03-20 05:08:13,0.06319000,0.01700000
2018-03-20 05:08:13,0.06319000,0.00100000
2018-03-20 05:08:13,0.06318700,0.01600000
2018-03-20 05:08:14,0.06318700,0.44100000
2018-03-20 05:08:14,0.06318700,0.00100000
2018-03-20 05:08:14,0.06318600,0.03600000
2018-03-20 05:08:14,0.06318600,0.01200000
2018-03-20 05:08:14,0.06318500,0.04900000
2018-03-20 05:08:14,0.06318500,0.03400000
2018-03-20 05:08:14,0.06318500,0.02000000
2018-03-20 05:08:15,0.06318500,0.00900000
2018-03-20 05:08:15,0.06318400,0.06300000
2018-03-20 05:08:15,0.06317500,0.46700000
2018-03-20 05:08:15,0.06324900,0.09000000
2018-03-20 05:08:15,0.06325000,0.02000000
2018-03-20 05:08:15,0.06325300,0.03300000
2018-03-20 05:08:15,0.06325300,0.26100000
2018-03-20 05:08:15,0.06317400,0.19000000
2018-03-20 05:08:16,0.06317700,0.10000000
2018-03-20 05:08:16,0.06318000,0.02000000
2018-03-20 05:08:16,0.06317800,0.05100000
2018-03-20 05:08:17,0.06317800,0.26700000
2018-03-20 05:08:17,0.06317800,0.14900000
2018-03-20 05:08:17,0.06318100,0.10000000
2018-03-20 05:08:17,0.06318100,0.03900000
2018-03-20 05:08:17,0.06318100,0.04400000
2018-03-20 05:08:18,0.06324900,0.06500000
2018-03-20 05:08:18,0.06317700,0.05000000
2018-03-20 05:08:19,0.06317100,0.03000000
2018-03-20 05:08:20,0.06317800,0.03300000
2018-03-20 05:08:21,0.06317900,0.04200000
2018-03-20 05:08:22,0.06317900,0.01900000
2018-03-20 05:08:22,0.06317900,0.55700000
2018-03-20 05:08:22,0.06317800,0.01800000
2018-03-20 05:08:22,0.06317800,0.02900000
2018-03-20 05:08:22,0.06317800,0.01200000
2018-03-20 05:08:22,0.06317800,0.08100000
2018-03-20 05:08:22,0.06317800,0.08600000
2018-03-20 05:08:24,0.06317900,0.10900000
2018-03-20 05:08:24,0.06317900,0.00300000
2018-03-20 05:08:24,0.06316700,0.10800000
2018-03-20 05:08:24,0.06316700,0.12100000
2018-03-20 05:08:24,0.06317500,0.04200000
2018-03-20 05:08:24,0.06317500,0.04200000
2018-03-20 05:08:25,0.06317500,0.08200000
2018-03-20 05:08:25,0.06317500,0.02900000
2018-03-20 05:08:25,0.06317500,0.25700000
2018-03-20 05:08:25,0.06317500,0.09100000
2018-03-20 05:08:25,0.06317500,1.99600000
2018-03-20 05:08:25,0.06317500,0.72900000
2018-03-20 05:08:26,0.06317500,0.02800000
2018-03-20 05:08:26,0.06317500,0.08600000
2018-03-20 05:08:26,0.06316100,0.02700000
2018-03-20 05:08:26,0.06316200,0.14500000
2018-03-20 05:08:26,0.06316200,1.14200000
2018-03-20 05:08:27,0.06316200,0.26600000
2018-03-20 05:08:28,0.06316300,0.96400000
2018-03-20 05:08:30,0.06316100,0.02500000
2018-03-20 05:08:30,0.06322700,1.55000000
2018-03-20 05:08:30,0.06322900,0.26100000
2018-03-20 05:08:31,0.06316100,0.02500000
2018-03-20 05:08:31,0.06316100,0.07300000
2018-03-20 05:08:32,0.06316100,0.02300000
2018-03-20 05:08:32,0.06315500,0.07000000
2018-03-20 05:08:33,0.06315500,0.04700000
2018-03-20 05:08:33,0.06317000,0.01600000
2018-03-20 05:08:33,0.06322700,0.45800000
2018-03-20 05:08:34,0.06317100,0.01500000
2018-03-20 05:08:34,0.06319800,20.48100000
2018-03-20 05:08:34,0.06317100,13.63900000
2018-03-20 05:08:35,0.06317000,0.06000000
2018-03-20 05:08:35,0.06317000,0.05000000
2018-03-20 05:08:35,0.06317000,0.42500000
2018-03-20 05:08:37,0.06322500,0.16200000
2018-03-20 05:08:37,0.06317000,0.07100000
2018-03-20 05:08:37,0.06317000,3.00000000
2018-03-20 05:08:37,0.06322600,0.32800000
2018-03-20 05:08:39,0.06322000,0.06700000
2018-03-20 05:08:39,0.06317000,0.04800000
2018-03-20 05:08:40,0.06322000,0.05000000
2018-03-20 05:08:40,0.06317000,0.07800000
2018-03-20 05:08:41,0.06317000,0.09300000
2018-03-20 05:08:42,0.06317000,0.05700000
2018-03-20 05:08:42,0.06317000,0.92200000
2018-03-20 05:08:43,0.06317000,0.24300000
2018-03-20 05:08:43,0.06317000,0.05700000
2018-03-20 05:08:43,0.06317000,0.04200000
2018-03-20 05:08:43,0.06317000,0.01500000
2018-03-20 05:08:44,0.06317000,2.90900000
2018-03-20 05:08:46,0.06315600,0.02900000
2018-03-20 05:08:46,0.06322000,0.00300000
2018-03-20 05:08:46,0.06322200,0.03100000
2018-03-20 05:08:47,0.06315500,0.02900000
2018-03-20 05:08:47,0.06322200,0.21500000
2018-03-20 05:08:47,0.06322200,0.21000000
2018-03-20 05:08:49,0.06322300,0.07600000
2018-03-20 05:08:49,0.06315500,0.05900000
2018-03-20 05:08:49,0.06315500,0.05300000
2018-03-20 05:08:50,0.06315600,0.40800000
2018-03-20 05:08:50,0.06315600,0.14100000
2018-03-20 05:08:51,0.06319000,9.43400000
2018-03-20 05:08:51,0.06315600,13.58900000
2018-03-20 05:08:51,0.06315600,3.10800000
2018-03-20 05:08:51,0.06315500,0.14100000
2018-03-20 05:08:52,0.06320300,0.14300000
2018-03-20 05:08:52,0.06320300,0.26000000
2018-03-20 05:08:53,0.06320300,0.10800000
2018-03-20 05:08:54,0.06322500,0.19500000
2018-03-20 05:08:55,0.06316300,0.16500000
2018-03-20 05:08:56,0.06316300,0.59900000
2018-03-20 05:08:57,0.06316300,0.09000000
2018-03-20 05:08:58,0.06316300,0.35800000
2018-03-20 05:08:58,0.06316300,2.75400000
2018-03-20 05:08:58,0.06315500,0.35800000
2018-03-20 05:08:58,0.06315500,1.84400000
2018-03-20 05:08:58,0.06315400,0.40000000
2018-03-20 05:08:58,0.06315100,0.13500000
2018-03-20 05:08:59,0.06315100,0.36500000
2018-03-20 05:08:59,0.06315000,2.20700000
2018-03-20 05:08:59,0.06322400,0.53000000
2018-03-20 05:08:59,0.06316000,0.02300000
2018-03-20 05:08:59,0.06316000,0.04700000
2018-03-20 05:08:59,0.06314400,0.04700000
2018-03-20 05:08:59,0.06314600,0.06600000
2018-03-20 05:08:59,0.06314600,0.46700000
2018-03-20 05:08:59,0.06314400,0.06600000
2018-03-20 05:08:59,0.06313400,0.10000000
2018-03-20 05:08:59,0.06312400,0.00700000
2018-03-20 05:08:59,0.06314600,0.12400000
2018-03-20 05:08:59,0.06314600,0.19200000
2018-03-20 05:08:59,0.06322400,0.20800000
2018-03-20 05:09:00,0.06314700,0.40500000
2018-03-20 05:09:00,0.06314700,0.02400000
2018-03-20 05:09:00,0.06314700,0.62400000
2018-03-20 05:09:01,0.06314600,0.13000000
2018-03-20 05:09:01,0.06313900,0.53100000
2018-03-20 05:09:01,0.06313500,2.50900000
2018-03-20 05:09:01,0.06322000,0.07000000
2018-03-20 05:09:01,0.06322300,0.04600000
2018-03-20 05:09:01,0.06314600,0.09900000
2018-03-20 05:09:02,0.06314700,2.22300000
2018-03-20 05:09:02,0.06315000,0.03700000
2018-03-20 05:09:02,0.06315000,0.03300000
2018-03-20 05:09:02,0.06314600,0.03600000
2018-03-20 05:09:02,0.06314600,0.11700000
2018-03-20 05:09:02,0.06314600,0.93300000
2018-03-20 05:09:03,0.06321800,0.03200000
2018-03-20 05:09:03,0.06314600,2.60500000
2018-03-20 05:09:04,0.06313500,0.33000000
2018-03-20 05:09:04,0.06313500,0.22000000
2018-03-20 05:09:04,0.06313400,0.11000000
2018-03-20 05:09:05,0.06314700,0.01600000
2018-03-20 05:09:05,0.06314700,0.00100000
2018-03-20 05:09:05,0.06321000,0.01500000
2018-03-20 05:09:05,0.06321000,0.01600000
2018-03-20 05:09:06,0.06320800,0.07800000
2018-03-20 05:09:06,0.06320800,0.01600000
2018-03-20 05:09:10,0.06313100,0.59600000
2018-03-20 05:09:11,0.06319700,0.05900000
2018-03-20 05:09:13,0.06319600,0.01700000
2018-03-20 05:09:13,0.06313000,0.03000000
2018-03-20 05:09:13,0.06312600,2.04700000
2018-03-20 05:09:13,0.06312600,3.05300000
2018-03-20 05:09:13,0.06312400,0.01400000
2018-03-20 05:09:13,0.06312300,0.83900000
2018-03-20 05:09:13,0.06311600,0.62300000
2018-03-20 05:09:13,0.06311100,0.78400000
2018-03-20 05:09:13,0.06312600,0.10000000
2018-03-20 05:09:13,0.06311000,0.22000000
2018-03-20 05:09:13,0.06310600,0.24800000
2018-03-20 05:09:13,0.06310500,0.31200000
2018-03-20 05:09:13,0.06310300,0.25000000
2018-03-20 05:09:13,0.06310200,1.27600000
2018-03-20 05:09:13,0.06312700,0.98300000
2018-03-20 05:09:13,0.06312700,0.46500000
2018-03-20 05:09:13,0.06312700,1.16500000
2018-03-20 05:09:13,0.06312700,0.49000000
2018-03-20 05:09:13,0.06312700,0.63300000
2018-03-20 05:09:14,0.06312700,0.09900000
2018-03-20 05:09:14,0.06318900,0.04600000
2018-03-20 05:09:14,0.06312700,1.16500000
2018-03-20 05:09:14,0.06319000,0.07700000
2018-03-20 05:09:14,0.06312800,0.53900000
2018-03-20 05:09:14,0.06310300,2.63400000
2018-03-20 05:09:15,0.06318600,0.07500000
2018-03-20 05:09:15,0.06310400,0.10200000
2018-03-20 05:09:15,0.06310300,1.64000000
2018-03-20 05:09:15,0.06310200,2.93800000
2018-03-20 05:09:15,0.06310100,1.29400000
2018-03-20 05:09:15,0.06310100,0.10100000
2018-03-20 05:09:15,0.06310100,1.54800000
2018-03-20 05:09:15,0.06310100,1.74200000
2018-03-20 05:09:16,0.06312800,0.14900000
2018-03-20 05:09:16,0.06312800,0.00100000
2018-03-20 05:09:16,0.06316700,0.03900000
2018-03-20 05:09:16,0.06316700,0.14900000
2018-03-20 05:09:16,0.06310300,0.86700000
2018-03-20 05:09:16,0.06310100,2.30600000
2018-03-20 05:09:16,0.06316600,0.24500000
2018-03-20 05:09:16,0.06316600,0.06300000
2018-03-20 05:09:16,0.06316600,0.06300000
2018-03-20 05:09:16,0.06310100,3.17300000
2018-03-20 05:09:16,0.06310100,0.02200000
2018-03-20 05:09:17,0.06316500,0.53000000
2018-03-20 05:09:17,0.06316500,0.00100000
2018-03-20 05:09:17,0.06316600,0.48200000
2018-03-20 05:09:17,0.06316700,0.29000000
2018-03-20 05:09:17,0.06310100,3.17300000
2018-03-20 05:09:17,0.06310100,0.04000000
2018-03-20 05:09:17,0.06310100,3.17300000
2018-03-20 05:09:18,0.06316700,0.07800000
2018-03-20 05:09:18,0.06316700,0.39900000
2018-03-20 05:09:18,0.06310100,2.98500000
2018-03-20 05:09:19,0.06316500,0.11000000
2018-03-20 05:09:20,0.06316500,0.19900000
2018-03-20 05:09:20,0.06316000,0.03000000
2018-03-20 05:09:20,0.06316500,0.09400000
2018-03-20 05:09:20,0.06316500,2.19700000
2018-03-20 05:09:20,0.06310100,0.14100000
2018-03-20 05:09:20,0.06310100,0.14100000
2018-03-20 05:09:20,0.06316400,0.53100000
2018-03-20 05:09:20,0.06316500,0.86500000
2018-03-20 05:09:20,0.06316500,0.11000000
2018-03-20 05:09:20,0.06316500,0.08900000
2018-03-20 05:09:21,0.06316000,0.03900000
2018-03-20 05:09:21,0.06310100,0.41000000
2018-03-20 05:09:21,0.06316000,0.00100000
2018-03-20 05:09:21,0.06316400,0.07700000
2018-03-20 05:09:22,0.06310100,3.17300000
2018-03-20 05:09:23,0.06310100,3.17300000
2018-03-20 05:09:24,0.06316700,0.00100000
2018-03-20 05:09:24,0.06317000,0.07700000
2018-03-20 05:09:24,0.06310100,0.11300000
2018-03-20 05:09:24,0.06310100,0.02300000
2018-03-20 05:09:25,0.06310100,0.05800000
2018-03-20 05:09:25,0.06310100,0.02000000
2018-03-20 05:09:25,0.06316700,0.02200000
2018-03-20 05:09:25,0.06316900,3.53800000
2018-03-20 05:09:25,0.06316700,0.21900000
2018-03-20 05:09:26,0.06316700,0.05300000
2018-03-20 05:09:26,0.06316700,0.11100000
2018-03-20 05:09:26,0.06316700,0.38500000
2018-03-20 05:09:26,0.06316700,0.18900000
2018-03-20 05:09:26,0.06316700,0.19900000
2018-03-20 05:09:26,0.06316700,0.57000000
2018-03-20 05:09:26,0.06316700,0.03000000
2018-03-20 05:09:26,0.06316700,3.71300000
2018-03-20 05:09:26,0.06310100,0.02900000
2018-03-20 05:09:26,0.06310100,0.02000000
2018-03-20 05:09:26,0.06310100,0.01900000
2018-03-20 05:09:26,0.06316800,5.85400000
2018-03-20 05:09:26,0.06317000,0.60000000
2018-03-20 05:09:26,0.06317200,0.25800000
2018-03-20 05:09:26,0.06318600,0.58900000
2018-03-20 05:09:26,0.06318800,3.64400000
2018-03-20 05:09:26,0.06319000,0.40200000
2018-03-20 05:09:26,0.06319300,0.48100000
2018-03-20 05:09:26,0.06319500,0.76000000
2018-03-20 05:09:26,0.06319600,1.87800000
2018-03-20 05:09:26,0.06319700,0.25900000
2018-03-20 05:09:26,0.06320000,2.33100000
2018-03-20 05:09:27,0.06310300,0.11100000
2018-03-20 05:09:27,0.06310300,0.09300000
2018-03-20 05:09:27,0.06310300,0.02400000
2018-03-20 05:09:27,0.06318400,0.09500000
2018-03-20 05:09:28,0.06310500,0.04500000
2018-03-20 05:09:28,0.06317900,0.00200000
2018-03-20 05:09:29,0.06310500,0.02600000
2018-03-20 05:09:30,0.06310600,0.05600000
2018-03-20 05:09:30,0.06317900,0.07800000
2018-03-20 05:09:30,0.06312400,0.07800000
2018-03-20 05:09:30,0.06312400,0.07400000
2018-03-20 05:09:30,0.06312400,0.00100000
2018-03-20 05:09:31,0.06312500,0.04700000
2018-03-20 05:09:32,0.06312600,0.02500000
2018-03-20 05:09:32,0.06312600,1.48900000
2018-03-20 05:09:32,0.06312600,0.07000000
2018-03-20 05:09:32,0.06312500,0.28800000
2018-03-20 05:09:32,0.06312500,0.20800000
2018-03-20 05:09:33,0.06312500,0.05800000
2018-03-20 05:09:34,0.06317900,0.02500000
2018-03-20 05:09:34,0.06318000,0.12800000
2018-03-20 05:09:34,0.06318000,0.15800000
2018-03-20 05:09:34,0.06313500,0.07800000
2018-03-20 05:09:35,0.06313500,0.27900000
2018-03-20 05:09:35,0.06313500,0.02600000
2018-03-20 05:09:36,0.06313500,0.03700000
2018-03-20 05:09:38,0.06318000,0.14400000
2018-03-20 05:09:38,0.06313500,0.00100000
2018-03-20 05:09:38,0.06313000,0.05400000
2018-03-20 05:09:38,0.06313000,0.02500000
2018-03-20 05:09:38,0.06312600,0.19900000
2018-03-20 05:09:39,0.06318000,0.32900000
2018-03-20 05:09:39,0.06312500,0.00100000
2018-03-20 05:09:39,0.06312400,1.42900000
2018-03-20 05:09:39,0.06312400,0.12200000
2018-03-20 05:09:40,0.06318000,0.00100000
2018-03-20 05:09:40,0.06318400,0.42700000
2018-03-20 05:09:40,0.06318400,0.26200000
2018-03-20 05:09:40,0.06317900,0.16200000
2018-03-20 05:09:40,0.06317900,0.01500000
2018-03-20 05:09:40,0.06312400,0.00100000
2018-03-20 05:09:40,0.06311500,0.16000000
2018-03-20 05:09:40,0.06311500,0.17600000
2018-03-20 05:09:40,0.06311500,0.12600000
2018-03-20 05:09:40,0.06318400,0.00400000
2018-03-20 05:09:40,0.06311500,0.07700000
2018-03-20 05:09:41,0.06311600,0.03000000
2018-03-20 05:09:42,0.06318300,0.33000000
2018-03-20 05:09:42,0.06318300,0.23000000
2018-03-20 05:09:42,0.06318400,0.09900000
2018-03-20 05:09:42,0.06318300,0.11000000
2018-03-20 05:09:42,0.06318300,0.05200000
2018-03-20 05:09:42,0.06310500,0.02400000
2018-03-20 05:09:42,0.06318200,0.00100000
2018-03-20 05:09:43,0.06318200,0.53900000
2018-03-20 05:09:43,0.06318300,0.06800000
2018-03-20 05:09:43,0.06318400,0.07600000
2018-03-20 05:09:43,0.06318200,0.06800000
2018-03-20 05:09:43,0.06318200,0.77900000
2018-03-20 05:09:44,0.06318100,1.58400000
2018-03-20 05:09:44,0.06318100,0.13800000
2018-03-20 05:09:44,0.06318100,0.95300000
2018-03-20 05:09:45,0.06311100,0.03200000
2018-03-20 05:09:46,0.06318100,0.65000000
2018-03-20 05:09:46,0.06318500,0.76000000
2018-03-20 05:09:46,0.06311400,0.02700000
2018-03-20 05:09:47,0.06318300,0.09800000
2018-03-20 05:09:47,0.06318300,1.27400000
2018-03-20 05:09:47,0.06311400,0.09700000
2018-03-20 05:09:47,0.06319100,0.30500000
2018-03-20 05:09:47,0.06311500,0.20000000
2018-03-20 05:09:47,0.06311500,0.64800000
2018-03-20 05:09:47,0.06311400,0.72300000
2018-03-20 05:09:47,0.06311400,0.02900000
2018-03-20 05:09:47,0.06311400,4.18800000
2018-03-20 05:09:47,0.06311300,0.63700000
2018-03-20 05:09:47,0.06311200,1.79300000
2018-03-20 05:09:47,0.06311500,0.10000000
2018-03-20 05:09:47,0.06311300,0.13000000
2018-03-20 05:09:47,0.06311200,0.56200000
2018-03-20 05:09:48,0.06311600,0.08200000
2018-03-20 05:09:48,0.06318300,0.46000000
2018-03-20 05:09:48,0.06318500,0.50700000
2018-03-20 05:09:48,0.06318900,0.75600000
2018-03-20 05:09:49,0.06311700,0.04700000
2018-03-20 05:09:49,0.06314800,0.51200000
2018-03-20 05:09:49,0.06311800,0.28100000
2018-03-20 05:09:50,0.06311800,0.04000000
2018-03-20 05:09:50,0.06311800,0.08500000
2018-03-20 05:09:51,0.06311800,0.02000000
2018-03-20 05:09:51,0.06311800,0.04500000
2018-03-20 05:09:51,0.06311800,0.02900000
2018-03-20 05:09:52,0.06311800,0.47800000
2018-03-20 05:09:52,0.06311500,0.26000000
2018-03-20 05:09:52,0.06311400,0.05500000
2018-03-20 05:09:52,0.06311400,0.13100000
2018-03-20 05:09:52,0.06318200,0.08100000
2018-03-20 05:09:52,0.06318200,0.21800000
2018-03-20 05:09:52,0.06318200,0.13900000
2018-03-20 05:09:52,0.06318400,0.16200000
2018-03-20 05:09:53,0.06318400,0.02900000
2018-03-20 05:09:53,0.06318400,0.30300000
2018-03-20 05:09:53,0.06312000,0.02700000
2018-03-20 05:09:53,0.06312000,0.04300000
2018-03-20 05:09:53,0.06311800,0.28800000
2018-03-20 05:09:53,0.06311800,0.10800000
2018-03-20 05:09:53,0.06311400,0.06300000
2018-03-20 05:09:53,0.06311400,0.33100000
2018-03-20 05:09:53,0.06311400,0.18000000
2018-03-20 05:09:53,0.06311100,0.10000000
2018-03-20 05:09:53,0.06311000,0.05100000
2018-03-20 05:09:53,0.06311000,0.07900000
2018-03-20 05:09:53,0.06310600,0.00100000
2018-03-20 05:09:53,0.06311100,0.16600000
2018-03-20 05:09:54,0.06318500,0.04100000
2018-03-20 05:09:54,0.06311200,0.46000000
2018-03-20 05:09:54,0.06311100,0.32000000
2018-03-20 05:09:54,0.06310700,0.01300000
2018-03-20 05:09:55,0.06318500,0.36500000
2018-03-20 05:09:55,0.06318400,0.53500000
2018-03-20 05:09:56,0.06318000,0.07000000
2018-03-20 05:09:56,0.06318300,0.02500000
2018-03-20 05:09:56,0.06311200,0.21600000
2018-03-20 05:09:56,0.06318300,0.93400000
2018-03-20 05:09:56,0.06311200,0.30600000
2018-03-20 05:09:56,0.06318400,1.50400000
2018-03-20 05:09:56,0.06311200,0.01300000
2018-03-20 05:09:56,0.06311100,0.14600000
2018-03-20 05:09:56,0.06313000,1.42000000
2018-03-20 05:09:57,0.06318200,0.08400000
2018-03-20 05:09:57,0.06318200,0.99300000
2018-03-20 05:09:57,0.06318400,0.39900000
2018-03-20 05:09:57,0.06318400,2.38900000
2018-03-20 05:09:57,0.06313000,0.47100000
2018-03-20 05:09:58,0.06318400,0.66100000
2018-03-20 05:09:58,0.06318400,0.20000000
2018-03-20 05:09:59,0.06318400,0.23000000
2018-03-20 05:09:59,0.06318400,0.18000000
2018-03-20 05:09:59,0.06318400,0.25000000
2018-03-20 05:09:59,0.06318500,0.55000000
2018-03-20 05:09:59,0.06313000,0.00100000
2018-03-20 05:09:59,0.06310500,0.03200000
2018-03-20 05:10:00,0.06311500,0.27100000
2018-03-20 05:10:00,0.06318200,0.20000000
2018-03-20 05:10:00,0.06318200,0.32200000
2018-03-20 05:10:00,0.06318200,0.30000000
2018-03-20 05:10:00,0.06318300,3.47900000
2018-03-20 05:10:00,0.06318200,0.30000000
2018-03-20 05:10:00,0.06318300,4.05700000
2018-03-20 05:10:00,0.06310500,0.03400000
2018-03-20 05:10:00,0.06310500,0.03400000
2018-03-20 05:10:01,0.06318300,0.52700000
2018-03-20 05:10:04,0.06312000,0.07000000
2018-03-20 05:10:04,0.06311500,2.48800000
2018-03-20 05:10:04,0.06311500,0.02800000
2018-03-20 05:10:04,0.06318300,0.01700000
2018-03-20 05:10:04,0.06319000,0.01600000
2018-03-20 05:10:04,0.06318500,5.19900000
2018-03-20 05:10:04,0.06318500,0.00100000
2018-03-20 05:10:04,0.06318300,0.63300000
2018-03-20 05:10:04,0.06311600,2.20100000
2018-03-20 05:10:04,0.06319000,0.12100000
2018-03-20 05:10:05,0.06319000,0.41500000
2018-03-20 05:10:05,0.06319000,1.03400000
2018-03-20 05:10:06,0.06319000,0.07000000
2018-03-20 05:10:06,0.06319200,0.36500000
2018-03-20 05:10:06,0.06319500,0.30000000
2018-03-20 05:10:06,0.06319700,1.35900000
2018-03-20 05:10:07,0.06319500,0.10000000
2018-03-20 05:10:07,0.06319700,0.66900000
2018-03-20 05:10:07,0.06319700,0.09900000
2018-03-20 05:10:07,0.06319900,0.26400000
2018-03-20 05:10:09,0.06319800,0.02400000
2018-03-20 05:10:10,0.06313000,0.07000000
2018-03-20 05:10:10,0.06312700,0.53400000
2018-03-20 05:10:10,0.06312600,5.71800000
2018-03-20 05:10:10,0.06312400,0.91600000
2018-03-20 05:10:10,0.06311500,1.08900000
2018-03-20 05:10:10,0.06311500,0.33100000
2018-03-20 05:10:10,0.06311500,0.10000000
2018-03-20 05:10:10,0.06311500,0.03000000
2018-03-20 05:10:10,0.06311500,0.07700000
2018-03-20 05:10:10,0.06311600,4.76300000
2018-03-20 05:10:10,0.06311600,0.25400000
2018-03-20 05:10:10,0.06311600,0.71500000
2018-03-20 05:10:10,0.06311500,0.18800000
2018-03-20 05:10:10,0.06311600,0.40400000
2018-03-20 05:10:10,0.06311500,0.16500000
2018-03-20 05:10:10,0.06311400,0.14500000
2018-03-20 05:10:10,0.06312700,0.26000000
2018-03-20 05:10:10,0.06311600,0.13000000
2018-03-20 05:10:10,0.06311500,0.20000000
2018-03-20 05:10:10,0.06311400,1.43900000
2018-03-20 05:10:10,0.06310700,0.61800000
2018-03-20 05:10:10,0.06310500,2.82700000
2018-03-20 05:10:11,0.06312700,0.02700000
2018-03-20 05:10:12,0.06319000,0.07000000
2018-03-20 05:10:12,0.06319400,0.00900000
2018-03-20 05:10:13,0.06319300,0.34400000
2018-03-20 05:10:15,0.06314400,0.02000000
2018-03-20 05:10:15,0.06314400,0.47900000
2018-03-20 05:10:15,0.06314300,1.07100000
2018-03-20 05:10:15,0.06314300,0.11700000
2018-03-20 05:10:15,0.06318900,0.02800000
2018-03-20 05:10:15,0.06319000,0.02400000
2018-03-20 05:10:15,0.06319100,0.04000000
2018-03-20 05:10:16,0.06319100,0.01900000
2018-03-20 05:10:16,0.06319100,0.97700000
2018-03-20 05:10:16,0.06319100,0.40500000
2018-03-20 05:10:16,0.06319300,0.07900000
2018-03-20 05:10:17,0.06319100,0.62100000
2018-03-20 05:10:18,0.06319100,0.37400000
2018-03-20 05:10:18,0.06319100,0.23500000
2018-03-20 05:10:18,0.06319100,0.02300000
2018-03-20 05:10:18,0.06314300,0.34100000
2018-03-20 05:10:19,0.06319300,1.58200000
2018-03-20 05:10:19,0.06319100,1.41700000
2018-03-20 05:10:19,0.06314800,0.04900000
2018-03-20 05:10:20,0.06314800,0.10800000
2018-03-20 05:10:20,0.06319100,1.01800000
2018-03-20 05:10:23,0.06319000,0.29900000
2018-03-20 05:10:23,0.06314800,0.00100000
2018-03-20 05:10:23,0.06314300,0.34800000
2018-03-20 05:10:24,0.06318900,0.23000000
2018-03-20 05:10:24,0.06318900,0.02900000
2018-03-20 05:10:24,0.06314300,0.00100000
2018-03-20 05:10:24,0.06312900,0.09800000
2018-03-20 05:10:25,0.06319000,0.61200000
2018-03-20 05:10:25,0.06318900,0.64800000
2018-03-20 05:10:25,0.06319000,0.78900000
2018-03-20 05:10:26,0.06319000,0.75700000
2018-03-20 05:10:26,0.06313000,0.26000000
2018-03-20 05:10:26,0.06319000,0.19700000
2018-03-20 05:10:27,0.06319000,0.04700000
2018-03-20 05:10:27,0.06319000,0.67900000
2018-03-20 05:10:27,0.06319100,0.04500000
2018-03-20 05:10:28,0.06319000,0.12300000
2018-03-20 05:10:28,0.06319000,0.04200000
2018-03-20 05:10:28,0.06319000,0.01900000
2018-03-20 05:10:28,0.06319000,0.04000000
2018-03-20 05:10:28,0.06313100,0.16200000
2018-03-20 05:10:28,0.06313100,0.22300000
2018-03-20 05:10:28,0.06313100,0.09900000
2018-03-20 05:10:28,0.06319000,0.02800000
2018-03-20 05:10:28,0.06319000,0.05900000
2018-03-20 05:10:28,0.06319000,0.02100000
2018-03-20 05:10:29,0.06319000,0.07300000
2018-03-20 05:10:29,0.06319000,0.45200000
2018-03-20 05:10:29,0.06313200,0.07200000
2018-03-20 05:10:29,0.06313200,0.30000000
2018-03-20 05:10:31,0.06312700,0.00100000
2018-03-20 05:10:31,0.06312000,0.12900000
2018-03-20 05:10:31,0.06319100,0.95400000
2018-03-20 05:10:32,0.06313100,0.02600000
2018-03-20 05:10:32,0.06318800,0.04700000
2018-03-20 05:10:32,0.06318800,0.08500000
2018-03-20 05:10:32,0.06318800,0.31600000
2018-03-20 05:10:32,0.06318800,0.49700000
2018-03-20 05:10:32,0.06318800,0.07100000
2018-03-20 05:10:33,0.06318800,1.58400000
2018-03-20 05:10:33,0.06318800,0.78000000
2018-03-20 05:10:34,0.06313300,0.08900000
2018-03-20 05:10:34,0.06313300,0.08900000
2018-03-20 05:10:40,0.06319100,0.00100000
2018-03-20 05:10:40,0.06319500,0.46000000
2018-03-20 05:10:40,0.06319600,0.25800000
2018-03-20 05:10:40,0.06319900,1.44000000
2018-03-20 05:10:41,0.06319900,0.31600000
2018-03-20 05:10:41,0.06319400,0.03100000
2018-03-20 05:10:42,0.06319400,1.58100000
2018-03-20 05:10:42,0.06319400,0.45400000
2018-03-20 05:10:42,0.06319400,0.74900000
2018-03-20 05:10:42,0.06313400,0.15700000
2018-03-20 05:10:43,0.06319400,0.08500000
2018-03-20 05:10:43,0.06319300,0.17300000
2018-03-20 05:10:43,0.06319300,0.05400000
2018-03-20 05:10:43,0.06319400,0.11200000
2018-03-20 05:10:44,0.06319400,0.02000000
2018-03-20 05:10:44,0.06319400,0.34800000
2018-03-20 05:10:44,0.06319500,0.01900000
2018-03-20 05:10:44,0.06319500,0.02800000
2018-03-20 05:10:44,0.06319600,0.04600000
2018-03-20 05:10:44,0.06319600,0.02700000
2018-03-20 05:10:44,0.06319200,0.07100000
2018-03-20 05:10:45,0.06319200,0.02800000
2018-03-20 05:10:45,0.06319200,1.58200000
2018-03-20 05:10:45,0.06319200,0.14500000
2018-03-20 05:10:45,0.06319200,1.55400000
2018-03-20 05:10:45,0.06319600,0.43200000
2018-03-20 05:10:45,0.06319600,0.16600000
2018-03-20 05:10:45,0.06319600,0.06100000
2018-03-20 05:10:45,0.06319600,0.26800000
2018-03-20 05:10:45,0.06319900,0.08200000
2018-03-20 05:10:45,0.06319900,1.59400000
2018-03-20 05:10:45,0.06320000,3.62100000
2018-03-20 05:10:46,0.06320000,1.20500000
2018-03-20 05:10:46,0.06320000,1.58100000
2018-03-20 05:10:46,0.06320000,0.23700000
2018-03-20 05:10:46,0.06320000,0.31600000
2018-03-20 05:10:47,0.06320000,0.99500000
2018-03-20 05:10:47,0.06319600,0.11000000
2018-03-20 05:10:47,0.06319600,0.00100000
2018-03-20 05:10:47,0.06313800,0.10700000
2018-03-20 05:10:47,0.06313800,0.11000000
2018-03-20 05:10:47,0.06313800,0.10400000
2018-03-20 05:10:47,0.06320000,0.11100000
2018-03-20 05:10:48,0.06320000,1.58200000
2018-03-20 05:10:48,0.06320000,1.77800000
2018-03-20 05:10:48,0.06320000,0.40600000
2018-03-20 05:10:48,0.06320000,0.11100000
2018-03-20 05:10:48,0.06313900,0.57500000
2018-03-20 05:10:48,0.06313900,1.58800000
2018-03-20 05:10:49,0.06313900,0.09400000
2018-03-20 05:10:49,0.06320000,0.11100000
2018-03-20 05:10:49,0.06320000,7.53200000
2018-03-20 05:10:49,0.06320000,1.94500000
2018-03-20 05:10:50,0.06320000,0.51100000
2018-03-20 05:10:50,0.06320000,7.05700000
2018-03-20 05:10:50,0.06320000,0.06700000
2018-03-20 05:10:50,0.06320000,0.71300000
2018-03-20 05:10:50,0.06313700,0.02800000
2018-03-20 05:10:50,0.06320000,0.11100000
2018-03-20 05:10:50,0.06313900,0.02800000
2018-03-20 05:10:51,0.06313900,0.05200000
2018-03-20 05:10:51,0.06320000,0.15800000
2018-03-20 05:10:51,0.06319900,2.16200000
2018-03-20 05:10:51,0.06319900,0.65700000
2018-03-20 05:10:52,0.06319600,1.04100000
2018-03-20 05:10:52,0.06313800,0.17700000
2018-03-20 05:10:53,0.06313800,0.26500000
2018-03-20 05:10:53,0.06313800,0.08800000
2018-03-20 05:10:53,0.06319600,0.02800000
2018-03-20 05:10:54,0.06319500,0.11800000
2018-03-20 05:10:54,0.06319500,0.07000000
2018-03-20 05:10:54,0.06319500,1.04100000
2018-03-20 05:10:55,0.06313300,0.01800000
2018-03-20 05:10:55,0.06313300,0.05900000
2018-03-20 05:10:56,0.06313300,0.00500000
2018-03-20 05:10:56,0.06319600,0.20200000
2018-03-20 05:10:56,0.06319600,0.07400000
2018-03-20 05:10:57,0.06319600,0.08800000
2018-03-20 05:10:58,0.06319600,0.15800000
2018-03-20 05:10:58,0.06319600,0.08600000
2018-03-20 05:10:58,0.06315000,0.14800000
2018-03-20 05:10:59,0.06319600,0.18800000
2018-03-20 05:10:59,0.06319600,0.13500000
2018-03-20 05:10:59,0.06319900,0.90700000
2018-03-20 05:10:59,0.06319100,8.87900000
2018-03-20 05:10:59,0.06319100,0.02600000
2018-03-20 05:11:00,0.06319900,0.31600000
2018-03-20 05:11:00,0.06319900,0.73900000
2018-03-20 05:11:00,0.06319900,0.15800000
