DATE,PRICE,VOLUME
2018-03-20 14:00:01,0.06286500,0.27200000
2018-03-20 14:00:02,0.06281600,1.07800000
2018-03-20 14:00:02,0.06286500,0.35500000
2018-03-20 14:00:02,0.06281600,0.27400000
2018-03-20 14:00:02,0.06286500,0.56300000
2018-03-20 14:00:02,0.06288200,0.50300000
2018-03-20 14:00:02,0.06288200,0.04700000
2018-03-20 14:00:02,0.06288200,0.02500000
2018-03-20 14:00:02,0.06287000,0.02000000
2018-03-20 14:00:02,0.06287000,0.01000000
2018-03-20 14:00:02,0.06288200,0.19800000
2018-03-20 14:00:03,0.06288100,0.80000000
2018-03-20 14:00:03,0.06281700,0.02800000
2018-03-20 14:00:04,0.06281200,0.40300000
2018-03-20 14:00:04,0.06281200,0.65200000
2018-03-20 14:00:04,0.06288100,16.20700000
2018-03-20 14:00:04,0.06288100,3.27300000
2018-03-20 14:00:04,0.06288100,0.79400000
2018-03-20 14:00:04,0.06283700,0.01600000
2018-03-20 14:00:05,0.06286000,0.05200000
2018-03-20 14:00:05,0.06286000,0.02100000
2018-03-20 14:00:05,0.06286000,0.25200000
2018-03-20 14:00:05,0.06281400,0.06700000
2018-03-20 14:00:05,0.06281300,0.39000000
2018-03-20 14:00:05,0.06281300,0.30800000
2018-03-20 14:00:05,0.06281100,0.08200000
2018-03-20 14:00:06,0.06281300,0.08900000
2018-03-20 14:00:06,0.06281300,0.06400000
2018-03-20 14:00:06,0.06281300,0.14800000
2018-03-20 14:00:06,0.06281300,0.02900000
2018-03-20 14:00:06,0.06281300,0.04900000
2018-03-20 14:00:06,0.06281300,0.01900000
2018-03-20 14:00:06,0.06281300,0.03500000
2018-03-20 14:00:06,0.06286000,0.27200000
2018-03-20 14:00:06,0.06286000,0.43200000
2018-03-20 14:00:06,0.06286000,0.17500000
2018-03-20 14:00:06,0.06286000,0.03600000
2018-03-20 14:00:06,0.06286000,0.10200000
2018-03-20 14:00:06,0.06281000,0.31300000
2018-03-20 14:00:06,0.06281000,0.00200000
2018-03-20 14:00:06,0.06286000,0.07900000
2018-03-20 14:00:07,0.06281000,0.13600000
2018-03-20 14:00:07,0.06286000,0.00100000
2018-03-20 14:00:08,0.06286000,0.03600000
2018-03-20 14:00:09,0.06286000,0.20300000
2018-03-20 14:00:09,0.06286000,0.07900000
2018-03-20 14:00:09,0.06281000,1.26800000
2018-03-20 14:00:10,0.06281000,0.05000000
2018-03-20 14:00:10,0.06281000,0.03000000
2018-03-20 14:00:11,0.06281100,0.04100000
2018-03-20 14:00:11,0.06281000,0.01100000
2018-03-20 14:00:11,0.06285900,17.62300000
2018-03-20 14:00:11,0.06281000,0.05500000
2018-03-20 14:00:12,0.06286000,0.07700000
2018-03-20 14:00:12,0.06286000,0.12300000
2018-03-20 14:00:12,0.06281000,0.04100000
2018-03-20 14:00:12,0.06285200,0.02100000
2018-03-20 14:00:12,0.06286000,0.00100000
2018-03-20 14:00:12,0.06287600,0.07800000
2018-03-20 14:00:12,0.06285200,0.05900000
2018-03-20 14:00:12,0.06285200,0.05200000
2018-03-20 14:00:12,0.06285200,0.12600000
2018-03-20 14:00:13,0.06285200,0.01100000
2018-03-20 14:00:13,0.06281000,0.10900000
2018-03-20 14:00:13,0.06281000,0.04500000
2018-03-20 14:00:14,0.06286900,0.06600000
2018-03-20 14:00:15,0.06286800,0.45600000
2018-03-20 14:00:16,0.06281000,0.01100000
2018-03-20 14:00:17,0.06286700,0.03000000
2018-03-20 14:00:17,0.06286700,0.01200000
2018-03-20 14:00:17,0.06286900,0.01600000
2018-03-20 14:00:17,0.06287000,0.00200000
2018-03-20 14:00:18,0.06281000,0.27900000
2018-03-20 14:00:18,0.06280600,0.19900000
2018-03-20 14:00:18,0.06287000,0.79500000
2018-03-20 14:00:19,0.06286300,0.04500000
2018-03-20 14:00:19,0.06280600,0.08400000
2018-03-20 14:00:20,0.06286200,0.18800000
2018-03-20 14:00:20,0.06283000,1.07100000
2018-03-20 14:00:20,0.06283000,0.18100000
2018-03-20 14:00:20,0.06283000,0.03300000
2018-03-20 14:00:20,0.06283000,0.40000000
2018-03-20 14:00:20,0.06283000,0.31400000
2018-03-20 14:00:21,0.06283000,0.00100000
2018-03-20 14:00:21,0.06281000,0.08700000
2018-03-20 14:00:21,0.06286100,0.04100000
2018-03-20 14:00:22,0.06286100,0.00100000
2018-03-20 14:00:22,0.06286300,0.00200000
2018-03-20 14:00:22,0.06286300,0.01800000
2018-03-20 14:00:22,0.06286300,0.02700000
2018-03-20 14:00:23,0.06281000,0.02900000
2018-03-20 14:00:23,0.06286300,0.04400000
2018-03-20 14:00:23,0.06286300,0.00100000
2018-03-20 14:00:23,0.06287000,1.13700000
2018-03-20 14:00:23,0.06287600,0.00100000
2018-03-20 14:00:23,0.06287700,0.03800000
2018-03-20 14:00:23,0.06287700,0.31100000
2018-03-20 14:00:23,0.06287700,0.10900000
2018-03-20 14:00:23,0.06288200,0.00100000
2018-03-20 14:00:23,0.06288800,0.19000000
2018-03-20 14:00:24,0.06289100,0.01600000
2018-03-20 14:00:24,0.06289100,1.02000000
2018-03-20 14:00:24,0.06289200,0.67100000
2018-03-20 14:00:24,0.06281200,0.03000000
2018-03-20 14:00:25,0.06281400,0.14700000
2018-03-20 14:00:25,0.06281400,0.28300000
2018-03-20 14:00:25,0.06281300,1.59300000
2018-03-20 14:00:25,0.06281200,0.12400000
2018-03-20 14:00:28,0.06288700,0.39000000
2018-03-20 14:00:28,0.06282000,0.11900000
2018-03-20 14:00:28,0.06288700,0.06600000
2018-03-20 14:00:29,0.06282900,0.36300000
2018-03-20 14:00:29,0.06282900,0.05000000
2018-03-20 14:00:29,0.06282900,0.33000000
2018-03-20 14:00:29,0.06282900,0.15100000
2018-03-20 14:00:29,0.06282900,0.46800000
2018-03-20 14:00:30,0.06287900,0.01900000
2018-03-20 14:00:30,0.06283000,0.70500000
2018-03-20 14:00:31,0.06287900,0.22100000
2018-03-20 14:00:32,0.06281600,0.07300000
2018-03-20 14:00:32,0.06288000,0.11900000
2018-03-20 14:00:33,0.06288000,0.00100000
2018-03-20 14:00:33,0.06288100,0.12100000
2018-03-20 14:00:33,0.06288900,1.81100000
2018-03-20 14:00:34,0.06281600,0.00200000
2018-03-20 14:00:34,0.06281200,0.04700000
2018-03-20 14:00:34,0.06281000,0.01400000
2018-03-20 14:00:34,0.06281000,0.17500000
2018-03-20 14:00:34,0.06287900,0.07500000
2018-03-20 14:00:34,0.06288800,0.33000000
2018-03-20 14:00:34,0.06289000,0.43300000
2018-03-20 14:00:34,0.06289200,0.06200000
2018-03-20 14:00:34,0.06289300,0.85700000
2018-03-20 14:00:34,0.06282000,0.11900000
2018-03-20 14:00:35,0.06282100,0.07800000
2018-03-20 14:00:35,0.06288700,0.60300000
2018-03-20 14:00:35,0.06288700,0.00100000
2018-03-20 14:00:35,0.06288800,0.48200000
2018-03-20 14:00:35,0.06289000,0.30600000
2018-03-20 14:00:36,0.06288800,0.18000000
2018-03-20 14:00:36,0.06288800,0.02900000
2018-03-20 14:00:36,0.06282100,0.17900000
2018-03-20 14:00:36,0.06282100,0.17500000
2018-03-20 14:00:37,0.06287100,0.02000000
2018-03-20 14:00:37,0.06282100,0.00200000
2018-03-20 14:00:37,0.06281100,0.01700000
2018-03-20 14:00:37,0.06281100,0.01900000
2018-03-20 14:00:37,0.06281100,0.01900000
2018-03-20 14:00:37,0.06281100,0.01900000
2018-03-20 14:00:37,0.06282200,0.27000000
2018-03-20 14:00:38,0.06281300,0.99700000
2018-03-20 14:00:38,0.06281200,0.86800000
2018-03-20 14:00:38,0.06281400,2.67100000
2018-03-20 14:00:40,0.06281600,1.35900000
2018-03-20 14:00:41,0.06281700,0.14900000
2018-03-20 14:00:42,0.06281700,0.31200000
2018-03-20 14:00:43,0.06281400,0.04600000
2018-03-20 14:00:43,0.06288000,0.12000000
2018-03-20 14:00:43,0.06288300,0.05900000
2018-03-20 14:00:45,0.06288000,0.26700000
2018-03-20 14:00:46,0.06287900,0.99600000
2018-03-20 14:00:46,0.06284700,1.23500000
2018-03-20 14:00:46,0.06288000,0.42700000
2018-03-20 14:00:46,0.06288000,0.09800000
2018-03-20 14:00:46,0.06288000,0.16800000
2018-03-20 14:00:46,0.06281400,0.00100000
2018-03-20 14:00:46,0.06281100,0.03300000
2018-03-20 14:00:46,0.06281100,0.25400000
2018-03-20 14:00:46,0.06281100,0.02800000
2018-03-20 14:00:47,0.06288000,0.09900000
2018-03-20 14:00:47,0.06288300,0.16700000
2018-03-20 14:00:47,0.06288300,0.09800000
2018-03-20 14:00:47,0.06288300,0.16900000
2018-03-20 14:00:47,0.06288500,0.46100000
2018-03-20 14:00:47,0.06288600,1.18300000
2018-03-20 14:00:47,0.06288600,0.10000000
2018-03-20 14:00:47,0.06288600,0.03000000
2018-03-20 14:00:47,0.06288600,0.10000000
2018-03-20 14:00:47,0.06288600,0.10000000
2018-03-20 14:00:47,0.06288700,0.16800000
2018-03-20 14:00:47,0.06288600,0.03000000
2018-03-20 14:00:47,0.06288600,0.10000000
2018-03-20 14:00:47,0.06288600,0.10000000
2018-03-20 14:00:47,0.06288600,0.10000000
2018-03-20 14:00:47,0.06288600,0.10000000
2018-03-20 14:00:47,0.06288600,0.10000000
2018-03-20 14:00:47,0.06288600,0.10000000
2018-03-20 14:00:47,0.06288600,0.10000000
2018-03-20 14:00:47,0.06288600,0.10000000
2018-03-20 14:00:47,0.06288600,0.10000000
2018-03-20 14:00:47,0.06288600,0.10000000
2018-03-20 14:00:47,0.06288600,0.10000000
2018-03-20 14:00:47,0.06288600,0.10000000
2018-03-20 14:00:47,0.06288600,0.10000000
2018-03-20 14:00:47,0.06288600,0.10000000
2018-03-20 14:00:47,0.06288600,0.10000000
2018-03-20 14:00:47,0.06288600,0.06800000
2018-03-20 14:00:47,0.06288600,0.10000000
2018-03-20 14:00:47,0.06288600,0.10000000
2018-03-20 14:00:47,0.06288600,0.10000000
2018-03-20 14:00:47,0.06288600,3.91000000
2018-03-20 14:00:47,0.06281100,0.84000000
2018-03-20 14:00:47,0.06281000,0.42700000
2018-03-20 14:00:47,0.06281000,1.20200000
2018-03-20 14:00:47,0.06281000,1.08100000
2018-03-20 14:00:47,0.06281000,0.10600000
2018-03-20 14:00:47,0.06281000,0.12800000
2018-03-20 14:00:47,0.06281000,0.10300000
2018-03-20 14:00:47,0.06281000,0.40500000
2018-03-20 14:00:47,0.06281000,0.98200000
2018-03-20 14:00:47,0.06280600,0.01500000
2018-03-20 14:00:47,0.06280500,0.08700000
2018-03-20 14:00:47,0.06280400,2.58000000
2018-03-20 14:00:47,0.06280000,0.08500000
2018-03-20 14:00:47,0.06288600,0.30000000
2018-03-20 14:00:47,0.06281200,0.27700000
2018-03-20 14:00:47,0.06288600,0.63900000
2018-03-20 14:00:48,0.06288500,0.79800000
2018-03-20 14:00:48,0.06288500,0.68100000
2018-03-20 14:00:49,0.06281300,0.86500000
2018-03-20 14:00:50,0.06281600,0.24300000
2018-03-20 14:00:50,0.06281600,0.14600000
2018-03-20 14:00:50,0.06281600,0.18000000
2018-03-20 14:00:50,0.06281600,0.14400000
2018-03-20 14:00:50,0.06281600,0.02700000
2018-03-20 14:00:50,0.06281600,0.11000000
2018-03-20 14:00:50,0.06281600,0.03000000
2018-03-20 14:00:50,0.06281600,0.02900000
2018-03-20 14:00:50,0.06288300,0.05600000
2018-03-20 14:00:50,0.06288300,0.03600000
2018-03-20 14:00:52,0.06281300,0.01700000
2018-03-20 14:00:52,0.06281300,0.53500000
2018-03-20 14:00:53,0.06281300,0.02300000
2018-03-20 14:00:55,0.06281300,0.02000000
2018-03-20 14:00:56,0.06281300,0.29900000
2018-03-20 14:00:56,0.06281300,0.02700000
2018-03-20 14:00:56,0.06281300,0.03900000
2018-03-20 14:00:56,0.06281300,0.29500000
2018-03-20 14:00:59,0.06287600,0.01600000
2018-03-20 14:01:01,0.06281700,0.04200000
2018-03-20 14:01:02,0.06281700,0.02000000
2018-03-20 14:01:03,0.06287200,0.35400000
2018-03-20 14:01:06,0.06287300,0.05600000
2018-03-20 14:01:09,0.06281800,0.09400000
2018-03-20 14:01:11,0.06281800,0.01800000
2018-03-20 14:01:12,0.06281800,2.01600000
2018-03-20 14:01:14,0.06286800,0.04500000
2018-03-20 14:01:16,0.06286700,0.13000000
2018-03-20 14:01:16,0.06286800,0.02900000
2018-03-20 14:01:17,0.06281800,0.06100000
2018-03-20 14:01:17,0.06281800,0.02200000
2018-03-20 14:01:17,0.06281800,0.01700000
2018-03-20 14:01:17,0.06281800,0.04600000
2018-03-20 14:01:17,0.06281800,0.09200000
2018-03-20 14:01:18,0.06281800,0.04700000
2018-03-20 14:01:19,0.06281900,0.04300000
2018-03-20 14:01:20,0.06286700,0.09200000
2018-03-20 14:01:20,0.06282600,0.06900000
2018-03-20 14:01:22,0.06286600,0.06000000
2018-03-20 14:01:22,0.06282600,0.00600000
2018-03-20 14:01:22,0.06281800,0.00100000
2018-03-20 14:01:22,0.06281700,1.13900000
2018-03-20 14:01:23,0.06281700,1.59000000
2018-03-20 14:01:23,0.06281700,0.03200000
2018-03-20 14:01:23,0.06281700,0.15800000
2018-03-20 14:01:23,0.06281700,1.40900000
2018-03-20 14:01:23,0.06281700,0.94300000
2018-03-20 14:01:23,0.06281800,0.22000000
2018-03-20 14:01:24,0.06281800,0.00100000
2018-03-20 14:01:24,0.06281700,0.00100000
2018-03-20 14:01:24,0.06281300,0.00100000
2018-03-20 14:01:24,0.06281000,0.02000000
2018-03-20 14:01:27,0.06281000,0.00300000
2018-03-20 14:01:27,0.06280100,0.08100000
2018-03-20 14:01:28,0.06280100,1.00000000
2018-03-20 14:01:28,0.06286400,0.08100000
2018-03-20 14:01:28,0.06286500,0.61000000
2018-03-20 14:01:28,0.06280000,0.15400000
2018-03-20 14:01:28,0.06280000,0.38100000
2018-03-20 14:01:28,0.06286700,0.06000000
2018-03-20 14:01:29,0.06280000,0.02900000
2018-03-20 14:01:29,0.06286400,0.52500000
2018-03-20 14:01:29,0.06281000,0.01900000
2018-03-20 14:01:29,0.06280000,0.77600000
2018-03-20 14:01:29,0.06280000,0.16000000
2018-03-20 14:01:31,0.06280000,1.59200000
2018-03-20 14:01:31,0.06280000,1.12900000
2018-03-20 14:01:34,0.06280000,7.03400000
2018-03-20 14:01:34,0.06280000,0.21300000
2018-03-20 14:01:34,0.06280000,0.21400000
2018-03-20 14:01:34,0.06280000,0.21300000
2018-03-20 14:01:34,0.06280000,0.07000000
2018-03-20 14:01:35,0.06280000,0.99900000
2018-03-20 14:01:35,0.06286100,0.10100000
2018-03-20 14:01:35,0.06280000,1.09400000
2018-03-20 14:01:38,0.06280000,0.00100000
2018-03-20 14:01:38,0.06279700,0.01300000
2018-03-20 14:01:38,0.06285800,0.09600000
2018-03-20 14:01:39,0.06279700,0.39300000
2018-03-20 14:01:40,0.06279700,0.04700000
2018-03-20 14:01:44,0.06279700,0.00100000
2018-03-20 14:01:44,0.06279600,0.22200000
2018-03-20 14:01:44,0.06279400,1.35600000
2018-03-20 14:01:44,0.06276600,0.33000000
2018-03-20 14:01:44,0.06276500,0.01500000
2018-03-20 14:01:44,0.06277600,0.25000000
2018-03-20 14:01:45,0.06278000,0.12900000
2018-03-20 14:01:46,0.06285000,0.03700000
2018-03-20 14:01:46,0.06278000,0.70700000
2018-03-20 14:01:47,0.06284900,1.14300000
2018-03-20 14:01:47,0.06278100,0.15600000
2018-03-20 14:01:47,0.06278100,0.00100000
2018-03-20 14:01:47,0.06278000,0.03000000
2018-03-20 14:01:47,0.06277700,0.01900000
2018-03-20 14:01:47,0.06277700,0.05300000
2018-03-20 14:01:47,0.06277500,0.20200000
2018-03-20 14:01:47,0.06277500,0.05200000
2018-03-20 14:01:47,0.06284900,0.20300000
2018-03-20 14:01:47,0.06284900,0.20300000
2018-03-20 14:01:47,0.06277500,0.52700000
2018-03-20 14:01:49,0.06284800,2.84900000
2018-03-20 14:01:49,0.06277600,0.25000000
2018-03-20 14:01:50,0.06284700,0.07200000
2018-03-20 14:01:50,0.06284800,1.67100000
2018-03-20 14:01:50,0.06284900,0.43400000
2018-03-20 14:01:50,0.06284900,0.41300000
2018-03-20 14:01:50,0.06284900,5.36600000
2018-03-20 14:01:50,0.06277500,0.35100000
2018-03-20 14:01:50,0.06276600,0.15900000
2018-03-20 14:01:50,0.06276600,0.17100000
2018-03-20 14:01:50,0.06276500,0.03500000
2018-03-20 14:01:50,0.06276300,0.05500000
2018-03-20 14:01:50,0.06276600,0.14900000
2018-03-20 14:01:50,0.06276600,0.01900000
2018-03-20 14:01:51,0.06278900,0.02900000
2018-03-20 14:01:52,0.06278900,0.22100000
2018-03-20 14:01:52,0.06284700,0.26100000
2018-03-20 14:01:52,0.06276700,0.99200000
2018-03-20 14:01:52,0.06276600,0.00400000
2018-03-20 14:01:52,0.06276700,0.39700000
2018-03-20 14:01:52,0.06276700,0.29300000
2018-03-20 14:01:53,0.06276900,0.30000000
2018-03-20 14:01:53,0.06276800,4.69800000
2018-03-20 14:01:53,0.06276700,1.40400000
2018-03-20 14:01:53,0.06284500,1.00000000
2018-03-20 14:01:54,0.06277100,0.02900000
2018-03-20 14:01:54,0.06277100,0.03000000
2018-03-20 14:01:55,0.06283900,0.05300000
2018-03-20 14:01:55,0.06283900,0.65300000
2018-03-20 14:01:55,0.06284000,0.07700000
2018-03-20 14:01:56,0.06277100,0.10200000
2018-03-20 14:01:56,0.06284400,0.20700000
2018-03-20 14:01:56,0.06284400,0.11100000
2018-03-20 14:01:57,0.06277700,0.02900000
2018-03-20 14:01:59,0.06280900,0.17700000
2018-03-20 14:01:59,0.06280900,2.74600000
2018-03-20 14:02:01,0.06280900,1.59200000
2018-03-20 14:02:01,0.06280900,1.77000000
2018-03-20 14:02:02,0.06280900,0.02100000
2018-03-20 14:02:02,0.06280900,0.19000000
2018-03-20 14:02:02,0.06280900,0.15900000
2018-03-20 14:02:02,0.06280900,0.10700000
2018-03-20 14:02:03,0.06280900,1.23800000
2018-03-20 14:02:03,0.06280900,0.08400000
2018-03-20 14:02:03,0.06277700,0.57600000
2018-03-20 14:02:03,0.06277600,0.36600000
2018-03-20 14:02:03,0.06277600,0.75300000
2018-03-20 14:02:03,0.06277600,0.32200000
2018-03-20 14:02:03,0.06280900,0.19500000
2018-03-20 14:02:03,0.06280900,0.06600000
2018-03-20 14:02:03,0.06280900,1.36800000
2018-03-20 14:02:03,0.06280900,0.30100000
2018-03-20 14:02:04,0.06280900,0.28700000
2018-03-20 14:02:04,0.06280900,0.02200000
2018-03-20 14:02:04,0.06280900,0.19100000
2018-03-20 14:02:04,0.06280900,0.06400000
2018-03-20 14:02:04,0.06280900,0.31700000
2018-03-20 14:02:04,0.06277300,0.03500000
2018-03-20 14:02:04,0.06276800,0.05400000
2018-03-20 14:02:04,0.06276800,0.00100000
2018-03-20 14:02:04,0.06280900,0.05300000
2018-03-20 14:02:04,0.06276500,0.34500000
2018-03-20 14:02:04,0.06276300,0.26000000
2018-03-20 14:02:04,0.06276200,0.19000000
2018-03-20 14:02:05,0.06276800,0.31400000
2018-03-20 14:02:05,0.06276800,0.03900000
2018-03-20 14:02:05,0.06276800,0.07800000
2018-03-20 14:02:05,0.06276800,0.17900000
2018-03-20 14:02:05,0.06276800,0.79300000
2018-03-20 14:02:05,0.06276800,0.30900000
2018-03-20 14:02:05,0.06276800,0.24200000
2018-03-20 14:02:05,0.06276800,0.14500000
2018-03-20 14:02:05,0.06276800,0.05900000
2018-03-20 14:02:05,0.06276800,0.02900000
2018-03-20 14:02:05,0.06276200,0.29200000
2018-03-20 14:02:05,0.06276100,0.13000000
2018-03-20 14:02:05,0.06276800,0.23900000
2018-03-20 14:02:06,0.06276800,0.08900000
2018-03-20 14:02:06,0.06276800,0.50700000
2018-03-20 14:02:06,0.06276800,0.79300000
2018-03-20 14:02:06,0.06276800,1.18400000
2018-03-20 14:02:06,0.06276800,0.00100000
2018-03-20 14:02:06,0.06280900,0.35900000
2018-03-20 14:02:06,0.06284000,0.42300000
2018-03-20 14:02:06,0.06284000,0.21100000
2018-03-20 14:02:06,0.06284000,0.18500000
2018-03-20 14:02:06,0.06284000,0.18100000
2018-03-20 14:02:06,0.06284400,0.25300000
2018-03-20 14:02:06,0.06283900,0.01600000
2018-03-20 14:02:07,0.06277000,0.03800000
2018-03-20 14:02:08,0.06276300,0.02100000
2018-03-20 14:02:08,0.06276900,0.32900000
2018-03-20 14:02:08,0.06276900,0.07600000
2018-03-20 14:02:08,0.06277000,0.00200000
2018-03-20 14:02:08,0.06282900,0.05500000
2018-03-20 14:02:08,0.06282900,0.40400000
2018-03-20 14:02:08,0.06282900,0.42200000
2018-03-20 14:02:09,0.06282900,0.25500000
2018-03-20 14:02:09,0.06282900,0.17000000
2018-03-20 14:02:09,0.06282900,0.06000000
2018-03-20 14:02:09,0.06284400,0.00300000
2018-03-20 14:02:10,0.06276500,0.20000000
2018-03-20 14:02:10,0.06276400,1.39800000
2018-03-20 14:02:10,0.06276500,0.15800000
2018-03-20 14:02:10,0.06282900,1.09500000
2018-03-20 14:02:11,0.06282800,0.19900000
2018-03-20 14:02:11,0.06277000,0.04000000
2018-03-20 14:02:11,0.06277000,0.05600000
2018-03-20 14:02:12,0.06277000,0.38200000
2018-03-20 14:02:12,0.06276700,0.17400000
2018-03-20 14:02:12,0.06277000,0.57500000
2018-03-20 14:02:12,0.06277000,0.11600000
2018-03-20 14:02:13,0.06277000,0.03400000
2018-03-20 14:02:13,0.06277000,0.89300000
2018-03-20 14:02:13,0.06282900,0.00100000
2018-03-20 14:02:13,0.06283000,0.03200000
2018-03-20 14:02:13,0.06283000,0.00800000
2018-03-20 14:02:13,0.06284200,0.25000000
2018-03-20 14:02:13,0.06284700,0.66800000
2018-03-20 14:02:13,0.06276800,0.29100000
2018-03-20 14:02:14,0.06277100,0.12300000
2018-03-20 14:02:14,0.06277100,0.15000000
2018-03-20 14:02:14,0.06277100,0.18000000
2018-03-20 14:02:14,0.06284000,0.08000000
2018-03-20 14:02:14,0.06277100,0.02600000
2018-03-20 14:02:20,0.06277200,0.48800000
2018-03-20 14:02:20,0.06277200,0.30400000
2018-03-20 14:02:22,0.06281300,0.01600000
2018-03-20 14:02:22,0.06283900,0.01400000
2018-03-20 14:02:22,0.06277100,0.05300000
2018-03-20 14:02:23,0.06277100,0.07100000
2018-03-20 14:02:23,0.06277000,0.08900000
2018-03-20 14:02:23,0.06283800,0.21000000
2018-03-20 14:02:24,0.06277100,0.00500000
2018-03-20 14:02:29,0.06277100,0.11100000
2018-03-20 14:02:31,0.06277100,0.08900000
2018-03-20 14:02:31,0.06277000,0.22800000
2018-03-20 14:02:31,0.06276500,0.27200000
2018-03-20 14:02:31,0.06276300,1.31600000
2018-03-20 14:02:31,0.06276500,0.29900000
2018-03-20 14:02:32,0.06277100,0.09900000
2018-03-20 14:02:32,0.06283800,0.03200000
2018-03-20 14:02:32,0.06283800,0.03900000
2018-03-20 14:02:32,0.06283800,0.06300000
2018-03-20 14:02:33,0.06277200,0.03800000
2018-03-20 14:02:33,0.06283800,0.43300000
2018-03-20 14:02:34,0.06277200,0.14400000
2018-03-20 14:02:34,0.06283900,0.19600000
2018-03-20 14:02:34,0.06283900,1.01900000
2018-03-20 14:02:34,0.06283900,0.21400000
2018-03-20 14:02:34,0.06284000,0.85600000
2018-03-20 14:02:34,0.06284700,0.03600000
2018-03-20 14:02:35,0.06277200,0.63100000
2018-03-20 14:02:35,0.06283700,0.11500000
2018-03-20 14:02:35,0.06283700,0.17100000
2018-03-20 14:02:36,0.06277400,0.03500000
2018-03-20 14:02:37,0.06283600,0.01900000
2018-03-20 14:02:37,0.06277500,0.10700000
2018-03-20 14:02:41,0.06284700,1.19000000
2018-03-20 14:02:42,0.06278000,0.10200000
2018-03-20 14:02:42,0.06277600,1.00000000
2018-03-20 14:02:42,0.06277500,0.19200000
2018-03-20 14:02:42,0.06277200,0.13000000
2018-03-20 14:02:42,0.06277100,0.00100000
2018-03-20 14:02:42,0.06276600,0.20000000
2018-03-20 14:02:42,0.06276500,1.11500000
2018-03-20 14:02:42,0.06277200,0.10000000
2018-03-20 14:02:42,0.06276600,0.00100000
2018-03-20 14:02:42,0.06284600,0.04700000
2018-03-20 14:02:43,0.06277200,0.01600000
2018-03-20 14:02:43,0.06277200,0.01600000
2018-03-20 14:02:43,0.06277200,0.01600000
2018-03-20 14:02:44,0.06277200,0.13500000
2018-03-20 14:02:45,0.06277200,0.71400000
2018-03-20 14:02:45,0.06277200,0.20300000
2018-03-20 14:02:45,0.06277000,0.20200000
2018-03-20 14:02:45,0.06284200,0.15900000
2018-03-20 14:02:45,0.06284100,0.04000000
2018-03-20 14:02:45,0.06284100,0.04100000
2018-03-20 14:02:46,0.06277200,0.17700000
2018-03-20 14:02:46,0.06277200,0.01700000
2018-03-20 14:02:46,0.06277200,0.22500000
2018-03-20 14:02:46,0.06283900,0.03900000
2018-03-20 14:02:48,0.06283800,0.33900000
2018-03-20 14:02:49,0.06277100,0.02100000
2018-03-20 14:02:50,0.06277000,0.12000000
2018-03-20 14:02:50,0.06276800,0.16700000
2018-03-20 14:02:50,0.06276800,0.07000000
2018-03-20 14:02:51,0.06276600,0.83400000
2018-03-20 14:02:51,0.06276600,0.03500000
2018-03-20 14:02:51,0.06276600,0.21900000
2018-03-20 14:02:51,0.06280200,0.44300000
2018-03-20 14:02:51,0.06283700,0.27800000
2018-03-20 14:02:52,0.06280000,0.07600000
2018-03-20 14:02:52,0.06280000,0.11700000
2018-03-20 14:02:52,0.06283800,0.01400000
2018-03-20 14:02:52,0.06283800,0.02700000
2018-03-20 14:02:52,0.06280000,0.11900000
2018-03-20 14:02:52,0.06280000,0.00100000
2018-03-20 14:02:53,0.06280000,0.11700000
2018-03-20 14:02:53,0.06280000,0.00100000
2018-03-20 14:02:53,0.06276800,0.11600000
2018-03-20 14:02:54,0.06283700,0.85700000
2018-03-20 14:02:54,0.06283700,0.31500000
2018-03-20 14:02:54,0.06277200,0.34800000
2018-03-20 14:02:57,0.06277200,2.24700000
2018-03-20 14:02:58,0.06276800,0.04700000
2018-03-20 14:02:59,0.06276400,0.33000000
2018-03-20 14:02:59,0.06276400,0.29900000
2018-03-20 14:02:59,0.06276300,0.01500000
2018-03-20 14:02:59,0.06277200,0.00100000
2018-03-20 14:02:59,0.06283700,0.03900000
2018-03-20 14:03:03,0.06276600,0.06500000
2018-03-20 14:03:03,0.06276600,0.06400000
2018-03-20 14:03:04,0.06277000,0.11900000
2018-03-20 14:03:04,0.06276600,0.01700000
2018-03-20 14:03:04,0.06279700,11.07900000
2018-03-20 14:03:04,0.06276600,2.43100000
2018-03-20 14:03:04,0.06276600,3.84100000
2018-03-20 14:03:04,0.06276600,0.10100000
2018-03-20 14:03:04,0.06276600,0.04400000
2018-03-20 14:03:04,0.06282900,0.10000000
2018-03-20 14:03:05,0.06278600,0.03900000
2018-03-20 14:03:05,0.06282900,0.23400000
2018-03-20 14:03:05,0.06278600,0.00100000
2018-03-20 14:03:05,0.06276400,0.02500000
2018-03-20 14:03:06,0.06276400,0.48500000
2018-03-20 14:03:06,0.06276400,1.48800000
2018-03-20 14:03:07,0.06279800,0.40600000
2018-03-20 14:03:08,0.06279700,0.07100000
2018-03-20 14:03:08,0.06279700,0.02700000
2018-03-20 14:03:08,0.06279700,0.25800000
2018-03-20 14:03:08,0.06279700,1.30600000
2018-03-20 14:03:08,0.06279700,0.10200000
2018-03-20 14:03:08,0.06279800,0.00100000
2018-03-20 14:03:08,0.06280000,0.12000000
2018-03-20 14:03:08,0.06281900,0.32900000
2018-03-20 14:03:09,0.06276800,0.06000000
2018-03-20 14:03:09,0.06276800,0.06300000
2018-03-20 14:03:10,0.06282700,0.02500000
2018-03-20 14:03:10,0.06276800,0.27200000
2018-03-20 14:03:10,0.06276400,0.00200000
2018-03-20 14:03:10,0.06276300,0.11100000
2018-03-20 14:03:11,0.06276300,0.12200000
2018-03-20 14:03:14,0.06276400,3.58400000
2018-03-20 14:03:14,0.06276400,1.84400000
2018-03-20 14:03:15,0.06276300,0.20700000
2018-03-20 14:03:15,0.06276300,0.21000000
2018-03-20 14:03:16,0.06276300,0.39800000
2018-03-20 14:03:18,0.06282800,0.18000000
2018-03-20 14:03:19,0.06276300,0.14800000
2018-03-20 14:03:19,0.06276300,0.07500000
2018-03-20 14:03:19,0.06276300,0.15900000
2018-03-20 14:03:19,0.06276300,0.05800000
2018-03-20 14:03:20,0.06276300,0.66600000
2018-03-20 14:03:20,0.06276300,0.02100000
2018-03-20 14:03:20,0.06276300,0.04900000
2018-03-20 14:03:21,0.06276300,0.04100000
2018-03-20 14:03:22,0.06276300,0.20000000
2018-03-20 14:03:22,0.06276300,0.01800000
2018-03-20 14:03:23,0.06277500,0.16600000
2018-03-20 14:03:23,0.06277500,0.31700000
2018-03-20 14:03:23,0.06282900,0.00100000
2018-03-20 14:03:23,0.06283300,0.16400000
2018-03-20 14:03:23,0.06279500,0.04000000
2018-03-20 14:03:23,0.06276300,0.51000000
2018-03-20 14:03:26,0.06276500,1.36800000
2018-03-20 14:03:28,0.06276300,1.59200000
2018-03-20 14:03:28,0.06276300,0.56600000
2018-03-20 14:03:28,0.06276300,6.67200000
2018-03-20 14:03:31,0.06276400,0.01600000
2018-03-20 14:03:32,0.06276400,0.60300000
2018-03-20 14:03:32,0.06276400,0.27800000
2018-03-20 14:03:32,0.06276400,0.10200000
2018-03-20 14:03:33,0.06277200,0.32800000
2018-03-20 14:03:34,0.06277200,0.01300000
2018-03-20 14:03:34,0.06282100,0.07900000
2018-03-20 14:03:34,0.06282800,0.80400000
2018-03-20 14:03:34,0.06283200,0.24400000
2018-03-20 14:03:34,0.06276400,0.00100000
2018-03-20 14:03:34,0.06276000,0.27800000
2018-03-20 14:03:34,0.06276000,0.13800000
2018-03-20 14:03:34,0.06276000,0.02500000
2018-03-20 14:03:37,0.06283100,0.04700000
2018-03-20 14:03:37,0.06280200,10.17000000
2018-03-20 14:03:37,0.06277400,4.30400000
2018-03-20 14:03:37,0.06277400,4.46100000
2018-03-20 14:03:39,0.06277300,0.04200000
2018-03-20 14:03:41,0.06283100,1.30700000
2018-03-20 14:03:42,0.06283100,0.09600000
2018-03-20 14:03:43,0.06283100,0.04600000
2018-03-20 14:03:43,0.06283100,0.10000000
2018-03-20 14:03:44,0.06283100,0.20000000
2018-03-20 14:03:44,0.06283100,0.01600000
2018-03-20 14:03:44,0.06283100,0.01500000
2018-03-20 14:03:44,0.06283200,0.08500000
2018-03-20 14:03:44,0.06283200,0.31900000
2018-03-20 14:03:45,0.06283200,0.05400000
2018-03-20 14:03:45,0.06277300,0.36500000
2018-03-20 14:03:45,0.06276000,0.00100000
2018-03-20 14:03:45,0.06275900,1.13900000
2018-03-20 14:03:45,0.06275500,1.35300000
2018-03-20 14:03:45,0.06275000,2.64000000
2018-03-20 14:03:45,0.06275000,15.25200000
2018-03-20 14:03:46,0.06275000,0.54600000
2018-03-20 14:03:46,0.06283100,5.27900000
2018-03-20 14:03:46,0.06283200,0.09500000
2018-03-20 14:03:46,0.06283400,1.65000000
2018-03-20 14:03:46,0.06283600,3.86200000
2018-03-20 14:03:46,0.06283600,0.02900000
2018-03-20 14:03:46,0.06275100,0.63700000
2018-03-20 14:03:46,0.06275200,0.36400000
2018-03-20 14:03:46,0.06283500,0.20100000
2018-03-20 14:03:46,0.06283600,0.82000000
2018-03-20 14:03:46,0.06283700,0.25900000
2018-03-20 14:03:49,0.06276000,0.12000000
2018-03-20 14:03:49,0.06275700,0.03600000
2018-03-20 14:03:49,0.06275600,0.02400000
2018-03-20 14:03:50,0.06275700,3.47100000
2018-03-20 14:03:51,0.06275700,0.28300000
2018-03-20 14:03:51,0.06275500,0.43400000
2018-03-20 14:03:52,0.06275600,0.18300000
2018-03-20 14:03:53,0.06282800,0.43400000
2018-03-20 14:03:53,0.06282900,4.94700000
2018-03-20 14:03:53,0.06283000,1.54300000
2018-03-20 14:03:53,0.06283100,0.51000000
2018-03-20 14:03:53,0.06283600,0.06300000
2018-03-20 14:03:53,0.06283700,1.67900000
2018-03-20 14:03:54,0.06279300,1.83300000
2018-03-20 14:03:54,0.06275700,1.00800000
2018-03-20 14:03:54,0.06283300,0.32200000
2018-03-20 14:03:55,0.06276000,0.11900000
2018-03-20 14:03:55,0.06276000,0.00100000
2018-03-20 14:03:55,0.06275900,0.08200000
2018-03-20 14:03:55,0.06283600,0.01300000
2018-03-20 14:03:57,0.06276300,0.03700000
2018-03-20 14:03:58,0.06276300,0.30700000
2018-03-20 14:03:58,0.06276300,0.09200000
2018-03-20 14:03:58,0.06283000,0.12000000
2018-03-20 14:03:58,0.06283600,0.15400000
2018-03-20 14:04:02,0.06281000,0.21200000
2018-03-20 14:04:02,0.06281100,0.08300000
2018-03-20 14:04:02,0.06281100,0.08600000
2018-03-20 14:04:02,0.06276400,0.55800000
2018-03-20 14:04:03,0.06276400,0.24400000
2018-03-20 14:04:04,0.06283300,0.05200000
2018-03-20 14:04:05,0.06276000,0.08200000
2018-03-20 14:04:05,0.06276000,0.03700000
2018-03-20 14:04:06,0.06276100,0.22900000
2018-03-20 14:04:06,0.06283000,0.12000000
2018-03-20 14:04:06,0.06283200,0.20000000
2018-03-20 14:04:06,0.06283300,0.38400000
2018-03-20 14:04:06,0.06283500,0.33000000
2018-03-20 14:04:06,0.06283700,0.62600000
2018-03-20 14:04:07,0.06283100,0.22900000
2018-03-20 14:04:07,0.06283500,0.26500000
2018-03-20 14:04:07,0.06283700,1.81100000
2018-03-20 14:04:08,0.06276300,0.27500000
2018-03-20 14:04:08,0.06276300,0.26900000
2018-03-20 14:04:09,0.06277000,0.05400000
2018-03-20 14:04:13,0.06277100,0.04000000
2018-03-20 14:04:13,0.06276500,0.13700000
2018-03-20 14:04:13,0.06276500,0.60800000
2018-03-20 14:04:14,0.06276600,0.00800000
2018-03-20 14:04:18,0.06275600,0.63600000
2018-03-20 14:04:18,0.06282800,1.13600000
2018-03-20 14:04:18,0.06276000,0.07000000
2018-03-20 14:04:18,0.06275700,0.05000000
2018-03-20 14:04:20,0.06282600,0.01700000
2018-03-20 14:04:22,0.06275800,0.05400000
2018-03-20 14:04:22,0.06282600,0.08900000
2018-03-20 14:04:22,0.06275800,0.02900000
2018-03-20 14:04:22,0.06275800,0.15300000
2018-03-20 14:04:23,0.06282600,0.03700000
2018-03-20 14:04:23,0.06275900,0.38900000
2018-03-20 14:04:23,0.06275800,0.09400000
2018-03-20 14:04:23,0.06275700,0.24300000
2018-03-20 14:04:23,0.06275700,0.09900000
2018-03-20 14:04:23,0.06275600,0.33000000
2018-03-20 14:04:23,0.06275000,0.99300000
2018-03-20 14:04:24,0.06275600,0.27300000
2018-03-20 14:04:24,0.06275600,0.05600000
2018-03-20 14:04:25,0.06275700,0.04500000
2018-03-20 14:04:25,0.06275700,0.19400000
2018-03-20 14:04:25,0.06275700,0.37800000
2018-03-20 14:04:25,0.06275300,0.19300000
2018-03-20 14:04:26,0.06275000,0.71800000
2018-03-20 14:04:26,0.06275400,0.00300000
2018-03-20 14:04:26,0.06275400,0.85500000
2018-03-20 14:04:27,0.06282000,0.44900000
2018-03-20 14:04:29,0.06275000,0.12100000
2018-03-20 14:04:29,0.06273700,0.10000000
2018-03-20 14:04:29,0.06273300,0.01600000
2018-03-20 14:04:29,0.06273000,1.06100000
2018-03-20 14:04:29,0.06272800,0.32200000
2018-03-20 14:04:29,0.06272600,0.01600000
2018-03-20 14:04:29,0.06272500,0.06900000
2018-03-20 14:04:31,0.06281600,0.20000000
2018-03-20 14:04:31,0.06281700,0.13800000
2018-03-20 14:04:31,0.06274100,0.05000000
2018-03-20 14:04:31,0.06274100,0.08600000
2018-03-20 14:04:32,0.06278600,0.01600000
2018-03-20 14:04:32,0.06281600,1.20500000
2018-03-20 14:04:32,0.06281600,0.04700000
2018-03-20 14:04:32,0.06278600,0.20200000
2018-03-20 14:04:32,0.06278600,0.05600000
2018-03-20 14:04:32,0.06278600,0.02400000
2018-03-20 14:04:33,0.06278600,1.00400000
2018-03-20 14:04:33,0.06278600,1.59200000
2018-03-20 14:04:33,0.06278600,0.22500000
2018-03-20 14:04:33,0.06278600,0.11400000
2018-03-20 14:04:33,0.06278600,1.78200000
2018-03-20 14:04:33,0.06278000,0.12900000
2018-03-20 14:04:33,0.06278000,0.00100000
2018-03-20 14:04:33,0.06278600,0.00100000
2018-03-20 14:04:33,0.06281400,0.09800000
2018-03-20 14:04:34,0.06281400,0.40900000
2018-03-20 14:04:34,0.06281400,0.27500000
2018-03-20 14:04:34,0.06281400,0.05200000
2018-03-20 14:04:34,0.06274300,0.02300000
2018-03-20 14:04:34,0.06274300,0.17700000
2018-03-20 14:04:34,0.06273800,0.14900000
2018-03-20 14:04:34,0.06273800,0.02100000
2018-03-20 14:04:34,0.06273800,0.21900000
2018-03-20 14:04:34,0.06273500,0.10700000
2018-03-20 14:04:34,0.06281800,0.20300000
2018-03-20 14:04:34,0.06281600,0.03000000
2018-03-20 14:04:34,0.06281700,0.84400000
2018-03-20 14:04:35,0.06274300,0.09900000
2018-03-20 14:04:35,0.06274100,1.00000000
2018-03-20 14:04:35,0.06274000,3.30100000
2018-03-20 14:04:35,0.06273600,3.39600000
2018-03-20 14:04:35,0.06273300,0.30000000
2018-03-20 14:04:35,0.06272600,2.54100000
2018-03-20 14:04:35,0.06272500,0.51000000
2018-03-20 14:04:36,0.06281000,0.12900000
2018-03-20 14:04:37,0.06281000,0.04200000
2018-03-20 14:04:38,0.06281000,0.05000000
2018-03-20 14:04:39,0.06280700,1.00000000
2018-03-20 14:04:39,0.06280800,3.17100000
2018-03-20 14:04:39,0.06280900,2.12400000
2018-03-20 14:04:39,0.06280900,0.99600000
2018-03-20 14:04:39,0.06280900,0.47800000
2018-03-20 14:04:39,0.06280800,0.37400000
2018-03-20 14:04:40,0.06280800,0.20800000
2018-03-20 14:04:40,0.06280800,0.00100000
2018-03-20 14:04:40,0.06273100,0.30300000
2018-03-20 14:04:40,0.06273000,1.15200000
2018-03-20 14:04:41,0.06280900,0.04700000
2018-03-20 14:04:41,0.06280900,0.19700000
2018-03-20 14:04:41,0.06280900,1.56100000
2018-03-20 14:04:41,0.06280900,0.03600000
2018-03-20 14:04:41,0.06280900,0.08100000
2018-03-20 14:04:41,0.06281600,0.21800000
2018-03-20 14:04:41,0.06280900,0.16500000
2018-03-20 14:04:42,0.06280900,0.03700000
2018-03-20 14:04:42,0.06280900,0.00200000
2018-03-20 14:04:42,0.06273300,0.03600000
2018-03-20 14:04:42,0.06273300,0.03800000
2018-03-20 14:04:44,0.06281100,0.07300000
2018-03-20 14:04:44,0.06281000,0.40200000
2018-03-20 14:04:45,0.06281300,0.04700000
2018-03-20 14:04:46,0.06276500,0.26100000
2018-03-20 14:04:46,0.06276500,0.98300000
2018-03-20 14:04:46,0.06276500,0.10000000
2018-03-20 14:04:47,0.06281100,0.65500000
2018-03-20 14:04:48,0.06276600,0.06900000
2018-03-20 14:04:51,0.06281300,0.14200000
2018-03-20 14:04:51,0.06276800,0.14700000
2018-03-20 14:04:51,0.06276800,0.51100000
2018-03-20 14:04:52,0.06279000,12.07500000
2018-03-20 14:04:52,0.06276800,3.87000000
2018-03-20 14:04:52,0.06276800,4.02400000
2018-03-20 14:04:52,0.06281300,0.19100000
2018-03-20 14:04:53,0.06276700,0.07300000
2018-03-20 14:04:53,0.06276800,0.02000000
2018-03-20 14:04:54,0.06281300,0.11000000
2018-03-20 14:04:54,0.06281300,0.15800000
2018-03-20 14:04:55,0.06281300,0.18800000
2018-03-20 14:04:56,0.06281300,0.18300000
2018-03-20 14:04:58,0.06281300,0.13300000
2018-03-20 14:04:58,0.06281400,0.31200000
2018-03-20 14:04:59,0.06281600,0.02500000
2018-03-20 14:04:59,0.06276700,0.06100000
2018-03-20 14:04:59,0.06276700,0.13700000
2018-03-20 14:05:01,0.06282200,0.11000000
2018-03-20 14:05:01,0.06276800,0.15500000
2018-03-20 14:05:02,0.06282200,0.54800000
2018-03-20 14:05:02,0.06282200,0.05400000
2018-03-20 14:05:03,0.06282200,3.14900000
2018-03-20 14:05:03,0.06282200,4.11400000
2018-03-20 14:05:03,0.06282300,0.01600000
2018-03-20 14:05:03,0.06282300,0.03500000
2018-03-20 14:05:03,0.06282300,0.03500000
2018-03-20 14:05:03,0.06282300,0.16200000
2018-03-20 14:05:03,0.06276800,0.03500000
2018-03-20 14:05:03,0.06276800,0.08300000
2018-03-20 14:05:03,0.06283500,0.03400000
2018-03-20 14:05:04,0.06283500,0.05300000
2018-03-20 14:05:04,0.06283700,0.01800000
2018-03-20 14:05:04,0.06283900,0.04700000
2018-03-20 14:05:05,0.06283900,0.35500000
2018-03-20 14:05:06,0.06283900,0.00100000
2018-03-20 14:05:06,0.06285000,0.01500000
2018-03-20 14:05:08,0.06277500,0.18100000
2018-03-20 14:05:08,0.06277500,0.10300000
2018-03-20 14:05:09,0.06278100,0.27400000
2018-03-20 14:05:12,0.06278200,0.14400000
2018-03-20 14:05:16,0.06278200,0.47800000
2018-03-20 14:05:17,0.06284500,0.38500000
2018-03-20 14:05:18,0.06284500,0.65600000
2018-03-20 14:05:20,0.06278300,0.03100000
2018-03-20 14:05:20,0.06278300,0.03200000
2018-03-20 14:05:20,0.06278300,0.03700000
2018-03-20 14:05:20,0.06281500,1.81600000
2018-03-20 14:05:20,0.06278300,0.23900000
2018-03-20 14:05:20,0.06278300,1.29800000
2018-03-20 14:05:21,0.06284500,0.13800000
2018-03-20 14:05:21,0.06278200,0.00100000
2018-03-20 14:05:21,0.06276900,0.07600000
2018-03-20 14:05:22,0.06277000,0.09700000
2018-03-20 14:05:23,0.06278200,1.34900000
2018-03-20 14:05:24,0.06284200,0.03100000
2018-03-20 14:05:25,0.06284200,0.13700000
2018-03-20 14:05:27,0.06284400,0.35400000
2018-03-20 14:05:30,0.06284500,0.08200000
2018-03-20 14:05:30,0.06284500,0.08100000
2018-03-20 14:05:30,0.06284500,0.08100000
2018-03-20 14:05:30,0.06284500,0.47500000
2018-03-20 14:05:30,0.06284500,0.14300000
2018-03-20 14:05:30,0.06284800,0.28400000
2018-03-20 14:05:30,0.06285200,0.04200000
2018-03-20 14:05:31,0.06278500,0.38900000
2018-03-20 14:05:31,0.06278300,0.48900000
2018-03-20 14:05:31,0.06278300,0.05000000
2018-03-20 14:05:31,0.06278400,0.18600000
2018-03-20 14:05:31,0.06278400,0.04600000
2018-03-20 14:05:31,0.06278300,0.18500000
2018-03-20 14:05:32,0.06278300,0.26100000
2018-03-20 14:05:32,0.06278400,0.21800000
2018-03-20 14:05:32,0.06285200,0.43500000
2018-03-20 14:05:33,0.06278500,0.93800000
2018-03-20 14:05:36,0.06278300,0.02500000
2018-03-20 14:05:36,0.06278300,0.02500000
2018-03-20 14:05:36,0.06278300,0.36200000
2018-03-20 14:05:37,0.06278400,0.05600000
2018-03-20 14:05:37,0.06278200,1.83000000
2018-03-20 14:05:37,0.06278300,0.30300000
2018-03-20 14:05:38,0.06278300,0.08900000
2018-03-20 14:05:38,0.06285000,0.21700000
2018-03-20 14:05:39,0.06278400,0.39900000
2018-03-20 14:05:40,0.06284900,0.09700000
2018-03-20 14:05:40,0.06278300,0.02200000
2018-03-20 14:05:42,0.06284600,0.08700000
2018-03-20 14:05:42,0.06284600,0.23800000
2018-03-20 14:05:43,0.06278300,0.57200000
2018-03-20 14:05:45,0.06282800,0.03000000
2018-03-20 14:05:45,0.06282800,0.14800000
2018-03-20 14:05:45,0.06282800,0.10100000
2018-03-20 14:05:45,0.06282800,0.12100000
2018-03-20 14:05:45,0.06281400,0.15400000
2018-03-20 14:05:45,0.06281400,0.09100000
2018-03-20 14:05:45,0.06281400,0.15500000
2018-03-20 14:05:45,0.06278300,0.24400000
2018-03-20 14:05:45,0.06278300,0.29800000
2018-03-20 14:05:45,0.06278300,0.12000000
2018-03-20 14:05:45,0.06278300,0.08600000
2018-03-20 14:05:47,0.06284800,0.03600000
2018-03-20 14:05:47,0.06278300,0.71600000
2018-03-20 14:05:47,0.06284900,0.21100000
2018-03-20 14:05:49,0.06278200,0.59300000
2018-03-20 14:05:51,0.06284500,0.08200000
2018-03-20 14:05:54,0.06278800,0.03200000
2018-03-20 14:05:55,0.06278800,0.04600000
2018-03-20 14:05:55,0.06278800,0.00100000
2018-03-20 14:05:55,0.06278200,0.00900000
2018-03-20 14:05:56,0.06278200,0.20000000
2018-03-20 14:05:57,0.06284400,0.04300000
2018-03-20 14:05:57,0.06284400,0.04100000
2018-03-20 14:05:57,0.06284400,0.49600000
2018-03-20 14:05:57,0.06284400,0.31700000
2018-03-20 14:05:57,0.06284400,0.96000000
2018-03-20 14:05:58,0.06284300,0.02700000
2018-03-20 14:05:58,0.06284300,0.44900000
2018-03-20 14:05:58,0.06284300,0.12200000
2018-03-20 14:05:59,0.06278200,0.05700000
2018-03-20 14:06:03,0.06278300,0.01800000
2018-03-20 14:06:03,0.06278200,0.03100000
2018-03-20 14:06:06,0.06278200,0.02100000
2018-03-20 14:06:07,0.06284500,0.00100000
2018-03-20 14:06:07,0.06284900,0.23700000
2018-03-20 14:06:07,0.06285000,0.00100000
2018-03-20 14:06:07,0.06285200,0.26100000
2018-03-20 14:06:07,0.06285600,0.06900000
2018-03-20 14:06:07,0.06278200,0.55600000
2018-03-20 14:06:07,0.06278200,0.55500000
2018-03-20 14:06:07,0.06285600,0.04000000
2018-03-20 14:06:07,0.06278300,0.00900000
2018-03-20 14:06:08,0.06285600,0.31200000
2018-03-20 14:06:08,0.06285600,0.73400000
2018-03-20 14:06:09,0.06285600,0.04900000
2018-03-20 14:06:09,0.06285700,0.17200000
2018-03-20 14:06:09,0.06278400,0.04500000
2018-03-20 14:06:10,0.06285400,0.02000000
2018-03-20 14:06:10,0.06285400,0.04300000
2018-03-20 14:06:10,0.06279000,0.10000000
2018-03-20 14:06:10,0.06279000,0.03000000
2018-03-20 14:06:10,0.06278400,0.80900000
2018-03-20 14:06:10,0.06278400,0.83400000
2018-03-20 14:06:10,0.06285400,0.03200000
2018-03-20 14:06:11,0.06284400,0.34700000
2018-03-20 14:06:11,0.06284400,0.04100000
2018-03-20 14:06:11,0.06278500,0.06000000
2018-03-20 14:06:11,0.06278500,0.07400000
2018-03-20 14:06:11,0.06278500,0.38700000
2018-03-20 14:06:11,0.06278500,0.06400000
2018-03-20 14:06:12,0.06278500,0.11000000
2018-03-20 14:06:13,0.06278500,1.35000000
2018-03-20 14:06:13,0.06278500,0.76000000
2018-03-20 14:06:14,0.06278400,0.19400000
2018-03-20 14:06:15,0.06278400,0.13000000
2018-03-20 14:06:17,0.06278400,0.39800000
2018-03-20 14:06:19,0.06278400,0.15200000
2018-03-20 14:06:19,0.06278400,0.05300000
2018-03-20 14:06:19,0.06278500,0.01500000
2018-03-20 14:06:20,0.06278900,0.00200000
2018-03-20 14:06:21,0.06278900,0.09100000
2018-03-20 14:06:22,0.06285100,0.25100000
2018-03-20 14:06:23,0.06278900,0.08300000
2018-03-20 14:06:24,0.06285000,0.31800000
2018-03-20 14:06:25,0.06284900,0.59100000
2018-03-20 14:06:25,0.06284900,0.05000000
2018-03-20 14:06:27,0.06285300,0.35900000
2018-03-20 14:06:28,0.06285300,0.17200000
2018-03-20 14:06:29,0.06285300,0.37900000
2018-03-20 14:06:29,0.06285300,1.59000000
2018-03-20 14:06:29,0.06285300,1.68400000
2018-03-20 14:06:29,0.06279100,0.99800000
2018-03-20 14:06:29,0.06279200,0.54600000
2018-03-20 14:06:30,0.06285100,1.59000000
2018-03-20 14:06:30,0.06285100,0.27100000
2018-03-20 14:06:30,0.06282100,0.81500000
2018-03-20 14:06:30,0.06279200,0.54500000
2018-03-20 14:06:31,0.06279200,0.26800000
2018-03-20 14:06:31,0.06279200,0.00100000
2018-03-20 14:06:31,0.06285200,0.26700000
2018-03-20 14:06:33,0.06279000,0.51400000
2018-03-20 14:06:33,0.06279000,0.51400000
2018-03-20 14:06:34,0.06279000,0.02600000
2018-03-20 14:06:37,0.06285000,0.02600000
2018-03-20 14:06:38,0.06285000,0.03300000
2018-03-20 14:06:38,0.06285000,0.67100000
2018-03-20 14:06:39,0.06285300,0.05400000
2018-03-20 14:06:39,0.06279200,1.35700000
2018-03-20 14:06:40,0.06279200,1.00000000
2018-03-20 14:06:40,0.06279100,0.11400000
2018-03-20 14:06:40,0.06285200,0.16000000
2018-03-20 14:06:41,0.06285100,0.16700000
2018-03-20 14:06:41,0.06285100,0.24800000
2018-03-20 14:06:41,0.06279100,0.41600000
2018-03-20 14:06:42,0.06285100,0.58500000
2018-03-20 14:06:42,0.06285200,0.00100000
2018-03-20 14:06:42,0.06285300,1.91700000
2018-03-20 14:06:42,0.06285300,1.76400000
2018-03-20 14:06:42,0.06285400,0.74800000
2018-03-20 14:06:42,0.06285400,1.08600000
2018-03-20 14:06:43,0.06280000,0.11600000
2018-03-20 14:06:44,0.06285300,0.68500000
2018-03-20 14:06:45,0.06285400,0.00200000
2018-03-20 14:06:46,0.06285400,0.35000000
2018-03-20 14:06:46,0.06285800,0.44900000
2018-03-20 14:06:46,0.06285400,0.00100000
2018-03-20 14:06:48,0.06285300,0.04700000
2018-03-20 14:06:48,0.06282000,1.41100000
2018-03-20 14:06:48,0.06282000,1.06800000
2018-03-20 14:06:49,0.06285300,0.02500000
2018-03-20 14:06:49,0.06282000,0.05000000
2018-03-20 14:06:50,0.06282000,0.23600000
2018-03-20 14:06:51,0.06282000,0.02500000
2018-03-20 14:06:53,0.06282000,0.03600000
2018-03-20 14:06:53,0.06283600,0.58900000
2018-03-20 14:06:53,0.06285200,0.34000000
2018-03-20 14:06:53,0.06285200,0.45400000
2018-03-20 14:06:55,0.06282000,0.21000000
2018-03-20 14:06:56,0.06285300,0.02900000
2018-03-20 14:06:58,0.06285300,1.59000000
2018-03-20 14:06:58,0.06285300,0.02900000
2018-03-20 14:06:58,0.06285300,0.57300000
2018-03-20 14:06:58,0.06282000,0.06300000
2018-03-20 14:06:59,0.06285300,0.64700000
2018-03-20 14:06:59,0.06285300,0.00700000
2018-03-20 14:07:00,0.06282100,0.27700000
2018-03-20 14:07:00,0.06282100,0.10700000
2018-03-20 14:07:02,0.06285300,0.00100000
2018-03-20 14:07:02,0.06285300,0.08400000
2018-03-20 14:07:02,0.06285300,0.09500000
2018-03-20 14:07:04,0.06282100,0.01700000
2018-03-20 14:07:05,0.06282000,0.06300000
2018-03-20 14:07:05,0.06282000,0.14000000
2018-03-20 14:07:06,0.06282000,0.07500000
2018-03-20 14:07:06,0.06282000,0.02300000
2018-03-20 14:07:06,0.06282000,0.07500000
2018-03-20 14:07:07,0.06282000,0.95100000
2018-03-20 14:07:07,0.06282000,0.88500000
2018-03-20 14:07:08,0.06282000,0.36800000
2018-03-20 14:07:09,0.06282000,5.11000000
2018-03-20 14:07:09,0.06282000,0.20100000
2018-03-20 14:07:09,0.06282000,2.57400000
2018-03-20 14:07:10,0.06282100,0.00100000
2018-03-20 14:07:10,0.06285300,0.58500000
2018-03-20 14:07:10,0.06285300,0.02200000
2018-03-20 14:07:10,0.06282000,1.31700000
2018-03-20 14:07:11,0.06282000,0.25000000
2018-03-20 14:07:11,0.06282000,0.66800000
2018-03-20 14:07:11,0.06282000,3.10400000
2018-03-20 14:07:12,0.06282000,0.46200000
2018-03-20 14:07:13,0.06282000,0.00200000
2018-03-20 14:07:13,0.06280000,0.68400000
2018-03-20 14:07:13,0.06279200,0.52000000
2018-03-20 14:07:13,0.06279100,4.74000000
2018-03-20 14:07:13,0.06279000,7.31700000
2018-03-20 14:07:13,0.06278800,0.41200000
2018-03-20 14:07:13,0.06277000,0.08700000
2018-03-20 14:07:13,0.06276700,0.40700000
2018-03-20 14:07:13,0.06276400,1.04100000
2018-03-20 14:07:13,0.06276000,0.91000000
2018-03-20 14:07:13,0.06275500,0.42000000
2018-03-20 14:07:13,0.06275000,0.46000000
2018-03-20 14:07:13,0.06282100,1.15800000
2018-03-20 14:07:13,0.06275000,0.01800000
2018-03-20 14:07:14,0.06282100,0.06800000
2018-03-20 14:07:14,0.06275200,0.15500000
2018-03-20 14:07:15,0.06282000,0.24900000
2018-03-20 14:07:15,0.06282000,0.00100000
2018-03-20 14:07:15,0.06282100,0.24800000
2018-03-20 14:07:15,0.06282100,0.06000000
2018-03-20 14:07:15,0.06282100,0.02900000
2018-03-20 14:07:16,0.06282100,0.02200000
2018-03-20 14:07:16,0.06282100,0.36600000
2018-03-20 14:07:16,0.06275400,0.13100000
2018-03-20 14:07:16,0.06275600,0.11800000
2018-03-20 14:07:18,0.06275600,0.05900000
2018-03-20 14:07:18,0.06275600,0.04700000
2018-03-20 14:07:20,0.06282000,0.11200000
2018-03-20 14:07:21,0.06282000,0.01800000
2018-03-20 14:07:21,0.06282000,0.00100000
2018-03-20 14:07:21,0.06282100,0.01700000
2018-03-20 14:07:23,0.06282100,0.06600000
2018-03-20 14:07:23,0.06275700,0.01600000
2018-03-20 14:07:25,0.06281900,0.63700000
2018-03-20 14:07:25,0.06275600,0.29800000
2018-03-20 14:07:25,0.06281800,0.01100000
2018-03-20 14:07:25,0.06275600,2.82000000
2018-03-20 14:07:27,0.06281900,0.04700000
2018-03-20 14:07:29,0.06281800,0.01800000
2018-03-20 14:07:31,0.06275000,0.10500000
2018-03-20 14:07:31,0.06275000,0.10500000
2018-03-20 14:07:34,0.06281600,0.02600000
2018-03-20 14:07:36,0.06275300,0.18900000
2018-03-20 14:07:36,0.06278300,4.81700000
2018-03-20 14:07:36,0.06275200,0.60100000
2018-03-20 14:07:36,0.06281500,0.22400000
2018-03-20 14:07:36,0.06275200,2.56300000
2018-03-20 14:07:36,0.06281500,0.02100000
2018-03-20 14:07:37,0.06281400,0.05500000
2018-03-20 14:07:37,0.06279000,0.79200000
2018-03-20 14:07:37,0.06279000,0.00100000
2018-03-20 14:07:37,0.06275100,0.82500000
2018-03-20 14:07:38,0.06281200,0.02000000
2018-03-20 14:07:38,0.06281200,0.11300000
2018-03-20 14:07:38,0.06275100,0.17400000
2018-03-20 14:07:42,0.06275200,0.01700000
2018-03-20 14:07:42,0.06275200,0.03900000
2018-03-20 14:07:43,0.06281700,1.87900000
2018-03-20 14:07:47,0.06281600,0.99900000
2018-03-20 14:07:47,0.06281900,1.00100000
2018-03-20 14:07:48,0.06281500,4.21900000
2018-03-20 14:07:48,0.06281900,0.41300000
2018-03-20 14:07:49,0.06281900,0.39500000
2018-03-20 14:07:50,0.06281900,0.17000000
2018-03-20 14:07:50,0.06281900,0.17100000
2018-03-20 14:07:51,0.06281900,0.06300000
2018-03-20 14:07:52,0.06282100,0.31000000
2018-03-20 14:07:52,0.06275400,2.30900000
2018-03-20 14:07:52,0.06275200,1.71300000
2018-03-20 14:07:54,0.06275400,0.22000000
2018-03-20 14:07:54,0.06275400,0.03600000
2018-03-20 14:07:54,0.06275400,0.11500000
2018-03-20 14:07:54,0.06282000,0.03500000
2018-03-20 14:07:54,0.06282000,0.15000000
2018-03-20 14:07:54,0.06282000,0.03100000
2018-03-20 14:07:54,0.06282000,0.15000000
2018-03-20 14:07:54,0.06282000,0.03300000
2018-03-20 14:07:54,0.06282000,0.03900000
2018-03-20 14:07:54,0.06282100,0.11100000
2018-03-20 14:07:54,0.06282100,0.08900000
2018-03-20 14:07:54,0.06282100,0.13000000
2018-03-20 14:07:56,0.06282100,0.12900000
2018-03-20 14:07:57,0.06282000,0.07000000
2018-03-20 14:07:58,0.06281200,1.50100000
2018-03-20 14:07:59,0.06281200,0.00100000
2018-03-20 14:07:59,0.06281900,0.05400000
2018-03-20 14:07:59,0.06281900,0.14000000
2018-03-20 14:08:01,0.06281900,0.10000000
2018-03-20 14:08:02,0.06275400,0.07300000
2018-03-20 14:08:02,0.06281900,0.43700000
2018-03-20 14:08:02,0.06281900,0.09600000
2018-03-20 14:08:03,0.06281800,0.24000000
2018-03-20 14:08:04,0.06281700,0.07300000
2018-03-20 14:08:04,0.06281800,0.42700000
2018-03-20 14:08:04,0.06275400,0.37400000
2018-03-20 14:08:06,0.06278600,10.08000000
2018-03-20 14:08:06,0.06275500,4.30700000
2018-03-20 14:08:06,0.06281800,0.50000000
2018-03-20 14:08:07,0.06275300,0.14800000
2018-03-20 14:08:08,0.06281600,0.15100000
2018-03-20 14:08:08,0.06281700,0.05600000
2018-03-20 14:08:08,0.06281600,0.08500000
2018-03-20 14:08:08,0.06275000,0.22800000
2018-03-20 14:08:09,0.06281700,0.11000000
2018-03-20 14:08:09,0.06281700,0.20800000
2018-03-20 14:08:09,0.06281800,8.05600000
2018-03-20 14:08:09,0.06281900,3.93000000
2018-03-20 14:08:09,0.06281900,2.80600000
2018-03-20 14:08:09,0.06281700,0.20600000
2018-03-20 14:08:10,0.06282000,0.22800000
2018-03-20 14:08:10,0.06281700,0.00200000
2018-03-20 14:08:11,0.06275100,0.07500000
2018-03-20 14:08:11,0.06281700,0.31000000
2018-03-20 14:08:11,0.06275100,0.15400000
2018-03-20 14:08:12,0.06281600,0.22800000
2018-03-20 14:08:12,0.06281700,0.69000000
2018-03-20 14:08:12,0.06281700,0.10500000
2018-03-20 14:08:12,0.06281700,0.00100000
2018-03-20 14:08:12,0.06275100,0.15300000
2018-03-20 14:08:13,0.06282100,0.31000000
2018-03-20 14:08:14,0.06275100,0.15500000
2018-03-20 14:08:14,0.06282000,0.15300000
2018-03-20 14:08:14,0.06282100,0.08300000
2018-03-20 14:08:14,0.06282000,0.04900000
2018-03-20 14:08:14,0.06282000,0.10400000
2018-03-20 14:08:15,0.06282000,0.15200000
2018-03-20 14:08:15,0.06275200,1.53600000
2018-03-20 14:08:16,0.06279800,0.34300000
2018-03-20 14:08:16,0.06279800,0.06100000
2018-03-20 14:08:16,0.06279800,0.00100000
2018-03-20 14:08:16,0.06281800,0.15500000
2018-03-20 14:08:16,0.06281900,0.34400000
2018-03-20 14:08:17,0.06281700,0.38900000
2018-03-20 14:08:18,0.06281800,0.08800000
2018-03-20 14:08:18,0.06275100,0.02100000
2018-03-20 14:08:18,0.06281300,0.07800000
2018-03-20 14:08:18,0.06275000,5.48400000
2018-03-20 14:08:18,0.06274700,0.40000000
2018-03-20 14:08:18,0.06274100,0.42300000
2018-03-20 14:08:18,0.06273700,0.20600000
2018-03-20 14:08:18,0.06272800,0.30400000
2018-03-20 14:08:18,0.06272500,3.57300000
2018-03-20 14:08:18,0.06272400,1.32600000
2018-03-20 14:08:18,0.06272200,0.60400000
2018-03-20 14:08:19,0.06281200,0.33000000
2018-03-20 14:08:19,0.06281200,0.03800000
2018-03-20 14:08:19,0.06281300,0.29200000
2018-03-20 14:08:19,0.06281300,0.03800000
2018-03-20 14:08:19,0.06275100,0.29800000
2018-03-20 14:08:19,0.06281300,0.23000000
2018-03-20 14:08:19,0.06281200,0.31800000
2018-03-20 14:08:19,0.06281200,0.05000000
2018-03-20 14:08:19,0.06275100,0.13900000
2018-03-20 14:08:19,0.06275100,0.06000000
2018-03-20 14:08:20,0.06272600,0.04000000
2018-03-20 14:08:20,0.06276800,0.05200000
2018-03-20 14:08:21,0.06276800,0.00100000
2018-03-20 14:08:21,0.06276800,0.03300000
2018-03-20 14:08:21,0.06276800,0.01300000
2018-03-20 14:08:21,0.06276000,0.03200000
2018-03-20 14:08:21,0.06276000,0.41100000
2018-03-20 14:08:21,0.06276000,0.84400000
2018-03-20 14:08:21,0.06279800,0.79300000
2018-03-20 14:08:22,0.06276100,0.13900000
2018-03-20 14:08:23,0.06276800,0.04200000
2018-03-20 14:08:23,0.06276800,0.03500000
2018-03-20 14:08:23,0.06276800,0.31000000
2018-03-20 14:08:23,0.06276100,0.22900000
2018-03-20 14:08:23,0.06276000,1.34000000
2018-03-20 14:08:23,0.06276000,4.34800000
2018-03-20 14:08:24,0.06276800,1.30000000
2018-03-20 14:08:24,0.06276800,0.04700000
2018-03-20 14:08:24,0.06276800,0.29600000
2018-03-20 14:08:24,0.06279800,0.04600000
2018-03-20 14:08:24,0.06272500,0.02400000
2018-03-20 14:08:26,0.06273000,0.09300000
2018-03-20 14:08:26,0.06279700,0.07000000
2018-03-20 14:08:26,0.06272600,0.07500000
2018-03-20 14:08:26,0.06279700,0.41500000
2018-03-20 14:08:26,0.06279800,0.59200000
2018-03-20 14:08:26,0.06281100,0.43800000
2018-03-20 14:08:26,0.06281400,0.01700000
2018-03-20 14:08:27,0.06281400,0.05800000
2018-03-20 14:08:28,0.06273200,0.33000000
2018-03-20 14:08:28,0.06273100,0.16400000
2018-03-20 14:08:28,0.06279700,0.21000000
2018-03-20 14:08:28,0.06279700,0.47800000
2018-03-20 14:08:28,0.06281400,0.15600000
2018-03-20 14:08:28,0.06273300,5.72800000
2018-03-20 14:08:28,0.06273200,0.25800000
2018-03-20 14:08:28,0.06273100,2.11800000
2018-03-20 14:08:28,0.06273000,2.06700000
2018-03-20 14:08:28,0.06272400,0.03000000
2018-03-20 14:08:28,0.06272400,0.07200000
2018-03-20 14:08:28,0.06272400,0.03000000
2018-03-20 14:08:28,0.06272400,0.63400000
2018-03-20 14:08:28,0.06272400,0.63400000
2018-03-20 14:08:29,0.06272000,3.33200000
2018-03-20 14:08:29,0.06271900,1.65700000
2018-03-20 14:08:29,0.06271700,14.96600000
2018-03-20 14:08:29,0.06271400,0.04500000
2018-03-20 14:08:29,0.06272400,0.08400000
2018-03-20 14:08:29,0.06272400,0.17700000
2018-03-20 14:08:29,0.06272400,0.36300000
2018-03-20 14:08:29,0.06272400,1.58800000
2018-03-20 14:08:29,0.06272400,0.77500000
2018-03-20 14:08:29,0.06272400,0.04300000
2018-03-20 14:08:29,0.06272300,0.02900000
2018-03-20 14:08:29,0.06272300,8.09300000
2018-03-20 14:08:29,0.06272300,0.71400000
2018-03-20 14:08:29,0.06272300,0.08700000
2018-03-20 14:08:29,0.06272300,4.04900000
2018-03-20 14:08:29,0.06272400,0.05300000
2018-03-20 14:08:29,0.06272400,0.16600000
2018-03-20 14:08:29,0.06272400,1.35700000
2018-03-20 14:08:29,0.06272400,0.27000000
2018-03-20 14:08:29,0.06272400,0.80000000
2018-03-20 14:08:29,0.06272400,0.16200000
2018-03-20 14:08:29,0.06272400,0.23000000
2018-03-20 14:08:29,0.06272300,0.57800000
2018-03-20 14:08:30,0.06272400,0.17500000
2018-03-20 14:08:30,0.06272400,0.20000000
2018-03-20 14:08:30,0.06272400,0.79300000
2018-03-20 14:08:30,0.06272400,0.50000000
2018-03-20 14:08:30,0.06272000,0.09000000
2018-03-20 14:08:30,0.06272400,3.52000000
2018-03-20 14:08:30,0.06271400,0.24500000
2018-03-20 14:08:31,0.06272400,0.79300000
2018-03-20 14:08:31,0.06272400,0.23700000
2018-03-20 14:08:31,0.06272400,3.31800000
2018-03-20 14:08:31,0.06272400,3.00000000
2018-03-20 14:08:31,0.06272400,0.36100000
2018-03-20 14:08:32,0.06272400,0.02300000
2018-03-20 14:08:32,0.06271400,1.27700000
2018-03-20 14:08:32,0.06272300,0.57700000
2018-03-20 14:08:32,0.06272300,0.42300000
2018-03-20 14:08:32,0.06272400,0.56000000
2018-03-20 14:08:33,0.06272400,0.31000000
2018-03-20 14:08:33,0.06272400,1.19200000
2018-03-20 14:08:34,0.06272400,0.00100000
2018-03-20 14:08:34,0.06272400,0.04400000
2018-03-20 14:08:35,0.06272500,1.59600000
2018-03-20 14:08:35,0.06272500,1.04100000
2018-03-20 14:08:36,0.06274000,8.26100000
2018-03-20 14:08:36,0.06272500,6.03800000
2018-03-20 14:08:36,0.06272500,0.31400000
2018-03-20 14:08:37,0.06275500,0.50000000
2018-03-20 14:08:37,0.06275500,0.57800000
2018-03-20 14:08:39,0.06275600,0.50000000
2018-03-20 14:08:40,0.06275500,6.98100000
2018-03-20 14:08:40,0.06275500,2.01900000
2018-03-20 14:08:40,0.06275600,3.98100000
2018-03-20 14:08:40,0.06275600,0.13700000
2018-03-20 14:08:41,0.06275600,0.08000000
2018-03-20 14:08:42,0.06275600,0.15900000
2018-03-20 14:08:42,0.06275600,0.15900000
2018-03-20 14:08:43,0.06275600,0.03400000
2018-03-20 14:08:44,0.06272500,0.05100000
2018-03-20 14:08:44,0.06272500,0.07100000
2018-03-20 14:08:44,0.06272500,0.10000000
2018-03-20 14:08:44,0.06272500,0.11200000
2018-03-20 14:08:45,0.06275600,0.68300000
2018-03-20 14:08:45,0.06275400,5.17100000
2018-03-20 14:08:45,0.06272500,12.68500000
2018-03-20 14:08:45,0.06272500,2.22600000
2018-03-20 14:08:45,0.06278400,0.22900000
2018-03-20 14:08:46,0.06275600,0.19000000
2018-03-20 14:08:46,0.06272400,0.00200000
2018-03-20 14:08:46,0.06271400,0.19800000
2018-03-20 14:08:46,0.06275600,0.24500000
2018-03-20 14:08:46,0.06275600,0.39400000
2018-03-20 14:08:46,0.06278300,0.03900000
2018-03-20 14:08:48,0.06278300,1.49200000
2018-03-20 14:08:48,0.06278300,0.03700000
2018-03-20 14:08:50,0.06278400,0.03000000
2018-03-20 14:08:50,0.06278400,0.00100000
2018-03-20 14:08:51,0.06275700,0.02900000
2018-03-20 14:08:51,0.06275700,0.14700000
2018-03-20 14:08:51,0.06275700,0.12500000
2018-03-20 14:08:51,0.06275700,0.10000000
2018-03-20 14:08:52,0.06278400,0.01000000
2018-03-20 14:08:52,0.06277000,23.29400000
2018-03-20 14:08:52,0.06275700,19.68100000
2018-03-20 14:08:53,0.06275600,0.00100000
2018-03-20 14:08:53,0.06273600,0.76500000
2018-03-20 14:08:53,0.06271400,0.61200000
2018-03-20 14:08:54,0.06272500,0.06000000
2018-03-20 14:08:58,0.06275500,39.21600000
2018-03-20 14:08:58,0.06272600,2.10700000
2018-03-20 14:08:58,0.06272600,15.25600000
2018-03-20 14:08:59,0.06272500,0.03200000
2018-03-20 14:09:00,0.06278400,0.39300000
2018-03-20 14:09:00,0.06275000,0.07800000
2018-03-20 14:09:03,0.06275000,0.00100000
2018-03-20 14:09:03,0.06275000,0.01600000
2018-03-20 14:09:03,0.06275000,0.00100000
2018-03-20 14:09:03,0.06278400,0.01500000
2018-03-20 14:09:03,0.06272500,0.02900000
2018-03-20 14:09:03,0.06272500,0.13900000
2018-03-20 14:09:05,0.06276800,0.05800000
2018-03-20 14:09:05,0.06276800,0.04100000
2018-03-20 14:09:06,0.06276800,0.05700000
2018-03-20 14:09:07,0.06276800,0.00300000
2018-03-20 14:09:07,0.06272500,0.00300000
2018-03-20 14:09:07,0.06271400,0.09400000
2018-03-20 14:09:10,0.06278300,0.24100000
2018-03-20 14:09:10,0.06278300,0.00100000
2018-03-20 14:09:10,0.06278400,0.00900000
2018-03-20 14:09:10,0.06279100,0.23100000
2018-03-20 14:09:10,0.06271500,0.43800000
2018-03-20 14:09:10,0.06271500,0.78000000
2018-03-20 14:09:11,0.06279000,0.02200000
2018-03-20 14:09:11,0.06278800,0.02800000
2018-03-20 14:09:12,0.06278800,0.12700000
2018-03-20 14:09:13,0.06278800,0.62300000
2018-03-20 14:09:13,0.06272100,0.48300000
2018-03-20 14:09:14,0.06272200,4.05500000
2018-03-20 14:09:15,0.06275500,9.92900000
2018-03-20 14:09:15,0.06272200,8.57300000
2018-03-20 14:09:15,0.06272200,0.76500000
2018-03-20 14:09:19,0.06278700,0.10300000
2018-03-20 14:09:19,0.06278700,0.03000000
2018-03-20 14:09:19,0.06278700,2.14900000
2018-03-20 14:09:20,0.06278600,0.24200000
2018-03-20 14:09:21,0.06279000,1.18200000
2018-03-20 14:09:21,0.06272500,0.08700000
2018-03-20 14:09:22,0.06279900,0.04600000
2018-03-20 14:09:22,0.06278600,0.24100000
2018-03-20 14:09:22,0.06279900,0.31400000
2018-03-20 14:09:23,0.06272600,0.23300000
2018-03-20 14:09:23,0.06272600,0.05600000
2018-03-20 14:09:24,0.06279500,0.08200000
2018-03-20 14:09:25,0.06279900,0.33000000
2018-03-20 14:09:25,0.06273000,0.11900000
2018-03-20 14:09:25,0.06279900,0.32900000
2018-03-20 14:09:26,0.06273000,0.08000000
2018-03-20 14:09:26,0.06273000,0.35800000
2018-03-20 14:09:26,0.06279900,0.96600000
2018-03-20 14:09:27,0.06273000,0.11000000
2018-03-20 14:09:27,0.06273000,0.13400000
2018-03-20 14:09:27,0.06279700,0.15200000
2018-03-20 14:09:27,0.06279700,0.28600000
2018-03-20 14:09:28,0.06279900,0.06700000
2018-03-20 14:09:28,0.06279900,0.23300000
2018-03-20 14:09:28,0.06279900,0.26500000
2018-03-20 14:09:29,0.06279700,0.14100000
2018-03-20 14:09:29,0.06279700,0.10200000
2018-03-20 14:09:30,0.06280000,0.14700000
2018-03-20 14:09:30,0.06280000,0.94300000
2018-03-20 14:09:31,0.06276500,13.86300000
2018-03-20 14:09:31,0.06280000,0.16900000
2018-03-20 14:09:31,0.06273100,8.77100000
2018-03-20 14:09:31,0.06273100,9.12100000
2018-03-20 14:09:32,0.06279900,0.23100000
2018-03-20 14:09:32,0.06279900,0.06400000
2018-03-20 14:09:33,0.06279900,0.05900000
2018-03-20 14:09:34,0.06280000,0.02200000
2018-03-20 14:09:35,0.06273300,0.15600000
2018-03-20 14:09:36,0.06273100,0.19800000
2018-03-20 14:09:37,0.06279900,0.15900000
2018-03-20 14:09:38,0.06279900,0.09900000
2018-03-20 14:09:38,0.06279900,0.24000000
2018-03-20 14:09:38,0.06279900,0.20200000
2018-03-20 14:09:38,0.06280000,0.08000000
2018-03-20 14:09:38,0.06279900,0.29800000
2018-03-20 14:09:38,0.06273100,0.12400000
2018-03-20 14:09:39,0.06279700,0.19700000
2018-03-20 14:09:39,0.06279700,0.00100000
2018-03-20 14:09:39,0.06280000,0.04600000
2018-03-20 14:09:40,0.06280000,0.02700000
2018-03-20 14:09:40,0.06280000,0.17400000
2018-03-20 14:09:42,0.06279800,0.02900000
2018-03-20 14:09:42,0.06273400,0.53900000
2018-03-20 14:09:44,0.06279700,0.19300000
2018-03-20 14:09:45,0.06275100,0.13700000
2018-03-20 14:09:45,0.06275100,0.00100000
2018-03-20 14:09:45,0.06279700,0.00100000
2018-03-20 14:09:45,0.06279800,0.04900000
2018-03-20 14:09:45,0.06280000,0.08600000
2018-03-20 14:09:45,0.06280000,0.13500000
2018-03-20 14:09:45,0.06280000,3.06000000
2018-03-20 14:09:46,0.06280000,0.04700000
2018-03-20 14:09:46,0.06280000,0.03900000
2018-03-20 14:09:47,0.06280000,0.13000000
2018-03-20 14:09:48,0.06280000,0.53400000
2018-03-20 14:09:48,0.06273100,0.07100000
2018-03-20 14:09:48,0.06280000,1.11100000
2018-03-20 14:09:48,0.06280000,0.05400000
2018-03-20 14:09:49,0.06280000,0.45400000
2018-03-20 14:09:50,0.06280000,6.52400000
2018-03-20 14:09:50,0.06280000,0.22300000
2018-03-20 14:09:50,0.06280000,2.61800000
2018-03-20 14:09:50,0.06280300,0.09500000
2018-03-20 14:09:50,0.06280300,0.05200000
2018-03-20 14:09:51,0.06280900,0.20000000
2018-03-20 14:09:51,0.06281100,0.22500000
2018-03-20 14:09:51,0.06280900,0.10000000
2018-03-20 14:09:51,0.06281100,0.62500000
2018-03-20 14:09:51,0.06281100,0.09200000
2018-03-20 14:09:51,0.06273300,0.03800000
2018-03-20 14:09:52,0.06281100,0.52100000
2018-03-20 14:09:52,0.06279900,0.05100000
2018-03-20 14:09:52,0.06279900,0.00800000
2018-03-20 14:09:52,0.06273700,0.05000000
2018-03-20 14:09:52,0.06273700,0.05800000
2018-03-20 14:09:52,0.06273700,0.05800000
2018-03-20 14:09:52,0.06273700,0.05800000
2018-03-20 14:09:53,0.06281200,1.10400000
2018-03-20 14:09:53,0.06281200,0.72100000
2018-03-20 14:09:53,0.06282100,0.26900000
2018-03-20 14:09:53,0.06282100,0.43300000
2018-03-20 14:09:54,0.06281100,0.13300000
2018-03-20 14:09:54,0.06281100,0.00100000
2018-03-20 14:09:54,0.06274200,0.11100000
2018-03-20 14:09:54,0.06274200,0.13300000
2018-03-20 14:09:54,0.06274200,0.09200000
2018-03-20 14:09:54,0.06274000,0.04100000
2018-03-20 14:09:54,0.06282000,0.13400000
2018-03-20 14:09:54,0.06282100,10.93800000
2018-03-20 14:09:55,0.06281900,0.14800000
2018-03-20 14:09:57,0.06282000,0.04000000
2018-03-20 14:09:57,0.06282100,0.15200000
2018-03-20 14:09:58,0.06282100,0.16800000
2018-03-20 14:09:59,0.06275300,0.12400000
2018-03-20 14:10:00,0.06283600,0.01800000
2018-03-20 14:10:03,0.06283200,0.12500000
2018-03-20 14:10:04,0.06283300,0.18300000
2018-03-20 14:10:05,0.06276800,0.07900000
2018-03-20 14:10:05,0.06276300,0.11600000
2018-03-20 14:10:05,0.06276300,0.00200000
2018-03-20 14:10:06,0.06283300,0.07400000
2018-03-20 14:10:06,0.06283300,0.57400000
2018-03-20 14:10:07,0.06276400,0.75100000
2018-03-20 14:10:07,0.06283600,0.01800000
2018-03-20 14:10:07,0.06284500,0.04000000
2018-03-20 14:10:08,0.06277100,1.59400000
2018-03-20 14:10:08,0.06277200,0.85000000
2018-03-20 14:10:08,0.06277100,0.03900000
2018-03-20 14:10:08,0.06282700,0.02100000
2018-03-20 14:10:09,0.06280900,0.13000000
2018-03-20 14:10:09,0.06277100,1.46400000
2018-03-20 14:10:09,0.06277200,0.65400000
2018-03-20 14:10:09,0.06282700,0.01100000
2018-03-20 14:10:09,0.06284400,0.18600000
2018-03-20 14:10:10,0.06277700,0.07800000
2018-03-20 14:10:10,0.06277700,0.35900000
2018-03-20 14:10:11,0.06277600,0.07800000
2018-03-20 14:10:12,0.06277700,1.59400000
2018-03-20 14:10:12,0.06277700,0.61300000
2018-03-20 14:10:13,0.06277700,0.00100000
2018-03-20 14:10:13,0.06277600,0.00100000
2018-03-20 14:10:13,0.06277000,0.07900000
2018-03-20 14:10:13,0.06275200,0.38900000
2018-03-20 14:10:13,0.06274500,0.53100000
2018-03-20 14:10:14,0.06277600,0.23800000
2018-03-20 14:10:14,0.06277200,1.59300000
2018-03-20 14:10:14,0.06277100,1.07400000
2018-03-20 14:10:14,0.06277000,6.02800000
2018-03-20 14:10:15,0.06283900,0.43800000
2018-03-20 14:10:15,0.06284000,0.07900000
2018-03-20 14:10:15,0.06284000,0.51600000
2018-03-20 14:10:16,0.06284000,1.53200000
2018-03-20 14:10:16,0.06283900,0.65400000
2018-03-20 14:10:17,0.06277100,0.18700000
2018-03-20 14:10:17,0.06283900,0.02600000
2018-03-20 14:10:18,0.06283900,0.39800000
2018-03-20 14:10:20,0.06283900,0.00200000
2018-03-20 14:10:20,0.06284400,0.24200000
2018-03-20 14:10:20,0.06285000,0.09800000
2018-03-20 14:10:21,0.06284900,0.03600000
2018-03-20 14:10:23,0.06284800,0.28100000
2018-03-20 14:10:23,0.06278600,0.06400000
2018-03-20 14:10:23,0.06278600,0.00100000
2018-03-20 14:10:23,0.06277700,0.32000000
2018-03-20 14:10:24,0.06278700,0.35400000
2018-03-20 14:10:24,0.06278700,0.00100000
2018-03-20 14:10:24,0.06277600,0.09800000
2018-03-20 14:10:24,0.06277600,0.09900000
2018-03-20 14:10:25,0.06278000,0.09900000
2018-03-20 14:10:25,0.06278000,0.02000000
2018-03-20 14:10:25,0.06278100,0.02900000
2018-03-20 14:10:26,0.06278100,0.07800000
2018-03-20 14:10:26,0.06278100,0.09900000
2018-03-20 14:10:26,0.06285000,0.11700000
2018-03-20 14:10:27,0.06278200,0.06500000
2018-03-20 14:10:27,0.06278300,0.09900000
2018-03-20 14:10:28,0.06278200,0.09900000
2018-03-20 14:10:28,0.06278200,0.03300000
2018-03-20 14:10:29,0.06278300,0.02600000
2018-03-20 14:10:29,0.06284900,0.20400000
2018-03-20 14:10:31,0.06278500,0.10200000
2018-03-20 14:10:31,0.06278500,0.10200000
2018-03-20 14:10:32,0.06278500,0.10300000
2018-03-20 14:10:32,0.06284800,0.20400000
2018-03-20 14:10:32,0.06278500,0.26800000
2018-03-20 14:10:32,0.06284800,0.00400000
2018-03-20 14:10:32,0.06284900,0.00200000
2018-03-20 14:10:32,0.06285200,0.20100000
2018-03-20 14:10:32,0.06285200,0.13400000
2018-03-20 14:10:32,0.06285300,0.26100000
2018-03-20 14:10:32,0.06285300,0.72300000
2018-03-20 14:10:32,0.06285800,0.00100000
2018-03-20 14:10:32,0.06286000,0.25800000
2018-03-20 14:10:32,0.06286000,0.72200000
2018-03-20 14:10:32,0.06282200,1.46900000
2018-03-20 14:10:32,0.06278500,0.19900000
2018-03-20 14:10:32,0.06286000,0.02000000
2018-03-20 14:10:32,0.06286200,0.34600000
2018-03-20 14:10:32,0.06286200,0.29300000
2018-03-20 14:10:33,0.06286100,4.75000000
2018-03-20 14:10:33,0.06279000,0.12000000
2018-03-20 14:10:33,0.06278700,0.33000000
2018-03-20 14:10:33,0.06278600,0.45700000
2018-03-20 14:10:34,0.06279100,0.17500000
2018-03-20 14:10:34,0.06279100,0.03900000
2018-03-20 14:10:35,0.06285200,1.48700000
2018-03-20 14:10:36,0.06285000,0.11800000
2018-03-20 14:10:37,0.06285000,0.45200000
2018-03-20 14:10:37,0.06285000,0.00700000
2018-03-20 14:10:37,0.06285200,0.00700000
2018-03-20 14:10:37,0.06286000,0.21400000
2018-03-20 14:10:37,0.06286200,0.00200000
2018-03-20 14:10:37,0.06286600,0.06300000
2018-03-20 14:10:39,0.06280000,1.00000000
2018-03-20 14:10:39,0.06279900,0.59500000
2018-03-20 14:10:39,0.06279900,0.71100000
2018-03-20 14:10:39,0.06279900,0.08000000
2018-03-20 14:10:40,0.06279900,1.12800000
2018-03-20 14:10:41,0.06279900,0.23700000
2018-03-20 14:10:44,0.06280000,0.26600000
2018-03-20 14:10:44,0.06280000,0.00200000
2018-03-20 14:10:44,0.06279900,0.00100000
2018-03-20 14:10:44,0.06278600,0.10000000
2018-03-20 14:10:44,0.06278400,0.16400000
2018-03-20 14:10:44,0.06278400,0.16500000
2018-03-20 14:10:45,0.06278500,0.35400000
2018-03-20 14:10:45,0.06285700,0.88300000
2018-03-20 14:10:45,0.06285800,0.02100000
2018-03-20 14:10:46,0.06278500,1.44000000
2018-03-20 14:10:47,0.06279000,0.11900000
2018-03-20 14:10:47,0.06285400,0.43100000
2018-03-20 14:10:47,0.06285400,0.70000000
2018-03-20 14:10:48,0.06280000,0.08800000
2018-03-20 14:10:48,0.06280000,0.00100000
2018-03-20 14:10:48,0.06279600,0.07900000
2018-03-20 14:10:48,0.06279100,0.00900000
2018-03-20 14:10:50,0.06285000,0.11900000
2018-03-20 14:10:50,0.06280600,0.01900000
2018-03-20 14:10:50,0.06285000,0.00100000
2018-03-20 14:10:50,0.06285400,0.15800000
2018-03-20 14:10:51,0.06280600,0.12100000
2018-03-20 14:10:51,0.06280600,0.10300000
2018-03-20 14:10:51,0.06285400,0.84000000
2018-03-20 14:10:51,0.06280600,0.06200000
2018-03-20 14:10:51,0.06280600,1.37600000
2018-03-20 14:10:51,0.06279600,0.06100000
2018-03-20 14:10:51,0.06279600,0.01800000
2018-03-20 14:10:51,0.06279200,0.35500000
2018-03-20 14:10:51,0.06279100,0.07400000
2018-03-20 14:10:51,0.06278400,0.06400000
2018-03-20 14:10:53,0.06278500,0.15000000
2018-03-20 14:10:53,0.06285400,0.00100000
2018-03-20 14:10:53,0.06285500,0.15800000
2018-03-20 14:10:53,0.06285500,0.28200000
2018-03-20 14:10:53,0.06286000,0.84300000
2018-03-20 14:10:54,0.06286000,0.50000000
2018-03-20 14:10:54,0.06286000,0.15800000
2018-03-20 14:10:54,0.06279100,0.47600000
2018-03-20 14:10:55,0.06286200,0.15900000
2018-03-20 14:10:55,0.06286200,0.93500000
2018-03-20 14:10:56,0.06286200,0.05400000
2018-03-20 14:10:56,0.06286200,0.55400000
2018-03-20 14:10:56,0.06286500,0.19200000
2018-03-20 14:10:56,0.06286500,0.05100000
2018-03-20 14:10:56,0.06279400,0.27900000
2018-03-20 14:10:56,0.06279400,1.05100000
2018-03-20 14:10:56,0.06279300,4.59200000
2018-03-20 14:10:56,0.06279200,0.84200000
2018-03-20 14:10:56,0.06279100,2.41500000
2018-03-20 14:10:57,0.06286100,0.28400000
2018-03-20 14:10:57,0.06280000,0.11900000
2018-03-20 14:10:57,0.06286100,0.71500000
2018-03-20 14:10:57,0.06286100,0.00100000
2018-03-20 14:10:57,0.06286500,0.00900000
2018-03-20 14:10:58,0.06286000,0.11900000
2018-03-20 14:10:58,0.06286000,0.00100000
2018-03-20 14:10:58,0.06286400,0.07200000
2018-03-20 14:10:58,0.06279600,0.58400000
2018-03-20 14:10:58,0.06279600,0.03000000
2018-03-20 14:11:00,0.06286500,0.05700000
2018-03-20 14:11:00,0.06279800,0.06400000
2018-03-20 14:11:01,0.06285200,0.06400000
2018-03-20 14:11:01,0.06286500,0.05700000
2018-03-20 14:11:01,0.06279700,0.01800000
2018-03-20 14:11:01,0.06279800,0.02400000
2018-03-20 14:11:02,0.06279800,0.30000000
2018-03-20 14:11:02,0.06279800,0.20000000
2018-03-20 14:11:03,0.06279800,0.54000000
2018-03-20 14:11:03,0.06279800,0.08700000
2018-03-20 14:11:04,0.06286400,0.04200000
2018-03-20 14:11:04,0.06286400,0.02500000
2018-03-20 14:11:04,0.06279800,0.01800000
2018-03-20 14:11:04,0.06286400,0.57400000
2018-03-20 14:11:04,0.06286400,0.59200000
2018-03-20 14:11:05,0.06286500,0.31700000
2018-03-20 14:11:07,0.06280000,0.05400000
2018-03-20 14:11:08,0.06280100,0.30000000
2018-03-20 14:11:08,0.06280000,0.31200000
2018-03-20 14:11:09,0.06280100,0.29900000
2018-03-20 14:11:10,0.06280100,0.25300000
2018-03-20 14:11:10,0.06282900,0.07900000
2018-03-20 14:11:10,0.06282900,0.18000000
2018-03-20 14:11:11,0.06282900,0.14800000
2018-03-20 14:11:11,0.06282900,0.02400000
2018-03-20 14:11:11,0.06282900,0.93600000
2018-03-20 14:11:11,0.06280100,0.17100000
2018-03-20 14:11:11,0.06280100,0.03600000
2018-03-20 14:11:11,0.06280000,0.57900000
2018-03-20 14:11:11,0.06280000,0.19000000
2018-03-20 14:11:12,0.06280000,0.12300000
2018-03-20 14:11:14,0.06280100,0.05200000
2018-03-20 14:11:14,0.06286000,0.05000000
2018-03-20 14:11:14,0.06286400,0.46600000
2018-03-20 14:11:14,0.06286900,0.12200000
2018-03-20 14:11:14,0.06287600,0.04400000
2018-03-20 14:11:14,0.06287800,0.33000000
2018-03-20 14:11:14,0.06288300,0.71300000
2018-03-20 14:11:14,0.06288700,0.09400000
2018-03-20 14:11:14,0.06289400,0.16100000
2018-03-20 14:11:16,0.06280600,0.32900000
2018-03-20 14:11:16,0.06280600,0.30800000
2018-03-20 14:11:17,0.06281000,0.11900000
2018-03-20 14:11:17,0.06281000,0.00100000
2018-03-20 14:11:17,0.06280600,0.11800000
2018-03-20 14:11:17,0.06281000,0.09400000
2018-03-20 14:11:17,0.06280600,0.09400000
2018-03-20 14:11:17,0.06288100,0.85100000
2018-03-20 14:11:17,0.06280600,0.19900000
2018-03-20 14:11:18,0.06288000,0.02600000
2018-03-20 14:11:18,0.06281100,0.23100000
2018-03-20 14:11:19,0.06281100,0.17800000
2018-03-20 14:11:19,0.06281100,0.03100000
2018-03-20 14:11:19,0.06281200,0.24200000
2018-03-20 14:11:21,0.06281200,0.24400000
2018-03-20 14:11:23,0.06281300,0.01700000
2018-03-20 14:11:23,0.06281300,0.18900000
2018-03-20 14:11:23,0.06281300,0.13900000
2018-03-20 14:11:23,0.06287700,0.13600000
2018-03-20 14:11:23,0.06287700,0.14600000
2018-03-20 14:11:24,0.06281300,0.81300000
2018-03-20 14:11:24,0.06287500,0.29300000
2018-03-20 14:11:24,0.06281300,0.21900000
2018-03-20 14:11:25,0.06281000,0.06800000
2018-03-20 14:11:25,0.06281000,0.15000000
2018-03-20 14:11:26,0.06281000,0.52400000
2018-03-20 14:11:26,0.06287500,0.24300000
2018-03-20 14:11:26,0.06287600,0.11900000
2018-03-20 14:11:29,0.06287000,0.38700000
2018-03-20 14:11:32,0.06286900,0.05500000
2018-03-20 14:11:32,0.06286900,0.66800000
2018-03-20 14:11:33,0.06281400,0.06800000
2018-03-20 14:11:33,0.06287000,0.23900000
2018-03-20 14:11:34,0.06281400,0.54600000
2018-03-20 14:11:35,0.06287000,0.10100000
2018-03-20 14:11:35,0.06287500,0.05800000
2018-03-20 14:11:35,0.06281400,0.36100000
2018-03-20 14:11:35,0.06281300,0.26600000
2018-03-20 14:11:35,0.06280200,1.00000000
2018-03-20 14:11:35,0.06280100,3.00000000
2018-03-20 14:11:35,0.06280000,1.65800000
2018-03-20 14:11:35,0.06279900,0.76400000
2018-03-20 14:11:35,0.06279100,1.95100000
2018-03-20 14:11:38,0.06281500,1.09400000
2018-03-20 14:11:40,0.06287300,1.62500000
2018-03-20 14:11:40,0.06287200,0.99700000
2018-03-20 14:11:40,0.06287300,0.22600000
2018-03-20 14:11:40,0.06287300,0.00200000
2018-03-20 14:11:40,0.06287500,0.10900000
2018-03-20 14:11:40,0.06287500,0.07300000
2018-03-20 14:11:41,0.06286000,0.02000000
2018-03-20 14:11:41,0.06286000,0.28900000
2018-03-20 14:11:41,0.06286000,0.10400000
2018-03-20 14:11:41,0.06287500,0.00300000
2018-03-20 14:11:41,0.06288200,0.30000000
2018-03-20 14:11:41,0.06290900,0.00500000
2018-03-20 14:11:42,0.06282000,0.11500000
2018-03-20 14:11:42,0.06282000,0.18200000
2018-03-20 14:11:43,0.06286500,0.17600000
2018-03-20 14:11:43,0.06286500,0.66200000
2018-03-20 14:11:44,0.06282300,0.04200000
2018-03-20 14:11:47,0.06282300,0.01100000
2018-03-20 14:11:47,0.06282400,0.04600000
2018-03-20 14:11:49,0.06282500,0.22600000
2018-03-20 14:11:51,0.06286500,0.00100000
2018-03-20 14:11:51,0.06287800,0.02400000
2018-03-20 14:11:51,0.06282700,0.04500000
2018-03-20 14:11:52,0.06282800,0.30000000
2018-03-20 14:11:52,0.06282700,0.49600000
2018-03-20 14:11:54,0.06282800,0.18000000
2018-03-20 14:11:54,0.06282900,0.20000000
2018-03-20 14:11:54,0.06282800,0.10600000
2018-03-20 14:11:57,0.06287700,0.15200000
2018-03-20 14:11:58,0.06285300,6.45400000
2018-03-20 14:11:58,0.06287700,4.08100000
2018-03-20 14:11:59,0.06287700,3.50800000
2018-03-20 14:11:59,0.06287700,0.13200000
2018-03-20 14:11:59,0.06287500,0.26100000
2018-03-20 14:12:00,0.06287500,0.08100000
2018-03-20 14:12:01,0.06282900,0.15000000
2018-03-20 14:12:01,0.06282900,0.01700000
2018-03-20 14:12:01,0.06284900,0.09700000
2018-03-20 14:12:02,0.06282900,0.57600000
2018-03-20 14:12:02,0.06282700,0.70900000
2018-03-20 14:12:03,0.06282700,0.05700000
2018-03-20 14:12:03,0.06287500,0.33100000
2018-03-20 14:12:03,0.06287500,0.02100000
2018-03-20 14:12:03,0.06287500,0.01800000
2018-03-20 14:12:04,0.06287500,0.02000000
2018-03-20 14:12:04,0.06287500,0.27200000
2018-03-20 14:12:04,0.06287700,0.00200000
2018-03-20 14:12:04,0.06282900,0.01800000
2018-03-20 14:12:04,0.06287500,0.30900000
2018-03-20 14:12:04,0.06287500,0.01700000
2018-03-20 14:12:04,0.06287500,0.23200000
2018-03-20 14:12:04,0.06287500,0.23000000
2018-03-20 14:12:04,0.06287500,0.23000000
2018-03-20 14:12:05,0.06287500,0.20100000
2018-03-20 14:12:05,0.06287500,0.19800000
2018-03-20 14:12:06,0.06287500,0.05300000
2018-03-20 14:12:06,0.06287500,0.02300000
2018-03-20 14:12:06,0.06287500,0.22400000
2018-03-20 14:12:07,0.06287500,0.08700000
2018-03-20 14:12:08,0.06282700,0.14600000
2018-03-20 14:12:10,0.06287600,0.89800000
2018-03-20 14:12:10,0.06287600,0.04400000
2018-03-20 14:12:11,0.06287500,0.30000000
2018-03-20 14:12:11,0.06287600,2.24500000
2018-03-20 14:12:11,0.06287500,0.30000000
2018-03-20 14:12:11,0.06287600,3.14900000
2018-03-20 14:12:11,0.06287600,0.10000000
2018-03-20 14:12:11,0.06287600,0.10000000
2018-03-20 14:12:11,0.06287600,0.10000000
2018-03-20 14:12:11,0.06287600,0.10000000
2018-03-20 14:12:11,0.06287600,0.10000000
2018-03-20 14:12:11,0.06287600,0.07900000
2018-03-20 14:12:12,0.06287600,0.06700000
2018-03-20 14:12:16,0.06287500,0.07500000
2018-03-20 14:12:16,0.06287500,0.05400000
2018-03-20 14:12:17,0.06282700,0.22900000
2018-03-20 14:12:17,0.06287500,0.00300000
2018-03-20 14:12:17,0.06287700,0.07700000
2018-03-20 14:12:18,0.06287700,0.48800000
2018-03-20 14:12:18,0.06287700,0.06300000
2018-03-20 14:12:19,0.06282700,0.00100000
2018-03-20 14:12:19,0.06279800,0.04200000
2018-03-20 14:12:19,0.06279800,0.11000000
2018-03-20 14:12:19,0.06279800,0.34700000
2018-03-20 14:12:19,0.06287700,0.14700000
2018-03-20 14:12:19,0.06287700,0.10900000
2018-03-20 14:12:19,0.06287700,0.20800000
2018-03-20 14:12:19,0.06287700,0.49700000
2018-03-20 14:12:19,0.06287700,2.15800000
2018-03-20 14:12:20,0.06279900,0.11000000
2018-03-20 14:12:20,0.06287700,0.11600000
2018-03-20 14:12:20,0.06280000,0.02900000
2018-03-20 14:12:20,0.06287700,0.06900000
2018-03-20 14:12:21,0.06280100,0.05600000
2018-03-20 14:12:21,0.06287500,0.84900000
2018-03-20 14:12:21,0.06287600,2.97600000
2018-03-20 14:12:21,0.06287700,0.78200000
2018-03-20 14:12:21,0.06287700,0.07300000
2018-03-20 14:12:21,0.06287700,0.11000000
2018-03-20 14:12:21,0.06287700,0.28300000
2018-03-20 14:12:21,0.06287700,0.01900000
2018-03-20 14:12:21,0.06287700,0.03900000
2018-03-20 14:12:21,0.06287700,0.04900000
2018-03-20 14:12:22,0.06287700,0.01600000
2018-03-20 14:12:22,0.06287700,0.06500000
2018-03-20 14:12:22,0.06287700,0.19600000
2018-03-20 14:12:22,0.06287700,0.01900000
2018-03-20 14:12:22,0.06287700,0.16100000
2018-03-20 14:12:22,0.06287700,0.04700000
2018-03-20 14:12:22,0.06287700,0.09100000
2018-03-20 14:12:23,0.06287700,3.20600000
2018-03-20 14:12:23,0.06287700,0.02800000
2018-03-20 14:12:23,0.06287700,0.26200000
2018-03-20 14:12:23,0.06287700,0.00700000
2018-03-20 14:12:23,0.06287700,0.08100000
2018-03-20 14:12:27,0.06287700,0.00100000
2018-03-20 14:12:28,0.06287600,0.02000000
2018-03-20 14:12:28,0.06282000,0.07600000
2018-03-20 14:12:32,0.06282400,0.94200000
2018-03-20 14:12:32,0.06282500,0.35500000
2018-03-20 14:12:32,0.06282500,0.07900000
2018-03-20 14:12:34,0.06287500,1.28100000
2018-03-20 14:12:35,0.06287500,1.06000000
2018-03-20 14:12:35,0.06287500,0.69100000
2018-03-20 14:12:35,0.06287500,0.48500000
2018-03-20 14:12:35,0.06287500,0.10500000
2018-03-20 14:12:35,0.06282100,0.47000000
2018-03-20 14:12:35,0.06282100,1.28000000
2018-03-20 14:12:36,0.06282500,0.62800000
2018-03-20 14:12:36,0.06287600,0.05400000
2018-03-20 14:12:36,0.06287600,0.22500000
2018-03-20 14:12:36,0.06282200,0.82900000
2018-03-20 14:12:36,0.06282200,0.73000000
2018-03-20 14:12:37,0.06282500,0.14400000
2018-03-20 14:12:37,0.06282200,0.41100000
2018-03-20 14:12:37,0.06282500,0.00100000
2018-03-20 14:12:37,0.06287600,0.08300000
2018-03-20 14:12:37,0.06282200,0.15900000
2018-03-20 14:12:37,0.06287600,0.05100000
2018-03-20 14:12:39,0.06282200,0.04500000
2018-03-20 14:12:40,0.06287600,0.03900000
2018-03-20 14:12:41,0.06282300,0.32600000
2018-03-20 14:12:41,0.06282100,3.75000000
2018-03-20 14:12:41,0.06281700,0.62000000
2018-03-20 14:12:41,0.06279100,8.77400000
2018-03-20 14:12:41,0.06282300,0.10000000
2018-03-20 14:12:41,0.06281700,0.10000000
2018-03-20 14:12:41,0.06281700,0.10000000
2018-03-20 14:12:41,0.06281700,0.50000000
2018-03-20 14:12:41,0.06281700,1.00000000
2018-03-20 14:12:41,0.06281700,0.10000000
2018-03-20 14:12:41,0.06281700,0.10000000
2018-03-20 14:12:41,0.06281700,0.10000000
2018-03-20 14:12:41,0.06281700,0.10000000
2018-03-20 14:12:41,0.06281700,0.10000000
2018-03-20 14:12:41,0.06281700,0.10000000
2018-03-20 14:12:41,0.06281700,0.10000000
2018-03-20 14:12:41,0.06281700,0.10000000
2018-03-20 14:12:41,0.06281700,0.10000000
2018-03-20 14:12:41,0.06281700,0.10000000
2018-03-20 14:12:41,0.06281700,0.10000000
2018-03-20 14:12:41,0.06281700,0.10000000
2018-03-20 14:12:41,0.06281700,0.10000000
2018-03-20 14:12:41,0.06281700,0.10000000
2018-03-20 14:12:41,0.06281700,0.10000000
2018-03-20 14:12:41,0.06281700,0.10000000
2018-03-20 14:12:41,0.06281700,0.09700000
2018-03-20 14:12:41,0.06281700,0.08400000
2018-03-20 14:12:41,0.06281700,0.10000000
2018-03-20 14:12:41,0.06281700,1.02700000
2018-03-20 14:12:41,0.06279200,0.12800000
2018-03-20 14:12:42,0.06287600,0.08200000
2018-03-20 14:12:43,0.06279600,0.30000000
2018-03-20 14:12:43,0.06279600,1.25100000
2018-03-20 14:12:44,0.06280000,0.10500000
2018-03-20 14:12:45,0.06280000,0.10900000
2018-03-20 14:12:45,0.06287000,0.32400000
2018-03-20 14:12:45,0.06280000,0.08600000
2018-03-20 14:12:45,0.06280000,0.35400000
2018-03-20 14:12:46,0.06286900,0.16600000
2018-03-20 14:12:50,0.06286600,0.10800000
2018-03-20 14:12:50,0.06280200,0.52000000
2018-03-20 14:12:50,0.06280100,0.35500000
2018-03-20 14:12:50,0.06280000,0.31600000
2018-03-20 14:12:50,0.06279100,1.95600000
2018-03-20 14:12:50,0.06277500,0.41300000
2018-03-20 14:12:50,0.06276700,0.54000000
2018-03-20 14:12:50,0.06276500,0.52000000
2018-03-20 14:12:50,0.06276200,0.19900000
2018-03-20 14:12:50,0.06275100,0.30600000
2018-03-20 14:12:50,0.06275000,1.70400000
2018-03-20 14:12:50,0.06274500,0.01600000
2018-03-20 14:12:50,0.06274000,0.07400000
2018-03-20 14:12:50,0.06273800,0.20900000
2018-03-20 14:12:50,0.06273500,0.61000000
2018-03-20 14:12:50,0.06273300,0.40200000
2018-03-20 14:12:50,0.06272700,0.35900000
2018-03-20 14:12:50,0.06272400,0.08000000
2018-03-20 14:12:50,0.06272300,0.42100000
2018-03-20 14:12:52,0.06286000,0.02100000
2018-03-20 14:12:52,0.06279600,0.01700000
2018-03-20 14:12:53,0.06279600,0.02900000
2018-03-20 14:12:53,0.06279600,0.05900000
2018-03-20 14:12:56,0.06280200,0.23700000
2018-03-20 14:12:57,0.06284900,1.07000000
2018-03-20 14:12:57,0.06285000,1.22900000
2018-03-20 14:12:57,0.06285200,0.01600000
2018-03-20 14:12:57,0.06285700,0.68300000
2018-03-20 14:12:57,0.06287200,0.33000000
2018-03-20 14:12:57,0.06287600,0.22300000
2018-03-20 14:12:57,0.06287800,0.00300000
2018-03-20 14:12:57,0.06289000,0.35900000
2018-03-20 14:12:57,0.06289200,1.00000000
2018-03-20 14:12:57,0.06289300,0.40200000
2018-03-20 14:12:57,0.06290500,0.08700000
2018-03-20 14:12:57,0.06291600,0.60900000
2018-03-20 14:12:57,0.06287200,0.04500000
2018-03-20 14:12:57,0.06280200,0.22400000
2018-03-20 14:12:59,0.06280700,0.07400000
2018-03-20 14:13:02,0.06281500,0.06300000
2018-03-20 14:13:02,0.06281500,0.02100000
2018-03-20 14:13:02,0.06281600,0.10000000
2018-03-20 14:13:02,0.06281500,0.00200000
2018-03-20 14:13:03,0.06281600,0.17900000
2018-03-20 14:13:03,0.06289200,0.11100000
2018-03-20 14:13:03,0.06281700,0.01800000
2018-03-20 14:13:06,0.06289100,0.17400000
2018-03-20 14:13:08,0.06282300,0.02300000
2018-03-20 14:13:08,0.06282400,0.02800000
2018-03-20 14:13:08,0.06282400,0.13300000
2018-03-20 14:13:09,0.06282400,0.02800000
2018-03-20 14:13:09,0.06282400,0.23500000
2018-03-20 14:13:09,0.06282200,0.88300000
2018-03-20 14:13:09,0.06281700,0.64700000
2018-03-20 14:13:09,0.06279500,1.02800000
2018-03-20 14:13:10,0.06289100,0.45200000
2018-03-20 14:13:12,0.06282400,0.24200000
2018-03-20 14:13:13,0.06288800,0.14100000
2018-03-20 14:13:14,0.06280500,0.02200000
2018-03-20 14:13:16,0.06281200,0.14700000
2018-03-20 14:13:18,0.06281300,0.11800000
2018-03-20 14:13:18,0.06288300,0.03200000
2018-03-20 14:13:18,0.06288400,0.04700000
2018-03-20 14:13:19,0.06281300,0.09800000
2018-03-20 14:13:19,0.06281400,0.09600000
2018-03-20 14:13:23,0.06288100,1.19100000
2018-03-20 14:13:23,0.06281400,0.02200000
2018-03-20 14:13:23,0.06281400,0.08100000
2018-03-20 14:13:24,0.06280200,0.27300000
2018-03-20 14:13:25,0.06288000,0.08500000
2018-03-20 14:13:25,0.06288000,0.02000000
2018-03-20 14:13:26,0.06280700,0.01600000
2018-03-20 14:13:26,0.06280700,0.14600000
2018-03-20 14:13:27,0.06281000,0.12900000
2018-03-20 14:13:28,0.06281100,0.06400000
2018-03-20 14:13:28,0.06281100,1.59500000
2018-03-20 14:13:28,0.06281100,0.50500000
2018-03-20 14:13:28,0.06288000,0.11600000
2018-03-20 14:13:28,0.06288100,0.52900000
2018-03-20 14:13:28,0.06288700,0.39800000
2018-03-20 14:13:28,0.06288800,0.33000000
2018-03-20 14:13:28,0.06289500,5.00000000
2018-03-20 14:13:28,0.06290300,0.50000000
2018-03-20 14:13:28,0.06291400,1.54400000
2018-03-20 14:13:28,0.06291400,0.65100000
2018-03-20 14:13:28,0.06291400,0.12000000
2018-03-20 14:13:28,0.06291400,0.03000000
2018-03-20 14:13:28,0.06291400,0.10000000
2018-03-20 14:13:28,0.06291400,0.10000000
2018-03-20 14:13:28,0.06291400,0.10000000
2018-03-20 14:13:28,0.06291400,1.31000000
2018-03-20 14:13:28,0.06291400,0.03000000
2018-03-20 14:13:28,0.06291400,0.10000000
2018-03-20 14:13:28,0.06291400,0.10000000
2018-03-20 14:13:28,0.06291400,0.50000000
2018-03-20 14:13:28,0.06291400,0.03000000
2018-03-20 14:13:28,0.06291400,0.10000000
2018-03-20 14:13:28,0.06291400,0.10000000
2018-03-20 14:13:28,0.06291400,0.10000000
2018-03-20 14:13:28,0.06291400,0.03000000
2018-03-20 14:13:28,0.06291400,0.10000000
2018-03-20 14:13:28,0.06291400,0.50000000
2018-03-20 14:13:28,0.06291400,0.10000000
2018-03-20 14:13:28,0.06291400,0.10000000
2018-03-20 14:13:28,0.06291400,0.10000000
2018-03-20 14:13:28,0.06291400,0.10000000
2018-03-20 14:13:28,0.06291400,0.09700000
2018-03-20 14:13:29,0.06288700,0.09500000
2018-03-20 14:13:30,0.06288700,0.09500000
2018-03-20 14:13:30,0.06289500,0.40000000
2018-03-20 14:13:30,0.06290700,0.25300000
2018-03-20 14:13:31,0.06282200,0.29900000
2018-03-20 14:13:31,0.06282200,0.00100000
2018-03-20 14:13:31,0.06282100,0.02200000
2018-03-20 14:13:31,0.06282200,0.15400000
2018-03-20 14:13:31,0.06282200,0.25800000
2018-03-20 14:13:32,0.06288700,0.04700000
2018-03-20 14:13:32,0.06288700,0.00100000
2018-03-20 14:13:32,0.06282400,0.04600000
2018-03-20 14:13:34,0.06287300,0.06500000
2018-03-20 14:13:36,0.06283500,1.00000000
2018-03-20 14:13:36,0.06283400,0.19400000
2018-03-20 14:13:37,0.06283500,0.13200000
2018-03-20 14:13:38,0.06283500,0.11600000
2018-03-20 14:13:39,0.06283500,0.01900000
2018-03-20 14:13:39,0.06283500,0.01900000
2018-03-20 14:13:39,0.06287300,0.00100000
2018-03-20 14:13:39,0.06290400,0.21100000
2018-03-20 14:13:39,0.06283500,0.27300000
2018-03-20 14:13:40,0.06289500,0.08800000
2018-03-20 14:13:40,0.06289500,0.11000000
2018-03-20 14:13:40,0.06283500,0.23000000
2018-03-20 14:13:40,0.06283500,0.11900000
2018-03-20 14:13:41,0.06283500,0.10000000
2018-03-20 14:13:45,0.06283500,0.15500000
2018-03-20 14:13:47,0.06289300,0.99800000
2018-03-20 14:13:48,0.06289400,11.10800000
2018-03-20 14:13:49,0.06283500,0.10700000
2018-03-20 14:13:49,0.06283500,1.43000000
2018-03-20 14:13:49,0.06283500,0.62800000
2018-03-20 14:13:49,0.06283500,0.12600000
2018-03-20 14:13:49,0.06283500,0.09500000
2018-03-20 14:13:49,0.06283500,1.21300000
2018-03-20 14:13:49,0.06289500,0.00300000
2018-03-20 14:13:49,0.06289800,0.21700000
2018-03-20 14:13:49,0.06289800,0.26300000
2018-03-20 14:13:49,0.06291700,0.30000000
2018-03-20 14:13:49,0.06291800,0.08800000
2018-03-20 14:13:50,0.06283300,0.03800000
2018-03-20 14:13:50,0.06283300,1.08000000
2018-03-20 14:13:50,0.06283400,0.20700000
2018-03-20 14:13:50,0.06291600,0.36200000
2018-03-20 14:13:50,0.06291600,0.00100000
2018-03-20 14:13:50,0.06291700,0.33000000
2018-03-20 14:13:50,0.06291800,0.38100000
2018-03-20 14:13:50,0.06292000,0.81800000
2018-03-20 14:13:50,0.06292900,0.50000000
2018-03-20 14:13:50,0.06293000,0.07500000
2018-03-20 14:13:50,0.06293100,0.30600000
2018-03-20 14:13:50,0.06293200,0.84400000
2018-03-20 14:13:50,0.06293300,1.76200000
2018-03-20 14:13:51,0.06285500,0.01800000
2018-03-20 14:13:51,0.06285500,0.18900000
2018-03-20 14:13:51,0.06283500,0.01700000
2018-03-20 14:13:51,0.06291400,0.69800000
2018-03-20 14:13:53,0.06284500,0.07400000
2018-03-20 14:13:53,0.06291400,0.09200000
2018-03-20 14:13:54,0.06291400,0.32500000
2018-03-20 14:13:54,0.06291400,0.00300000
2018-03-20 14:13:54,0.06292700,0.18400000
2018-03-20 14:13:55,0.06284800,0.19700000
2018-03-20 14:13:55,0.06291400,1.50000000
2018-03-20 14:13:57,0.06285200,0.36300000
2018-03-20 14:13:57,0.06285100,3.00000000
2018-03-20 14:13:57,0.06285000,0.38600000
2018-03-20 14:13:57,0.06291400,0.00300000
2018-03-20 14:13:59,0.06284500,0.28900000
2018-03-20 14:14:01,0.06284500,0.06500000
2018-03-20 14:14:02,0.06284600,0.01600000
2018-03-20 14:14:02,0.06291100,0.01700000
2018-03-20 14:14:02,0.06291200,0.36400000
2018-03-20 14:14:02,0.06291200,4.09300000
2018-03-20 14:14:04,0.06291400,0.10600000
2018-03-20 14:14:04,0.06291300,0.36900000
2018-03-20 14:14:04,0.06291400,0.20900000
2018-03-20 14:14:04,0.06285000,0.01800000
2018-03-20 14:14:04,0.06291400,1.55600000
2018-03-20 14:14:04,0.06291500,0.95800000
2018-03-20 14:14:04,0.06292700,0.27600000
2018-03-20 14:14:04,0.06293600,0.46400000
2018-03-20 14:14:04,0.06294100,2.39000000
2018-03-20 14:14:04,0.06294200,0.50000000
2018-03-20 14:14:04,0.06294400,0.43900000
2018-03-20 14:14:04,0.06295100,0.66700000
2018-03-20 14:14:04,0.06295300,0.60000000
2018-03-20 14:14:04,0.06295500,2.08700000
2018-03-20 14:14:04,0.06295600,0.33900000
2018-03-20 14:14:04,0.06295800,0.71400000
2018-03-20 14:14:04,0.06295900,0.06300000
2018-03-20 14:14:04,0.06296500,0.71900000
2018-03-20 14:14:04,0.06296600,0.08800000
2018-03-20 14:14:05,0.06292700,0.31500000
2018-03-20 14:14:05,0.06285100,0.06800000
2018-03-20 14:14:05,0.06285100,0.39400000
2018-03-20 14:14:05,0.06285300,0.02400000
2018-03-20 14:14:06,0.06285300,0.55700000
2018-03-20 14:14:06,0.06285300,0.79100000
2018-03-20 14:14:06,0.06285300,0.26900000
2018-03-20 14:14:06,0.06285400,1.00000000
2018-03-20 14:14:06,0.06285300,1.06400000
2018-03-20 14:14:06,0.06292600,0.12300000
2018-03-20 14:14:06,0.06285300,0.45800000
2018-03-20 14:14:06,0.06285300,0.00200000
2018-03-20 14:14:06,0.06285200,0.45700000
2018-03-20 14:14:06,0.06292600,0.39900000
2018-03-20 14:14:07,0.06285400,0.30900000
2018-03-20 14:14:07,0.06285400,0.13200000
2018-03-20 14:14:07,0.06285300,0.30800000
2018-03-20 14:14:07,0.06285300,0.42000000
2018-03-20 14:14:07,0.06292600,0.07900000
2018-03-20 14:14:08,0.06285300,0.24200000
2018-03-20 14:14:08,0.06285400,0.88900000
2018-03-20 14:14:08,0.06285400,0.22900000
2018-03-20 14:14:10,0.06285400,0.01800000
2018-03-20 14:14:10,0.06285400,0.84400000
2018-03-20 14:14:10,0.06285300,0.00100000
2018-03-20 14:14:10,0.06285000,0.01600000
2018-03-20 14:14:10,0.06285000,0.74200000
2018-03-20 14:14:10,0.06285100,0.31000000
2018-03-20 14:14:12,0.06288600,0.43000000
2018-03-20 14:14:12,0.06285100,0.00100000
2018-03-20 14:14:13,0.06285000,0.01500000
2018-03-20 14:14:13,0.06285000,0.10600000
2018-03-20 14:14:13,0.06284500,0.01400000
2018-03-20 14:14:13,0.06291800,0.99900000
2018-03-20 14:14:14,0.06284600,0.35400000
2018-03-20 14:14:14,0.06284600,0.03900000
2018-03-20 14:14:16,0.06284600,0.00500000
2018-03-20 14:14:16,0.06291800,0.39200000
2018-03-20 14:14:16,0.06284600,0.93200000
2018-03-20 14:14:16,0.06284600,0.11300000
2018-03-20 14:14:20,0.06291600,0.30800000
2018-03-20 14:14:21,0.06284700,0.22500000
2018-03-20 14:14:22,0.06284600,1.00000000
2018-03-20 14:14:22,0.06284500,6.32500000
2018-03-20 14:14:22,0.06284100,0.33000000
2018-03-20 14:14:22,0.06283700,0.10000000
2018-03-20 14:14:22,0.06283700,0.08800000
2018-03-20 14:14:22,0.06283700,0.10000000
2018-03-20 14:14:22,0.06283700,0.03800000
2018-03-20 14:14:22,0.06283700,0.02300000
2018-03-20 14:14:23,0.06283700,0.04600000
2018-03-20 14:14:23,0.06283700,0.02000000
2018-03-20 14:14:23,0.06283700,0.18600000
2018-03-20 14:14:23,0.06283700,1.39800000
2018-03-20 14:14:23,0.06283700,0.24500000
2018-03-20 14:14:23,0.06283700,1.98000000
2018-03-20 14:14:23,0.06283700,0.29800000
2018-03-20 14:14:23,0.06283500,0.05400000
2018-03-20 14:14:23,0.06283700,0.04000000
2018-03-20 14:14:23,0.06283700,0.07400000
2018-03-20 14:14:24,0.06283700,0.07100000
2018-03-20 14:14:24,0.06283700,0.21800000
2018-03-20 14:14:24,0.06283700,0.42300000
2018-03-20 14:14:24,0.06290900,1.00000000
2018-03-20 14:14:24,0.06291500,0.22500000
2018-03-20 14:14:24,0.06291600,1.44300000
2018-03-20 14:14:24,0.06291900,0.43400000
2018-03-20 14:14:24,0.06291900,0.00700000
2018-03-20 14:14:24,0.06292200,0.24500000
2018-03-20 14:14:24,0.06292400,0.44200000
2018-03-20 14:14:24,0.06292500,0.01600000
2018-03-20 14:14:24,0.06292500,0.11400000
2018-03-20 14:14:24,0.06295700,0.04200000
2018-03-20 14:14:25,0.06283700,0.20100000
2018-03-20 14:14:26,0.06283900,0.01100000
2018-03-20 14:14:27,0.06283900,0.04700000
2018-03-20 14:14:27,0.06284000,0.12000000
2018-03-20 14:14:28,0.06285000,0.13200000
2018-03-20 14:14:28,0.06285000,0.24400000
2018-03-20 14:14:28,0.06285000,0.14900000
2018-03-20 14:14:28,0.06285000,0.00300000
2018-03-20 14:14:28,0.06283800,0.10000000
2018-03-20 14:14:28,0.06283500,0.08200000
2018-03-20 14:14:28,0.06283300,0.34200000
2018-03-20 14:14:29,0.06285200,0.04300000
2018-03-20 14:14:29,0.06285200,0.45700000
2018-03-20 14:14:29,0.06285100,0.04200000
2018-03-20 14:14:29,0.06285200,0.45100000
2018-03-20 14:14:30,0.06285300,0.13500000
2018-03-20 14:14:31,0.06288600,0.50700000
2018-03-20 14:14:31,0.06288600,0.06400000
2018-03-20 14:14:31,0.06288600,0.21000000
2018-03-20 14:14:31,0.06285100,0.24500000
2018-03-20 14:14:31,0.06283300,0.00400000
2018-03-20 14:14:31,0.06283100,0.32100000
2018-03-20 14:14:31,0.06283100,0.23900000
2018-03-20 14:14:33,0.06283500,0.01600000
2018-03-20 14:14:36,0.06283600,0.37900000
2018-03-20 14:14:37,0.06289700,0.23700000
2018-03-20 14:14:38,0.06289600,0.02800000
2018-03-20 14:14:40,0.06283600,0.65400000
2018-03-20 14:14:42,0.06283700,0.25900000
2018-03-20 14:14:42,0.06288700,0.04000000
2018-03-20 14:14:43,0.06283700,0.06100000
2018-03-20 14:14:43,0.06286200,0.90900000
2018-03-20 14:14:43,0.06283700,0.00100000
2018-03-20 14:14:43,0.06283700,0.32000000
2018-03-20 14:14:43,0.06288700,1.44100000
2018-03-20 14:14:43,0.06288700,0.13600000
2018-03-20 14:14:43,0.06283600,0.00100000
2018-03-20 14:14:43,0.06283100,0.08500000
2018-03-20 14:14:43,0.06282900,0.09400000
2018-03-20 14:14:44,0.06283700,0.04600000
2018-03-20 14:14:44,0.06288700,0.39900000
2018-03-20 14:14:44,0.06288700,0.08000000
2018-03-20 14:14:44,0.06288700,0.69000000
2018-03-20 14:14:46,0.06288600,0.03300000
2018-03-20 14:14:46,0.06283700,0.00100000
2018-03-20 14:14:46,0.06282900,0.05000000
2018-03-20 14:14:47,0.06282900,1.22500000
2018-03-20 14:14:47,0.06287900,0.08000000
2018-03-20 14:14:47,0.06282900,0.00100000
2018-03-20 14:14:47,0.06280800,0.07300000
2018-03-20 14:14:48,0.06282900,0.09900000
2018-03-20 14:14:48,0.06287900,0.29000000
2018-03-20 14:14:48,0.06287900,0.06300000
2018-03-20 14:14:48,0.06287900,0.10600000
2018-03-20 14:14:48,0.06287900,0.00100000
2018-03-20 14:14:48,0.06282900,0.00100000
2018-03-20 14:14:48,0.06280800,0.36600000
2018-03-20 14:14:48,0.06280600,0.44600000
2018-03-20 14:14:49,0.06280700,1.30700000
2018-03-20 14:14:50,0.06280700,0.13400000
2018-03-20 14:14:51,0.06288700,0.50200000
2018-03-20 14:14:51,0.06288600,0.19900000
2018-03-20 14:14:51,0.06288600,0.07900000
2018-03-20 14:14:52,0.06288600,0.79300000
2018-03-20 14:14:53,0.06288000,0.11900000
2018-03-20 14:14:55,0.06281400,0.19100000
2018-03-20 14:14:55,0.06288000,0.00100000
2018-03-20 14:14:56,0.06288800,0.24600000
2018-03-20 14:14:56,0.06288700,0.24700000
2018-03-20 14:14:56,0.06288800,2.53200000
2018-03-20 14:14:57,0.06288900,0.24400000
2018-03-20 14:14:57,0.06288900,0.00100000
2018-03-20 14:14:57,0.06289100,0.33000000
2018-03-20 14:14:57,0.06289600,1.70200000
2018-03-20 14:14:57,0.06290000,1.52300000
2018-03-20 14:14:57,0.06281500,0.26500000
2018-03-20 14:14:57,0.06281500,0.43000000
2018-03-20 14:14:58,0.06281700,0.13800000
2018-03-20 14:14:58,0.06283500,0.01600000
2018-03-20 14:14:59,0.06289400,0.33000000
2018-03-20 14:14:59,0.06290000,0.38900000
2018-03-20 14:14:59,0.06283600,0.17200000
2018-03-20 14:14:59,0.06289400,0.33000000
2018-03-20 14:14:59,0.06290000,0.08600000
2018-03-20 14:15:00,0.06288700,1.02400000
2018-03-20 14:15:00,0.06288700,0.06000000
2018-03-20 14:15:01,0.06288700,0.02600000
2018-03-20 14:15:01,0.06288700,0.66200000
2018-03-20 14:15:01,0.06283500,0.05300000
2018-03-20 14:15:01,0.06283500,0.19500000
2018-03-20 14:15:02,0.06283500,0.00100000
2018-03-20 14:15:02,0.06281500,0.04200000
2018-03-20 14:15:02,0.06288700,1.58900000
2018-03-20 14:15:02,0.06288700,5.83000000
2018-03-20 14:15:02,0.06281500,0.02400000
2018-03-20 14:15:04,0.06283500,0.01800000
2018-03-20 14:15:04,0.06288700,0.00100000
2018-03-20 14:15:04,0.06289900,0.01600000
2018-03-20 14:15:04,0.06289800,1.29400000
2018-03-20 14:15:04,0.06289900,2.20100000
2018-03-20 14:15:04,0.06289800,0.03000000
2018-03-20 14:15:04,0.06289900,0.64900000
2018-03-20 14:15:04,0.06289900,0.19700000
2018-03-20 14:15:04,0.06290000,0.33100000
2018-03-20 14:15:04,0.06292000,5.00000000
2018-03-20 14:15:04,0.06294900,0.20400000
2018-03-20 14:15:05,0.06283500,0.02700000
2018-03-20 14:15:05,0.06289800,0.30200000
2018-03-20 14:15:07,0.06289000,0.06200000
2018-03-20 14:15:07,0.06289000,0.58000000
2018-03-20 14:15:08,0.06289000,0.88900000
2018-03-20 14:15:10,0.06282800,0.37200000
2018-03-20 14:15:11,0.06289000,0.00100000
2018-03-20 14:15:11,0.06292700,0.07900000
2018-03-20 14:15:12,0.06283400,0.08500000
2018-03-20 14:15:12,0.06283400,0.05100000
2018-03-20 14:15:12,0.06292600,3.17300000
2018-03-20 14:15:13,0.06283500,0.07500000
2018-03-20 14:15:13,0.06292500,1.59100000
2018-03-20 14:15:13,0.06284000,0.12000000
2018-03-20 14:15:13,0.06283700,0.40600000
2018-03-20 14:15:14,0.06284100,0.74500000
2018-03-20 14:15:14,0.06284100,5.08200000
2018-03-20 14:15:14,0.06283700,0.74400000
2018-03-20 14:15:14,0.06283800,0.90900000
2018-03-20 14:15:15,0.06288800,0.04600000
2018-03-20 14:15:15,0.06283900,0.15200000
2018-03-20 14:15:16,0.06283900,0.30700000
2018-03-20 14:15:16,0.06283900,0.13600000
2018-03-20 14:15:17,0.06283900,0.05800000
2018-03-20 14:15:20,0.06283100,0.05900000
2018-03-20 14:15:21,0.06283000,0.03400000
2018-03-20 14:15:22,0.06283000,0.06000000
2018-03-20 14:15:23,0.06288800,0.02700000
2018-03-20 14:15:24,0.06282800,0.07200000
2018-03-20 14:15:24,0.06282800,0.09900000
2018-03-20 14:15:25,0.06282900,0.31700000
2018-03-20 14:15:25,0.06283000,0.03800000
2018-03-20 14:15:25,0.06289000,0.03100000
2018-03-20 14:15:26,0.06289000,0.07900000
2018-03-20 14:15:26,0.06283100,0.20000000
2018-03-20 14:15:26,0.06283000,0.19900000
2018-03-20 14:15:27,0.06283100,0.02400000
2018-03-20 14:15:27,0.06289000,0.01000000
2018-03-20 14:15:27,0.06291900,0.78400000
2018-03-20 14:15:28,0.06283700,0.76200000
2018-03-20 14:15:28,0.06283800,0.09200000
2018-03-20 14:15:28,0.06283800,0.03900000
2018-03-20 14:15:29,0.06291700,0.03600000
2018-03-20 14:15:29,0.06284100,0.14600000
2018-03-20 14:15:31,0.06287000,2.52400000
2018-03-20 14:15:31,0.06284100,0.75800000
2018-03-20 14:15:31,0.06284100,1.66100000
2018-03-20 14:15:31,0.06289900,0.27600000
2018-03-20 14:15:31,0.06290000,0.16700000
2018-03-20 14:15:31,0.06290400,1.00100000
2018-03-20 14:15:32,0.06288000,1.58900000
2018-03-20 14:15:32,0.06284100,1.27300000
2018-03-20 14:15:32,0.06288000,0.51900000
2018-03-20 14:15:33,0.06287900,0.17600000
2018-03-20 14:15:33,0.06287900,0.06000000
2018-03-20 14:15:34,0.06285000,0.03200000
2018-03-20 14:15:34,0.06285000,0.04600000
2018-03-20 14:15:34,0.06285200,0.07200000
2018-03-20 14:15:34,0.06284900,0.11800000
2018-03-20 14:15:34,0.06284900,0.03800000
2018-03-20 14:15:34,0.06285200,0.00100000
2018-03-20 14:15:34,0.06284900,0.09700000
2018-03-20 14:15:34,0.06285200,0.01000000
2018-03-20 14:15:34,0.06285200,0.03600000
2018-03-20 14:15:34,0.06285300,0.00100000
2018-03-20 14:15:34,0.06284900,0.03300000
2018-03-20 14:15:35,0.06284900,0.15800000
2018-03-20 14:15:35,0.06284900,0.00100000
2018-03-20 14:15:35,0.06285300,0.16700000
2018-03-20 14:15:35,0.06283200,0.15000000
2018-03-20 14:15:36,0.06285500,0.04100000
2018-03-20 14:15:36,0.06285500,0.00100000
2018-03-20 14:15:36,0.06287900,0.04000000
2018-03-20 14:15:37,0.06288000,0.29100000
2018-03-20 14:15:37,0.06288000,0.85700000
2018-03-20 14:15:38,0.06288000,0.06900000
2018-03-20 14:15:38,0.06288000,1.50000000
2018-03-20 14:15:39,0.06283600,1.59600000
2018-03-20 14:15:39,0.06283600,0.26600000
2018-03-20 14:15:39,0.06283600,0.44800000
2018-03-20 14:15:39,0.06283600,3.18600000
2018-03-20 14:15:40,0.06283600,0.51000000
2018-03-20 14:15:40,0.06283600,0.08300000
2018-03-20 14:15:42,0.06287900,0.05000000
2018-03-20 14:15:42,0.06283600,0.15000000
2018-03-20 14:15:43,0.06287900,0.00100000
2018-03-20 14:15:43,0.06288000,1.01300000
2018-03-20 14:15:44,0.06288000,0.50600000
2018-03-20 14:15:44,0.06288000,0.24600000
2018-03-20 14:15:45,0.06283700,3.19700000
2018-03-20 14:15:45,0.06283700,4.45000000
2018-03-20 14:15:47,0.06283600,0.07900000
2018-03-20 14:15:47,0.06288000,12.98400000
2018-03-20 14:15:48,0.06283600,0.67000000
2018-03-20 14:15:48,0.06288000,0.04200000
2018-03-20 14:15:48,0.06288000,0.04200000
2018-03-20 14:15:48,0.06288000,0.04200000
2018-03-20 14:15:48,0.06283600,0.02200000
2018-03-20 14:15:50,0.06283600,0.28400000
2018-03-20 14:15:50,0.06283600,0.05400000
2018-03-20 14:15:50,0.06283700,0.04500000
2018-03-20 14:15:51,0.06283700,0.58600000
2018-03-20 14:15:51,0.06283700,0.07400000
2018-03-20 14:15:51,0.06285800,1.94300000
2018-03-20 14:15:51,0.06283700,4.81700000
2018-03-20 14:15:51,0.06283700,1.23800000
2018-03-20 14:15:51,0.06283700,0.66300000
2018-03-20 14:15:51,0.06283700,0.04200000
2018-03-20 14:15:51,0.06287900,0.19000000
2018-03-20 14:15:51,0.06287900,0.05600000
2018-03-20 14:15:52,0.06283600,0.21300000
