DATE,PRICE,VOLUME
2018-03-18 14:00:00,0.06339900,0.41000000
2018-03-18 14:00:00,0.06339900,0.23400000
2018-03-18 14:00:00,0.06339900,0.43000000
2018-03-18 14:00:00,0.06339900,0.23400000
2018-03-18 14:00:00,0.06339900,0.08300000
2018-03-18 14:00:00,0.06339900,0.07400000
2018-03-18 14:00:00,0.06340800,0.24200000
2018-03-18 14:00:02,0.06339900,0.02700000
2018-03-18 14:00:02,0.06339900,0.34700000
2018-03-18 14:00:02,0.06334100,0.02600000
2018-03-18 14:00:02,0.06334100,0.04300000
2018-03-18 14:00:03,0.06340600,0.00200000
2018-03-18 14:00:04,0.06340600,0.01700000
2018-03-18 14:00:04,0.06339900,0.20700000
2018-03-18 14:00:04,0.06339900,0.00100000
2018-03-18 14:00:04,0.06334100,0.08300000
2018-03-18 14:00:04,0.06334000,0.12300000
2018-03-18 14:00:04,0.06334000,0.20600000
2018-03-18 14:00:04,0.06334000,0.12800000
2018-03-18 14:00:04,0.06340600,2.57200000
2018-03-18 14:00:04,0.06340700,0.93500000
2018-03-18 14:00:04,0.06340800,0.10000000
2018-03-18 14:00:04,0.06340900,0.53900000
2018-03-18 14:00:04,0.06341000,0.71900000
2018-03-18 14:00:05,0.06341000,0.14500000
2018-03-18 14:00:06,0.06341000,1.02800000
2018-03-18 14:00:06,0.06334300,0.02800000
2018-03-18 14:00:06,0.06334300,0.07700000
2018-03-18 14:00:06,0.06334200,0.67400000
2018-03-18 14:00:06,0.06334000,0.03500000
2018-03-18 14:00:07,0.06334400,0.05100000
2018-03-18 14:00:07,0.06334400,0.10100000
2018-03-18 14:00:08,0.06341700,0.04000000
2018-03-18 14:00:08,0.06334500,0.74500000
2018-03-18 14:00:09,0.06335000,0.02100000
2018-03-18 14:00:09,0.06335000,0.27700000
2018-03-18 14:00:10,0.06334600,0.11500000
2018-03-18 14:00:10,0.06334600,0.13300000
2018-03-18 14:00:10,0.06334600,0.09700000
2018-03-18 14:00:10,0.06334200,1.27900000
2018-03-18 14:00:10,0.06334000,1.26400000
2018-03-18 14:00:10,0.06341000,0.30000000
2018-03-18 14:00:11,0.06334700,0.45600000
2018-03-18 14:00:11,0.06334700,0.04700000
2018-03-18 14:00:11,0.06341500,0.60800000
2018-03-18 14:00:11,0.06334700,0.00200000
2018-03-18 14:00:12,0.06334000,0.24300000
2018-03-18 14:00:12,0.06334000,0.12200000
2018-03-18 14:00:13,0.06334000,0.07800000
2018-03-18 14:00:13,0.06334000,0.09100000
2018-03-18 14:00:14,0.06334100,0.35000000
2018-03-18 14:00:15,0.06340400,0.02000000
2018-03-18 14:00:16,0.06340400,0.46700000
2018-03-18 14:00:16,0.06340400,0.00100000
2018-03-18 14:00:16,0.06341000,0.15200000
2018-03-18 14:00:16,0.06341300,0.87900000
2018-03-18 14:00:16,0.06341300,0.25900000
2018-03-18 14:00:16,0.06341500,0.34500000
2018-03-18 14:00:16,0.06341600,0.41500000
2018-03-18 14:00:17,0.06334100,0.03400000
2018-03-18 14:00:17,0.06334000,0.05600000
2018-03-18 14:00:17,0.06340300,0.17300000
2018-03-18 14:00:17,0.06335000,0.17900000
2018-03-18 14:00:18,0.06335000,0.52500000
2018-03-18 14:00:19,0.06340300,0.00100000
2018-03-18 14:00:19,0.06341600,0.09700000
2018-03-18 14:00:19,0.06341600,0.00200000
2018-03-18 14:00:19,0.06335000,0.09600000
2018-03-18 14:00:19,0.06335000,0.09800000
2018-03-18 14:00:19,0.06341600,0.09900000
2018-03-18 14:00:20,0.06344500,0.33100000
2018-03-18 14:00:20,0.06344600,0.89400000
2018-03-18 14:00:20,0.06335100,0.46500000
2018-03-18 14:00:20,0.06344900,0.02400000
2018-03-18 14:00:20,0.06335200,0.22400000
2018-03-18 14:00:21,0.06335200,0.09200000
2018-03-18 14:00:21,0.06335200,0.19300000
2018-03-18 14:00:21,0.06344700,0.17600000
2018-03-18 14:00:21,0.06344800,0.46500000
2018-03-18 14:00:23,0.06344600,0.11400000
2018-03-18 14:00:23,0.06344500,0.26900000
2018-03-18 14:00:24,0.06335800,0.00100000
2018-03-18 14:00:25,0.06336200,0.18400000
2018-03-18 14:00:25,0.06336200,0.28700000
2018-03-18 14:00:25,0.06336100,0.20000000
2018-03-18 14:00:25,0.06335900,0.30300000
2018-03-18 14:00:26,0.06344200,0.30300000
2018-03-18 14:00:26,0.06344300,1.91300000
2018-03-18 14:00:26,0.06344500,0.10000000
2018-03-18 14:00:26,0.06344600,0.47100000
2018-03-18 14:00:26,0.06344700,0.50900000
2018-03-18 14:00:26,0.06345000,1.99400000
2018-03-18 14:00:26,0.06344100,0.16000000
2018-03-18 14:00:27,0.06344100,0.02700000
2018-03-18 14:00:27,0.06344100,1.03900000
2018-03-18 14:00:27,0.06344100,4.21000000
2018-03-18 14:00:27,0.06345000,0.97700000
2018-03-18 14:00:27,0.06345500,0.53900000
2018-03-18 14:00:27,0.06346300,0.34000000
2018-03-18 14:00:27,0.06350800,0.10000000
2018-03-18 14:00:27,0.06353900,0.40000000
2018-03-18 14:00:27,0.06354400,0.03300000
2018-03-18 14:00:27,0.06354600,1.27000000
2018-03-18 14:00:27,0.06336500,0.73500000
2018-03-18 14:00:27,0.06344200,0.46500000
2018-03-18 14:00:27,0.06344100,0.48300000
2018-03-18 14:00:27,0.06344100,0.00200000
2018-03-18 14:00:27,0.06336500,0.06300000
2018-03-18 14:00:27,0.06336500,0.37200000
2018-03-18 14:00:27,0.06336500,0.14500000
2018-03-18 14:00:27,0.06336500,0.48400000
2018-03-18 14:00:27,0.06336500,0.30900000
2018-03-18 14:00:27,0.06336500,0.48400000
2018-03-18 14:00:27,0.06336500,0.43200000
2018-03-18 14:00:27,0.06336400,0.05200000
2018-03-18 14:00:27,0.06336400,0.35400000
2018-03-18 14:00:27,0.06336400,0.35500000
2018-03-18 14:00:27,0.06336400,0.13100000
2018-03-18 14:00:27,0.06336400,0.48400000
2018-03-18 14:00:27,0.06336400,0.07100000
2018-03-18 14:00:27,0.06336400,0.07500000
2018-03-18 14:00:27,0.06336400,0.36200000
2018-03-18 14:00:27,0.06339600,0.30000000
2018-03-18 14:00:27,0.06339600,0.10300000
2018-03-18 14:00:27,0.06338700,0.31500000
2018-03-18 14:00:27,0.06337000,1.02100000
2018-03-18 14:00:28,0.06337000,0.78900000
2018-03-18 14:00:28,0.06337000,0.06800000
2018-03-18 14:00:28,0.06336600,0.03300000
2018-03-18 14:00:28,0.06336600,0.10100000
2018-03-18 14:00:28,0.06336600,0.85600000
2018-03-18 14:00:28,0.06343300,0.20600000
2018-03-18 14:00:28,0.06337100,0.02600000
2018-03-18 14:00:28,0.06342800,0.19500000
2018-03-18 14:00:28,0.06342800,0.19500000
2018-03-18 14:00:28,0.06337100,0.10100000
2018-03-18 14:00:29,0.06342800,1.18800000
2018-03-18 14:00:29,0.06343300,0.00100000
2018-03-18 14:00:29,0.06345900,0.20700000
2018-03-18 14:00:29,0.06350000,0.53900000
2018-03-18 14:00:29,0.06353000,0.30000000
2018-03-18 14:00:29,0.06353300,0.47200000
2018-03-18 14:00:29,0.06353500,0.40000000
2018-03-18 14:00:29,0.06354500,0.49700000
2018-03-18 14:00:29,0.06354600,0.07900000
2018-03-18 14:00:29,0.06356300,0.91600000
2018-03-18 14:00:29,0.06356400,0.40100000
2018-03-18 14:00:29,0.06356600,1.48900000
2018-03-18 14:00:29,0.06356600,0.27800000
2018-03-18 14:00:29,0.06356600,0.04000000
2018-03-18 14:00:29,0.06337700,0.31000000
2018-03-18 14:00:30,0.06343300,0.10000000
2018-03-18 14:00:30,0.06344600,0.14600000
2018-03-18 14:00:30,0.06346200,0.30000000
2018-03-18 14:00:30,0.06346200,0.24800000
2018-03-18 14:00:30,0.06346200,0.02300000
2018-03-18 14:00:30,0.06346300,0.40500000
2018-03-18 14:00:30,0.06346300,0.13400000
2018-03-18 14:00:30,0.06346200,0.26100000
2018-03-18 14:00:30,0.06346200,0.26900000
2018-03-18 14:00:30,0.06346200,0.12900000
2018-03-18 14:00:30,0.06346200,0.03300000
2018-03-18 14:00:30,0.06346200,0.39600000
2018-03-18 14:00:30,0.06350400,0.03500000
2018-03-18 14:00:30,0.06346200,0.01500000
2018-03-18 14:00:31,0.06345700,0.30800000
2018-03-18 14:00:31,0.06345700,0.00200000
2018-03-18 14:00:31,0.06345900,0.53700000
2018-03-18 14:00:31,0.06338000,0.09300000
2018-03-18 14:00:31,0.06338000,0.03600000
2018-03-18 14:00:31,0.06338200,0.15600000
2018-03-18 14:00:31,0.06344500,0.03100000
2018-03-18 14:00:31,0.06338200,0.13800000
2018-03-18 14:00:31,0.06344500,0.10700000
2018-03-18 14:00:31,0.06345900,0.24000000
2018-03-18 14:00:31,0.06346100,0.42000000
2018-03-18 14:00:31,0.06346200,0.26900000
2018-03-18 14:00:31,0.06346200,0.11400000
2018-03-18 14:00:31,0.06350500,0.61400000
2018-03-18 14:00:31,0.06353600,0.40000000
2018-03-18 14:00:31,0.06346000,0.99000000
2018-03-18 14:00:31,0.06356500,0.52300000
2018-03-18 14:00:31,0.06356700,0.09500000
2018-03-18 14:00:31,0.06356700,0.02700000
2018-03-18 14:00:32,0.06346100,0.15500000
2018-03-18 14:00:32,0.06342600,0.10500000
2018-03-18 14:00:32,0.06342600,0.15400000
2018-03-18 14:00:32,0.06346100,0.15500000
2018-03-18 14:00:32,0.06342600,0.14200000
2018-03-18 14:00:32,0.06344100,0.05000000
2018-03-18 14:00:32,0.06342600,0.00100000
2018-03-18 14:00:32,0.06342300,0.09900000
2018-03-18 14:00:32,0.06342400,0.25000000
2018-03-18 14:00:32,0.06342300,0.05000000
2018-03-18 14:00:32,0.06342300,1.42600000
2018-03-18 14:00:32,0.06341800,0.49100000
2018-03-18 14:00:32,0.06341800,0.04800000
2018-03-18 14:00:32,0.06339100,0.06200000
2018-03-18 14:00:32,0.06339200,0.03600000
2018-03-18 14:00:32,0.06356300,0.00900000
2018-03-18 14:00:32,0.06346200,0.35300000
2018-03-18 14:00:32,0.06346200,0.00100000
2018-03-18 14:00:32,0.06342700,0.07700000
2018-03-18 14:00:32,0.06342700,0.11000000
2018-03-18 14:00:32,0.06342700,0.16700000
2018-03-18 14:00:33,0.06342700,0.07100000
2018-03-18 14:00:33,0.06345600,0.61300000
2018-03-18 14:00:33,0.06345600,0.00100000
2018-03-18 14:00:33,0.06342800,0.11700000
2018-03-18 14:00:33,0.06346100,0.01900000
2018-03-18 14:00:33,0.06346100,0.00100000
2018-03-18 14:00:33,0.06346000,0.30000000
2018-03-18 14:00:33,0.06345600,0.07300000
2018-03-18 14:00:33,0.06342800,0.87300000
2018-03-18 14:00:33,0.06342700,0.10000000
2018-03-18 14:00:33,0.06342200,0.61700000
2018-03-18 14:00:33,0.06342200,0.00100000
2018-03-18 14:00:34,0.06342800,0.14000000
2018-03-18 14:00:34,0.06342800,0.05000000
2018-03-18 14:00:34,0.06342900,0.45300000
2018-03-18 14:00:34,0.06352900,0.40100000
2018-03-18 14:00:34,0.06342800,0.80900000
2018-03-18 14:00:34,0.06352900,0.03200000
2018-03-18 14:00:34,0.06342900,0.10000000
2018-03-18 14:00:35,0.06351400,0.00200000
2018-03-18 14:00:35,0.06343000,0.02300000
2018-03-18 14:00:36,0.06350800,0.10000000
2018-03-18 14:00:36,0.06342800,0.14000000
2018-03-18 14:00:37,0.06350300,0.15100000
2018-03-18 14:00:37,0.06350300,0.93200000
2018-03-18 14:00:37,0.06346000,0.31900000
2018-03-18 14:00:37,0.06346000,0.10000000
2018-03-18 14:00:37,0.06346000,0.77600000
2018-03-18 14:00:37,0.06346000,0.02300000
2018-03-18 14:00:37,0.06341400,0.28000000
2018-03-18 14:00:37,0.06340100,0.38400000
2018-03-18 14:00:37,0.06343100,0.03800000
2018-03-18 14:00:38,0.06345600,0.49100000
2018-03-18 14:00:38,0.06343100,0.54900000
2018-03-18 14:00:38,0.06345600,0.00100000
2018-03-18 14:00:38,0.06343300,0.07100000
2018-03-18 14:00:38,0.06343300,0.00700000
2018-03-18 14:00:38,0.06343100,0.06400000
2018-03-18 14:00:38,0.06343100,0.07200000
2018-03-18 14:00:38,0.06343300,0.02500000
2018-03-18 14:00:38,0.06343300,0.13100000
2018-03-18 14:00:39,0.06345000,0.29900000
2018-03-18 14:00:39,0.06345000,0.00100000
2018-03-18 14:00:39,0.06347300,0.46900000
2018-03-18 14:00:39,0.06347300,0.08300000
2018-03-18 14:00:39,0.06343100,0.34000000
2018-03-18 14:00:39,0.06343100,0.10300000
2018-03-18 14:00:39,0.06343200,0.05800000
2018-03-18 14:00:39,0.06343200,2.38400000
2018-03-18 14:00:40,0.06345600,0.02700000
2018-03-18 14:00:40,0.06343200,1.87800000
2018-03-18 14:00:40,0.06343200,2.44200000
2018-03-18 14:00:40,0.06345600,0.07300000
2018-03-18 14:00:40,0.06347200,0.03600000
2018-03-18 14:00:40,0.06350700,1.93600000
2018-03-18 14:00:40,0.06350800,0.52500000
2018-03-18 14:00:40,0.06351400,0.05100000
2018-03-18 14:00:40,0.06351400,0.94900000
2018-03-18 14:00:40,0.06351500,0.08800000
2018-03-18 14:00:40,0.06343100,0.00700000
2018-03-18 14:00:40,0.06351500,0.52600000
2018-03-18 14:00:40,0.06352800,0.12700000
2018-03-18 14:00:40,0.06350700,0.02200000
2018-03-18 14:00:40,0.06345600,0.09900000
2018-03-18 14:00:40,0.06343100,0.01400000
2018-03-18 14:00:40,0.06341200,0.17200000
2018-03-18 14:00:40,0.06350700,0.04200000
2018-03-18 14:00:40,0.06350700,0.48800000
2018-03-18 14:00:40,0.06351400,0.00600000
2018-03-18 14:00:40,0.06343200,0.01900000
2018-03-18 14:00:41,0.06351200,0.13400000
2018-03-18 14:00:41,0.06351200,2.31600000
2018-03-18 14:00:41,0.06351300,1.92900000
2018-03-18 14:00:41,0.06351400,0.13400000
2018-03-18 14:00:41,0.06353400,0.35400000
2018-03-18 14:00:41,0.06353600,0.40000000
2018-03-18 14:00:41,0.06346400,0.33900000
2018-03-18 14:00:41,0.06352000,0.05900000
2018-03-18 14:00:41,0.06352000,0.34900000
2018-03-18 14:00:41,0.06352000,0.14200000
2018-03-18 14:00:41,0.06356700,0.01800000
2018-03-18 14:00:41,0.06346400,0.00100000
2018-03-18 14:00:41,0.06343700,0.07900000
2018-03-18 14:00:41,0.06346400,0.02700000
2018-03-18 14:00:41,0.06346400,0.12800000
2018-03-18 14:00:41,0.06351900,0.08500000
2018-03-18 14:00:41,0.06351800,0.11900000
2018-03-18 14:00:42,0.06350800,0.27700000
2018-03-18 14:00:42,0.06350800,0.57500000
2018-03-18 14:00:42,0.06350800,0.02200000
2018-03-18 14:00:42,0.06350800,1.39600000
2018-03-18 14:00:42,0.06350800,0.02900000
2018-03-18 14:00:42,0.06351800,0.33400000
2018-03-18 14:00:42,0.06350800,0.30100000
2018-03-18 14:00:42,0.06350800,0.15200000
2018-03-18 14:00:42,0.06350800,0.07700000
2018-03-18 14:00:42,0.06350800,0.74900000
2018-03-18 14:00:42,0.06350800,0.02800000
2018-03-18 14:00:42,0.06350800,0.70300000
2018-03-18 14:00:42,0.06350800,3.30800000
2018-03-18 14:00:42,0.06350800,6.06000000
2018-03-18 14:00:42,0.06350800,3.16300000
2018-03-18 14:00:42,0.06350800,0.97800000
2018-03-18 14:00:42,0.06350800,0.19900000
2018-03-18 14:00:42,0.06350800,1.98300000
2018-03-18 14:00:42,0.06346800,0.37800000
2018-03-18 14:00:42,0.06350300,0.05000000
2018-03-18 14:00:43,0.06350600,3.00000000
2018-03-18 14:00:43,0.06350600,0.00200000
2018-03-18 14:00:43,0.06350600,0.45900000
2018-03-18 14:00:44,0.06350600,1.57400000
2018-03-18 14:00:44,0.06350600,0.02500000
2018-03-18 14:00:45,0.06353900,0.40000000
2018-03-18 14:00:45,0.06350300,0.00400000
2018-03-18 14:00:45,0.06350300,0.12500000
2018-03-18 14:00:45,0.06356700,0.04200000
2018-03-18 14:00:45,0.06357000,0.04400000
2018-03-18 14:00:45,0.06350800,0.02000000
2018-03-18 14:00:46,0.06357000,0.05600000
2018-03-18 14:00:46,0.06350800,0.02900000
2018-03-18 14:00:46,0.06357500,1.34400000
2018-03-18 14:00:46,0.06350800,0.18200000
2018-03-18 14:00:46,0.06350800,0.00100000
2018-03-18 14:00:46,0.06349300,0.04900000
2018-03-18 14:00:46,0.06350900,0.06100000
2018-03-18 14:00:46,0.06350900,0.09900000
2018-03-18 14:00:46,0.06350900,0.29500000
2018-03-18 14:00:46,0.06349300,0.15900000
2018-03-18 14:00:46,0.06349300,0.22000000
2018-03-18 14:00:47,0.06349100,0.22000000
2018-03-18 14:00:47,0.06349100,0.33800000
2018-03-18 14:00:47,0.06345000,0.07400000
2018-03-18 14:00:47,0.06344200,0.31300000
2018-03-18 14:00:47,0.06344200,0.38400000
2018-03-18 14:00:47,0.06344200,0.55700000
2018-03-18 14:00:47,0.06344200,0.32100000
2018-03-18 14:00:47,0.06344200,0.00100000
2018-03-18 14:00:47,0.06344200,0.18200000
2018-03-18 14:00:47,0.06344200,0.13800000
2018-03-18 14:00:47,0.06353600,0.08800000
2018-03-18 14:00:47,0.06340100,0.07200000
2018-03-18 14:00:47,0.06340600,0.03000000
2018-03-18 14:00:47,0.06353600,0.31200000
2018-03-18 14:00:47,0.06353800,0.40000000
2018-03-18 14:00:47,0.06357600,0.10200000
2018-03-18 14:00:47,0.06357700,0.00100000
2018-03-18 14:00:47,0.06358000,0.13600000
2018-03-18 14:00:47,0.06344300,1.02800000
2018-03-18 14:00:47,0.06358000,0.71800000
2018-03-18 14:00:47,0.06358000,0.01900000
2018-03-18 14:00:47,0.06358000,0.05700000
2018-03-18 14:00:47,0.06344400,0.44700000
2018-03-18 14:00:48,0.06344400,0.36300000
2018-03-18 14:00:48,0.06344400,1.22100000
2018-03-18 14:00:48,0.06344300,0.03300000
2018-03-18 14:00:48,0.06355600,0.50100000
2018-03-18 14:00:48,0.06358400,0.40000000
2018-03-18 14:00:48,0.06358600,0.31500000
2018-03-18 14:00:48,0.06358800,0.40000000
2018-03-18 14:00:48,0.06359300,0.11700000
2018-03-18 14:00:48,0.06355500,0.08200000
2018-03-18 14:00:48,0.06355500,0.15800000
2018-03-18 14:00:49,0.06355400,0.17100000
2018-03-18 14:00:49,0.06346300,0.61400000
2018-03-18 14:00:49,0.06345100,0.15600000
2018-03-18 14:00:49,0.06345100,0.49900000
2018-03-18 14:00:49,0.06345100,0.09400000
2018-03-18 14:00:49,0.06345200,0.27900000
2018-03-18 14:00:49,0.06345200,0.27700000
2018-03-18 14:00:49,0.06345100,0.27900000
2018-03-18 14:00:49,0.06350600,0.06300000
2018-03-18 14:00:49,0.06350600,0.11300000
2018-03-18 14:00:50,0.06350600,1.57900000
2018-03-18 14:00:50,0.06350600,0.11600000
2018-03-18 14:00:50,0.06353700,0.04700000
2018-03-18 14:00:50,0.06350600,0.19400000
2018-03-18 14:00:50,0.06350600,0.55600000
2018-03-18 14:00:50,0.06350800,0.08600000
2018-03-18 14:00:50,0.06350600,4.95400000
2018-03-18 14:00:50,0.06353600,0.15400000
2018-03-18 14:00:50,0.06353600,0.15400000
2018-03-18 14:00:50,0.06350600,0.08600000
2018-03-18 14:00:50,0.06350600,0.10000000
2018-03-18 14:00:50,0.06350600,6.03000000
2018-03-18 14:00:51,0.06350600,0.03300000
2018-03-18 14:00:51,0.06350600,0.17200000
2018-03-18 14:00:51,0.06350600,0.08600000
2018-03-18 14:00:51,0.06350600,0.09400000
2018-03-18 14:00:51,0.06353600,0.01900000
2018-03-18 14:00:51,0.06350600,1.36000000
2018-03-18 14:00:51,0.06350600,0.08000000
2018-03-18 14:00:51,0.06350600,0.08600000
2018-03-18 14:00:52,0.06353500,1.06000000
2018-03-18 14:00:52,0.06350600,0.03900000
2018-03-18 14:00:52,0.06354200,0.55300000
2018-03-18 14:00:52,0.06350600,0.28300000
2018-03-18 14:00:52,0.06350600,0.00100000
2018-03-18 14:00:53,0.06345300,0.00100000
2018-03-18 14:00:53,0.06350600,0.04700000
2018-03-18 14:00:53,0.06350600,0.06600000
2018-03-18 14:00:53,0.06345400,0.17100000
2018-03-18 14:00:53,0.06350600,0.01900000
2018-03-18 14:00:54,0.06345400,0.17100000
2018-03-18 14:00:54,0.06350600,0.51600000
2018-03-18 14:00:54,0.06345400,0.06300000
2018-03-18 14:00:54,0.06353600,0.05200000
2018-03-18 14:00:54,0.06345400,0.70200000
2018-03-18 14:00:55,0.06353200,0.43300000
2018-03-18 14:00:56,0.06353200,0.15100000
2018-03-18 14:00:56,0.06353200,0.92900000
2018-03-18 14:00:56,0.06353300,0.13900000
2018-03-18 14:00:57,0.06353000,0.02600000
2018-03-18 14:00:57,0.06353000,0.00100000
2018-03-18 14:00:57,0.06353000,0.02500000
2018-03-18 14:00:57,0.06353000,0.00100000
2018-03-18 14:00:57,0.06350600,0.02000000
2018-03-18 14:00:57,0.06350600,0.01300000
2018-03-18 14:00:57,0.06346000,0.01200000
2018-03-18 14:00:57,0.06346000,0.02500000
2018-03-18 14:00:57,0.06346000,0.02500000
2018-03-18 14:00:57,0.06346000,0.02500000
2018-03-18 14:00:57,0.06346000,0.02500000
2018-03-18 14:00:57,0.06346000,0.02500000
2018-03-18 14:00:57,0.06346000,0.02500000
2018-03-18 14:00:58,0.06353200,0.42800000
2018-03-18 14:00:58,0.06353000,0.16000000
2018-03-18 14:00:58,0.06353200,0.02100000
2018-03-18 14:00:58,0.06349700,0.41900000
2018-03-18 14:00:58,0.06353200,0.16100000
2018-03-18 14:00:59,0.06353600,0.90800000
2018-03-18 14:00:59,0.06353200,0.06900000
2018-03-18 14:00:59,0.06353200,0.00100000
2018-03-18 14:00:59,0.06346300,0.06800000
2018-03-18 14:00:59,0.06346300,0.06900000
2018-03-18 14:00:59,0.06346300,0.06200000
2018-03-18 14:00:59,0.06346300,0.06800000
2018-03-18 14:00:59,0.06346300,0.06900000
2018-03-18 14:00:59,0.06346300,0.06900000
2018-03-18 14:00:59,0.06354100,0.43000000
2018-03-18 14:00:59,0.06346300,0.09800000
2018-03-18 14:01:00,0.06346500,0.05300000
2018-03-18 14:01:01,0.06355200,1.19900000
2018-03-18 14:01:02,0.06355100,0.05200000
2018-03-18 14:01:02,0.06355100,0.00100000
2018-03-18 14:01:02,0.06355500,0.92700000
2018-03-18 14:01:02,0.06355500,0.40000000
2018-03-18 14:01:02,0.06355500,1.67300000
2018-03-18 14:01:02,0.06355800,0.27100000
2018-03-18 14:01:03,0.06355400,1.57400000
2018-03-18 14:01:03,0.06355400,0.28600000
2018-03-18 14:01:03,0.06355100,0.02300000
2018-03-18 14:01:03,0.06355300,1.73600000
2018-03-18 14:01:04,0.06355300,1.57400000
2018-03-18 14:01:04,0.06355200,0.28800000
2018-03-18 14:01:04,0.06353600,0.08600000
2018-03-18 14:01:04,0.06353600,0.00100000
2018-03-18 14:01:04,0.06347600,0.01600000
2018-03-18 14:01:04,0.06347600,0.08600000
2018-03-18 14:01:04,0.06347600,0.08600000
2018-03-18 14:01:04,0.06347600,0.08400000
2018-03-18 14:01:04,0.06347600,0.08600000
2018-03-18 14:01:04,0.06347600,0.04100000
2018-03-18 14:01:04,0.06347600,0.08600000
2018-03-18 14:01:04,0.06347600,0.28200000
2018-03-18 14:01:04,0.06347800,0.01600000
2018-03-18 14:01:04,0.06355200,0.00100000
2018-03-18 14:01:04,0.06355300,0.02200000
2018-03-18 14:01:05,0.06355300,0.60800000
2018-03-18 14:01:05,0.06347800,0.72700000
2018-03-18 14:01:05,0.06355800,0.02300000
2018-03-18 14:01:05,0.06355200,0.11500000
2018-03-18 14:01:05,0.06348000,0.30000000
2018-03-18 14:01:05,0.06347900,0.14100000
2018-03-18 14:01:05,0.06347900,0.44100000
2018-03-18 14:01:06,0.06355200,0.65200000
2018-03-18 14:01:06,0.06355800,0.04400000
2018-03-18 14:01:06,0.06348000,0.52400000
2018-03-18 14:01:06,0.06348000,0.00100000
2018-03-18 14:01:06,0.06347900,1.02100000
2018-03-18 14:01:06,0.06347800,0.17300000
2018-03-18 14:01:06,0.06348100,0.61700000
2018-03-18 14:01:07,0.06355000,0.07500000
2018-03-18 14:01:07,0.06349000,0.01800000
2018-03-18 14:01:08,0.06354800,0.36400000
2018-03-18 14:01:08,0.06349000,0.38200000
2018-03-18 14:01:08,0.06349000,0.31800000
2018-03-18 14:01:08,0.06354800,0.01600000
2018-03-18 14:01:09,0.06354800,0.14400000
2018-03-18 14:01:09,0.06349100,0.04100000
2018-03-18 14:01:09,0.06354800,0.00100000
2018-03-18 14:01:09,0.06355000,0.03900000
2018-03-18 14:01:09,0.06355000,0.18500000
2018-03-18 14:01:09,0.06349100,0.02300000
2018-03-18 14:01:09,0.06349100,0.15000000
2018-03-18 14:01:09,0.06352000,0.23300000
2018-03-18 14:01:09,0.06349100,0.00100000
2018-03-18 14:01:09,0.06349100,0.07300000
2018-03-18 14:01:09,0.06355300,0.13400000
2018-03-18 14:01:09,0.06355300,0.02700000
2018-03-18 14:01:09,0.06349100,0.14000000
2018-03-18 14:01:10,0.06355300,0.39700000
2018-03-18 14:01:10,0.06349000,0.14800000
2018-03-18 14:01:10,0.06355700,0.32500000
2018-03-18 14:01:10,0.06349000,0.32500000
2018-03-18 14:01:10,0.06355700,0.14000000
2018-03-18 14:01:10,0.06359300,0.30600000
2018-03-18 14:01:10,0.06355700,0.07700000
2018-03-18 14:01:10,0.06355700,0.02200000
2018-03-18 14:01:11,0.06355700,0.02100000
2018-03-18 14:01:11,0.06359300,0.51000000
2018-03-18 14:01:11,0.06355700,0.01900000
2018-03-18 14:01:11,0.06355700,0.00100000
2018-03-18 14:01:11,0.06349100,0.01800000
2018-03-18 14:01:11,0.06349100,0.01800000
2018-03-18 14:01:11,0.06349100,0.01900000
2018-03-18 14:01:11,0.06349100,0.01900000
2018-03-18 14:01:11,0.06359300,0.09400000
2018-03-18 14:01:12,0.06355500,0.05100000
2018-03-18 14:01:12,0.06355500,0.03600000
2018-03-18 14:01:12,0.06349400,0.05000000
2018-03-18 14:01:12,0.06349400,0.08600000
2018-03-18 14:01:12,0.06349400,0.03100000
2018-03-18 14:01:12,0.06349400,0.13600000
2018-03-18 14:01:12,0.06349400,0.04300000
2018-03-18 14:01:12,0.06359200,0.15300000
2018-03-18 14:01:13,0.06359200,0.04700000
2018-03-18 14:01:13,0.06359300,0.06700000
2018-03-18 14:01:13,0.06349600,0.16000000
2018-03-18 14:01:13,0.06359200,0.03600000
2018-03-18 14:01:13,0.06359200,0.03600000
2018-03-18 14:01:14,0.06359200,0.18600000
2018-03-18 14:01:14,0.06359200,0.08800000
2018-03-18 14:01:14,0.06359300,0.14700000
2018-03-18 14:01:14,0.06350200,0.66500000
2018-03-18 14:01:14,0.06350100,0.10600000
2018-03-18 14:01:14,0.06350100,0.09600000
2018-03-18 14:01:15,0.06358900,0.02200000
2018-03-18 14:01:15,0.06358900,0.08500000
2018-03-18 14:01:15,0.06359000,0.13700000
2018-03-18 14:01:16,0.06350400,0.55100000
2018-03-18 14:01:16,0.06350400,0.50200000
2018-03-18 14:01:16,0.06358900,0.09600000
2018-03-18 14:01:16,0.06359000,0.48800000
2018-03-18 14:01:16,0.06359300,0.33100000
2018-03-18 14:01:16,0.06359400,0.06700000
2018-03-18 14:01:16,0.06359400,0.02200000
2018-03-18 14:01:16,0.06359400,0.21100000
2018-03-18 14:01:16,0.06359600,0.32700000
2018-03-18 14:01:17,0.06359500,0.21300000
2018-03-18 14:01:17,0.06351400,0.07700000
2018-03-18 14:01:17,0.06359500,0.00100000
2018-03-18 14:01:17,0.06359600,0.01700000
2018-03-18 14:01:17,0.06360100,0.19500000
2018-03-18 14:01:17,0.06360100,0.36500000
2018-03-18 14:01:17,0.06360100,0.00100000
2018-03-18 14:01:17,0.06360800,0.02200000
2018-03-18 14:01:17,0.06360800,0.05700000
2018-03-18 14:01:17,0.06361500,0.03800000
2018-03-18 14:01:17,0.06359400,0.50100000
2018-03-18 14:01:18,0.06361500,0.28200000
2018-03-18 14:01:18,0.06352200,0.21400000
2018-03-18 14:01:18,0.06352100,0.18600000
2018-03-18 14:01:19,0.06352100,0.15800000
2018-03-18 14:01:19,0.06352200,0.19100000
2018-03-18 14:01:19,0.06361500,0.00100000
2018-03-18 14:01:19,0.06362100,0.07800000
2018-03-18 14:01:20,0.06352300,0.55500000
2018-03-18 14:01:20,0.06352300,0.00100000
2018-03-18 14:01:20,0.06352200,0.08000000
2018-03-18 14:01:20,0.06362000,0.14100000
2018-03-18 14:01:20,0.06362000,0.04800000
2018-03-18 14:01:20,0.06362000,0.00200000
2018-03-18 14:01:20,0.06362100,0.02600000
2018-03-18 14:01:20,0.06364000,0.34400000
2018-03-18 14:01:20,0.06364100,0.55600000
2018-03-18 14:01:20,0.06366900,0.08100000
2018-03-18 14:01:20,0.06361900,0.02000000
2018-03-18 14:01:20,0.06361900,0.22200000
2018-03-18 14:01:20,0.06363300,0.18200000
2018-03-18 14:01:21,0.06352600,0.19100000
2018-03-18 14:01:21,0.06352500,0.70700000
2018-03-18 14:01:21,0.06352500,0.32500000
2018-03-18 14:01:22,0.06352600,1.37900000
2018-03-18 14:01:22,0.06359000,0.08800000
2018-03-18 14:01:23,0.06353300,0.39800000
2018-03-18 14:01:23,0.06353400,0.24000000
2018-03-18 14:01:23,0.06359000,0.00100000
2018-03-18 14:01:23,0.06363000,0.09400000
2018-03-18 14:01:24,0.06363000,0.03900000
2018-03-18 14:01:24,0.06353500,1.09700000
2018-03-18 14:01:25,0.06362700,0.39800000
2018-03-18 14:01:25,0.06362800,1.30400000
2018-03-18 14:01:25,0.06363000,1.24600000
2018-03-18 14:01:25,0.06363100,0.14300000
2018-03-18 14:01:25,0.06362600,0.02300000
2018-03-18 14:01:26,0.06362600,0.21500000
2018-03-18 14:01:26,0.06353900,0.27000000
2018-03-18 14:01:26,0.06362600,0.00200000
2018-03-18 14:01:26,0.06363000,0.09900000
2018-03-18 14:01:26,0.06354000,0.18700000
2018-03-18 14:01:27,0.06360000,0.10500000
2018-03-18 14:01:27,0.06354000,1.25400000
2018-03-18 14:01:27,0.06360000,0.05100000
2018-03-18 14:01:27,0.06360000,0.16000000
2018-03-18 14:01:27,0.06354000,0.02700000
2018-03-18 14:01:27,0.06354000,0.10100000
2018-03-18 14:01:28,0.06360000,1.57200000
2018-03-18 14:01:28,0.06354200,0.20000000
2018-03-18 14:01:28,0.06360000,2.45500000
2018-03-18 14:01:28,0.06354200,0.04200000
2018-03-18 14:01:28,0.06361800,0.03300000
2018-03-18 14:01:29,0.06361800,0.57900000
2018-03-18 14:01:29,0.06354500,0.34400000
2018-03-18 14:01:30,0.06358300,0.59400000
2018-03-18 14:01:30,0.06355400,0.11900000
2018-03-18 14:01:30,0.06355400,0.07800000
2018-03-18 14:01:30,0.06355400,0.12800000
2018-03-18 14:01:30,0.06361600,0.14400000
2018-03-18 14:01:31,0.06355500,0.10200000
2018-03-18 14:01:31,0.06355500,0.08100000
2018-03-18 14:01:32,0.06361600,0.07100000
2018-03-18 14:01:32,0.06355700,0.39300000
2018-03-18 14:01:32,0.06355700,0.03300000
2018-03-18 14:01:33,0.06355700,0.04600000
2018-03-18 14:01:33,0.06355700,0.08700000
2018-03-18 14:01:33,0.06355600,0.00600000
2018-03-18 14:01:33,0.06361600,0.12800000
2018-03-18 14:01:33,0.06355600,0.05600000
2018-03-18 14:01:33,0.06355600,0.06900000
2018-03-18 14:01:33,0.06355600,0.03300000
2018-03-18 14:01:33,0.06355600,1.69500000
2018-03-18 14:01:33,0.06355400,0.03200000
2018-03-18 14:01:34,0.06355500,0.07600000
2018-03-18 14:01:34,0.06355500,0.85000000
2018-03-18 14:01:34,0.06355400,0.07500000
2018-03-18 14:01:34,0.06355400,1.11900000
2018-03-18 14:01:34,0.06355400,0.14600000
2018-03-18 14:01:34,0.06361600,0.00100000
2018-03-18 14:01:34,0.06361800,0.16500000
2018-03-18 14:01:34,0.06362800,0.55900000
2018-03-18 14:01:34,0.06363100,0.12300000
2018-03-18 14:01:34,0.06366900,0.79200000
2018-03-18 14:01:34,0.06366900,1.63000000
2018-03-18 14:01:35,0.06363200,0.25000000
2018-03-18 14:01:35,0.06356000,0.02300000
2018-03-18 14:01:35,0.06356000,0.09000000
2018-03-18 14:01:35,0.06363200,0.40000000
2018-03-18 14:01:36,0.06363200,0.22000000
2018-03-18 14:01:36,0.06363200,0.04400000
2018-03-18 14:01:36,0.06357600,0.10300000
2018-03-18 14:01:36,0.06357600,0.51000000
2018-03-18 14:01:36,0.06356100,0.10200000
2018-03-18 14:01:36,0.06356100,0.45500000
2018-03-18 14:01:36,0.06356000,0.15700000
2018-03-18 14:01:36,0.06356000,0.15600000
2018-03-18 14:01:36,0.06356000,0.40000000
2018-03-18 14:01:36,0.06355900,0.10900000
2018-03-18 14:01:37,0.06363200,0.94400000
2018-03-18 14:01:37,0.06357000,0.02500000
2018-03-18 14:01:37,0.06357000,0.20300000
2018-03-18 14:01:37,0.06363200,0.00100000
2018-03-18 14:01:37,0.06366700,0.03000000
2018-03-18 14:01:37,0.06357000,0.07900000
2018-03-18 14:01:37,0.06357100,0.23900000
2018-03-18 14:01:37,0.06363000,0.30000000
2018-03-18 14:01:37,0.06366600,0.59000000
2018-03-18 14:01:37,0.06357200,1.26200000
2018-03-18 14:01:37,0.06357100,0.12200000
2018-03-18 14:01:38,0.06357100,1.31400000
2018-03-18 14:01:38,0.06357200,0.02700000
2018-03-18 14:01:39,0.06360000,0.90000000
2018-03-18 14:01:39,0.06364800,0.07200000
2018-03-18 14:01:39,0.06364800,0.64200000
2018-03-18 14:01:39,0.06364800,0.04700000
2018-03-18 14:01:39,0.06364700,0.09100000
2018-03-18 14:01:39,0.06364700,0.26400000
2018-03-18 14:01:39,0.06364700,0.14200000
2018-03-18 14:01:39,0.06364800,0.40900000
2018-03-18 14:01:39,0.06357200,0.07100000
2018-03-18 14:01:40,0.06364700,0.56000000
2018-03-18 14:01:40,0.06364800,1.83000000
2018-03-18 14:01:41,0.06364700,0.93400000
2018-03-18 14:01:41,0.06364700,0.85900000
2018-03-18 14:01:41,0.06357400,0.44100000
2018-03-18 14:01:42,0.06364500,0.04500000
2018-03-18 14:01:43,0.06364500,0.35400000
2018-03-18 14:01:43,0.06357500,0.50500000
2018-03-18 14:01:43,0.06357500,0.19200000
2018-03-18 14:01:43,0.06357400,0.45600000
2018-03-18 14:01:43,0.06364500,0.00100000
2018-03-18 14:01:43,0.06364700,0.00100000
2018-03-18 14:01:43,0.06364900,0.05400000
2018-03-18 14:01:44,0.06364400,0.55900000
2018-03-18 14:01:44,0.06360100,0.31300000
2018-03-18 14:01:44,0.06360100,0.10800000
2018-03-18 14:01:44,0.06360100,0.08100000
2018-03-18 14:01:44,0.06360100,0.01600000
2018-03-18 14:01:44,0.06364900,0.55900000
2018-03-18 14:01:44,0.06360100,0.08100000
2018-03-18 14:01:44,0.06360100,0.72800000
2018-03-18 14:01:44,0.06360100,0.45100000
2018-03-18 14:01:45,0.06360100,0.00100000
2018-03-18 14:01:45,0.06360100,0.02700000
2018-03-18 14:01:45,0.06360100,1.03400000
2018-03-18 14:01:45,0.06360100,0.57700000
2018-03-18 14:01:45,0.06364300,0.35200000
2018-03-18 14:01:45,0.06364300,0.00100000
2018-03-18 14:01:45,0.06366200,0.39800000
2018-03-18 14:01:45,0.06366600,0.40000000
2018-03-18 14:01:45,0.06366800,0.80000000
2018-03-18 14:01:45,0.06366900,0.24800000
2018-03-18 14:01:45,0.06367000,0.10000000
2018-03-18 14:01:45,0.06360200,0.59300000
2018-03-18 14:01:45,0.06360200,0.62800000
2018-03-18 14:01:46,0.06368900,0.04700000
2018-03-18 14:01:46,0.06368900,0.02400000
2018-03-18 14:01:46,0.06360400,0.05600000
2018-03-18 14:01:46,0.06360500,0.08600000
2018-03-18 14:01:46,0.06368700,0.07900000
2018-03-18 14:01:46,0.06360500,0.47000000
2018-03-18 14:01:46,0.06368700,0.12400000
2018-03-18 14:01:46,0.06368700,0.13900000
2018-03-18 14:01:47,0.06368500,0.07200000
2018-03-18 14:01:48,0.06368500,0.03000000
2018-03-18 14:01:48,0.06361000,0.16200000
2018-03-18 14:01:48,0.06368500,0.02300000
2018-03-18 14:01:48,0.06361000,0.06800000
2018-03-18 14:01:48,0.06361000,0.03600000
2018-03-18 14:01:48,0.06361000,0.03300000
2018-03-18 14:01:48,0.06368300,0.46500000
2018-03-18 14:01:49,0.06361100,0.33600000
2018-03-18 14:01:49,0.06368000,0.07000000
2018-03-18 14:01:49,0.06361100,0.35900000
2018-03-18 14:01:49,0.06361100,0.31400000
2018-03-18 14:01:49,0.06361100,1.82100000
2018-03-18 14:01:49,0.06368000,0.02700000
2018-03-18 14:01:49,0.06361100,0.35400000
2018-03-18 14:01:49,0.06361000,0.66300000
2018-03-18 14:01:49,0.06366600,0.35000000
2018-03-18 14:01:49,0.06366600,0.04500000
2018-03-18 14:01:49,0.06361200,0.34900000
2018-03-18 14:01:49,0.06366600,0.39500000
2018-03-18 14:01:49,0.06367900,0.60900000
2018-03-18 14:01:49,0.06368000,0.20300000
2018-03-18 14:01:49,0.06368700,0.52900000
2018-03-18 14:01:49,0.06368800,0.02100000
2018-03-18 14:01:49,0.06369000,0.10000000
2018-03-18 14:01:49,0.06369800,0.03400000
2018-03-18 14:01:49,0.06371300,0.10500000
2018-03-18 14:01:49,0.06371700,0.40000000
2018-03-18 14:01:49,0.06372800,0.03800000
2018-03-18 14:01:49,0.06361700,0.14500000
2018-03-18 14:01:50,0.06361700,0.18200000
2018-03-18 14:01:50,0.06361700,0.12100000
2018-03-18 14:01:50,0.06361700,2.69000000
2018-03-18 14:01:50,0.06361200,0.06400000
2018-03-18 14:01:50,0.06360200,0.06800000
2018-03-18 14:01:50,0.06360000,0.23300000
2018-03-18 14:01:50,0.06358900,0.55300000
2018-03-18 14:01:50,0.06358800,0.30600000
2018-03-18 14:01:50,0.06361800,1.01700000
2018-03-18 14:01:50,0.06361800,0.09900000
2018-03-18 14:01:50,0.06361800,0.25200000
2018-03-18 14:01:50,0.06361800,0.02000000
2018-03-18 14:01:50,0.06372700,0.44500000
2018-03-18 14:01:50,0.06372800,0.28800000
2018-03-18 14:01:50,0.06361800,0.14500000
2018-03-18 14:01:50,0.06361800,5.75800000
2018-03-18 14:01:50,0.06362100,0.33800000
2018-03-18 14:01:50,0.06362100,1.66200000
2018-03-18 14:01:50,0.06361800,0.01900000
2018-03-18 14:01:51,0.06361800,0.09500000
2018-03-18 14:01:51,0.06361000,0.30000000
2018-03-18 14:01:51,0.06360800,0.55300000
2018-03-18 14:01:51,0.06357600,0.25000000
2018-03-18 14:01:51,0.06362200,3.55900000
2018-03-18 14:01:51,0.06357500,0.02600000
2018-03-18 14:01:51,0.06356600,0.05600000
2018-03-18 14:01:51,0.06356500,0.04200000
2018-03-18 14:01:51,0.06356500,0.03100000
2018-03-18 14:01:52,0.06358400,0.36500000
2018-03-18 14:01:52,0.06370300,0.39800000
2018-03-18 14:01:53,0.06370300,0.39200000
2018-03-18 14:01:53,0.06365100,0.40000000
2018-03-18 14:01:53,0.06370100,0.25000000
2018-03-18 14:01:53,0.06370200,2.03400000
2018-03-18 14:01:53,0.06370300,1.31600000
2018-03-18 14:01:53,0.06360500,2.30600000
2018-03-18 14:01:53,0.06365000,0.47700000
2018-03-18 14:01:54,0.06359100,0.32700000
2018-03-18 14:01:54,0.06358400,0.23800000
2018-03-18 14:01:54,0.06358400,0.05900000
2018-03-18 14:01:54,0.06358300,0.55300000
2018-03-18 14:01:54,0.06356500,1.04800000
2018-03-18 14:01:54,0.06356400,0.13600000
2018-03-18 14:01:54,0.06356200,0.21500000
2018-03-18 14:01:54,0.06355900,0.12900000
2018-03-18 14:01:55,0.06355900,0.39200000
2018-03-18 14:01:55,0.06361800,0.06700000
2018-03-18 14:01:55,0.06355900,0.04700000
2018-03-18 14:01:55,0.06355400,0.30300000
2018-03-18 14:01:55,0.06354500,0.76000000
2018-03-18 14:01:55,0.06354000,0.42600000
2018-03-18 14:01:55,0.06361800,0.04800000
2018-03-18 14:01:55,0.06354000,0.08200000
2018-03-18 14:01:55,0.06355400,0.30300000
2018-03-18 14:01:56,0.06355400,0.00100000
2018-03-18 14:01:56,0.06361200,0.73600000
2018-03-18 14:01:56,0.06354700,0.61300000
2018-03-18 14:01:56,0.06353400,1.38600000
2018-03-18 14:01:56,0.06361100,0.07900000
2018-03-18 14:01:56,0.06361100,0.48000000
2018-03-18 14:01:56,0.06362300,0.47300000
2018-03-18 14:01:56,0.06364400,0.18600000
2018-03-18 14:01:56,0.06364900,0.35300000
2018-03-18 14:01:56,0.06365600,0.34000000
2018-03-18 14:01:56,0.06370700,0.52700000
2018-03-18 14:01:56,0.06370900,3.26300000
2018-03-18 14:01:56,0.06370300,0.21100000
2018-03-18 14:01:56,0.06370800,1.38600000
2018-03-18 14:01:56,0.06370900,0.29600000
2018-03-18 14:01:56,0.06373000,0.17500000
2018-03-18 14:01:56,0.06373000,0.02500000
2018-03-18 14:01:56,0.06373300,0.43700000
2018-03-18 14:01:56,0.06373900,0.80000000
2018-03-18 14:01:56,0.06374000,0.79200000
2018-03-18 14:01:57,0.06361000,0.25400000
2018-03-18 14:01:57,0.06361000,0.04600000
2018-03-18 14:01:58,0.06361700,0.61300000
2018-03-18 14:01:58,0.06367300,0.33100000
2018-03-18 14:01:58,0.06371400,0.40000000
2018-03-18 14:01:58,0.06372600,0.03500000
2018-03-18 14:01:58,0.06374200,0.55900000
2018-03-18 14:01:58,0.06374300,0.40000000
2018-03-18 14:01:58,0.06374900,0.23900000
2018-03-18 14:01:58,0.06375000,0.09900000
2018-03-18 14:01:58,0.06376500,1.09400000
2018-03-18 14:01:58,0.06355900,0.40000000
2018-03-18 14:01:59,0.06355900,0.27900000
2018-03-18 14:01:59,0.06356000,0.27900000
2018-03-18 14:01:59,0.06356200,0.03500000
2018-03-18 14:01:59,0.06371500,0.16300000
2018-03-18 14:01:59,0.06356100,0.55900000
2018-03-18 14:01:59,0.06356000,0.17100000
2018-03-18 14:02:00,0.06364000,0.67900000
2018-03-18 14:02:00,0.06371400,0.25900000
2018-03-18 14:02:00,0.06356500,0.61300000
2018-03-18 14:02:00,0.06356300,1.76700000
2018-03-18 14:02:00,0.06363700,0.06500000
2018-03-18 14:02:00,0.06357000,0.15900000
2018-03-18 14:02:01,0.06357000,0.40000000
2018-03-18 14:02:01,0.06357000,0.57800000
2018-03-18 14:02:01,0.06356300,0.35400000
2018-03-18 14:02:01,0.06356200,0.03500000
2018-03-18 14:02:01,0.06356000,0.41100000
2018-03-18 14:02:02,0.06356600,0.07100000
2018-03-18 14:02:02,0.06356600,0.11600000
2018-03-18 14:02:02,0.06363600,0.58800000
2018-03-18 14:02:03,0.06363600,2.01100000
2018-03-18 14:02:03,0.06363600,0.53100000
2018-03-18 14:02:03,0.06363700,0.09500000
2018-03-18 14:02:03,0.06363700,0.23400000
2018-03-18 14:02:03,0.06357000,0.01700000
2018-03-18 14:02:04,0.06357000,0.40900000
2018-03-18 14:02:04,0.06356500,0.52700000
2018-03-18 14:02:05,0.06356500,0.08500000
2018-03-18 14:02:05,0.06356500,0.00100000
2018-03-18 14:02:05,0.06356200,0.08100000
2018-03-18 14:02:05,0.06357000,0.00100000
2018-03-18 14:02:05,0.06363700,0.05700000
2018-03-18 14:02:05,0.06356300,0.08600000
2018-03-18 14:02:06,0.06356300,0.47200000
2018-03-18 14:02:06,0.06356300,0.00100000
2018-03-18 14:02:06,0.06356200,0.19800000
2018-03-18 14:02:06,0.06356200,0.06500000
2018-03-18 14:02:06,0.06356200,1.11400000
2018-03-18 14:02:06,0.06356300,0.46500000
2018-03-18 14:02:06,0.06356200,0.10500000
2018-03-18 14:02:06,0.06356000,0.56600000
2018-03-18 14:02:06,0.06355400,0.01700000
2018-03-18 14:02:06,0.06354800,0.33300000
2018-03-18 14:02:06,0.06354800,0.21700000
2018-03-18 14:02:06,0.06355000,0.37300000
2018-03-18 14:02:06,0.06356300,0.52800000
2018-03-18 14:02:06,0.06355000,0.18600000
2018-03-18 14:02:06,0.06354800,0.31900000
2018-03-18 14:02:06,0.06354800,0.29500000
2018-03-18 14:02:06,0.06352700,0.08700000
2018-03-18 14:02:07,0.06363500,0.01400000
2018-03-18 14:02:07,0.06362400,0.27400000
2018-03-18 14:02:07,0.06355100,0.43500000
2018-03-18 14:02:07,0.06355000,0.30800000
2018-03-18 14:02:08,0.06355000,0.00900000
2018-03-18 14:02:08,0.06360000,0.26900000
2018-03-18 14:02:08,0.06356200,0.04600000
2018-03-18 14:02:08,0.06356200,0.02300000
2018-03-18 14:02:08,0.06356200,0.02700000
2018-03-18 14:02:08,0.06354500,1.26100000
2018-03-18 14:02:08,0.06354900,0.06100000
2018-03-18 14:02:08,0.06354900,0.08500000
2018-03-18 14:02:08,0.06354900,0.00400000
2018-03-18 14:02:09,0.06354500,0.01600000
2018-03-18 14:02:09,0.06354900,0.53500000
2018-03-18 14:02:09,0.06354900,0.00100000
2018-03-18 14:02:09,0.06355000,0.20900000
2018-03-18 14:02:09,0.06355000,0.06400000
2018-03-18 14:02:09,0.06359900,0.47100000
2018-03-18 14:02:09,0.06354500,0.15600000
2018-03-18 14:02:09,0.06354500,0.01900000
2018-03-18 14:02:09,0.06355400,0.40000000
2018-03-18 14:02:09,0.06354500,0.37100000
2018-03-18 14:02:10,0.06356600,0.06500000
2018-03-18 14:02:10,0.06356600,1.31400000
2018-03-18 14:02:10,0.06356600,0.08400000
2018-03-18 14:02:10,0.06356600,0.37000000
2018-03-18 14:02:10,0.06356600,0.08200000
2018-03-18 14:02:10,0.06359900,0.23700000
2018-03-18 14:02:10,0.06360000,0.71700000
2018-03-18 14:02:10,0.06360000,0.29900000
2018-03-18 14:02:10,0.06356600,0.52600000
2018-03-18 14:02:11,0.06360000,3.01200000
2018-03-18 14:02:11,0.06356600,1.39000000
2018-03-18 14:02:12,0.06360900,0.00100000
2018-03-18 14:02:13,0.06356600,0.07600000
2018-03-18 14:02:13,0.06356600,0.31500000
2018-03-18 14:02:13,0.06356600,0.15700000
2018-03-18 14:02:14,0.06356600,2.61800000
2018-03-18 14:02:14,0.06356600,0.16300000
2018-03-18 14:02:15,0.06356600,0.20100000
2018-03-18 14:02:15,0.06356600,0.09600000
2018-03-18 14:02:15,0.06360900,0.30800000
2018-03-18 14:02:15,0.06362300,0.55900000
2018-03-18 14:02:15,0.06362400,1.79800000
2018-03-18 14:02:15,0.06363300,0.25200000
2018-03-18 14:02:15,0.06363500,0.43500000
2018-03-18 14:02:15,0.06363600,0.65000000
2018-03-18 14:02:15,0.06363900,0.02800000
2018-03-18 14:02:16,0.06356700,0.02700000
2018-03-18 14:02:16,0.06363200,0.01900000
2018-03-18 14:02:16,0.06360900,0.19800000
2018-03-18 14:02:16,0.06357000,0.20700000
2018-03-18 14:02:17,0.06357000,0.03300000
2018-03-18 14:02:17,0.06357000,0.06000000
2018-03-18 14:02:17,0.06356600,0.58100000
2018-03-18 14:02:18,0.06357000,0.06400000
2018-03-18 14:02:18,0.06360900,0.00200000
2018-03-18 14:02:19,0.06357000,0.08600000
2018-03-18 14:02:19,0.06360900,0.61000000
2018-03-18 14:02:19,0.06361000,0.24000000
2018-03-18 14:02:19,0.06363800,0.52100000
2018-03-18 14:02:19,0.06363900,0.10900000
2018-03-18 14:02:20,0.06357100,1.00000000
2018-03-18 14:02:20,0.06357000,0.24000000
2018-03-18 14:02:20,0.06356800,0.63200000
2018-03-18 14:02:20,0.06356700,2.60800000
2018-03-18 14:02:20,0.06356600,5.11800000
2018-03-18 14:02:20,0.06356200,0.28000000
2018-03-18 14:02:20,0.06356100,0.12200000
2018-03-18 14:02:21,0.06356100,0.03000000
2018-03-18 14:02:21,0.06357200,0.04700000
2018-03-18 14:02:21,0.06357200,0.39800000
2018-03-18 14:02:21,0.06357200,0.11400000
2018-03-18 14:02:22,0.06356300,0.09100000
2018-03-18 14:02:23,0.06356400,2.47800000
2018-03-18 14:02:24,0.06363700,0.12200000
2018-03-18 14:02:25,0.06363600,0.15700000
2018-03-18 14:02:26,0.06357200,0.04600000
2018-03-18 14:02:26,0.06357200,0.26700000
2018-03-18 14:02:27,0.06357200,0.01800000
2018-03-18 14:02:28,0.06357200,1.05000000
2018-03-18 14:02:29,0.06357500,0.40000000
2018-03-18 14:02:29,0.06357500,1.13000000
2018-03-18 14:02:29,0.06357500,0.11600000
2018-03-18 14:02:30,0.06357500,0.21500000
2018-03-18 14:02:30,0.06357500,0.13700000
2018-03-18 14:02:30,0.06357500,0.13800000
2018-03-18 14:02:30,0.06357500,0.13800000
2018-03-18 14:02:32,0.06362300,0.07900000
2018-03-18 14:02:32,0.06357500,0.22000000
2018-03-18 14:02:32,0.06357500,0.56100000
2018-03-18 14:02:32,0.06357200,0.21900000
2018-03-18 14:02:32,0.06357200,0.23400000
2018-03-18 14:02:32,0.06357200,0.06700000
2018-03-18 14:02:32,0.06362000,0.30000000
2018-03-18 14:02:33,0.06362500,0.33000000
2018-03-18 14:02:33,0.06363300,0.54100000
2018-03-18 14:02:33,0.06363700,0.32800000
2018-03-18 14:02:33,0.06362400,0.08900000
2018-03-18 14:02:33,0.06361900,0.06200000
2018-03-18 14:02:33,0.06363800,0.63200000
2018-03-18 14:02:33,0.06363900,0.13900000
2018-03-18 14:02:34,0.06365100,0.45800000
2018-03-18 14:02:34,0.06357200,0.00100000
2018-03-18 14:02:34,0.06357100,0.19700000
2018-03-18 14:02:34,0.06368000,0.15100000
2018-03-18 14:02:34,0.06368900,0.01700000
2018-03-18 14:02:34,0.06369700,1.18700000
2018-03-18 14:02:34,0.06369800,0.48600000
2018-03-18 14:02:35,0.06362000,0.12300000
2018-03-18 14:02:35,0.06362000,0.17700000
2018-03-18 14:02:35,0.06357900,0.12200000
2018-03-18 14:02:35,0.06357900,0.29900000
2018-03-18 14:02:35,0.06357900,0.29900000
2018-03-18 14:02:35,0.06357900,1.14300000
2018-03-18 14:02:35,0.06357900,0.00100000
2018-03-18 14:02:35,0.06357800,0.02400000
2018-03-18 14:02:35,0.06357900,0.24900000
2018-03-18 14:02:36,0.06358000,0.54100000
2018-03-18 14:02:36,0.06357900,0.50800000
2018-03-18 14:02:36,0.06357700,0.27300000
2018-03-18 14:02:36,0.06367700,1.86400000
2018-03-18 14:02:36,0.06367800,0.50700000
2018-03-18 14:02:36,0.06358000,4.36100000
2018-03-18 14:02:37,0.06357900,0.14900000
2018-03-18 14:02:37,0.06357900,0.40000000
2018-03-18 14:02:38,0.06358100,1.86600000
2018-03-18 14:02:38,0.06358000,0.54100000
2018-03-18 14:02:38,0.06357700,1.36500000
2018-03-18 14:02:38,0.06357100,0.16100000
2018-03-18 14:02:38,0.06357100,0.44100000
2018-03-18 14:02:39,0.06358300,0.69800000
2018-03-18 14:02:39,0.06366000,0.03600000
2018-03-18 14:02:39,0.06358300,0.02100000
2018-03-18 14:02:40,0.06358300,0.40000000
2018-03-18 14:02:40,0.06358300,0.25500000
2018-03-18 14:02:40,0.06358200,0.39800000
2018-03-18 14:02:40,0.06358200,0.30000000
2018-03-18 14:02:40,0.06358200,0.00100000
2018-03-18 14:02:40,0.06357200,0.64300000
2018-03-18 14:02:40,0.06357100,0.20100000
2018-03-18 14:02:40,0.06357000,2.20800000
2018-03-18 14:02:40,0.06355500,0.53900000
2018-03-18 14:02:40,0.06354500,1.17700000
2018-03-18 14:02:40,0.06354100,3.23100000
2018-03-18 14:02:40,0.06365900,5.25700000
2018-03-18 14:02:40,0.06366000,0.26400000
2018-03-18 14:02:40,0.06358000,0.03800000
2018-03-18 14:02:41,0.06358000,0.00200000
2018-03-18 14:02:41,0.06354600,0.96100000
2018-03-18 14:02:42,0.06358100,0.40000000
2018-03-18 14:02:42,0.06358100,0.26500000
2018-03-18 14:02:42,0.06365100,0.01700000
2018-03-18 14:02:42,0.06358100,0.82700000
2018-03-18 14:02:44,0.06354600,0.04700000
2018-03-18 14:02:44,0.06354000,0.05900000
2018-03-18 14:02:44,0.06353200,0.17200000
2018-03-18 14:02:44,0.06353200,0.10800000
2018-03-18 14:02:44,0.06353000,0.04900000
2018-03-18 14:02:44,0.06363700,0.07900000
2018-03-18 14:02:44,0.06355000,0.06400000
2018-03-18 14:02:44,0.06355000,0.06700000
2018-03-18 14:02:45,0.06355000,0.12900000
2018-03-18 14:02:45,0.06354700,0.10800000
2018-03-18 14:02:45,0.06354700,0.07900000
2018-03-18 14:02:45,0.06361400,0.04000000
2018-03-18 14:02:45,0.06354700,2.47100000
2018-03-18 14:02:45,0.06354700,0.23500000
2018-03-18 14:02:46,0.06355000,0.05000000
2018-03-18 14:02:46,0.06355000,0.00200000
2018-03-18 14:02:46,0.06360800,0.04900000
2018-03-18 14:02:46,0.06354700,0.24900000
2018-03-18 14:02:46,0.06354500,0.44200000
2018-03-18 14:02:46,0.06352100,0.05600000
2018-03-18 14:02:47,0.06354400,0.08800000
2018-03-18 14:02:47,0.06354400,0.41900000
2018-03-18 14:02:47,0.06354400,0.13500000
2018-03-18 14:02:47,0.06352000,0.02200000
2018-03-18 14:02:47,0.06353900,0.05700000
2018-03-18 14:02:47,0.06353900,0.20000000
2018-03-18 14:02:47,0.06353900,0.24500000
2018-03-18 14:02:47,0.06354000,0.17000000
2018-03-18 14:02:47,0.06354400,0.00100000
2018-03-18 14:02:47,0.06356000,0.53900000
2018-03-18 14:02:47,0.06361400,0.09100000
2018-03-18 14:02:47,0.06363600,0.32200000
2018-03-18 14:02:48,0.06354000,0.13000000
2018-03-18 14:02:49,0.06357800,0.14600000
2018-03-18 14:02:50,0.06352000,0.01900000
2018-03-18 14:02:53,0.06353900,0.02400000
2018-03-18 14:02:53,0.06362700,0.32400000
2018-03-18 14:02:54,0.06358000,0.09600000
2018-03-18 14:02:56,0.06358000,0.00100000
2018-03-18 14:02:56,0.06354000,0.30600000
2018-03-18 14:02:56,0.06354000,0.15800000
2018-03-18 14:02:56,0.06354000,0.15800000
2018-03-18 14:02:57,0.06354100,0.20100000
2018-03-18 14:02:57,0.06354100,0.13700000
2018-03-18 14:02:59,0.06360300,0.52000000
2018-03-18 14:02:59,0.06354100,0.02000000
2018-03-18 14:03:00,0.06360400,0.12700000
2018-03-18 14:03:00,0.06354100,0.19100000
2018-03-18 14:03:01,0.06353900,0.03000000
2018-03-18 14:03:03,0.06360400,0.03200000
2018-03-18 14:03:03,0.06363000,0.01800000
2018-03-18 14:03:03,0.06354100,0.01700000
2018-03-18 14:03:03,0.06353900,0.13500000
2018-03-18 14:03:03,0.06353100,0.15200000
2018-03-18 14:03:03,0.06353100,0.84600000
2018-03-18 14:03:03,0.06353100,0.00200000
2018-03-18 14:03:03,0.06352500,0.22900000
2018-03-18 14:03:03,0.06352500,0.29300000
2018-03-18 14:03:04,0.06353100,0.05200000
2018-03-18 14:03:04,0.06353100,0.08500000
2018-03-18 14:03:04,0.06360800,0.05100000
2018-03-18 14:03:04,0.06360800,0.13600000
2018-03-18 14:03:04,0.06353000,0.29800000
2018-03-18 14:03:05,0.06353100,0.03700000
2018-03-18 14:03:05,0.06353100,0.03200000
2018-03-18 14:03:05,0.06360700,0.03600000
2018-03-18 14:03:05,0.06360700,0.03100000
2018-03-18 14:03:05,0.06353000,0.00200000
2018-03-18 14:03:05,0.06352000,0.06200000
2018-03-18 14:03:05,0.06352000,0.26600000
2018-03-18 14:03:05,0.06352000,0.24700000
2018-03-18 14:03:06,0.06352000,0.85000000
2018-03-18 14:03:06,0.06352000,0.00300000
2018-03-18 14:03:07,0.06360000,0.15200000
2018-03-18 14:03:07,0.06351500,0.84200000
2018-03-18 14:03:07,0.06351000,0.31100000
2018-03-18 14:03:10,0.06359600,0.31400000
2018-03-18 14:03:11,0.06351000,0.14900000
2018-03-18 14:03:11,0.06352000,0.63100000
2018-03-18 14:03:12,0.06353000,1.38700000
2018-03-18 14:03:13,0.06358800,1.26800000
2018-03-18 14:03:13,0.06358800,0.10600000
2018-03-18 14:03:13,0.06358800,0.25900000
2018-03-18 14:03:13,0.06358800,0.25900000
2018-03-18 14:03:14,0.06358800,0.53200000
2018-03-18 14:03:14,0.06354500,0.52000000
2018-03-18 14:03:14,0.06354500,0.42400000
2018-03-18 14:03:14,0.06354500,0.69900000
2018-03-18 14:03:14,0.06354500,0.20400000
2018-03-18 14:03:14,0.06354500,2.25300000
2018-03-18 14:03:15,0.06358800,0.42300000
2018-03-18 14:03:16,0.06353000,0.00100000
2018-03-18 14:03:16,0.06352200,0.33600000
2018-03-18 14:03:17,0.06352200,0.02000000
2018-03-18 14:03:17,0.06352200,0.16800000
2018-03-18 14:03:17,0.06352000,0.01900000
2018-03-18 14:03:17,0.06358800,0.00100000
2018-03-18 14:03:17,0.06359400,0.32700000
2018-03-18 14:03:17,0.06360300,0.46600000
2018-03-18 14:03:17,0.06360400,0.24700000
2018-03-18 14:03:17,0.06352000,0.37900000
2018-03-18 14:03:18,0.06359000,0.29900000
2018-03-18 14:03:20,0.06355000,3.04600000
2018-03-18 14:03:20,0.06355000,3.00000000
2018-03-18 14:03:20,0.06355000,0.55500000
2018-03-18 14:03:20,0.06355000,0.36500000
2018-03-18 14:03:20,0.06355000,0.36500000
2018-03-18 14:03:20,0.06355000,0.29200000
2018-03-18 14:03:20,0.06355000,0.24000000
2018-03-18 14:03:20,0.06355000,2.13700000
2018-03-18 14:03:20,0.06359000,0.00100000
2018-03-18 14:03:20,0.06359300,0.52400000
2018-03-18 14:03:20,0.06360400,0.10700000
2018-03-18 14:03:20,0.06360500,0.22200000
2018-03-18 14:03:20,0.06360500,2.36800000
2018-03-18 14:03:20,0.06360500,0.97600000
2018-03-18 14:03:20,0.06363600,0.18500000
2018-03-18 14:03:20,0.06363700,1.21500000
2018-03-18 14:03:20,0.06363700,0.24100000
2018-03-18 14:03:20,0.06360500,0.30000000
2018-03-18 14:03:21,0.06360500,0.20200000
2018-03-18 14:03:21,0.06358100,0.03100000
2018-03-18 14:03:21,0.06358100,0.02900000
2018-03-18 14:03:21,0.06358100,0.02700000
2018-03-18 14:03:21,0.06358100,0.02300000
2018-03-18 14:03:23,0.06358100,0.00100000
2018-03-18 14:03:23,0.06357200,0.52400000
2018-03-18 14:03:23,0.06355000,0.36500000
2018-03-18 14:03:23,0.06353400,1.39600000
2018-03-18 14:03:23,0.06356100,0.52300000
2018-03-18 14:03:24,0.06356200,0.23600000
2018-03-18 14:03:24,0.06356200,0.19200000
2018-03-18 14:03:26,0.06358700,0.08600000
2018-03-18 14:03:26,0.06358700,1.13100000
2018-03-18 14:03:26,0.06358700,0.00100000
2018-03-18 14:03:26,0.06363500,0.52400000
2018-03-18 14:03:26,0.06363800,0.31000000
2018-03-18 14:03:26,0.06365000,0.01300000
2018-03-18 14:03:27,0.06358600,0.64100000
2018-03-18 14:03:27,0.06358600,0.75500000
2018-03-18 14:03:27,0.06364900,0.63800000
2018-03-18 14:03:27,0.06356200,0.75900000
2018-03-18 14:03:27,0.06356200,0.11900000
2018-03-18 14:03:27,0.06356300,0.53400000
2018-03-18 14:03:27,0.06356300,0.00100000
2018-03-18 14:03:27,0.06353200,0.18500000
2018-03-18 14:03:29,0.06364200,1.03800000
2018-03-18 14:03:29,0.06364200,1.98700000
2018-03-18 14:03:32,0.06360500,0.10300000
2018-03-18 14:03:32,0.06357100,2.35900000
2018-03-18 14:03:32,0.06357000,1.15400000
2018-03-18 14:03:32,0.06356700,0.47200000
2018-03-18 14:03:32,0.06356600,1.38400000
2018-03-18 14:03:32,0.06355700,0.53200000
2018-03-18 14:03:32,0.06355000,4.09800000
2018-03-18 14:03:32,0.06355000,0.00100000
2018-03-18 14:03:32,0.06360500,0.00100000
2018-03-18 14:03:32,0.06363900,0.35900000
2018-03-18 14:03:33,0.06363900,0.47500000
2018-03-18 14:03:34,0.06356600,0.02300000
2018-03-18 14:03:34,0.06356600,0.03900000
2018-03-18 14:03:34,0.06353800,0.34000000
2018-03-18 14:03:34,0.06352400,0.10100000
2018-03-18 14:03:35,0.06352500,0.02200000
2018-03-18 14:03:35,0.06356400,0.07700000
2018-03-18 14:03:35,0.06356400,0.05700000
2018-03-18 14:03:36,0.06356400,0.01600000
2018-03-18 14:03:36,0.06352600,0.01200000
2018-03-18 14:03:36,0.06356400,0.00200000
2018-03-18 14:03:36,0.06362900,0.09800000
2018-03-18 14:03:37,0.06356000,0.30900000
2018-03-18 14:03:37,0.06356000,0.00100000
2018-03-18 14:03:37,0.06362700,0.02200000
2018-03-18 14:03:38,0.06358700,0.85100000
2018-03-18 14:03:38,0.06353600,0.15600000
2018-03-18 14:03:38,0.06353100,1.01200000
2018-03-18 14:03:38,0.06353000,0.31000000
2018-03-18 14:03:38,0.06352700,1.15500000
2018-03-18 14:03:38,0.06362600,0.10000000
2018-03-18 14:03:38,0.06359800,0.05300000
2018-03-18 14:03:39,0.06359800,0.11000000
2018-03-18 14:03:39,0.06359800,0.39800000
2018-03-18 14:03:39,0.06362500,3.45100000
2018-03-18 14:03:39,0.06362600,0.15500000
2018-03-18 14:03:39,0.06359800,0.20800000
2018-03-18 14:03:39,0.06359800,0.00100000
2018-03-18 14:03:40,0.06357900,0.65400000
2018-03-18 14:03:40,0.06362500,0.10000000
2018-03-18 14:03:41,0.06362000,0.30900000
2018-03-18 14:03:41,0.06361900,0.68700000
2018-03-18 14:03:41,0.06362000,0.00100000
2018-03-18 14:03:41,0.06362300,0.08500000
2018-03-18 14:03:41,0.06362300,0.44700000
2018-03-18 14:03:41,0.06362600,0.35400000
2018-03-18 14:03:41,0.06362700,2.19900000
2018-03-18 14:03:41,0.06362700,0.22700000
2018-03-18 14:03:42,0.06361800,0.51600000
2018-03-18 14:03:43,0.06359000,0.35300000
2018-03-18 14:03:44,0.06359000,0.02300000
2018-03-18 14:03:44,0.06362500,0.23000000
2018-03-18 14:03:45,0.06362500,0.05000000
2018-03-18 14:03:45,0.06359000,0.04100000
2018-03-18 14:03:45,0.06359000,0.41400000
2018-03-18 14:03:46,0.06362500,0.06500000
2018-03-18 14:03:46,0.06362700,0.62200000
2018-03-18 14:03:47,0.06355000,10.00000000
2018-03-18 14:03:48,0.06362400,0.55100000
2018-03-18 14:03:49,0.06357000,1.22600000
2018-03-18 14:03:49,0.06357000,1.30800000
2018-03-18 14:03:49,0.06357000,0.16700000
2018-03-18 14:03:50,0.06357000,2.06800000
2018-03-18 14:03:50,0.06362400,0.12800000
2018-03-18 14:03:50,0.06362600,0.49500000
2018-03-18 14:03:50,0.06362700,14.69800000
2018-03-18 14:03:50,0.06363800,0.26800000
2018-03-18 14:03:50,0.06365000,3.09100000
2018-03-18 14:03:50,0.06367700,0.04200000
2018-03-18 14:03:50,0.06367700,0.01400000
2018-03-18 14:03:50,0.06367800,0.10000000
2018-03-18 14:03:50,0.06367900,0.04700000
2018-03-18 14:03:50,0.06368500,0.25700000
2018-03-18 14:03:50,0.06368800,0.09800000
2018-03-18 14:03:50,0.06369800,0.28700000
2018-03-18 14:03:50,0.06369900,0.01600000
2018-03-18 14:03:50,0.06370000,0.01700000
2018-03-18 14:03:50,0.06370800,0.20000000
2018-03-18 14:03:50,0.06357100,0.30000000
2018-03-18 14:03:50,0.06357200,0.10000000
2018-03-18 14:03:50,0.06357200,0.08400000
2018-03-18 14:03:51,0.06357700,1.56800000
2018-03-18 14:03:52,0.06358300,0.41600000
2018-03-18 14:03:52,0.06358300,0.02300000
2018-03-18 14:03:52,0.06358300,0.13300000
2018-03-18 14:03:53,0.06359100,0.08600000
2018-03-18 14:03:54,0.06362400,0.10000000
2018-03-18 14:03:54,0.06362400,1.27600000
2018-03-18 14:03:54,0.06362400,0.42900000
2018-03-18 14:03:54,0.06362400,0.21700000
2018-03-18 14:03:54,0.06362500,0.19900000
2018-03-18 14:03:54,0.06362500,0.04900000
2018-03-18 14:03:54,0.06362500,0.11000000
2018-03-18 14:03:54,0.06362500,0.43600000
2018-03-18 14:03:54,0.06369800,0.07600000
2018-03-18 14:03:54,0.06362500,0.06000000
2018-03-18 14:03:54,0.06362600,0.52800000
2018-03-18 14:03:54,0.06362500,0.25400000
2018-03-18 14:03:54,0.06363000,0.10400000
2018-03-18 14:03:55,0.06363000,0.03000000
2018-03-18 14:03:55,0.06363000,0.17600000
2018-03-18 14:03:55,0.06362600,0.02900000
2018-03-18 14:03:55,0.06362600,0.36400000
2018-03-18 14:03:55,0.06369200,0.33900000
2018-03-18 14:03:55,0.06362600,0.01400000
2018-03-18 14:03:56,0.06362600,0.06500000
2018-03-18 14:03:56,0.06362600,0.42500000
2018-03-18 14:03:56,0.06362600,0.06500000
2018-03-18 14:03:56,0.06362600,0.07000000
2018-03-18 14:03:57,0.06367900,0.14400000
2018-03-18 14:03:57,0.06362400,0.17400000
2018-03-18 14:03:57,0.06362400,5.00000000
2018-03-18 14:03:58,0.06362400,0.01100000
2018-03-18 14:03:58,0.06362400,0.04200000
2018-03-18 14:03:58,0.06362400,0.00400000
2018-03-18 14:03:58,0.06362400,0.56900000
2018-03-18 14:03:59,0.06362400,0.02200000
2018-03-18 14:03:59,0.06362400,0.03300000
2018-03-18 14:03:59,0.06362400,0.02300000
2018-03-18 14:04:00,0.06362700,0.19500000
2018-03-18 14:04:00,0.06362700,0.24900000
2018-03-18 14:04:01,0.06362700,0.05600000
2018-03-18 14:04:01,0.06362400,0.10700000
2018-03-18 14:04:01,0.06365400,0.20600000
2018-03-18 14:04:01,0.06366000,0.31000000
2018-03-18 14:04:01,0.06366400,0.11500000
2018-03-18 14:04:01,0.06366500,0.47200000
2018-03-18 14:04:01,0.06367700,0.03700000
2018-03-18 14:04:02,0.06362400,0.11300000
2018-03-18 14:04:02,0.06362400,0.36700000
2018-03-18 14:04:02,0.06362400,0.31400000
2018-03-18 14:04:02,0.06362400,0.02700000
2018-03-18 14:04:02,0.06362400,0.04700000
2018-03-18 14:04:03,0.06362400,0.05400000
2018-03-18 14:04:03,0.06364900,1.57000000
2018-03-18 14:04:03,0.06364900,0.17200000
2018-03-18 14:04:03,0.06362400,4.92100000
2018-03-18 14:04:03,0.06361300,0.52800000
2018-03-18 14:04:03,0.06357700,2.00000000
2018-03-18 14:04:03,0.06357000,0.00100000
2018-03-18 14:04:03,0.06356400,0.70000000
2018-03-18 14:04:03,0.06355000,1.15600000
2018-03-18 14:04:03,0.06358100,0.02100000
2018-03-18 14:04:03,0.06358100,0.02100000
2018-03-18 14:04:04,0.06358100,0.36000000
2018-03-18 14:04:04,0.06362400,0.16900000
2018-03-18 14:04:04,0.06362400,0.00100000
2018-03-18 14:04:04,0.06358100,0.02200000
2018-03-18 14:04:04,0.06355100,0.20000000
2018-03-18 14:04:04,0.06355000,0.30200000
2018-03-18 14:04:04,0.06355000,0.09700000
2018-03-18 14:04:05,0.06364500,0.04900000
2018-03-18 14:04:05,0.06360000,0.02900000
2018-03-18 14:04:05,0.06360000,4.97100000
2018-03-18 14:04:05,0.06355100,0.41500000
2018-03-18 14:04:05,0.06355100,0.04700000
2018-03-18 14:04:05,0.06355200,0.02100000
2018-03-18 14:04:06,0.06364300,0.20000000
2018-03-18 14:04:06,0.06364400,0.07800000
2018-03-18 14:04:06,0.06364400,0.40900000
2018-03-18 14:04:06,0.06364300,0.15600000
2018-03-18 14:04:06,0.06364400,1.87300000
2018-03-18 14:04:06,0.06364600,0.43100000
2018-03-18 14:04:08,0.06364100,0.53200000
2018-03-18 14:04:08,0.06364200,0.46200000
2018-03-18 14:04:08,0.06364300,0.02100000
2018-03-18 14:04:08,0.06364600,0.00900000
2018-03-18 14:04:08,0.06359300,0.01600000
2018-03-18 14:04:08,0.06359300,0.00100000
2018-03-18 14:04:08,0.06355100,0.34500000
2018-03-18 14:04:08,0.06355000,0.23100000
2018-03-18 14:04:09,0.06355000,0.29700000
2018-03-18 14:04:09,0.06355000,0.18700000
2018-03-18 14:04:10,0.06361400,0.18900000
2018-03-18 14:04:12,0.06364300,0.26200000
2018-03-18 14:04:12,0.06361400,0.06100000
2018-03-18 14:04:15,0.06364200,0.02600000
2018-03-18 14:04:15,0.06364200,0.63600000
2018-03-18 14:04:15,0.06364200,0.06100000
2018-03-18 14:04:17,0.06364100,0.02700000
2018-03-18 14:04:17,0.06364100,1.03600000
2018-03-18 14:04:17,0.06364100,0.39800000
2018-03-18 14:04:17,0.06364200,0.77000000
2018-03-18 14:04:17,0.06364200,0.00100000
2018-03-18 14:04:17,0.06364100,0.17200000
2018-03-18 14:04:17,0.06361400,0.00100000
2018-03-18 14:04:17,0.06355200,0.21200000
2018-03-18 14:04:17,0.06355000,0.38400000
2018-03-18 14:04:18,0.06355200,0.04300000
2018-03-18 14:04:19,0.06355400,0.04200000
2018-03-18 14:04:20,0.06359900,0.05000000
2018-03-18 14:04:20,0.06359900,1.80000000
2018-03-18 14:04:21,0.06359900,0.01900000
2018-03-18 14:04:21,0.06357700,3.73200000
2018-03-18 14:04:21,0.06359900,0.79600000
2018-03-18 14:04:21,0.06359900,0.05700000
2018-03-18 14:04:22,0.06360000,0.35100000
2018-03-18 14:04:22,0.06359900,0.01700000
2018-03-18 14:04:22,0.06359900,0.04900000
2018-03-18 14:04:23,0.06360000,0.12200000
2018-03-18 14:04:23,0.06359900,0.11000000
2018-03-18 14:04:23,0.06360000,0.01900000
2018-03-18 14:04:25,0.06359900,0.01700000
2018-03-18 14:04:26,0.06359900,0.09900000
2018-03-18 14:04:26,0.06360000,9.50800000
2018-03-18 14:04:26,0.06360000,0.01700000
2018-03-18 14:04:27,0.06360000,1.18900000
2018-03-18 14:04:27,0.06359900,0.36400000
2018-03-18 14:04:29,0.06359900,0.03100000
2018-03-18 14:04:29,0.06359900,1.12500000
2018-03-18 14:04:29,0.06355500,0.24500000
2018-03-18 14:04:29,0.06355000,1.75500000
2018-03-18 14:04:29,0.06354300,6.87500000
2018-03-18 14:04:29,0.06354300,0.52200000
2018-03-18 14:04:30,0.06354500,0.19700000
2018-03-18 14:04:31,0.06354500,9.09500000
2018-03-18 14:04:32,0.06360000,0.31600000
2018-03-18 14:04:32,0.06354400,0.07100000
2018-03-18 14:04:32,0.06354600,0.04900000
2018-03-18 14:04:32,0.06359900,0.15900000
2018-03-18 14:04:33,0.06359900,0.04600000
2018-03-18 14:04:33,0.06359900,0.03900000
2018-03-18 14:04:34,0.06360000,0.50000000
2018-03-18 14:04:34,0.06360000,0.11000000
2018-03-18 14:04:35,0.06360000,4.07300000
2018-03-18 14:04:36,0.06354500,0.07600000
2018-03-18 14:04:36,0.06359900,0.66000000
2018-03-18 14:04:36,0.06360000,0.00100000
2018-03-18 14:04:36,0.06361200,0.05300000
2018-03-18 14:04:37,0.06362300,0.15700000
2018-03-18 14:04:37,0.06362400,0.02300000
2018-03-18 14:04:37,0.06363300,0.40900000
2018-03-18 14:04:37,0.06364000,0.04900000
2018-03-18 14:04:37,0.06364100,0.26800000
2018-03-18 14:04:37,0.06364300,0.34500000
2018-03-18 14:04:37,0.06364400,0.04600000
2018-03-18 14:04:37,0.06355000,0.27100000
2018-03-18 14:04:38,0.06362200,0.07700000
2018-03-18 14:04:38,0.06362000,0.04400000
2018-03-18 14:04:39,0.06362000,0.21000000
2018-03-18 14:04:39,0.06355200,0.03900000
2018-03-18 14:04:40,0.06354400,0.02600000
2018-03-18 14:04:40,0.06354400,0.14300000
2018-03-18 14:04:41,0.06355000,0.18700000
2018-03-18 14:04:42,0.06362100,0.30700000
2018-03-18 14:04:42,0.06362200,3.18800000
2018-03-18 14:04:43,0.06355100,0.11000000
2018-03-18 14:04:43,0.06355200,0.25400000
2018-03-18 14:04:44,0.06355100,0.30700000
2018-03-18 14:04:44,0.06354900,0.52500000
2018-03-18 14:04:44,0.06354600,0.20300000
2018-03-18 14:04:44,0.06354600,0.10400000
2018-03-18 14:04:44,0.06355000,0.24500000
2018-03-18 14:04:45,0.06354400,0.02900000
2018-03-18 14:04:45,0.06354400,0.45900000
2018-03-18 14:04:46,0.06355000,0.03700000
2018-03-18 14:04:46,0.06355000,0.11500000
2018-03-18 14:04:46,0.06355000,0.04900000
2018-03-18 14:04:46,0.06361900,0.14600000
2018-03-18 14:04:46,0.06361900,0.20000000
2018-03-18 14:04:47,0.06355000,0.29800000
2018-03-18 14:04:47,0.06355000,0.00200000
2018-03-18 14:04:47,0.06355000,0.38600000
2018-03-18 14:04:47,0.06354900,0.52300000
2018-03-18 14:04:48,0.06355000,2.27200000
2018-03-18 14:04:49,0.06354400,0.00200000
2018-03-18 14:04:49,0.06354300,0.05300000
2018-03-18 14:04:49,0.06353800,0.52500000
2018-03-18 14:04:49,0.06353400,2.31000000
2018-03-18 14:04:49,0.06353400,0.15700000
2018-03-18 14:04:49,0.06353400,0.06300000
2018-03-18 14:04:49,0.06355000,0.00100000
2018-03-18 14:04:49,0.06359900,0.09900000
2018-03-18 14:04:49,0.06353400,1.33500000
2018-03-18 14:04:50,0.06353400,0.03600000
2018-03-18 14:04:50,0.06359900,0.20500000
2018-03-18 14:04:50,0.06359900,0.19600000
2018-03-18 14:04:50,0.06353400,0.71700000
2018-03-18 14:04:50,0.06353400,0.71100000
2018-03-18 14:04:51,0.06359800,1.57200000
2018-03-18 14:04:51,0.06359800,0.34600000
2018-03-18 14:04:51,0.06359800,0.51000000
2018-03-18 14:04:51,0.06353400,0.09900000
2018-03-18 14:04:53,0.06356000,0.27300000
2018-03-18 14:04:53,0.06356000,0.03100000
2018-03-18 14:04:54,0.06356000,0.05000000
2018-03-18 14:04:54,0.06356000,0.36300000
2018-03-18 14:04:58,0.06359500,0.52400000
2018-03-18 14:04:58,0.06354400,0.40600000
2018-03-18 14:04:58,0.06354400,0.17700000
2018-03-18 14:04:58,0.06353400,1.63900000
2018-03-18 14:04:59,0.06359500,0.00100000
2018-03-18 14:04:59,0.06359500,0.19500000
2018-03-18 14:04:59,0.06359600,0.07300000
2018-03-18 14:04:59,0.06359500,0.00100000
2018-03-18 14:05:00,0.06353400,0.17400000
2018-03-18 14:05:00,0.06353400,2.51700000
2018-03-18 14:05:00,0.06353200,0.03100000
2018-03-18 14:05:00,0.06353000,1.15700000
2018-03-18 14:05:00,0.06352700,0.22600000
2018-03-18 14:05:00,0.06352600,0.52500000
2018-03-18 14:05:00,0.06352000,0.85100000
2018-03-18 14:05:01,0.06359400,0.05600000
2018-03-18 14:05:01,0.06359300,0.04700000
2018-03-18 14:05:02,0.06352000,0.27400000
2018-03-18 14:05:02,0.06352000,0.16800000
2018-03-18 14:05:02,0.06359300,0.47800000
2018-03-18 14:05:02,0.06359400,1.57700000
2018-03-18 14:05:02,0.06352000,0.07600000
2018-03-18 14:05:02,0.06359300,0.02400000
2018-03-18 14:05:03,0.06359000,0.05900000
2018-03-18 14:05:03,0.06359000,0.00100000
2018-03-18 14:05:03,0.06359200,0.31300000
2018-03-18 14:05:03,0.06352000,0.02600000
2018-03-18 14:05:03,0.06352000,0.21700000
2018-03-18 14:05:03,0.06352000,0.02000000
2018-03-18 14:05:03,0.06350600,0.50000000
2018-03-18 14:05:03,0.06350000,1.07100000
2018-03-18 14:05:04,0.06358900,0.10700000
2018-03-18 14:05:04,0.06358900,0.41600000
2018-03-18 14:05:04,0.06359100,0.36600000
2018-03-18 14:05:04,0.06359000,0.52400000
2018-03-18 14:05:06,0.06352000,0.04800000
2018-03-18 14:05:06,0.06350000,0.04800000
2018-03-18 14:05:06,0.06358900,0.12500000
2018-03-18 14:05:06,0.06350000,0.40000000
2018-03-18 14:05:06,0.06358900,0.04700000
2018-03-18 14:05:06,0.06350000,0.10300000
2018-03-18 14:05:07,0.06350000,0.20300000
2018-03-18 14:05:07,0.06358700,0.28800000
2018-03-18 14:05:07,0.06350100,0.85700000
2018-03-18 14:05:07,0.06358700,0.04700000
2018-03-18 14:05:07,0.06358700,0.06800000
2018-03-18 14:05:08,0.06358600,0.04700000
2018-03-18 14:05:08,0.06358600,0.04400000
2018-03-18 14:05:08,0.06358600,0.03300000
2018-03-18 14:05:08,0.06358600,0.12200000
2018-03-18 14:05:08,0.06358700,0.00500000
2018-03-18 14:05:08,0.06358500,0.24800000
2018-03-18 14:05:09,0.06358500,0.22600000
2018-03-18 14:05:09,0.06358700,0.64300000
2018-03-18 14:05:09,0.06358800,0.38000000
2018-03-18 14:05:09,0.06358800,0.03100000
2018-03-18 14:05:09,0.06358800,0.07800000
2018-03-18 14:05:09,0.06358800,0.15700000
2018-03-18 14:05:09,0.06358800,0.01800000
2018-03-18 14:05:09,0.06358800,0.01600000
2018-03-18 14:05:09,0.06358800,0.03300000
2018-03-18 14:05:09,0.06358600,0.07800000
2018-03-18 14:05:09,0.06358600,0.02000000
2018-03-18 14:05:09,0.06358600,0.06400000
2018-03-18 14:05:09,0.06358600,0.05500000
2018-03-18 14:05:09,0.06358600,0.78200000
2018-03-18 14:05:09,0.06358600,0.05400000
2018-03-18 14:05:09,0.06358600,0.40000000
2018-03-18 14:05:10,0.06350300,0.09700000
2018-03-18 14:05:11,0.06358000,0.19900000
2018-03-18 14:05:11,0.06358000,0.04100000
2018-03-18 14:05:11,0.06358400,0.03900000
2018-03-18 14:05:11,0.06358400,0.11700000
2018-03-18 14:05:11,0.06358400,0.07900000
2018-03-18 14:05:11,0.06358400,0.78100000
2018-03-18 14:05:11,0.06350500,0.14800000
2018-03-18 14:05:11,0.06350400,0.25200000
2018-03-18 14:05:12,0.06358300,0.03800000
2018-03-18 14:05:13,0.06351100,0.43900000
2018-03-18 14:05:13,0.06358300,0.02000000
2018-03-18 14:05:14,0.06351200,0.20900000
2018-03-18 14:05:14,0.06351100,0.05200000
2018-03-18 14:05:14,0.06354400,0.04700000
2018-03-18 14:05:14,0.06354400,0.04900000
2018-03-18 14:05:15,0.06354400,0.18800000
2018-03-18 14:05:15,0.06351200,1.10000000
2018-03-18 14:05:15,0.06351100,0.00100000
2018-03-18 14:05:15,0.06351100,0.09800000
2018-03-18 14:05:16,0.06351100,0.00100000
2018-03-18 14:05:16,0.06354400,0.00200000
2018-03-18 14:05:16,0.06357100,0.32300000
2018-03-18 14:05:16,0.06357200,1.34900000
2018-03-18 14:05:16,0.06350500,0.24100000
2018-03-18 14:05:16,0.06350000,0.09700000
2018-03-18 14:05:17,0.06350000,0.12600000
2018-03-18 14:05:17,0.06350000,0.17600000
2018-03-18 14:05:18,0.06357000,0.53700000
2018-03-18 14:05:18,0.06357000,0.00100000
2018-03-18 14:05:18,0.06357500,0.20800000
2018-03-18 14:05:19,0.06357400,0.06000000
2018-03-18 14:05:19,0.06350200,0.06000000
2018-03-18 14:05:19,0.06350100,0.24100000
2018-03-18 14:05:20,0.06355700,0.17000000
2018-03-18 14:05:20,0.06355700,0.23000000
2018-03-18 14:05:21,0.06350100,0.31700000
2018-03-18 14:05:21,0.06350100,0.13300000
2018-03-18 14:05:21,0.06357200,0.29700000
2018-03-18 14:05:21,0.06357300,1.10300000
2018-03-18 14:05:22,0.06357300,0.03400000
2018-03-18 14:05:22,0.06350000,0.14800000
2018-03-18 14:05:22,0.06350000,0.05400000
2018-03-18 14:05:22,0.06350000,0.15000000
2018-03-18 14:05:22,0.06349900,0.15000000
2018-03-18 14:05:23,0.06349900,0.32700000
2018-03-18 14:05:23,0.06350100,0.46700000
2018-03-18 14:05:23,0.06354000,0.40000000
2018-03-18 14:05:23,0.06357300,0.65300000
2018-03-18 14:05:23,0.06357400,0.78200000
2018-03-18 14:05:23,0.06357600,0.06500000
2018-03-18 14:05:23,0.06357600,0.01300000
2018-03-18 14:05:23,0.06358200,0.06000000
2018-03-18 14:05:23,0.06358200,0.82300000
2018-03-18 14:05:23,0.06358300,0.23200000
2018-03-18 14:05:23,0.06358300,0.52800000
2018-03-18 14:05:23,0.06358300,0.31700000
2018-03-18 14:05:23,0.06350100,0.47500000
2018-03-18 14:05:23,0.06350000,0.05300000
2018-03-18 14:05:23,0.06350000,0.24700000
2018-03-18 14:05:23,0.06349200,0.52800000
2018-03-18 14:05:23,0.06348900,0.05600000
2018-03-18 14:05:24,0.06358300,0.15400000
2018-03-18 14:05:24,0.06350100,0.49600000
2018-03-18 14:05:25,0.06350300,0.25000000
2018-03-18 14:05:25,0.06353700,0.07700000
2018-03-18 14:05:25,0.06353700,0.00100000
2018-03-18 14:05:25,0.06357200,0.07100000
2018-03-18 14:05:26,0.06357000,0.18600000
2018-03-18 14:05:26,0.06357100,0.76500000
2018-03-18 14:05:26,0.06357200,0.49600000
2018-03-18 14:05:26,0.06357300,0.47500000
2018-03-18 14:05:26,0.06358100,0.25700000
2018-03-18 14:05:26,0.06358100,0.78300000
2018-03-18 14:05:26,0.06358100,0.03800000
2018-03-18 14:05:26,0.06350300,0.25700000
2018-03-18 14:05:26,0.06350000,0.33100000
2018-03-18 14:05:27,0.06351100,0.10600000
2018-03-18 14:05:27,0.06351100,0.00100000
2018-03-18 14:05:27,0.06357000,0.07600000
2018-03-18 14:05:27,0.06357900,0.02900000
2018-03-18 14:05:27,0.06357900,0.03600000
2018-03-18 14:05:27,0.06357900,0.10600000
2018-03-18 14:05:27,0.06350100,0.29000000
2018-03-18 14:05:27,0.06350100,0.23800000
2018-03-18 14:05:27,0.06349100,0.05300000
2018-03-18 14:05:28,0.06349800,0.11900000
2018-03-18 14:05:28,0.06349800,0.14000000
2018-03-18 14:05:28,0.06350000,0.29200000
2018-03-18 14:05:28,0.06350000,0.04300000
2018-03-18 14:05:29,0.06349800,0.21500000
2018-03-18 14:05:29,0.06349800,0.00100000
2018-03-18 14:05:29,0.06349700,0.03800000
2018-03-18 14:05:29,0.06350000,0.14500000
2018-03-18 14:05:29,0.06350000,0.07100000
2018-03-18 14:05:29,0.06350000,0.06000000
2018-03-18 14:05:29,0.06349700,0.30700000
2018-03-18 14:05:29,0.06349700,0.00100000
2018-03-18 14:05:29,0.06349000,0.24000000
2018-03-18 14:05:29,0.06350000,0.27900000
2018-03-18 14:05:29,0.06350000,0.78200000
2018-03-18 14:05:29,0.06350000,0.09300000
2018-03-18 14:05:29,0.06350000,0.20000000
2018-03-18 14:05:29,0.06349100,0.40000000
2018-03-18 14:05:30,0.06350000,3.32500000
2018-03-18 14:05:30,0.06352900,0.14100000
2018-03-18 14:05:30,0.06355700,0.40000000
2018-03-18 14:05:30,0.06357600,0.25900000
2018-03-18 14:05:30,0.06357700,0.52800000
2018-03-18 14:05:30,0.06358000,0.46700000
2018-03-18 14:05:30,0.06358100,0.20300000
2018-03-18 14:05:31,0.06349200,1.02400000
2018-03-18 14:05:31,0.06349900,0.02700000
2018-03-18 14:05:31,0.06349900,0.05500000
2018-03-18 14:05:32,0.06349200,0.41400000
2018-03-18 14:05:32,0.06349200,0.00100000
2018-03-18 14:05:32,0.06348900,0.05300000
2018-03-18 14:05:32,0.06348900,0.04600000
2018-03-18 14:05:32,0.06348900,0.31400000
2018-03-18 14:05:32,0.06349200,0.14300000
2018-03-18 14:05:32,0.06349200,0.27200000
2018-03-18 14:05:32,0.06349900,0.00100000
2018-03-18 14:05:32,0.06353600,0.13600000
2018-03-18 14:05:32,0.06353600,0.24700000
2018-03-18 14:05:32,0.06349200,0.22700000
2018-03-18 14:05:32,0.06349200,0.18600000
2018-03-18 14:05:33,0.06349200,0.00100000
2018-03-18 14:05:33,0.06347600,0.05200000
2018-03-18 14:05:33,0.06346800,0.34700000
2018-03-18 14:05:33,0.06346800,0.40000000
2018-03-18 14:05:33,0.06346800,0.08100000
2018-03-18 14:05:34,0.06350000,0.03900000
2018-03-18 14:05:34,0.06346800,0.19900000
2018-03-18 14:05:35,0.06350000,0.21000000
2018-03-18 14:05:35,0.06353400,0.22100000
2018-03-18 14:05:35,0.06353400,0.06300000
2018-03-18 14:05:35,0.06353400,0.11000000
2018-03-18 14:05:35,0.06350000,0.24800000
2018-03-18 14:05:35,0.06353400,0.00600000
2018-03-18 14:05:35,0.06354700,0.52900000
2018-03-18 14:05:35,0.06354800,0.34000000
2018-03-18 14:05:35,0.06354900,0.61400000
2018-03-18 14:05:35,0.06357300,0.21600000
2018-03-18 14:05:35,0.06358100,0.32300000
2018-03-18 14:05:35,0.06358300,0.37100000
2018-03-18 14:05:35,0.06358300,0.50900000
2018-03-18 14:05:36,0.06350100,0.05100000
2018-03-18 14:05:37,0.06353000,0.07900000
2018-03-18 14:05:37,0.06358200,0.02800000
2018-03-18 14:05:37,0.06350200,0.52900000
2018-03-18 14:05:37,0.06346800,2.41800000
2018-03-18 14:05:38,0.06350300,0.48400000
2018-03-18 14:05:38,0.06350300,0.00100000
2018-03-18 14:05:38,0.06347300,0.41600000
2018-03-18 14:05:38,0.06347300,1.15500000
2018-03-18 14:05:38,0.06347100,0.52900000
2018-03-18 14:05:38,0.06346800,2.58500000
2018-03-18 14:05:38,0.06346500,0.18400000
2018-03-18 14:05:38,0.06346300,0.56100000
2018-03-18 14:05:38,0.06346000,1.90300000
2018-03-18 14:05:38,0.06345500,0.86300000
2018-03-18 14:05:38,0.06350000,0.07900000
2018-03-18 14:05:38,0.06350000,0.22000000
2018-03-18 14:05:39,0.06350300,0.03000000
2018-03-18 14:05:39,0.06349800,0.13100000
2018-03-18 14:05:39,0.06349100,0.02900000
2018-03-18 14:05:39,0.06347300,1.03400000
2018-03-18 14:05:39,0.06347300,0.08000000
2018-03-18 14:05:39,0.06347300,0.02800000
2018-03-18 14:05:40,0.06349800,0.67900000
2018-03-18 14:05:40,0.06347300,0.77300000
2018-03-18 14:05:40,0.06347300,0.00100000
2018-03-18 14:05:41,0.06346900,0.15700000
2018-03-18 14:05:41,0.06347200,0.03900000
2018-03-18 14:05:41,0.06347200,0.25400000
2018-03-18 14:05:41,0.06347200,0.02300000
2018-03-18 14:05:41,0.06346900,0.19900000
2018-03-18 14:05:41,0.06346000,0.40000000
2018-03-18 14:05:41,0.06345500,1.78100000
2018-03-18 14:05:41,0.06347200,0.16800000
2018-03-18 14:05:41,0.06347200,0.00100000
2018-03-18 14:05:41,0.06347300,0.05100000
2018-03-18 14:05:41,0.06350000,0.13400000
2018-03-18 14:05:41,0.06350000,0.08600000
2018-03-18 14:05:41,0.06350300,0.15700000
2018-03-18 14:05:41,0.06345100,0.15700000
2018-03-18 14:05:41,0.06345100,0.31500000
2018-03-18 14:05:41,0.06346700,0.21900000
2018-03-18 14:05:41,0.06345100,0.05700000
2018-03-18 14:05:41,0.06344500,0.69000000
2018-03-18 14:05:41,0.06346700,0.31400000
2018-03-18 14:05:41,0.06346300,1.50000000
2018-03-18 14:05:41,0.06346300,0.37500000
2018-03-18 14:05:42,0.06344000,0.70000000
2018-03-18 14:05:42,0.06343600,0.70000000
2018-03-18 14:05:42,0.06346300,0.03900000
2018-03-18 14:05:42,0.06346300,0.01900000
2018-03-18 14:05:42,0.06346300,0.01500000
2018-03-18 14:05:42,0.06346700,0.05700000
2018-03-18 14:05:42,0.06346700,0.06700000
2018-03-18 14:05:42,0.06346700,0.07200000
2018-03-18 14:05:42,0.06346700,0.03300000
2018-03-18 14:05:42,0.06350000,0.03900000
2018-03-18 14:05:42,0.06350000,0.03100000
2018-03-18 14:05:42,0.06350000,0.01000000
2018-03-18 14:05:42,0.06350300,0.09100000
2018-03-18 14:05:42,0.06347200,1.04400000
2018-03-18 14:05:42,0.06347200,0.62500000
2018-03-18 14:05:42,0.06346000,0.40000000
2018-03-18 14:05:43,0.06342500,0.05800000
2018-03-18 14:05:43,0.06346900,0.29600000
2018-03-18 14:05:43,0.06346900,0.00100000
2018-03-18 14:05:43,0.06350300,0.20700000
2018-03-18 14:05:43,0.06353100,0.08000000
2018-03-18 14:05:43,0.06353100,0.21000000
2018-03-18 14:05:43,0.06342500,0.05900000
2018-03-18 14:05:43,0.06342500,0.00200000
2018-03-18 14:05:43,0.06342300,0.05800000
2018-03-18 14:05:44,0.06342300,0.49200000
2018-03-18 14:05:44,0.06349800,0.41500000
2018-03-18 14:05:44,0.06349800,0.02200000
2018-03-18 14:05:44,0.06347300,3.89000000
2018-03-18 14:05:45,0.06342400,0.41500000
2018-03-18 14:05:45,0.06349500,2.10100000
2018-03-18 14:05:45,0.06342400,0.10000000
2018-03-18 14:05:45,0.06349500,0.02400000
2018-03-18 14:05:46,0.06348700,0.43900000
2018-03-18 14:05:46,0.06348700,0.27300000
2018-03-18 14:05:46,0.06349400,0.08300000
2018-03-18 14:05:46,0.06349400,0.05400000
2018-03-18 14:05:46,0.06349400,0.08600000
2018-03-18 14:05:46,0.06349400,0.02200000
2018-03-18 14:05:47,0.06342400,0.57800000
2018-03-18 14:05:47,0.06349100,0.00200000
2018-03-18 14:05:48,0.06341200,0.19800000
2018-03-18 14:05:48,0.06341000,0.01700000
2018-03-18 14:05:48,0.06341000,0.80600000
2018-03-18 14:05:48,0.06349100,0.27600000
2018-03-18 14:05:48,0.06349100,2.72300000
2018-03-18 14:05:48,0.06349200,0.28700000
2018-03-18 14:05:48,0.06349100,0.08200000
2018-03-18 14:05:48,0.06349000,0.01600000
2018-03-18 14:05:48,0.06349000,0.30400000
2018-03-18 14:05:49,0.06341300,0.02200000
2018-03-18 14:05:49,0.06341300,1.14800000
2018-03-18 14:05:50,0.06341400,0.08100000
2018-03-18 14:05:51,0.06341400,0.00100000
2018-03-18 14:05:51,0.06341000,0.00100000
2018-03-18 14:05:51,0.06340900,0.15200000
2018-03-18 14:05:51,0.06339000,0.52700000
2018-03-18 14:05:51,0.06338500,0.04000000
2018-03-18 14:05:51,0.06347500,1.50000000
2018-03-18 14:05:51,0.06338600,0.46800000
2018-03-18 14:05:51,0.06338600,1.57500000
2018-03-18 14:05:52,0.06338400,0.46800000
2018-03-18 14:05:52,0.06338500,2.33100000
2018-03-18 14:05:52,0.06338500,0.00100000
2018-03-18 14:05:52,0.06336900,0.24400000
2018-03-18 14:05:53,0.06336700,1.53000000
2018-03-18 14:05:53,0.06346800,0.14700000
2018-03-18 14:05:53,0.06346900,0.09300000
2018-03-18 14:05:53,0.06336700,0.00100000
2018-03-18 14:05:53,0.06336300,0.39900000
2018-03-18 14:05:54,0.06336600,1.57000000
2018-03-18 14:05:54,0.06336300,0.07000000
2018-03-18 14:05:54,0.06336300,0.00100000
2018-03-18 14:05:54,0.06335900,0.08200000
2018-03-18 14:05:54,0.06335400,0.31700000
2018-03-18 14:05:54,0.06346800,0.07900000
2018-03-18 14:05:55,0.06336600,1.57000000
2018-03-18 14:05:55,0.06336800,0.04300000
2018-03-18 14:05:55,0.06336700,0.63600000
2018-03-18 14:05:57,0.06336800,0.14100000
2018-03-18 14:05:57,0.06344600,0.35000000
2018-03-18 14:05:57,0.06336800,0.10600000
2018-03-18 14:05:57,0.06336800,1.36600000
2018-03-18 14:05:57,0.06335400,0.35300000
2018-03-18 14:05:57,0.06335000,1.74700000
2018-03-18 14:05:58,0.06344500,0.52800000
2018-03-18 14:05:58,0.06344600,2.48200000
2018-03-18 14:05:58,0.06340600,4.60100000
2018-03-18 14:05:59,0.06337600,0.11700000
2018-03-18 14:05:59,0.06337600,0.04200000
2018-03-18 14:05:59,0.06340500,0.14700000
2018-03-18 14:05:59,0.06340500,0.01800000
2018-03-18 14:05:59,0.06340500,0.19400000
2018-03-18 14:05:59,0.06340500,1.18500000
2018-03-18 14:05:59,0.06344600,0.35800000
2018-03-18 14:05:59,0.06344600,0.44100000
2018-03-18 14:05:59,0.06344600,1.12900000
2018-03-18 14:05:59,0.06344800,0.01200000
2018-03-18 14:05:59,0.06337600,0.33900000
2018-03-18 14:05:59,0.06337500,0.07800000
2018-03-18 14:05:59,0.06335000,0.36300000
2018-03-18 14:05:59,0.06334500,0.24500000
2018-03-18 14:05:59,0.06337500,0.07700000
2018-03-18 14:05:59,0.06337500,0.00100000
2018-03-18 14:05:59,0.06344500,0.08000000
2018-03-18 14:06:00,0.06344400,2.30800000
2018-03-18 14:06:00,0.06344400,0.69500000
2018-03-18 14:06:00,0.06344300,0.02000000
2018-03-18 14:06:01,0.06344000,0.02400000
2018-03-18 14:06:02,0.06343800,1.35000000
2018-03-18 14:06:02,0.06343800,0.18800000
2018-03-18 14:06:03,0.06343700,1.80000000
2018-03-18 14:06:03,0.06343600,0.01700000
2018-03-18 14:06:04,0.06335100,0.53400000
2018-03-18 14:06:04,0.06335100,0.54300000
2018-03-18 14:06:05,0.06335200,0.40000000
2018-03-18 14:06:05,0.06335200,0.15700000
2018-03-18 14:06:06,0.06335300,0.96000000
2018-03-18 14:06:06,0.06335200,0.20000000
2018-03-18 14:06:06,0.06335400,0.35800000
2018-03-18 14:06:07,0.06335400,0.40000000
2018-03-18 14:06:08,0.06342500,0.20100000
2018-03-18 14:06:08,0.06335500,0.58300000
2018-03-18 14:06:09,0.06335600,0.18000000
2018-03-18 14:06:09,0.06342000,0.25400000
2018-03-18 14:06:10,0.06335600,1.81700000
2018-03-18 14:06:10,0.06335600,0.03200000
2018-03-18 14:06:10,0.06335500,0.24800000
2018-03-18 14:06:10,0.06338700,8.62200000
2018-03-18 14:06:10,0.06335500,2.67700000
2018-03-18 14:06:10,0.06335500,3.48100000
2018-03-18 14:06:10,0.06335500,0.02200000
2018-03-18 14:06:10,0.06335500,0.46800000
2018-03-18 14:06:11,0.06335500,0.34100000
2018-03-18 14:06:11,0.06341900,0.34000000
2018-03-18 14:06:11,0.06341900,0.03500000
2018-03-18 14:06:11,0.06341900,0.28800000
2018-03-18 14:06:11,0.06341900,0.34000000
2018-03-18 14:06:11,0.06341900,0.02000000
2018-03-18 14:06:11,0.06335300,0.61500000
2018-03-18 14:06:11,0.06335100,0.52800000
2018-03-18 14:06:11,0.06335000,0.03700000
2018-03-18 14:06:11,0.06335000,3.05900000
2018-03-18 14:06:11,0.06334300,0.65000000
2018-03-18 14:06:11,0.06334000,0.48200000
2018-03-18 14:06:11,0.06332000,0.52000000
2018-03-18 14:06:11,0.06331400,0.47400000
2018-03-18 14:06:11,0.06330000,0.75700000
2018-03-18 14:06:11,0.06335700,0.04700000
2018-03-18 14:06:11,0.06335700,0.05600000
2018-03-18 14:06:12,0.06341700,0.02200000
2018-03-18 14:06:12,0.06335400,0.02200000
2018-03-18 14:06:12,0.06335400,0.02100000
2018-03-18 14:06:12,0.06341800,0.04200000
2018-03-18 14:06:12,0.06341800,0.04200000
2018-03-18 14:06:12,0.06341800,0.04200000
2018-03-18 14:06:12,0.06341800,0.04200000
2018-03-18 14:06:12,0.06341800,0.01600000
2018-03-18 14:06:12,0.06341800,0.04200000
2018-03-18 14:06:12,0.06333600,0.40000000
2018-03-18 14:06:12,0.06330000,0.29300000
2018-03-18 14:06:12,0.06333500,0.28000000
2018-03-18 14:06:12,0.06333500,2.85400000
2018-03-18 14:06:12,0.06333500,3.09900000
2018-03-18 14:06:12,0.06333500,1.74400000
2018-03-18 14:06:12,0.06333500,2.83200000
2018-03-18 14:06:13,0.06333500,3.07800000
2018-03-18 14:06:13,0.06333500,0.51500000
2018-03-18 14:06:13,0.06333500,0.12500000
2018-03-18 14:06:13,0.06333500,0.10200000
2018-03-18 14:06:13,0.06333500,0.02600000
2018-03-18 14:06:13,0.06333500,0.05700000
2018-03-18 14:06:13,0.06333500,0.11500000
2018-03-18 14:06:13,0.06333500,0.06600000
2018-03-18 14:06:13,0.06333500,0.26200000
2018-03-18 14:06:13,0.06333500,1.19700000
2018-03-18 14:06:13,0.06333500,0.82900000
2018-03-18 14:06:13,0.06333500,0.34900000
2018-03-18 14:06:13,0.06330000,0.10800000
2018-03-18 14:06:13,0.06333500,0.01600000
2018-03-18 14:06:13,0.06333500,0.41600000
2018-03-18 14:06:13,0.06333500,4.34500000
2018-03-18 14:06:13,0.06333500,0.19600000
2018-03-18 14:06:13,0.06333500,0.10400000
2018-03-18 14:06:13,0.06333500,1.39300000
2018-03-18 14:06:13,0.06333000,0.03500000
2018-03-18 14:06:14,0.06333000,0.27400000
2018-03-18 14:06:14,0.06333000,0.00100000
2018-03-18 14:06:14,0.06336900,0.22300000
2018-03-18 14:06:14,0.06336900,0.27100000
2018-03-18 14:06:14,0.06336900,0.03400000
2018-03-18 14:06:14,0.06340400,0.24000000
2018-03-18 14:06:14,0.06340400,0.04800000
2018-03-18 14:06:14,0.06340400,0.32700000
2018-03-18 14:06:14,0.06340500,0.55400000
2018-03-18 14:06:14,0.06341700,0.75800000
2018-03-18 14:06:14,0.06341900,0.31800000
2018-03-18 14:06:14,0.06342400,0.18900000
2018-03-18 14:06:14,0.06330100,0.03900000
2018-03-18 14:06:14,0.06333000,0.06000000
2018-03-18 14:06:14,0.06330600,1.37300000
2018-03-18 14:06:14,0.06337900,0.41800000
2018-03-18 14:06:14,0.06330600,0.20500000
2018-03-18 14:06:14,0.06330200,0.88700000
2018-03-18 14:06:15,0.06337900,1.57200000
2018-03-18 14:06:15,0.06330200,0.15900000
2018-03-18 14:06:15,0.06337900,0.30500000
2018-03-18 14:06:15,0.06332000,0.02900000
2018-03-18 14:06:15,0.06332000,0.00100000
2018-03-18 14:06:15,0.06331000,0.02800000
2018-03-18 14:06:15,0.06331000,0.28200000
2018-03-18 14:06:15,0.06330700,0.18900000
2018-03-18 14:06:15,0.06330400,0.56400000
2018-03-18 14:06:16,0.06331100,0.49300000
2018-03-18 14:06:16,0.06337400,0.41600000
2018-03-18 14:06:16,0.06335400,0.02500000
2018-03-18 14:06:16,0.06337400,0.02400000
2018-03-18 14:06:16,0.06331100,0.04400000
2018-03-18 14:06:16,0.06330400,0.02600000
2018-03-18 14:06:16,0.06330400,0.02600000
2018-03-18 14:06:16,0.06330200,0.44700000
2018-03-18 14:06:16,0.06330100,1.14100000
2018-03-18 14:06:16,0.06330000,1.77000000
2018-03-18 14:06:16,0.06330000,0.18100000
2018-03-18 14:06:16,0.06330000,0.40000000
2018-03-18 14:06:17,0.06330000,1.24800000
2018-03-18 14:06:17,0.06336500,0.08400000
2018-03-18 14:06:17,0.06330000,0.63100000
2018-03-18 14:06:17,0.06330000,1.07300000
2018-03-18 14:06:17,0.06330000,1.68000000
2018-03-18 14:06:17,0.06329900,0.06900000
2018-03-18 14:06:17,0.06336000,0.11500000
2018-03-18 14:06:18,0.06336000,1.02000000
2018-03-18 14:06:18,0.06330000,0.04300000
2018-03-18 14:06:18,0.06335900,0.03900000
2018-03-18 14:06:18,0.06335900,0.05400000
2018-03-18 14:06:18,0.06335900,0.05400000
2018-03-18 14:06:19,0.06335900,0.39000000
2018-03-18 14:06:19,0.06336000,0.02000000
2018-03-18 14:06:19,0.06336500,0.36200000
2018-03-18 14:06:19,0.06336500,0.66300000
2018-03-18 14:06:19,0.06336300,0.03000000
2018-03-18 14:06:19,0.06329900,0.05700000
2018-03-18 14:06:19,0.06333000,0.07900000
2018-03-18 14:06:20,0.06333000,0.15000000
2018-03-18 14:06:20,0.06333000,0.11000000
2018-03-18 14:06:20,0.06336000,0.08700000
2018-03-18 14:06:20,0.06336000,0.20300000
2018-03-18 14:06:20,0.06336500,0.00600000
2018-03-18 14:06:20,0.06336600,0.07900000
2018-03-18 14:06:20,0.06336600,0.20900000
2018-03-18 14:06:20,0.06336600,0.02700000
2018-03-18 14:06:20,0.06333000,0.96300000
2018-03-18 14:06:20,0.06329900,0.10500000
2018-03-18 14:06:20,0.06336600,0.22200000
2018-03-18 14:06:20,0.06337200,0.47700000
2018-03-18 14:06:20,0.06337300,1.43200000
2018-03-18 14:06:20,0.06337900,0.49800000
2018-03-18 14:06:20,0.06340200,0.35600000
2018-03-18 14:06:20,0.06336100,0.13900000
2018-03-18 14:06:20,0.06342400,0.02200000
2018-03-18 14:06:20,0.06336100,0.09300000
2018-03-18 14:06:20,0.06333000,0.10800000
2018-03-18 14:06:20,0.06333000,0.00100000
2018-03-18 14:06:20,0.06342400,0.00100000
2018-03-18 14:06:20,0.06344100,0.10600000
2018-03-18 14:06:21,0.06342300,0.92100000
2018-03-18 14:06:21,0.06333200,0.10500000
2018-03-18 14:06:21,0.06333800,0.54800000
2018-03-18 14:06:23,0.06338400,0.99500000
2018-03-18 14:06:23,0.06334000,1.45100000
2018-03-18 14:06:23,0.06334000,1.99900000
2018-03-18 14:06:23,0.06334000,0.95600000
2018-03-18 14:06:23,0.06334000,0.23700000
2018-03-18 14:06:23,0.06333900,0.59500000
2018-03-18 14:06:23,0.06334000,0.63100000
2018-03-18 14:06:23,0.06334100,0.15000000
2018-03-18 14:06:23,0.06334100,1.16000000
2018-03-18 14:06:23,0.06334000,0.03900000
2018-03-18 14:06:23,0.06341800,0.23600000
2018-03-18 14:06:23,0.06334000,0.27100000
2018-03-18 14:06:24,0.06334100,4.18900000
2018-03-18 14:06:24,0.06334000,0.47000000
2018-03-18 14:06:24,0.06333900,0.16500000
2018-03-18 14:06:24,0.06333500,0.34700000
2018-03-18 14:06:24,0.06333500,1.04900000
2018-03-18 14:06:24,0.06333500,0.29800000
2018-03-18 14:06:24,0.06333500,1.48200000
2018-03-18 14:06:24,0.06341700,0.67100000
2018-03-18 14:06:24,0.06341800,0.89500000
2018-03-18 14:06:24,0.06342100,0.21300000
2018-03-18 14:06:24,0.06342100,0.35100000
2018-03-18 14:06:24,0.06342100,0.04600000
2018-03-18 14:06:24,0.06342100,0.25500000
2018-03-18 14:06:24,0.06341600,0.38600000
2018-03-18 14:06:24,0.06341600,0.78200000
2018-03-18 14:06:24,0.06334100,0.09800000
2018-03-18 14:06:24,0.06334100,0.25800000
2018-03-18 14:06:24,0.06333100,0.04100000
2018-03-18 14:06:25,0.06336500,0.05000000
2018-03-18 14:06:25,0.06336500,0.12300000
2018-03-18 14:06:25,0.06336500,0.76500000
2018-03-18 14:06:25,0.06336500,0.12700000
2018-03-18 14:06:25,0.06333100,0.45600000
2018-03-18 14:06:25,0.06336500,0.21800000
2018-03-18 14:06:25,0.06333100,0.00100000
2018-03-18 14:06:25,0.06333000,0.10800000
2018-03-18 14:06:25,0.06332900,0.61000000
2018-03-18 14:06:25,0.06330600,0.12200000
2018-03-18 14:06:26,0.06337300,0.07600000
2018-03-18 14:06:26,0.06337300,0.46000000
2018-03-18 14:06:26,0.06333200,0.56000000
2018-03-18 14:06:26,0.06333200,0.90200000
2018-03-18 14:06:26,0.06330800,0.30000000
2018-03-18 14:06:26,0.06341000,0.31000000
2018-03-18 14:06:26,0.06341300,0.08900000
2018-03-18 14:06:26,0.06330800,0.11400000
2018-03-18 14:06:26,0.06336500,0.13800000
2018-03-18 14:06:27,0.06336500,0.00200000
2018-03-18 14:06:27,0.06330800,1.00100000
2018-03-18 14:06:27,0.06330700,1.17000000
2018-03-18 14:06:27,0.06329900,0.42900000
2018-03-18 14:06:27,0.06329000,0.53600000
2018-03-18 14:06:27,0.06327700,0.47300000
2018-03-18 14:06:27,0.06327100,0.56400000
2018-03-18 14:06:27,0.06324800,0.36200000
2018-03-18 14:06:27,0.06324400,0.34000000
2018-03-18 14:06:27,0.06323100,0.27100000
2018-03-18 14:06:27,0.06323000,0.31500000
2018-03-18 14:06:27,0.06322800,0.40300000
2018-03-18 14:06:27,0.06322100,0.28400000
2018-03-18 14:06:27,0.06321700,1.28600000
2018-03-18 14:06:27,0.06320800,0.53000000
2018-03-18 14:06:27,0.06320400,0.35500000
2018-03-18 14:06:27,0.06320000,2.28000000
2018-03-18 14:06:27,0.06316900,1.35100000
2018-03-18 14:06:27,0.06316600,0.07900000
2018-03-18 14:06:27,0.06316500,0.40000000
2018-03-18 14:06:27,0.06316100,0.13600000
2018-03-18 14:06:27,0.06315400,0.40000000
2018-03-18 14:06:27,0.06315300,0.59500000
2018-03-18 14:06:27,0.06315100,0.16200000
2018-03-18 14:06:27,0.06312100,9.26600000
2018-03-18 14:06:27,0.06312000,12.00000000
2018-03-18 14:06:27,0.06310000,5.00000000
2018-03-18 14:06:27,0.06308500,0.10100000
2018-03-18 14:06:27,0.06308000,58.10700000
2018-03-18 14:06:27,0.06337100,0.02100000
2018-03-18 14:06:27,0.06337100,0.03100000
2018-03-18 14:06:27,0.06337100,0.79600000
2018-03-18 14:06:27,0.06337200,0.05000000
2018-03-18 14:06:27,0.06341300,0.48400000
2018-03-18 14:06:27,0.06331000,0.08300000
2018-03-18 14:06:27,0.06331000,0.12700000
2018-03-18 14:06:27,0.06331000,0.10000000
2018-03-18 14:06:27,0.06330000,1.14100000
2018-03-18 14:06:27,0.06330000,3.61900000
2018-03-18 14:06:27,0.06341300,0.05200000
2018-03-18 14:06:27,0.06341400,0.19800000
2018-03-18 14:06:28,0.06337100,0.28300000
2018-03-18 14:06:29,0.06337000,1.19900000
2018-03-18 14:06:29,0.06337100,0.00100000
2018-03-18 14:06:29,0.06340900,1.54400000
2018-03-18 14:06:29,0.06341000,0.84600000
2018-03-18 14:06:29,0.06341100,0.62500000
2018-03-18 14:06:29,0.06340700,0.14900000
2018-03-18 14:06:30,0.06326600,0.05200000
2018-03-18 14:06:30,0.06336900,0.35600000
2018-03-18 14:06:32,0.06336700,0.06300000
2018-03-18 14:06:32,0.06337300,0.47200000
2018-03-18 14:06:32,0.06337300,0.69600000
2018-03-18 14:06:33,0.06337300,0.06300000
2018-03-18 14:06:33,0.06337300,0.00100000
2018-03-18 14:06:33,0.06337500,0.06200000
2018-03-18 14:06:33,0.06330500,0.04800000
2018-03-18 14:06:33,0.06330500,0.03000000
2018-03-18 14:06:33,0.06330500,0.12800000
2018-03-18 14:06:33,0.06337500,0.12700000
2018-03-18 14:06:33,0.06330000,0.40700000
2018-03-18 14:06:34,0.06337500,0.16400000
2018-03-18 14:06:34,0.06337500,0.00200000
2018-03-18 14:06:34,0.06338500,0.05500000
2018-03-18 14:06:35,0.06337000,0.16100000
2018-03-18 14:06:35,0.06337000,0.14900000
2018-03-18 14:06:35,0.06340500,0.20500000
2018-03-18 14:06:35,0.06340500,0.06300000
2018-03-18 14:06:35,0.06340700,0.08500000
2018-03-18 14:06:36,0.06340700,0.10000000
2018-03-18 14:06:36,0.06331000,0.31000000
2018-03-18 14:06:36,0.06330600,0.25400000
2018-03-18 14:06:36,0.06340600,2.04600000
2018-03-18 14:06:36,0.06340700,1.78200000
2018-03-18 14:06:36,0.06341000,0.98200000
2018-03-18 14:06:36,0.06341100,0.83700000
2018-03-18 14:06:36,0.06342200,0.52800000
2018-03-18 14:06:36,0.06342400,0.40300000
2018-03-18 14:06:36,0.06342900,0.31500000
2018-03-18 14:06:36,0.06343000,0.59900000
2018-03-18 14:06:36,0.06343700,2.22700000
2018-03-18 14:06:36,0.06344100,0.40100000
2018-03-18 14:06:36,0.06344800,0.38800000
2018-03-18 14:06:36,0.06345500,0.01700000
2018-03-18 14:06:36,0.06346000,1.20300000
2018-03-18 14:06:36,0.06346800,0.15900000
2018-03-18 14:06:36,0.06347500,3.06500000
2018-03-18 14:06:36,0.06349700,0.75000000
2018-03-18 14:06:36,0.06349800,2.72300000
2018-03-18 14:06:36,0.06350000,2.63000000
2018-03-18 14:06:36,0.06351900,0.05600000
2018-03-18 14:06:36,0.06352900,0.40000000
2018-03-18 14:06:36,0.06353200,0.28400000
2018-03-18 14:06:36,0.06358200,0.08300000
2018-03-18 14:06:36,0.06358300,0.27900000
2018-03-18 14:06:36,0.06358600,0.03000000
2018-03-18 14:06:36,0.06360000,0.30000000
2018-03-18 14:06:36,0.06362500,0.13600000
2018-03-18 14:06:36,0.06364800,0.08200000
2018-03-18 14:06:36,0.06366500,0.51500000
2018-03-18 14:06:36,0.06366600,3.00000000
2018-03-18 14:06:36,0.06367900,2.00000000
2018-03-18 14:06:36,0.06368600,0.40300000
2018-03-18 14:06:36,0.06369900,0.58800000
2018-03-18 14:06:36,0.06370100,0.47100000
2018-03-18 14:06:36,0.06370300,0.80000000
2018-03-18 14:06:36,0.06370800,0.42400000
2018-03-18 14:06:36,0.06372600,0.56000000
2018-03-18 14:06:36,0.06378800,0.07800000
2018-03-18 14:06:36,0.06379600,0.19500000
2018-03-18 14:06:36,0.06380000,0.10000000
2018-03-18 14:06:36,0.06381600,3.11800000
2018-03-18 14:06:36,0.06381800,0.12000000
2018-03-18 14:06:36,0.06386100,0.05600000
2018-03-18 14:06:36,0.06386500,0.93900000
2018-03-18 14:06:36,0.06389000,0.10000000
2018-03-18 14:06:36,0.06389900,0.08200000
2018-03-18 14:06:36,0.06390800,0.15600000
2018-03-18 14:06:36,0.06391200,1.13400000
2018-03-18 14:06:36,0.06393700,0.29800000
2018-03-18 14:06:36,0.06394000,0.10000000
2018-03-18 14:06:36,0.06394200,0.50000000
2018-03-18 14:06:36,0.06394300,40.03600000
2018-03-18 14:06:36,0.06395500,0.02700000
2018-03-18 14:06:36,0.06397000,0.10000000
2018-03-18 14:06:36,0.06399000,0.10000000
2018-03-18 14:06:36,0.06400000,3.67500000
2018-03-18 14:06:36,0.06401000,0.10000000
2018-03-18 14:06:36,0.06401300,0.07300000
2018-03-18 14:06:36,0.06403800,0.20900000
2018-03-18 14:06:36,0.06407800,0.05000000
2018-03-18 14:06:36,0.06409900,11.11700000
2018-03-18 14:06:36,0.06337600,0.90700000
2018-03-18 14:06:36,0.06344400,0.03000000
2018-03-18 14:06:36,0.06344400,0.02100000
2018-03-18 14:06:36,0.06341400,0.91700000
2018-03-18 14:06:37,0.06346800,0.02300000
2018-03-18 14:06:37,0.06341500,0.31000000
2018-03-18 14:06:37,0.06341500,0.63600000
2018-03-18 14:06:37,0.06341400,0.30900000
2018-03-18 14:06:37,0.06341400,0.37400000
2018-03-18 14:06:37,0.06337700,0.57100000
2018-03-18 14:06:37,0.06337700,0.40000000
2018-03-18 14:06:37,0.06337700,1.03500000
2018-03-18 14:06:38,0.06343700,0.35500000
2018-03-18 14:06:38,0.06344900,0.28000000
2018-03-18 14:06:38,0.06345500,0.24900000
2018-03-18 14:06:38,0.06341500,0.02000000
2018-03-18 14:06:38,0.06345500,0.10000000
2018-03-18 14:06:38,0.06341500,0.10600000
2018-03-18 14:06:38,0.06345500,0.05100000
2018-03-18 14:06:38,0.06346800,2.75000000
2018-03-18 14:06:38,0.06348000,0.40000000
2018-03-18 14:06:38,0.06353900,0.36200000
2018-03-18 14:06:38,0.06358100,0.05600000
2018-03-18 14:06:38,0.06369400,0.20800000
2018-03-18 14:06:38,0.06341500,0.02300000
2018-03-18 14:06:39,0.06342000,0.06800000
2018-03-18 14:06:39,0.06342100,0.03200000
2018-03-18 14:06:39,0.06342100,0.52800000
2018-03-18 14:06:39,0.06346800,0.14900000
2018-03-18 14:06:39,0.06346800,1.15600000
2018-03-18 14:06:39,0.06346800,0.25400000
2018-03-18 14:06:39,0.06346800,0.36000000
2018-03-18 14:06:39,0.06354900,0.54000000
2018-03-18 14:06:39,0.06354900,0.01700000
2018-03-18 14:06:39,0.06346900,0.20500000
2018-03-18 14:06:39,0.06346900,0.34400000
2018-03-18 14:06:39,0.06354900,0.50500000
2018-03-18 14:06:39,0.06354900,0.13900000
2018-03-18 14:06:39,0.06355000,0.20000000
2018-03-18 14:06:39,0.06346900,0.00100000
2018-03-18 14:06:39,0.06346800,0.43700000
2018-03-18 14:06:39,0.06346800,0.02400000
2018-03-18 14:06:39,0.06346800,0.62000000
2018-03-18 14:06:39,0.06346800,0.34700000
2018-03-18 14:06:39,0.06346800,0.30400000
2018-03-18 14:06:40,0.06345500,0.35600000
2018-03-18 14:06:40,0.06345500,0.04400000
2018-03-18 14:06:40,0.06346800,0.25700000
2018-03-18 14:06:40,0.06346900,0.24900000
2018-03-18 14:06:40,0.06342100,0.74800000
2018-03-18 14:06:40,0.06342100,0.17600000
2018-03-18 14:06:40,0.06342100,0.24800000
2018-03-18 14:06:40,0.06340200,0.28400000
2018-03-18 14:06:40,0.06337800,0.11600000
2018-03-18 14:06:40,0.06345000,0.02600000
2018-03-18 14:06:41,0.06342100,0.07000000
2018-03-18 14:06:41,0.06342000,0.04500000
2018-03-18 14:06:41,0.06342100,0.02000000
2018-03-18 14:06:41,0.06342100,0.28800000
2018-03-18 14:06:41,0.06342000,0.10900000
2018-03-18 14:06:41,0.06342000,0.15600000
2018-03-18 14:06:41,0.06338100,0.23100000
2018-03-18 14:06:41,0.06342100,0.10000000
2018-03-18 14:06:43,0.06337700,0.20000000
2018-03-18 14:06:43,0.06337700,0.16200000
2018-03-18 14:06:44,0.06341800,0.06200000
2018-03-18 14:06:44,0.06337600,1.22600000
2018-03-18 14:06:45,0.06337600,0.41700000
2018-03-18 14:06:45,0.06334600,0.07600000
2018-03-18 14:06:45,0.06334500,1.88000000
2018-03-18 14:06:45,0.06334400,2.42700000
2018-03-18 14:06:45,0.06337600,0.21000000
2018-03-18 14:06:45,0.06334600,1.47200000
2018-03-18 14:06:45,0.06334400,0.07300000
2018-03-18 14:06:45,0.06333300,0.18400000
2018-03-18 14:06:45,0.06333300,1.02200000
2018-03-18 14:06:45,0.06332600,0.27300000
2018-03-18 14:06:46,0.06337600,0.14500000
2018-03-18 14:06:46,0.06332000,0.27000000
2018-03-18 14:06:46,0.06337600,0.22200000
2018-03-18 14:06:46,0.06337600,0.05400000
2018-03-18 14:06:46,0.06341700,0.54400000
2018-03-18 14:06:46,0.06342100,0.52200000
2018-03-18 14:06:46,0.06345200,0.40000000
2018-03-18 14:06:46,0.06345500,0.40000000
2018-03-18 14:06:46,0.06345700,0.49800000
2018-03-18 14:06:46,0.06346800,0.10000000
2018-03-18 14:06:47,0.06337300,0.04900000
2018-03-18 14:06:47,0.06337300,0.11900000
2018-03-18 14:06:47,0.06332100,0.45900000
2018-03-18 14:06:47,0.06332100,0.12300000
2018-03-18 14:06:47,0.06337300,0.00100000
2018-03-18 14:06:47,0.06338000,0.31000000
2018-03-18 14:06:47,0.06339800,0.53600000
2018-03-18 14:06:47,0.06343300,0.58600000
2018-03-18 14:06:47,0.06339800,0.43500000
2018-03-18 14:06:47,0.06339800,0.13000000
2018-03-18 14:06:48,0.06332300,2.04900000
2018-03-18 14:06:48,0.06332200,0.19900000
2018-03-18 14:06:48,0.06332200,0.07200000
2018-03-18 14:06:48,0.06332200,1.82700000
2018-03-18 14:06:48,0.06342200,0.53600000
2018-03-18 14:06:48,0.06345200,0.40000000
2018-03-18 14:06:48,0.06346000,0.47000000
2018-03-18 14:06:48,0.06346000,0.40000000
2018-03-18 14:06:48,0.06332700,1.13200000
2018-03-18 14:06:49,0.06341900,2.25900000
2018-03-18 14:06:49,0.06332700,0.26000000
2018-03-18 14:06:49,0.06332700,0.05200000
2018-03-18 14:06:49,0.06341000,0.40000000
2018-03-18 14:06:49,0.06332700,0.18700000
2018-03-18 14:06:49,0.06332400,0.21300000
2018-03-18 14:06:50,0.06333000,0.30900000
2018-03-18 14:06:50,0.06333000,0.00100000
2018-03-18 14:06:50,0.06332400,0.30800000
2018-03-18 14:06:50,0.06341000,0.21500000
2018-03-18 14:06:50,0.06341500,0.26200000
2018-03-18 14:06:50,0.06341500,0.46600000
2018-03-18 14:06:50,0.06340900,0.30700000
2018-03-18 14:06:50,0.06332500,0.23000000
2018-03-18 14:06:50,0.06340900,0.22800000
2018-03-18 14:06:50,0.06340900,0.66400000
2018-03-18 14:06:51,0.06332800,1.57900000
2018-03-18 14:06:51,0.06332800,0.24700000
2018-03-18 14:06:51,0.06332800,0.28600000
2018-03-18 14:06:51,0.06332800,0.10400000
2018-03-18 14:06:52,0.06339700,0.14500000
2018-03-18 14:06:52,0.06339700,0.25900000
2018-03-18 14:06:52,0.06338900,0.08300000
2018-03-18 14:06:52,0.06338900,0.00100000
2018-03-18 14:06:52,0.06333200,0.06100000
2018-03-18 14:06:52,0.06333200,0.08300000
2018-03-18 14:06:52,0.06340200,1.31400000
2018-03-18 14:06:52,0.06333200,0.53400000
2018-03-18 14:06:52,0.06333100,0.61400000
2018-03-18 14:06:52,0.06340000,0.20900000
2018-03-18 14:06:52,0.06340000,0.10100000
2018-03-18 14:06:52,0.06340200,0.00100000
2018-03-18 14:06:52,0.06340600,0.35600000
2018-03-18 14:06:52,0.06340700,1.08700000
2018-03-18 14:06:53,0.06333200,0.40000000
2018-03-18 14:06:53,0.06340500,0.53800000
2018-03-18 14:06:53,0.06340600,0.02400000
2018-03-18 14:06:53,0.06336000,0.22900000
2018-03-18 14:06:54,0.06340600,2.02500000
2018-03-18 14:06:54,0.06340700,0.44000000
2018-03-18 14:06:54,0.06340800,0.49900000
2018-03-18 14:06:54,0.06342100,1.59600000
2018-03-18 14:06:54,0.06336000,0.60900000
2018-03-18 14:06:54,0.06333300,0.35600000
2018-03-18 14:06:54,0.06333100,0.00100000
2018-03-18 14:06:54,0.06333000,0.32000000
2018-03-18 14:06:54,0.06332900,2.22700000
2018-03-18 14:06:54,0.06332000,0.53800000
2018-03-18 14:06:54,0.06331000,0.42700000
2018-03-18 14:06:54,0.06330000,0.04700000
2018-03-18 14:06:54,0.06329700,2.50000000
2018-03-18 14:06:54,0.06329000,0.16400000
2018-03-18 14:06:54,0.06328900,0.75500000
2018-03-18 14:06:54,0.06328800,0.30900000
2018-03-18 14:06:54,0.06326100,0.67000000
2018-03-18 14:06:54,0.06325500,0.28400000
2018-03-18 14:06:54,0.06324600,0.21500000
2018-03-18 14:06:54,0.06324500,0.34000000
2018-03-18 14:06:54,0.06324400,0.23800000
2018-03-18 14:06:54,0.06324400,0.02900000
2018-03-18 14:06:54,0.06333400,0.05400000
2018-03-18 14:06:54,0.06339900,0.03100000
2018-03-18 14:06:55,0.06339900,0.00100000
2018-03-18 14:06:55,0.06333900,0.02100000
2018-03-18 14:06:55,0.06334000,0.10300000
2018-03-18 14:06:56,0.06343600,0.13400000
2018-03-18 14:06:56,0.06335500,0.29100000
2018-03-18 14:06:56,0.06343600,0.50200000
2018-03-18 14:06:57,0.06335500,0.29700000
2018-03-18 14:06:57,0.06343600,0.15000000
2018-03-18 14:06:57,0.06343600,0.11700000
2018-03-18 14:06:57,0.06343500,0.40000000
2018-03-18 14:06:57,0.06343500,0.45400000
2018-03-18 14:06:58,0.06335700,0.77000000
2018-03-18 14:06:58,0.06335700,0.86600000
2018-03-18 14:06:58,0.06335700,0.06100000
2018-03-18 14:06:59,0.06335900,1.17900000
2018-03-18 14:06:59,0.06343300,1.69700000
2018-03-18 14:06:59,0.06343400,0.29700000
2018-03-18 14:06:59,0.06343500,0.45900000
