DATE,PRICE,VOLUME
2018-03-18 05:00:01,0.06730900,0.01600000
2018-03-18 05:00:02,0.06730900,0.34000000
2018-03-18 05:00:02,0.06731100,0.03600000
2018-03-18 05:00:02,0.06731100,0.05700000
2018-03-18 05:00:02,0.06734000,0.10900000
2018-03-18 05:00:02,0.06734000,0.02000000
2018-03-18 05:00:02,0.06734000,0.01900000
2018-03-18 05:00:04,0.06734000,0.00100000
2018-03-18 05:00:04,0.06731000,0.01600000
2018-03-18 05:00:04,0.06727300,0.38300000
2018-03-18 05:00:09,0.06736300,0.43600000
2018-03-18 05:00:12,0.06729300,0.16100000
2018-03-18 05:00:12,0.06729300,0.11200000
2018-03-18 05:00:13,0.06736400,0.34600000
2018-03-18 05:00:14,0.06736100,0.07000000
2018-03-18 05:00:14,0.06734300,1.93600000
2018-03-18 05:00:14,0.06736100,0.26500000
2018-03-18 05:00:14,0.06736100,2.49300000
2018-03-18 05:00:15,0.06729500,0.16200000
2018-03-18 05:00:15,0.06729400,1.18700000
2018-03-18 05:00:15,0.06729400,2.14600000
2018-03-18 05:00:15,0.06736300,0.10000000
2018-03-18 05:00:15,0.06738000,0.66100000
2018-03-18 05:00:15,0.06739000,0.42500000
2018-03-18 05:00:15,0.06739000,0.02400000
2018-03-18 05:00:15,0.06739000,0.03800000
2018-03-18 05:00:15,0.06739000,0.72000000
2018-03-18 05:00:15,0.06740100,0.28400000
2018-03-18 05:00:15,0.06740100,0.07800000
2018-03-18 05:00:16,0.06730600,0.12100000
2018-03-18 05:00:17,0.06736100,0.09900000
2018-03-18 05:00:17,0.06731000,0.14900000
2018-03-18 05:00:20,0.06730600,0.18100000
2018-03-18 05:00:20,0.06730600,0.00600000
2018-03-18 05:00:20,0.06729800,0.17500000
2018-03-18 05:00:20,0.06735000,0.09500000
2018-03-18 05:00:20,0.06729800,0.01500000
2018-03-18 05:00:20,0.06729800,0.02000000
2018-03-18 05:00:21,0.06729300,0.01500000
2018-03-18 05:00:21,0.06729800,2.65700000
2018-03-18 05:00:21,0.06729800,0.50500000
2018-03-18 05:00:21,0.06729800,0.10900000
2018-03-18 05:00:21,0.06729800,0.14800000
2018-03-18 05:00:21,0.06729800,0.23200000
2018-03-18 05:00:21,0.06729300,0.01500000
2018-03-18 05:00:21,0.06729300,1.07700000
2018-03-18 05:00:21,0.06731000,0.00500000
2018-03-18 05:00:22,0.06731800,0.02300000
2018-03-18 05:00:23,0.06731800,0.05800000
2018-03-18 05:00:23,0.06731800,0.10000000
2018-03-18 05:00:23,0.06736100,0.00100000
2018-03-18 05:00:23,0.06737300,0.11000000
2018-03-18 05:00:23,0.06737300,0.04700000
2018-03-18 05:00:24,0.06737300,0.20600000
2018-03-18 05:00:24,0.06731800,0.25000000
2018-03-18 05:00:25,0.06737200,0.02200000
2018-03-18 05:00:25,0.06737200,0.42900000
2018-03-18 05:00:25,0.06731800,0.02500000
2018-03-18 05:00:25,0.06737200,0.02100000
2018-03-18 05:00:25,0.06731800,0.10000000
2018-03-18 05:00:26,0.06737200,10.27800000
2018-03-18 05:00:26,0.06737200,12.02900000
2018-03-18 05:00:27,0.06732600,1.64100000
2018-03-18 05:00:27,0.06731900,3.39600000
2018-03-18 05:00:28,0.06731900,0.00300000
2018-03-18 05:00:28,0.06737300,0.00100000
2018-03-18 05:00:28,0.06740100,0.01400000
2018-03-18 05:00:29,0.06740100,1.02000000
2018-03-18 05:00:31,0.06729200,0.37700000
2018-03-18 05:00:31,0.06729100,2.35800000
2018-03-18 05:00:32,0.06729300,0.34800000
2018-03-18 05:00:32,0.06729300,0.34800000
2018-03-18 05:00:33,0.06739500,0.75300000
2018-03-18 05:00:34,0.06729500,0.07800000
2018-03-18 05:00:34,0.06739400,0.01800000
2018-03-18 05:00:35,0.06730200,0.06600000
2018-03-18 05:00:35,0.06730300,1.76700000
2018-03-18 05:00:35,0.06730200,0.55900000
2018-03-18 05:00:35,0.06730100,2.70400000
2018-03-18 05:00:36,0.06730300,0.04300000
2018-03-18 05:00:36,0.06739100,1.48500000
2018-03-18 05:00:36,0.06739100,0.09100000
2018-03-18 05:00:36,0.06739100,1.61700000
2018-03-18 05:00:37,0.06739100,0.68600000
2018-03-18 05:00:40,0.06739000,0.03100000
2018-03-18 05:00:40,0.06731200,0.43500000
2018-03-18 05:00:40,0.06731100,0.15900000
2018-03-18 05:00:43,0.06731600,0.02900000
2018-03-18 05:00:43,0.06731600,0.63000000
2018-03-18 05:00:44,0.06732000,0.02900000
2018-03-18 05:00:45,0.06732100,0.06000000
2018-03-18 05:00:45,0.06732100,0.05300000
2018-03-18 05:00:48,0.06732200,0.13600000
2018-03-18 05:00:48,0.06732100,0.33600000
2018-03-18 05:00:48,0.06732100,0.17100000
2018-03-18 05:00:48,0.06731600,0.10300000
2018-03-18 05:00:48,0.06731100,0.06200000
2018-03-18 05:00:48,0.06738900,0.07800000
2018-03-18 05:00:48,0.06731100,0.14900000
2018-03-18 05:00:48,0.06731100,0.31600000
2018-03-18 05:00:48,0.06738900,0.22700000
2018-03-18 05:00:49,0.06737900,0.07500000
2018-03-18 05:00:51,0.06734500,19.16200000
2018-03-18 05:00:51,0.06731300,0.97400000
2018-03-18 05:00:51,0.06731300,6.43100000
2018-03-18 05:00:52,0.06731100,0.04400000
2018-03-18 05:00:52,0.06731100,0.03200000
2018-03-18 05:00:52,0.06737800,0.13900000
2018-03-18 05:00:52,0.06737800,0.06200000
2018-03-18 05:00:52,0.06737900,0.00100000
2018-03-18 05:00:52,0.06739300,0.01800000
2018-03-18 05:00:53,0.06738000,0.02900000
2018-03-18 05:00:53,0.06731200,0.09500000
2018-03-18 05:00:53,0.06738000,0.00100000
2018-03-18 05:00:53,0.06739200,0.02600000
2018-03-18 05:00:53,0.06731300,0.74200000
2018-03-18 05:00:54,0.06731300,0.09600000
2018-03-18 05:00:54,0.06731400,0.72400000
2018-03-18 05:00:55,0.06731400,3.03700000
2018-03-18 05:00:55,0.06731300,1.99300000
2018-03-18 05:00:55,0.06739000,0.01900000
2018-03-18 05:00:55,0.06739000,0.09900000
2018-03-18 05:00:55,0.06739000,0.01800000
2018-03-18 05:00:55,0.06739100,0.04000000
2018-03-18 05:00:55,0.06731100,0.14100000
2018-03-18 05:00:55,0.06731100,0.03800000
2018-03-18 05:00:55,0.06731000,0.10300000
2018-03-18 05:00:56,0.06731000,0.05000000
2018-03-18 05:01:00,0.06738800,0.13000000
2018-03-18 05:01:01,0.06738800,0.11800000
2018-03-18 05:01:02,0.06731400,0.09300000
2018-03-18 05:01:02,0.06738800,0.10400000
2018-03-18 05:01:03,0.06735000,0.01800000
2018-03-18 05:01:03,0.06735000,0.38200000
2018-03-18 05:01:03,0.06738700,0.09200000
2018-03-18 05:01:04,0.06738700,0.00100000
2018-03-18 05:01:04,0.06738800,0.00100000
2018-03-18 05:01:04,0.06738900,0.09100000
2018-03-18 05:01:04,0.06738800,0.01400000
2018-03-18 05:01:04,0.06735500,0.38200000
2018-03-18 05:01:04,0.06735500,0.00400000
2018-03-18 05:01:04,0.06738900,0.19500000
2018-03-18 05:01:04,0.06731600,0.08300000
2018-03-18 05:01:04,0.06731600,0.02300000
2018-03-18 05:01:05,0.06738900,0.10400000
2018-03-18 05:01:05,0.06738900,0.00100000
2018-03-18 05:01:05,0.06739000,0.12800000
2018-03-18 05:01:05,0.06739700,0.29300000
2018-03-18 05:01:05,0.06731600,1.60600000
2018-03-18 05:01:05,0.06731600,8.69100000
2018-03-18 05:01:06,0.06735000,0.11000000
2018-03-18 05:01:06,0.06739600,0.10700000
2018-03-18 05:01:06,0.06731700,0.17900000
2018-03-18 05:01:07,0.06732000,0.29200000
2018-03-18 05:01:09,0.06732100,0.32900000
2018-03-18 05:01:09,0.06731200,0.04300000
2018-03-18 05:01:09,0.06731200,0.26400000
2018-03-18 05:01:10,0.06731200,0.15100000
2018-03-18 05:01:11,0.06732100,0.03200000
2018-03-18 05:01:11,0.06731000,0.10900000
2018-03-18 05:01:11,0.06738900,0.02400000
2018-03-18 05:01:12,0.06732000,0.10700000
2018-03-18 05:01:12,0.06731100,0.20900000
2018-03-18 05:01:12,0.06732000,0.23700000
2018-03-18 05:01:12,0.06732000,0.05600000
2018-03-18 05:01:12,0.06738900,0.04700000
2018-03-18 05:01:13,0.06738900,0.34000000
2018-03-18 05:01:13,0.06738800,0.20900000
2018-03-18 05:01:13,0.06738900,0.08600000
2018-03-18 05:01:13,0.06732000,0.23700000
2018-03-18 05:01:13,0.06732000,0.40800000
2018-03-18 05:01:13,0.06731200,0.03000000
2018-03-18 05:01:14,0.06732000,0.10500000
2018-03-18 05:01:14,0.06738900,0.24900000
2018-03-18 05:01:14,0.06738800,0.50600000
2018-03-18 05:01:15,0.06731100,0.05200000
2018-03-18 05:01:15,0.06730300,2.39400000
2018-03-18 05:01:15,0.06738600,0.73600000
2018-03-18 05:01:15,0.06730300,0.56200000
2018-03-18 05:01:15,0.06730200,0.13100000
2018-03-18 05:01:16,0.06730400,1.49000000
2018-03-18 05:01:16,0.06730400,0.28900000
2018-03-18 05:01:16,0.06730500,2.78400000
2018-03-18 05:01:16,0.06730400,2.69000000
2018-03-18 05:01:16,0.06730100,0.23700000
2018-03-18 05:01:16,0.06730100,0.15600000
2018-03-18 05:01:16,0.06730100,2.00700000
2018-03-18 05:01:16,0.06730500,2.69000000
2018-03-18 05:01:17,0.06730000,0.14900000
2018-03-18 05:01:19,0.06733000,0.02000000
2018-03-18 05:01:19,0.06738000,0.01600000
2018-03-18 05:01:19,0.06730200,0.13800000
2018-03-18 05:01:19,0.06730200,0.09000000
2018-03-18 05:01:21,0.06730100,0.51600000
2018-03-18 05:01:21,0.06730000,1.03000000
2018-03-18 05:01:21,0.06730000,0.20600000
2018-03-18 05:01:21,0.06737800,0.28100000
2018-03-18 05:01:22,0.06737800,1.32800000
2018-03-18 05:01:22,0.06737800,1.95800000
2018-03-18 05:01:22,0.06737800,0.03800000
2018-03-18 05:01:23,0.06730000,0.20700000
2018-03-18 05:01:23,0.06728500,0.52800000
2018-03-18 05:01:23,0.06728500,0.04400000
2018-03-18 05:01:23,0.06728500,0.04500000
2018-03-18 05:01:23,0.06730000,0.09100000
2018-03-18 05:01:25,0.06730000,0.07200000
2018-03-18 05:01:25,0.06730000,0.88700000
2018-03-18 05:01:26,0.06730000,0.05200000
2018-03-18 05:01:26,0.06728800,0.02300000
2018-03-18 05:01:27,0.06728800,0.13200000
2018-03-18 05:01:28,0.06728800,0.35200000
2018-03-18 05:01:28,0.06728500,2.37200000
2018-03-18 05:01:29,0.06728300,0.11700000
2018-03-18 05:01:31,0.06735800,0.65600000
2018-03-18 05:01:31,0.06728300,0.04800000
2018-03-18 05:01:32,0.06728300,0.00200000
2018-03-18 05:01:32,0.06727300,0.09100000
2018-03-18 05:01:32,0.06727300,0.09400000
2018-03-18 05:01:32,0.06735600,0.50800000
2018-03-18 05:01:32,0.06735600,0.63300000
2018-03-18 05:01:33,0.06728400,0.01900000
2018-03-18 05:01:33,0.06728400,0.53200000
2018-03-18 05:01:33,0.06727400,1.93300000
2018-03-18 05:01:33,0.06727300,8.93200000
2018-03-18 05:01:33,0.06726000,1.09400000
2018-03-18 05:01:33,0.06725600,0.44000000
2018-03-18 05:01:33,0.06725400,0.20500000
2018-03-18 05:01:33,0.06725000,0.22600000
2018-03-18 05:01:33,0.06724500,1.17000000
2018-03-18 05:01:33,0.06724200,0.44000000
2018-03-18 05:01:33,0.06723800,0.06000000
2018-03-18 05:01:33,0.06723700,0.04000000
2018-03-18 05:01:33,0.06722800,0.31000000
2018-03-18 05:01:35,0.06723800,0.25000000
2018-03-18 05:01:35,0.06723700,1.14300000
2018-03-18 05:01:35,0.06723600,1.18500000
2018-03-18 05:01:36,0.06734700,0.85500000
2018-03-18 05:01:37,0.06734400,0.20700000
2018-03-18 05:01:38,0.06734300,0.11000000
2018-03-18 05:01:38,0.06734300,0.02000000
2018-03-18 05:01:38,0.06724000,0.16400000
2018-03-18 05:01:39,0.06734000,0.09900000
2018-03-18 05:01:39,0.06734000,0.29900000
2018-03-18 05:01:39,0.06730000,0.04400000
2018-03-18 05:01:39,0.06730000,0.10300000
2018-03-18 05:01:40,0.06733900,0.14900000
2018-03-18 05:01:40,0.06730000,0.00100000
2018-03-18 05:01:40,0.06725500,0.01000000
2018-03-18 05:01:41,0.06734000,0.55600000
2018-03-18 05:01:41,0.06734000,0.17400000
2018-03-18 05:01:41,0.06733900,0.05500000
2018-03-18 05:01:41,0.06726100,0.40000000
2018-03-18 05:01:42,0.06733800,0.10700000
2018-03-18 05:01:42,0.06733800,0.24900000
2018-03-18 05:01:43,0.06733800,0.16600000
2018-03-18 05:01:43,0.06733800,0.05500000
2018-03-18 05:01:43,0.06734400,0.16500000
2018-03-18 05:01:43,0.06734400,0.20700000
2018-03-18 05:01:44,0.06734300,0.25700000
2018-03-18 05:01:44,0.06734300,0.64700000
2018-03-18 05:01:45,0.06734300,0.16700000
2018-03-18 05:01:45,0.06727000,0.09400000
2018-03-18 05:01:46,0.06734300,0.05700000
2018-03-18 05:01:46,0.06734300,0.00200000
2018-03-18 05:01:46,0.06730000,0.05700000
2018-03-18 05:01:47,0.06730000,0.05300000
2018-03-18 05:01:48,0.06734000,0.05900000
2018-03-18 05:01:48,0.06730000,0.04800000
2018-03-18 05:01:50,0.06733000,0.03000000
2018-03-18 05:01:50,0.06734400,0.00500000
2018-03-18 05:01:50,0.06734500,0.19100000
2018-03-18 05:01:50,0.06733100,0.03600000
2018-03-18 05:01:51,0.06733100,0.02200000
2018-03-18 05:01:51,0.06734500,0.52900000
2018-03-18 05:01:56,0.06733200,0.43400000
2018-03-18 05:01:56,0.06733200,0.00100000
2018-03-18 05:01:56,0.06733100,0.00100000
2018-03-18 05:01:56,0.06730000,0.08900000
2018-03-18 05:01:56,0.06734500,0.04900000
2018-03-18 05:01:57,0.06731800,0.35600000
2018-03-18 05:01:57,0.06730000,0.97000000
2018-03-18 05:01:57,0.06727000,0.09300000
2018-03-18 05:01:58,0.06727400,0.08600000
2018-03-18 05:01:58,0.06727300,0.06500000
2018-03-18 05:01:59,0.06727000,0.06900000
2018-03-18 05:01:59,0.06727000,0.05200000
2018-03-18 05:01:59,0.06727000,0.09000000
2018-03-18 05:02:00,0.06727000,0.13900000
2018-03-18 05:02:01,0.06727000,0.05400000
2018-03-18 05:02:02,0.06731800,0.00100000
2018-03-18 05:02:02,0.06734500,0.67400000
2018-03-18 05:02:02,0.06734600,3.78200000
2018-03-18 05:02:02,0.06731800,0.02100000
2018-03-18 05:02:03,0.06734800,0.12400000
2018-03-18 05:02:03,0.06735700,0.55100000
2018-03-18 05:02:03,0.06731800,0.00100000
2018-03-18 05:02:03,0.06727000,2.42900000
2018-03-18 05:02:03,0.06736000,0.63900000
2018-03-18 05:02:03,0.06735900,0.51200000
2018-03-18 05:02:04,0.06731800,0.01500000
2018-03-18 05:02:04,0.06731800,0.00100000
2018-03-18 05:02:04,0.06727300,0.07600000
2018-03-18 05:02:05,0.06737600,0.14700000
2018-03-18 05:02:05,0.06727300,0.25200000
2018-03-18 05:02:06,0.06737500,0.29500000
2018-03-18 05:02:07,0.06737300,0.28200000
2018-03-18 05:02:10,0.06737100,0.61900000
2018-03-18 05:02:10,0.06737100,1.99200000
2018-03-18 05:02:12,0.06737000,0.41000000
2018-03-18 05:02:14,0.06731800,1.48400000
2018-03-18 05:02:14,0.06731800,0.30600000
2018-03-18 05:02:14,0.06731800,16.09800000
2018-03-18 05:02:15,0.06737000,0.16100000
2018-03-18 05:02:15,0.06737800,0.61900000
2018-03-18 05:02:15,0.06729400,0.00700000
2018-03-18 05:02:17,0.06737800,0.10100000
2018-03-18 05:02:17,0.06739500,0.09800000
2018-03-18 05:02:17,0.06739500,0.03100000
2018-03-18 05:02:18,0.06730600,0.37700000
2018-03-18 05:02:18,0.06730500,0.01500000
2018-03-18 05:02:21,0.06731300,0.33600000
2018-03-18 05:02:22,0.06731500,0.10000000
2018-03-18 05:02:23,0.06731500,0.04800000
2018-03-18 05:02:24,0.06739100,0.09100000
2018-03-18 05:02:25,0.06739100,0.30400000
2018-03-18 05:02:27,0.06735400,8.71900000
2018-03-18 05:02:27,0.06731800,0.70200000
2018-03-18 05:02:27,0.06731800,3.69300000
2018-03-18 05:02:31,0.06731800,0.11400000
2018-03-18 05:02:32,0.06731800,0.13300000
2018-03-18 05:02:32,0.06731800,0.12600000
2018-03-18 05:02:33,0.06730100,0.14700000
2018-03-18 05:02:33,0.06738300,0.02000000
2018-03-18 05:02:34,0.06730200,0.07600000
2018-03-18 05:02:34,0.06738200,0.28200000
2018-03-18 05:02:34,0.06730300,0.07100000
2018-03-18 05:02:35,0.06730300,0.14700000
2018-03-18 05:02:35,0.06738200,0.02700000
2018-03-18 05:02:35,0.06730400,0.19800000
2018-03-18 05:02:36,0.06730400,1.34900000
2018-03-18 05:02:37,0.06731000,0.31000000
2018-03-18 05:02:37,0.06731000,0.08900000
2018-03-18 05:02:39,0.06730600,0.50400000
2018-03-18 05:02:39,0.06738000,0.18000000
2018-03-18 05:02:42,0.06730600,0.01900000
2018-03-18 05:02:42,0.06730600,0.02800000
2018-03-18 05:02:42,0.06730500,0.20500000
2018-03-18 05:02:44,0.06730600,2.89900000
2018-03-18 05:02:48,0.06730000,0.56000000
2018-03-18 05:02:48,0.06729500,0.57900000
2018-03-18 05:02:48,0.06729200,0.14500000
2018-03-18 05:02:48,0.06736000,0.10100000
2018-03-18 05:02:51,0.06729200,0.82600000
2018-03-18 05:02:51,0.06729300,0.02900000
2018-03-18 05:02:51,0.06729300,0.15800000
2018-03-18 05:02:51,0.06736000,0.15800000
2018-03-18 05:02:55,0.06729300,0.11700000
2018-03-18 05:02:55,0.06729200,0.13000000
2018-03-18 05:02:55,0.06727200,0.40000000
2018-03-18 05:02:56,0.06727200,1.21900000
2018-03-18 05:02:59,0.06728000,0.15200000
2018-03-18 05:03:00,0.06727100,0.11000000
2018-03-18 05:03:04,0.06727800,0.04900000
2018-03-18 05:03:04,0.06727100,0.83300000
2018-03-18 05:03:04,0.06727000,0.68700000
2018-03-18 05:03:05,0.06734000,0.03100000
2018-03-18 05:03:05,0.06727000,0.71800000
2018-03-18 05:03:06,0.06726500,0.09900000
2018-03-18 05:03:06,0.06726500,0.65600000
2018-03-18 05:03:06,0.06726500,1.48600000
2018-03-18 05:03:06,0.06726500,0.14100000
2018-03-18 05:03:06,0.06726500,0.17800000
2018-03-18 05:03:06,0.06726500,0.10700000
2018-03-18 05:03:06,0.06726500,0.06100000
2018-03-18 05:03:06,0.06726500,0.50900000
2018-03-18 05:03:06,0.06726500,0.19500000
2018-03-18 05:03:06,0.06726500,0.10500000
2018-03-18 05:03:06,0.06726500,0.14000000
2018-03-18 05:03:06,0.06726500,0.25900000
2018-03-18 05:03:07,0.06726500,1.07300000
2018-03-18 05:03:07,0.06726500,0.00100000
2018-03-18 05:03:07,0.06732500,0.09700000
2018-03-18 05:03:07,0.06726400,0.14000000
2018-03-18 05:03:09,0.06732000,0.26000000
2018-03-18 05:03:09,0.06732500,0.68800000
2018-03-18 05:03:09,0.06733900,0.04900000
2018-03-18 05:03:09,0.06726400,6.36000000
2018-03-18 05:03:12,0.06733500,0.37000000
2018-03-18 05:03:13,0.06733400,0.02500000
2018-03-18 05:03:13,0.06725300,0.56700000
2018-03-18 05:03:13,0.06725300,0.56600000
2018-03-18 05:03:13,0.06733200,0.08600000
2018-03-18 05:03:14,0.06733300,0.20900000
2018-03-18 05:03:16,0.06733100,0.29700000
2018-03-18 05:03:16,0.06733100,0.19300000
2018-03-18 05:03:19,0.06724600,0.25400000
2018-03-18 05:03:20,0.06733000,2.79400000
2018-03-18 05:03:20,0.06724800,0.00600000
2018-03-18 05:03:22,0.06732800,0.25400000
2018-03-18 05:03:22,0.06732800,0.06500000
2018-03-18 05:03:22,0.06732700,0.14000000
2018-03-18 05:03:23,0.06732700,0.36800000
2018-03-18 05:03:23,0.06732800,0.50900000
2018-03-18 05:03:23,0.06732900,0.06100000
2018-03-18 05:03:23,0.06733100,0.06200000
2018-03-18 05:03:25,0.06725600,0.07500000
2018-03-18 05:03:27,0.06732700,0.01700000
2018-03-18 05:03:27,0.06726000,0.42500000
2018-03-18 05:03:28,0.06723700,0.32000000
2018-03-18 05:03:29,0.06732500,0.02400000
2018-03-18 05:03:29,0.06732500,0.17200000
2018-03-18 05:03:29,0.06732500,0.29900000
2018-03-18 05:03:29,0.06726000,0.25400000
2018-03-18 05:03:32,0.06732500,0.07200000
2018-03-18 05:03:32,0.06732500,0.29500000
2018-03-18 05:03:33,0.06732500,0.00600000
2018-03-18 05:03:33,0.06732600,0.19900000
2018-03-18 05:03:35,0.06729300,4.98600000
2018-03-18 05:03:35,0.06726200,6.40700000
2018-03-18 05:03:35,0.06726200,4.22400000
2018-03-18 05:03:35,0.06732400,0.07400000
2018-03-18 05:03:35,0.06732600,1.43400000
2018-03-18 05:03:35,0.06726100,0.18700000
2018-03-18 05:03:36,0.06726400,0.02300000
2018-03-18 05:03:36,0.06726400,0.08300000
2018-03-18 05:03:36,0.06726400,0.14600000
2018-03-18 05:03:36,0.06726400,0.17000000
2018-03-18 05:03:36,0.06726400,0.00700000
2018-03-18 05:03:36,0.06732600,0.03800000
2018-03-18 05:03:36,0.06726000,0.04900000
2018-03-18 05:03:36,0.06726000,0.04900000
2018-03-18 05:03:41,0.06726000,0.41200000
2018-03-18 05:03:41,0.06732600,0.15200000
2018-03-18 05:03:43,0.06732000,0.06100000
2018-03-18 05:03:44,0.06726100,1.48500000
2018-03-18 05:03:44,0.06726100,0.48800000
2018-03-18 05:03:44,0.06726100,0.15000000
2018-03-18 05:03:44,0.06729000,11.93600000
2018-03-18 05:03:44,0.06726100,5.72900000
2018-03-18 05:03:44,0.06726100,0.09800000
2018-03-18 05:03:44,0.06726100,0.11200000
2018-03-18 05:03:44,0.06726100,0.12900000
2018-03-18 05:03:44,0.06726100,0.25000000
2018-03-18 05:03:44,0.06726100,0.17400000
2018-03-18 05:03:44,0.06726100,0.16400000
2018-03-18 05:03:45,0.06726100,0.26400000
2018-03-18 05:03:45,0.06726100,0.14800000
2018-03-18 05:03:45,0.06726100,0.15100000
2018-03-18 05:03:45,0.06726100,0.63300000
2018-03-18 05:03:46,0.06732000,0.62500000
2018-03-18 05:03:46,0.06732000,0.10000000
2018-03-18 05:03:47,0.06732000,0.03000000
2018-03-18 05:03:47,0.06726000,0.04800000
2018-03-18 05:03:48,0.06726000,0.10400000
2018-03-18 05:03:49,0.06726000,0.90400000
2018-03-18 05:03:50,0.06726100,0.06400000
2018-03-18 05:03:51,0.06729000,28.38800000
2018-03-18 05:03:51,0.06726100,10.93900000
2018-03-18 05:03:51,0.06726100,0.05200000
2018-03-18 05:03:51,0.06726100,0.01200000
2018-03-18 05:03:51,0.06732000,0.05200000
2018-03-18 05:03:52,0.06726100,0.03500000
2018-03-18 05:03:53,0.06726100,0.02800000
2018-03-18 05:03:55,0.06726100,0.00100000
2018-03-18 05:03:55,0.06726000,0.66900000
2018-03-18 05:03:55,0.06726100,0.30900000
2018-03-18 05:03:56,0.06726100,0.09600000
2018-03-18 05:03:56,0.06726100,0.01100000
2018-03-18 05:03:57,0.06726200,0.44100000
2018-03-18 05:03:58,0.06726200,0.22800000
2018-03-18 05:03:58,0.06729100,8.69900000
2018-03-18 05:03:58,0.06726200,2.95200000
2018-03-18 05:04:01,0.06731900,14.39100000
2018-03-18 05:04:01,0.06732000,0.01800000
2018-03-18 05:04:04,0.06732000,0.11400000
2018-03-18 05:04:04,0.06732600,0.38600000
2018-03-18 05:04:05,0.06732600,0.01600000
2018-03-18 05:04:06,0.06726200,0.01500000
2018-03-18 05:04:07,0.06732600,0.09600000
2018-03-18 05:04:11,0.06732600,0.02900000
2018-03-18 05:04:11,0.06732600,0.99700000
2018-03-18 05:04:14,0.06732600,0.02900000
2018-03-18 05:04:14,0.06732600,0.62600000
2018-03-18 05:04:15,0.06732600,0.87700000
2018-03-18 05:04:15,0.06732600,0.21700000
2018-03-18 05:04:19,0.06726300,0.77800000
2018-03-18 05:04:21,0.06732600,0.03900000
2018-03-18 05:04:22,0.06732500,0.02900000
2018-03-18 05:04:22,0.06732500,0.01600000
2018-03-18 05:04:23,0.06732500,0.07100000
2018-03-18 05:04:23,0.06732500,0.17800000
2018-03-18 05:04:23,0.06732500,6.53100000
2018-03-18 05:04:25,0.06732500,0.02900000
2018-03-18 05:04:25,0.06732500,0.08300000
2018-03-18 05:04:25,0.06726300,0.08800000
2018-03-18 05:04:25,0.06732500,0.21400000
2018-03-18 05:04:26,0.06732500,6.02900000
2018-03-18 05:04:26,0.06732500,0.19200000
2018-03-18 05:04:26,0.06732500,0.13300000
2018-03-18 05:04:27,0.06732600,1.07500000
2018-03-18 05:04:27,0.06732500,0.00100000
2018-03-18 05:04:28,0.06732400,0.83300000
2018-03-18 05:04:31,0.06726600,0.16500000
2018-03-18 05:04:35,0.06732400,0.09300000
2018-03-18 05:04:35,0.06732700,0.14800000
2018-03-18 05:04:35,0.06732700,0.14800000
2018-03-18 05:04:35,0.06732700,0.41500000
2018-03-18 05:04:37,0.06732600,1.48400000
2018-03-18 05:04:37,0.06732600,0.04800000
2018-03-18 05:04:37,0.06729400,4.99400000
2018-03-18 05:04:37,0.06732600,0.99100000
2018-03-18 05:04:38,0.06726300,1.48700000
2018-03-18 05:04:38,0.06726300,1.38200000
2018-03-18 05:04:42,0.06732700,0.00100000
2018-03-18 05:04:42,0.06733100,0.49900000
2018-03-18 05:04:43,0.06733100,0.10000000
2018-03-18 05:04:43,0.06733100,0.09800000
2018-03-18 05:04:43,0.06733100,0.02400000
2018-03-18 05:04:44,0.06734700,0.29400000
2018-03-18 05:04:44,0.06734700,0.11900000
2018-03-18 05:04:44,0.06733100,0.01500000
2018-03-18 05:04:44,0.06733100,0.00100000
2018-03-18 05:04:44,0.06726200,0.00100000
2018-03-18 05:04:44,0.06726000,0.01300000
2018-03-18 05:04:44,0.06726000,0.01500000
2018-03-18 05:04:44,0.06726000,0.01500000
2018-03-18 05:04:44,0.06735000,1.78000000
2018-03-18 05:04:45,0.06734800,0.10000000
2018-03-18 05:04:46,0.06734700,0.11000000
2018-03-18 05:04:46,0.06734700,0.05200000
2018-03-18 05:04:47,0.06727000,0.02500000
2018-03-18 05:04:50,0.06734600,0.06600000
2018-03-18 05:04:50,0.06734500,0.35500000
2018-03-18 05:04:51,0.06734600,0.00100000
2018-03-18 05:04:51,0.06735000,0.25100000
2018-03-18 05:04:52,0.06735000,0.05200000
2018-03-18 05:04:53,0.06735000,0.80000000
2018-03-18 05:04:55,0.06727200,0.05900000
2018-03-18 05:04:56,0.06732600,0.68700000
2018-03-18 05:04:56,0.06732600,0.09400000
2018-03-18 05:04:56,0.06732600,0.13800000
2018-03-18 05:04:57,0.06734700,0.11300000
2018-03-18 05:04:58,0.06732600,0.21500000
2018-03-18 05:04:59,0.06732800,0.55500000
2018-03-18 05:04:59,0.06732800,0.93000000
2018-03-18 05:04:59,0.06732600,0.26300000
2018-03-18 05:04:59,0.06732600,0.04400000
2018-03-18 05:04:59,0.06734700,0.07400000
2018-03-18 05:04:59,0.06734800,0.05900000
2018-03-18 05:04:59,0.06732600,0.08700000
2018-03-18 05:04:59,0.06732600,0.10900000
2018-03-18 05:05:00,0.06732600,0.36600000
2018-03-18 05:05:00,0.06732600,0.44500000
2018-03-18 05:05:00,0.06732600,0.66400000
2018-03-18 05:05:00,0.06735000,13.13200000
2018-03-18 05:05:01,0.06732600,0.30200000
2018-03-18 05:05:06,0.06736000,0.13900000
2018-03-18 05:05:06,0.06737700,0.19400000
2018-03-18 05:05:09,0.06732700,0.04200000
2018-03-18 05:05:09,0.06737300,0.03600000
2018-03-18 05:05:09,0.06735000,0.53500000
2018-03-18 05:05:09,0.06737300,0.36600000
2018-03-18 05:05:09,0.06737300,0.14700000
2018-03-18 05:05:11,0.06732700,0.03500000
2018-03-18 05:05:12,0.06738000,0.04200000
2018-03-18 05:05:14,0.06732700,0.02200000
2018-03-18 05:05:14,0.06739600,0.28700000
2018-03-18 05:05:17,0.06732700,0.09700000
2018-03-18 05:05:17,0.06739400,0.04200000
2018-03-18 05:05:17,0.06732700,0.30900000
2018-03-18 05:05:18,0.06732600,0.46300000
2018-03-18 05:05:18,0.06727100,0.28200000
2018-03-18 05:05:20,0.06728000,0.21700000
2018-03-18 05:05:20,0.06728000,0.06800000
2018-03-18 05:05:25,0.06737500,1.83300000
2018-03-18 05:05:29,0.06730000,0.03800000
2018-03-18 05:05:31,0.06731800,0.14100000
2018-03-18 05:05:32,0.06731800,0.14800000
2018-03-18 05:05:32,0.06731800,2.19800000
2018-03-18 05:05:32,0.06730000,0.02000000
2018-03-18 05:05:32,0.06731800,0.10400000
2018-03-18 05:05:32,0.06731800,1.22200000
2018-03-18 05:05:32,0.06730000,0.03000000
2018-03-18 05:05:32,0.06731800,0.31700000
2018-03-18 05:05:32,0.06730000,0.64000000
2018-03-18 05:05:32,0.06730000,0.00100000
2018-03-18 05:05:32,0.06728400,0.07100000
2018-03-18 05:05:33,0.06728400,0.31100000
2018-03-18 05:05:33,0.06731800,0.10000000
2018-03-18 05:05:33,0.06729000,0.30100000
2018-03-18 05:05:34,0.06731800,0.34700000
2018-03-18 05:05:34,0.06731800,2.15000000
2018-03-18 05:05:34,0.06731800,1.41500000
2018-03-18 05:05:34,0.06731800,0.02100000
2018-03-18 05:05:34,0.06731800,0.02000000
2018-03-18 05:05:34,0.06731800,1.97600000
2018-03-18 05:05:36,0.06731700,0.10000000
2018-03-18 05:05:36,0.06731700,0.23800000
2018-03-18 05:05:36,0.06731700,0.16000000
2018-03-18 05:05:36,0.06731800,0.04500000
2018-03-18 05:05:36,0.06731800,0.31100000
2018-03-18 05:05:37,0.06731800,0.38100000
2018-03-18 05:05:37,0.06731800,0.21000000
2018-03-18 05:05:38,0.06731800,0.92000000
2018-03-18 05:05:38,0.06731800,0.10000000
2018-03-18 05:05:39,0.06731800,2.35100000
2018-03-18 05:05:40,0.06731800,0.18400000
2018-03-18 05:05:40,0.06731800,0.14600000
2018-03-18 05:05:41,0.06731800,0.36900000
2018-03-18 05:05:41,0.06731800,0.10000000
2018-03-18 05:05:42,0.06729500,0.02100000
2018-03-18 05:05:42,0.06731800,0.14400000
2018-03-18 05:05:42,0.06731800,1.08500000
2018-03-18 05:05:43,0.06731800,0.10000000
2018-03-18 05:05:44,0.06731800,0.02500000
2018-03-18 05:05:44,0.06731800,1.57600000
2018-03-18 05:05:44,0.06731800,2.00000000
2018-03-18 05:05:44,0.06731800,2.00000000
2018-03-18 05:05:45,0.06731800,0.07900000
2018-03-18 05:05:45,0.06731800,0.19400000
2018-03-18 05:05:45,0.06731800,0.87900000
2018-03-18 05:05:45,0.06731800,0.49800000
2018-03-18 05:05:46,0.06731800,0.10000000
2018-03-18 05:05:46,0.06731800,0.16600000
2018-03-18 05:05:46,0.06730700,2.58800000
2018-03-18 05:05:46,0.06729600,0.64300000
2018-03-18 05:05:46,0.06729600,1.16700000
2018-03-18 05:05:48,0.06731800,0.09200000
2018-03-18 05:05:49,0.06731800,0.40000000
2018-03-18 05:05:49,0.06731800,0.49900000
2018-03-18 05:05:49,0.06731800,0.48300000
2018-03-18 05:05:49,0.06731800,0.20500000
2018-03-18 05:05:50,0.06730200,0.34200000
2018-03-18 05:05:51,0.06731800,0.10000000
2018-03-18 05:05:51,0.06731800,0.10000000
2018-03-18 05:05:51,0.06731800,0.21400000
2018-03-18 05:05:52,0.06730200,0.03900000
2018-03-18 05:05:54,0.06731800,0.14000000
2018-03-18 05:05:54,0.06731800,0.08400000
2018-03-18 05:05:54,0.06731800,0.03800000
2018-03-18 05:05:55,0.06731800,1.48400000
2018-03-18 05:05:55,0.06731800,2.05300000
2018-03-18 05:05:56,0.06731800,0.10000000
2018-03-18 05:05:57,0.06731800,0.03600000
2018-03-18 05:05:57,0.06730200,0.30900000
2018-03-18 05:05:57,0.06731700,0.51600000
2018-03-18 05:05:58,0.06731700,0.11000000
2018-03-18 05:05:58,0.06731700,0.75500000
2018-03-18 05:05:58,0.06731000,4.91700000
2018-03-18 05:05:58,0.06731700,1.43700000
2018-03-18 05:05:58,0.06731700,0.77600000
2018-03-18 05:05:59,0.06730300,0.14200000
2018-03-18 05:05:59,0.06731800,0.02300000
2018-03-18 05:05:59,0.06730300,0.01700000
2018-03-18 05:06:00,0.06730300,0.05100000
2018-03-18 05:06:00,0.06731800,0.34600000
2018-03-18 05:06:00,0.06734800,0.05400000
2018-03-18 05:06:00,0.06734800,1.48300000
2018-03-18 05:06:03,0.06730300,0.16000000
2018-03-18 05:06:03,0.06734800,1.48500000
2018-03-18 05:06:03,0.06734800,0.34800000
2018-03-18 05:06:04,0.06734800,0.08400000
2018-03-18 05:06:04,0.06734800,0.01600000
2018-03-18 05:06:05,0.06734800,0.77200000
2018-03-18 05:06:05,0.06734800,1.92700000
2018-03-18 05:06:05,0.06734800,0.01900000
2018-03-18 05:06:05,0.06734800,0.08300000
2018-03-18 05:06:05,0.06734800,0.15000000
2018-03-18 05:06:06,0.06734800,0.02900000
2018-03-18 05:06:06,0.06734800,0.03700000
2018-03-18 05:06:07,0.06734800,1.52200000
2018-03-18 05:06:07,0.06734800,3.86000000
2018-03-18 05:06:07,0.06734800,7.14000000
2018-03-18 05:06:07,0.06730300,0.84300000
2018-03-18 05:06:07,0.06730200,1.00200000
2018-03-18 05:06:07,0.06730000,2.01400000
2018-03-18 05:06:09,0.06734900,0.80100000
2018-03-18 05:06:10,0.06734900,1.48900000
2018-03-18 05:06:10,0.06734900,0.09600000
2018-03-18 05:06:10,0.06734900,0.69000000
2018-03-18 05:06:10,0.06734800,0.09500000
2018-03-18 05:06:11,0.06734900,0.10000000
2018-03-18 05:06:11,0.06734800,0.06000000
2018-03-18 05:06:12,0.06734800,0.59300000
2018-03-18 05:06:15,0.06734900,0.10000000
2018-03-18 05:06:15,0.06734900,0.14100000
2018-03-18 05:06:16,0.06734900,0.09800000
2018-03-18 05:06:16,0.06735900,1.18200000
2018-03-18 05:06:16,0.06734900,1.71700000
2018-03-18 05:06:16,0.06734900,0.41900000
2018-03-18 05:06:17,0.06734800,0.03700000
2018-03-18 05:06:17,0.06734800,0.03300000
2018-03-18 05:06:17,0.06734800,0.03700000
2018-03-18 05:06:18,0.06734900,0.10000000
2018-03-18 05:06:19,0.06734900,0.23900000
2018-03-18 05:06:20,0.06737000,0.01700000
2018-03-18 05:06:21,0.06737300,0.28500000
2018-03-18 05:06:21,0.06737800,0.47800000
2018-03-18 05:06:21,0.06739600,0.24300000
2018-03-18 05:06:21,0.06739700,0.48400000
2018-03-18 05:06:21,0.06740200,0.62700000
2018-03-18 05:06:21,0.06734900,0.10000000
2018-03-18 05:06:21,0.06734800,0.03300000
2018-03-18 05:06:21,0.06734800,0.03900000
2018-03-18 05:06:22,0.06739600,0.40000000
2018-03-18 05:06:23,0.06734800,0.13200000
2018-03-18 05:06:23,0.06735000,0.03600000
2018-03-18 05:06:26,0.06734800,0.13300000
2018-03-18 05:06:26,0.06734800,0.42800000
2018-03-18 05:06:26,0.06735000,0.00100000
2018-03-18 05:06:26,0.06739600,0.39900000
2018-03-18 05:06:26,0.06739600,1.13600000
2018-03-18 05:06:26,0.06740200,5.90600000
2018-03-18 05:06:27,0.06740200,0.03700000
2018-03-18 05:06:27,0.06734800,0.00100000
2018-03-18 05:06:27,0.06732900,0.13100000
2018-03-18 05:06:30,0.06732900,0.13200000
2018-03-18 05:06:32,0.06740100,0.06900000
2018-03-18 05:06:32,0.06740200,0.33100000
2018-03-18 05:06:32,0.06732900,0.13300000
2018-03-18 05:06:32,0.06740200,1.26800000
2018-03-18 05:06:34,0.06732900,0.02900000
2018-03-18 05:06:35,0.06733000,0.02900000
2018-03-18 05:06:37,0.06733100,0.02800000
2018-03-18 05:06:37,0.06733100,0.02900000
2018-03-18 05:06:41,0.06733100,0.19900000
2018-03-18 05:06:43,0.06739400,0.34100000
2018-03-18 05:06:44,0.06740200,0.57000000
2018-03-18 05:06:48,0.06739300,0.07500000
2018-03-18 05:06:48,0.06740200,0.32500000
2018-03-18 05:06:48,0.06740200,0.11300000
2018-03-18 05:06:48,0.06740200,0.31700000
2018-03-18 05:06:49,0.06733100,0.10000000
2018-03-18 05:06:51,0.06733100,0.10000000
2018-03-18 05:06:52,0.06740200,0.08900000
2018-03-18 05:06:54,0.06740200,0.06500000
2018-03-18 05:06:54,0.06740100,0.06800000
2018-03-18 05:06:54,0.06740200,0.01100000
2018-03-18 05:06:55,0.06740200,0.17800000
2018-03-18 05:06:55,0.06733100,0.10100000
2018-03-18 05:06:55,0.06732900,0.24400000
2018-03-18 05:06:55,0.06731900,0.65000000
2018-03-18 05:06:55,0.06732000,0.13100000
2018-03-18 05:07:00,0.06732300,0.30500000
2018-03-18 05:07:00,0.06732300,0.06900000
2018-03-18 05:07:03,0.06732300,0.18400000
2018-03-18 05:07:05,0.06732300,0.13300000
2018-03-18 05:07:05,0.06732300,0.17500000
2018-03-18 05:07:05,0.06732000,0.13200000
2018-03-18 05:07:05,0.06732000,0.06700000
2018-03-18 05:07:05,0.06732200,0.06600000
2018-03-18 05:07:05,0.06732200,0.00100000
2018-03-18 05:07:05,0.06739100,0.06100000
2018-03-18 05:07:06,0.06732300,0.09900000
2018-03-18 05:07:06,0.06738800,0.09700000
2018-03-18 05:07:07,0.06738700,0.28900000
2018-03-18 05:07:07,0.06738400,0.04400000
2018-03-18 05:07:08,0.06738300,0.44700000
2018-03-18 05:07:09,0.06738300,0.35600000
2018-03-18 05:07:11,0.06732400,0.04900000
2018-03-18 05:07:11,0.06732400,0.02900000
2018-03-18 05:07:11,0.06732400,0.02800000
2018-03-18 05:07:11,0.06732300,0.00100000
2018-03-18 05:07:11,0.06732000,0.00100000
2018-03-18 05:07:11,0.06731900,0.07200000
2018-03-18 05:07:12,0.06738400,0.50000000
2018-03-18 05:07:12,0.06738400,0.00400000
2018-03-18 05:07:12,0.06732000,0.02500000
2018-03-18 05:07:12,0.06732000,0.17700000
2018-03-18 05:07:12,0.06732000,0.16700000
2018-03-18 05:07:12,0.06732000,0.31100000
2018-03-18 05:07:12,0.06732000,0.11000000
2018-03-18 05:07:12,0.06732000,0.10200000
2018-03-18 05:07:12,0.06732000,0.03900000
2018-03-18 05:07:12,0.06732000,0.03600000
2018-03-18 05:07:14,0.06732400,0.01300000
2018-03-18 05:07:14,0.06732400,0.42600000
2018-03-18 05:07:16,0.06738700,0.62000000
2018-03-18 05:07:17,0.06738300,0.40000000
2018-03-18 05:07:17,0.06738300,0.10200000
2018-03-18 05:07:17,0.06738300,0.43700000
2018-03-18 05:07:17,0.06732400,0.00100000
2018-03-18 05:07:17,0.06732300,0.03400000
2018-03-18 05:07:17,0.06731900,0.06600000
2018-03-18 05:07:18,0.06731900,0.61000000
2018-03-18 05:07:18,0.06731900,0.42800000
2018-03-18 05:07:19,0.06731900,0.00400000
2018-03-18 05:07:19,0.06731800,0.02400000
2018-03-18 05:07:19,0.06731800,0.03900000
2018-03-18 05:07:20,0.06738500,0.45600000
2018-03-18 05:07:20,0.06731800,0.13600000
2018-03-18 05:07:20,0.06738500,0.11100000
2018-03-18 05:07:20,0.06739600,0.40300000
2018-03-18 05:07:20,0.06740200,0.04900000
2018-03-18 05:07:20,0.06731800,0.35900000
2018-03-18 05:07:21,0.06732000,0.03900000
2018-03-18 05:07:21,0.06739800,0.10600000
2018-03-18 05:07:21,0.06739900,1.24600000
2018-03-18 05:07:22,0.06732100,0.30400000
2018-03-18 05:07:23,0.06732200,0.16000000
2018-03-18 05:07:26,0.06739800,0.10500000
2018-03-18 05:07:26,0.06739800,0.00100000
2018-03-18 05:07:26,0.06740000,0.03000000
2018-03-18 05:07:26,0.06740200,0.11400000
2018-03-18 05:07:27,0.06732600,0.50700000
2018-03-18 05:07:27,0.06732600,0.04500000
2018-03-18 05:07:27,0.06732500,0.11500000
2018-03-18 05:07:27,0.06740200,0.06300000
2018-03-18 05:07:27,0.06733000,0.03000000
2018-03-18 05:07:27,0.06732500,0.01400000
2018-03-18 05:07:27,0.06740200,0.88000000
2018-03-18 05:07:28,0.06740000,0.02900000
2018-03-18 05:07:28,0.06732600,0.36900000
2018-03-18 05:07:28,0.06732600,0.18100000
2018-03-18 05:07:29,0.06739500,0.55000000
2018-03-18 05:07:29,0.06740000,0.00200000
2018-03-18 05:07:29,0.06732600,0.37600000
2018-03-18 05:07:29,0.06740000,0.55000000
2018-03-18 05:07:29,0.06740000,0.00100000
2018-03-18 05:07:29,0.06740100,0.12900000
2018-03-18 05:07:29,0.06740200,0.01500000
2018-03-18 05:07:31,0.06731800,0.21900000
2018-03-18 05:07:31,0.06739800,0.10600000
2018-03-18 05:07:32,0.06738600,0.10700000
2018-03-18 05:07:32,0.06738600,0.01700000
2018-03-18 05:07:32,0.06738600,0.15900000
2018-03-18 05:07:36,0.06732500,0.32000000
2018-03-18 05:07:37,0.06735500,0.03800000
2018-03-18 05:07:37,0.06732500,0.00100000
2018-03-18 05:07:37,0.06732500,0.08700000
2018-03-18 05:07:38,0.06732500,0.23200000
2018-03-18 05:07:38,0.06732500,0.00100000
2018-03-18 05:07:38,0.06738500,0.04100000
2018-03-18 05:07:38,0.06738500,0.11700000
2018-03-18 05:07:38,0.06738500,0.04000000
2018-03-18 05:07:38,0.06738600,0.17500000
2018-03-18 05:07:38,0.06738600,0.23200000
2018-03-18 05:07:38,0.06732400,0.09600000
2018-03-18 05:07:40,0.06738600,0.06400000
2018-03-18 05:07:41,0.06738500,0.07000000
2018-03-18 05:07:47,0.06738600,0.73700000
2018-03-18 05:07:47,0.06738600,0.49700000
2018-03-18 05:07:50,0.06732600,0.23800000
2018-03-18 05:07:50,0.06732600,0.31600000
2018-03-18 05:07:50,0.06732600,0.00100000
2018-03-18 05:07:50,0.06732500,0.49500000
2018-03-18 05:07:50,0.06732500,0.24500000
2018-03-18 05:07:52,0.06738600,0.00700000
2018-03-18 05:07:52,0.06739900,0.37600000
2018-03-18 05:07:53,0.06733000,0.39900000
2018-03-18 05:07:54,0.06732600,0.38500000
2018-03-18 05:07:54,0.06739900,0.57800000
2018-03-18 05:07:55,0.06739900,0.03900000
2018-03-18 05:07:55,0.06733900,1.40700000
2018-03-18 05:07:55,0.06733900,0.07800000
2018-03-18 05:07:55,0.06733700,0.00500000
2018-03-18 05:07:55,0.06739900,0.50700000
2018-03-18 05:07:56,0.06733700,0.66300000
2018-03-18 05:07:57,0.06733700,0.04200000
2018-03-18 05:07:58,0.06733700,0.78900000
2018-03-18 05:07:58,0.06733700,0.19200000
2018-03-18 05:07:59,0.06740000,0.40000000
2018-03-18 05:07:59,0.06740200,0.00100000
2018-03-18 05:08:02,0.06733700,0.04000000
2018-03-18 05:08:02,0.06740200,0.40000000
2018-03-18 05:08:03,0.06739900,1.15600000
2018-03-18 05:08:03,0.06739900,0.22600000
2018-03-18 05:08:03,0.06739900,0.05000000
2018-03-18 05:08:03,0.06739900,0.18400000
2018-03-18 05:08:03,0.06739900,0.05400000
2018-03-18 05:08:03,0.06739900,1.31600000
2018-03-18 05:08:03,0.06739900,0.07300000
2018-03-18 05:08:03,0.06739900,0.05500000
2018-03-18 05:08:03,0.06739900,0.53600000
2018-03-18 05:08:03,0.06739900,0.20700000
2018-03-18 05:08:03,0.06739900,0.11200000
2018-03-18 05:08:03,0.06739900,0.37800000
2018-03-18 05:08:03,0.06739900,0.02100000
2018-03-18 05:08:03,0.06740200,0.03800000
2018-03-18 05:08:03,0.06739900,0.54500000
2018-03-18 05:08:03,0.06739900,0.02900000
2018-03-18 05:08:03,0.06740200,0.01600000
2018-03-18 05:08:03,0.06739900,1.32900000
2018-03-18 05:08:04,0.06739900,0.04900000
2018-03-18 05:08:04,0.06739900,0.67400000
2018-03-18 05:08:04,0.06739900,0.02900000
2018-03-18 05:08:05,0.06739900,0.52000000
2018-03-18 05:08:05,0.06739900,0.01700000
2018-03-18 05:08:05,0.06739900,0.52500000
2018-03-18 05:08:05,0.06740200,1.75100000
2018-03-18 05:08:06,0.06739900,0.74300000
2018-03-18 05:08:06,0.06739900,0.02900000
2018-03-18 05:08:08,0.06739900,1.14200000
2018-03-18 05:08:08,0.06740100,0.01500000
2018-03-18 05:08:09,0.06740100,2.44900000
2018-03-18 05:08:13,0.06739900,0.00100000
2018-03-18 05:08:13,0.06734200,1.80300000
2018-03-18 05:08:13,0.06733900,0.10700000
2018-03-18 05:08:16,0.06737000,14.19500000
2018-03-18 05:08:16,0.06740100,18.80600000
2018-03-18 05:08:16,0.06740100,5.54300000
2018-03-18 05:08:17,0.06733900,0.10300000
2018-03-18 05:08:17,0.06740200,1.90000000
2018-03-18 05:08:20,0.06733900,0.10900000
2018-03-18 05:08:22,0.06733900,0.05000000
2018-03-18 05:08:23,0.06740200,0.29800000
2018-03-18 05:08:29,0.06740200,0.13800000
2018-03-18 05:08:29,0.06742000,0.04700000
2018-03-18 05:08:31,0.06734200,0.30400000
2018-03-18 05:08:33,0.06734300,0.55200000
2018-03-18 05:08:34,0.06734400,0.11500000
2018-03-18 05:08:34,0.06741700,0.07600000
2018-03-18 05:08:38,0.06734100,0.37300000
2018-03-18 05:08:38,0.06734000,0.14400000
2018-03-18 05:08:38,0.06734000,0.16700000
2018-03-18 05:08:38,0.06734000,0.15800000
2018-03-18 05:08:38,0.06733900,0.36000000
2018-03-18 05:08:39,0.06733900,0.02100000
2018-03-18 05:08:39,0.06741600,0.08600000
2018-03-18 05:08:39,0.06733900,0.00100000
2018-03-18 05:08:39,0.06733700,0.24300000
2018-03-18 05:08:39,0.06733000,0.57900000
2018-03-18 05:08:39,0.06732900,0.17900000
2018-03-18 05:08:40,0.06741400,0.02000000
2018-03-18 05:08:40,0.06741100,0.12300000
2018-03-18 05:08:40,0.06741100,0.01700000
2018-03-18 05:08:41,0.06740900,0.16900000
2018-03-18 05:08:42,0.06740700,0.29100000
2018-03-18 05:08:46,0.06733300,0.08600000
2018-03-18 05:08:46,0.06733200,0.50700000
2018-03-18 05:08:46,0.06732400,0.04400000
2018-03-18 05:08:46,0.06731900,0.52400000
2018-03-18 05:08:46,0.06731900,0.11200000
2018-03-18 05:08:47,0.06732000,0.07800000
2018-03-18 05:08:47,0.06732000,0.02800000
2018-03-18 05:08:48,0.06732100,0.07100000
2018-03-18 05:08:49,0.06736000,34.19000000
2018-03-18 05:08:49,0.06732200,1.10200000
2018-03-18 05:08:49,0.06732200,13.56700000
2018-03-18 05:08:50,0.06739800,0.69500000
2018-03-18 05:08:50,0.06739800,0.29600000
2018-03-18 05:08:52,0.06739700,1.38500000
2018-03-18 05:08:52,0.06739800,0.21800000
2018-03-18 05:08:52,0.06740000,0.08600000
2018-03-18 05:08:52,0.06740100,0.37800000
2018-03-18 05:08:52,0.06740400,0.37300000
2018-03-18 05:08:52,0.06741100,0.57900000
2018-03-18 05:08:52,0.06741700,0.47600000
2018-03-18 05:08:52,0.06742000,0.11600000
2018-03-18 05:08:52,0.06742800,0.10000000
2018-03-18 05:08:52,0.06742900,0.10000000
2018-03-18 05:08:52,0.06743700,0.10000000
2018-03-18 05:08:52,0.06744100,0.10000000
2018-03-18 05:08:52,0.06744900,0.18100000
2018-03-18 05:08:52,0.06745000,0.19200000
2018-03-18 05:08:52,0.06745400,0.20000000
2018-03-18 05:08:52,0.06746000,0.10000000
2018-03-18 05:08:52,0.06746100,0.75400000
2018-03-18 05:08:53,0.06745900,3.54900000
2018-03-18 05:08:53,0.06746200,0.63100000
2018-03-18 05:08:53,0.06745700,1.20300000
2018-03-18 05:08:54,0.06735400,0.24900000
2018-03-18 05:08:54,0.06735400,1.01400000
2018-03-18 05:08:54,0.06735300,0.10100000
2018-03-18 05:08:54,0.06733500,1.28200000
2018-03-18 05:08:55,0.06735400,1.20400000
2018-03-18 05:08:56,0.06744000,0.15000000
2018-03-18 05:08:56,0.06735500,0.18200000
2018-03-18 05:08:57,0.06735900,1.07700000
2018-03-18 05:08:59,0.06736100,0.01500000
2018-03-18 05:09:00,0.06743300,1.11400000
2018-03-18 05:09:00,0.06743400,1.07700000
2018-03-18 05:09:00,0.06743500,0.07700000
2018-03-18 05:09:02,0.06736000,0.16800000
2018-03-18 05:09:02,0.06736100,0.36200000
2018-03-18 05:09:03,0.06736100,0.00100000
2018-03-18 05:09:03,0.06736000,0.02400000
2018-03-18 05:09:03,0.06736000,0.13600000
2018-03-18 05:09:03,0.06734700,0.28100000
2018-03-18 05:09:04,0.06736200,0.09400000
2018-03-18 05:09:04,0.06743200,0.01600000
2018-03-18 05:09:05,0.06735100,0.13500000
2018-03-18 05:09:06,0.06735300,0.65100000
2018-03-18 05:09:08,0.06735500,0.20200000
2018-03-18 05:09:09,0.06735600,0.55200000
2018-03-18 05:09:09,0.06735500,0.54500000
2018-03-18 05:09:09,0.06735500,0.33300000
2018-03-18 05:09:15,0.06741900,1.10700000
2018-03-18 05:09:15,0.06742000,1.22000000
2018-03-18 05:09:15,0.06742100,0.88800000
2018-03-18 05:09:15,0.06742200,0.87200000
2018-03-18 05:09:17,0.06734400,0.15100000
2018-03-18 05:09:17,0.06740000,0.01900000
2018-03-18 05:09:19,0.06734400,0.04700000
2018-03-18 05:09:20,0.06734500,0.07500000
2018-03-18 05:09:21,0.06734500,0.26600000
2018-03-18 05:09:21,0.06734400,0.08600000
2018-03-18 05:09:25,0.06734400,0.33900000
2018-03-18 05:09:25,0.06734400,0.13100000
2018-03-18 05:09:25,0.06734400,0.00200000
2018-03-18 05:09:25,0.06732400,0.17300000
2018-03-18 05:09:27,0.06732400,1.58600000
2018-03-18 05:09:28,0.06732300,0.39700000
2018-03-18 05:09:30,0.06739200,0.20600000
2018-03-18 05:09:30,0.06739200,0.20500000
2018-03-18 05:09:31,0.06731900,0.10000000
2018-03-18 05:09:32,0.06731800,0.21400000
2018-03-18 05:09:32,0.06732000,0.37200000
2018-03-18 05:09:32,0.06732000,0.00200000
2018-03-18 05:09:32,0.06731800,0.37100000
2018-03-18 05:09:32,0.06731800,0.56800000
2018-03-18 05:09:32,0.06731800,0.01100000
2018-03-18 05:09:33,0.06739200,1.80900000
2018-03-18 05:09:33,0.06740000,1.60100000
2018-03-18 05:09:33,0.06740200,0.14800000
2018-03-18 05:09:33,0.06740200,0.19900000
2018-03-18 05:09:33,0.06740200,0.05700000
2018-03-18 05:09:33,0.06740200,0.37400000
2018-03-18 05:09:33,0.06740200,0.27900000
2018-03-18 05:09:33,0.06740200,1.03600000
2018-03-18 05:09:34,0.06740200,0.01800000
2018-03-18 05:09:34,0.06740200,0.82000000
2018-03-18 05:09:34,0.06740200,0.23900000
2018-03-18 05:09:34,0.06740200,0.08100000
2018-03-18 05:09:34,0.06740200,0.13700000
2018-03-18 05:09:34,0.06740200,0.05800000
2018-03-18 05:09:34,0.06740200,0.04900000
2018-03-18 05:09:34,0.06740200,0.02100000
2018-03-18 05:09:34,0.06740200,0.39100000
2018-03-18 05:09:34,0.06740200,0.09000000
2018-03-18 05:09:35,0.06740200,1.16500000
2018-03-18 05:09:37,0.06741700,0.27900000
2018-03-18 05:09:38,0.06741700,0.10000000
2018-03-18 05:09:38,0.06741800,0.14800000
2018-03-18 05:09:38,0.06742900,0.09200000
2018-03-18 05:09:39,0.06740200,1.16100000
2018-03-18 05:09:40,0.06740200,1.22800000
2018-03-18 05:09:40,0.06740200,1.44500000
2018-03-18 05:09:40,0.06740200,0.14300000
2018-03-18 05:09:45,0.06740200,9.03400000
2018-03-18 05:09:46,0.06740200,0.40000000
2018-03-18 05:09:46,0.06740200,0.14800000
2018-03-18 05:09:46,0.06740200,0.14800000
2018-03-18 05:09:46,0.06742600,1.45700000
2018-03-18 05:09:47,0.06742600,0.65200000
2018-03-18 05:09:47,0.06742600,0.38100000
2018-03-18 05:09:47,0.06742600,0.26400000
2018-03-18 05:09:47,0.06742600,0.01800000
2018-03-18 05:09:47,0.06742600,0.11000000
2018-03-18 05:09:47,0.06742600,0.01800000
2018-03-18 05:09:47,0.06742600,0.19900000
2018-03-18 05:09:47,0.06742600,0.02400000
2018-03-18 05:09:47,0.06742600,0.03100000
2018-03-18 05:09:47,0.06742600,0.07600000
2018-03-18 05:09:47,0.06742600,1.77000000
2018-03-18 05:09:48,0.06740200,0.20000000
2018-03-18 05:09:48,0.06740200,1.78000000
2018-03-18 05:09:49,0.06740200,0.40000000
2018-03-18 05:09:50,0.06740200,0.40000000
2018-03-18 05:09:51,0.06740200,0.40000000
2018-03-18 05:09:51,0.06740200,0.28300000
2018-03-18 05:09:51,0.06741200,0.56600000
2018-03-18 05:09:51,0.06742200,0.26900000
2018-03-18 05:09:51,0.06742200,0.19300000
2018-03-18 05:09:53,0.06740900,0.00500000
2018-03-18 05:09:53,0.06740200,1.63100000
2018-03-18 05:09:54,0.06740200,5.03000000
2018-03-18 05:09:54,0.06740200,0.99000000
2018-03-18 05:09:54,0.06740200,0.40000000
2018-03-18 05:09:55,0.06740200,0.40000000
2018-03-18 05:09:56,0.06740200,0.14000000
2018-03-18 05:09:57,0.06740800,0.02500000
2018-03-18 05:09:57,0.06740800,0.37300000
2018-03-18 05:09:58,0.06740200,0.44500000
2018-03-18 05:09:58,0.06740500,0.56800000
2018-03-18 05:09:58,0.06740800,0.05100000
2018-03-18 05:09:59,0.06740800,0.18100000
2018-03-18 05:09:59,0.06740800,0.16900000
2018-03-18 05:09:59,0.06740200,0.13000000
2018-03-18 05:10:01,0.06740200,0.66800000
2018-03-18 05:10:01,0.06740200,0.66800000
2018-03-18 05:10:02,0.06740200,0.40000000
2018-03-18 05:10:03,0.06740200,0.01900000
2018-03-18 05:10:03,0.06740200,0.08800000
2018-03-18 05:10:03,0.06740200,0.02100000
2018-03-18 05:10:04,0.06740200,0.40000000
2018-03-18 05:10:05,0.06740200,0.44500000
2018-03-18 05:10:06,0.06740200,0.40000000
2018-03-18 05:10:07,0.06740700,0.04000000
2018-03-18 05:10:07,0.06740200,0.01700000
2018-03-18 05:10:07,0.06740300,0.12500000
2018-03-18 05:10:08,0.06740700,0.06000000
2018-03-18 05:10:08,0.06740700,0.12200000
2018-03-18 05:10:08,0.06740300,0.08100000
2018-03-18 05:10:08,0.06740300,0.12500000
2018-03-18 05:10:08,0.06740200,0.27500000
2018-03-18 05:10:09,0.06740200,0.02500000
2018-03-18 05:10:09,0.06740700,0.03000000
2018-03-18 05:10:10,0.06740200,0.14300000
2018-03-18 05:10:10,0.06740600,0.01500000
2018-03-18 05:10:11,0.06740200,0.55000000
2018-03-18 05:10:11,0.06740600,0.07000000
2018-03-18 05:10:12,0.06740200,0.14800000
2018-03-18 05:10:12,0.06740200,2.02900000
2018-03-18 05:10:14,0.06740200,0.35900000
2018-03-18 05:10:14,0.06740200,2.54600000
2018-03-18 05:10:19,0.06740200,0.40000000
2018-03-18 05:10:20,0.06740600,0.41500000
2018-03-18 05:10:20,0.06740200,0.23500000
2018-03-18 05:10:22,0.06740800,0.08900000
2018-03-18 05:10:22,0.06740200,0.01500000
2018-03-18 05:10:22,0.06740200,0.11400000
2018-03-18 05:10:22,0.06740200,1.43300000
2018-03-18 05:10:23,0.06740800,0.00100000
2018-03-18 05:10:24,0.06740900,0.03800000
2018-03-18 05:10:25,0.06740900,0.19100000
2018-03-18 05:10:25,0.06740800,0.08700000
2018-03-18 05:10:25,0.06740800,0.00100000
2018-03-18 05:10:25,0.06740200,0.09600000
2018-03-18 05:10:25,0.06740200,0.09800000
2018-03-18 05:10:25,0.06740200,0.17100000
2018-03-18 05:10:26,0.06740200,0.40000000
2018-03-18 05:10:26,0.06740200,0.07500000
2018-03-18 05:10:27,0.06740200,0.03500000
2018-03-18 05:10:27,0.06740200,0.09900000
2018-03-18 05:10:28,0.06740200,0.04100000
2018-03-18 05:10:28,0.06740200,0.14700000
2018-03-18 05:10:29,0.06740200,0.12500000
2018-03-18 05:10:30,0.06740800,0.37000000
2018-03-18 05:10:30,0.06740500,0.37900000
2018-03-18 05:10:31,0.06740800,0.00100000
2018-03-18 05:10:32,0.06740800,0.04400000
2018-03-18 05:10:32,0.06740800,0.22200000
2018-03-18 05:10:33,0.06740800,0.10300000
2018-03-18 05:10:33,0.06740800,0.10300000
2018-03-18 05:10:34,0.06740800,0.33900000
2018-03-18 05:10:34,0.06740800,0.31100000
2018-03-18 05:10:34,0.06740800,0.10300000
2018-03-18 05:10:37,0.06740800,0.05800000
2018-03-18 05:10:37,0.06740200,0.34200000
2018-03-18 05:10:38,0.06740200,0.10000000
2018-03-18 05:10:39,0.06740200,0.18600000
2018-03-18 05:10:41,0.06740200,0.01600000
2018-03-18 05:10:41,0.06740200,0.10800000
2018-03-18 05:10:42,0.06740200,0.06300000
2018-03-18 05:10:44,0.06740300,0.40000000
2018-03-18 05:10:45,0.06740300,0.27900000
2018-03-18 05:10:45,0.06740300,0.13400000
2018-03-18 05:10:45,0.06740600,0.71600000
2018-03-18 05:10:45,0.06740300,0.12500000
2018-03-18 05:10:46,0.06740200,0.04500000
2018-03-18 05:10:46,0.06740300,0.02100000
2018-03-18 05:10:46,0.06740200,0.12600000
2018-03-18 05:10:46,0.06740200,0.09900000
2018-03-18 05:10:46,0.06740200,0.02800000
2018-03-18 05:10:46,0.06740200,0.09100000
2018-03-18 05:10:46,0.06740200,0.04000000
2018-03-18 05:10:47,0.06740200,0.04300000
2018-03-18 05:10:48,0.06740200,0.40000000
2018-03-18 05:10:49,0.06740200,0.68700000
2018-03-18 05:10:49,0.06740200,0.15800000
2018-03-18 05:10:50,0.06740200,0.58600000
2018-03-18 05:10:52,0.06740200,0.04300000
2018-03-18 05:10:52,0.06740200,0.12000000
2018-03-18 05:10:53,0.06740300,0.20700000
2018-03-18 05:10:53,0.06740900,0.00100000
2018-03-18 05:10:53,0.06741000,0.07800000
2018-03-18 05:10:54,0.06741000,0.12300000
2018-03-18 05:10:54,0.06741000,0.10100000
2018-03-18 05:10:54,0.06741000,0.10300000
2018-03-18 05:10:54,0.06741000,0.38600000
2018-03-18 05:10:55,0.06741000,0.00100000
2018-03-18 05:10:55,0.06740200,0.38600000
2018-03-18 05:10:56,0.06740200,0.41400000
2018-03-18 05:10:58,0.06740200,0.02100000
2018-03-18 05:10:58,0.06740200,0.01800000
2018-03-18 05:10:58,0.06740200,0.02100000
2018-03-18 05:11:00,0.06740200,0.20700000
2018-03-18 05:11:01,0.06740200,0.04400000
2018-03-18 05:11:01,0.06740200,2.16500000
2018-03-18 05:11:01,0.06740200,0.01900000
2018-03-18 05:11:01,0.06740200,0.01900000
2018-03-18 05:11:01,0.06740200,0.20700000
2018-03-18 05:11:02,0.06740200,0.43600000
2018-03-18 05:11:03,0.06742500,0.03400000
2018-03-18 05:11:03,0.06740200,0.19900000
2018-03-18 05:11:03,0.06742500,0.20300000
2018-03-18 05:11:03,0.06742500,0.00900000
2018-03-18 05:11:04,0.06742500,0.03200000
2018-03-18 05:11:04,0.06742500,0.00100000
2018-03-18 05:11:04,0.06740200,0.03100000
2018-03-18 05:11:04,0.06740200,0.03200000
2018-03-18 05:11:04,0.06742600,0.09900000
2018-03-18 05:11:04,0.06740200,0.02400000
2018-03-18 05:11:04,0.06740200,0.03200000
2018-03-18 05:11:04,0.06740200,0.35800000
2018-03-18 05:11:07,0.06740200,0.40000000
2018-03-18 05:11:07,0.06740200,0.21400000
2018-03-18 05:11:08,0.06740200,1.63100000
2018-03-18 05:11:08,0.06740300,0.04700000
2018-03-18 05:11:09,0.06740300,0.38700000
2018-03-18 05:11:10,0.06741400,0.02700000
2018-03-18 05:11:10,0.06740300,0.05600000
2018-03-18 05:11:12,0.06740200,0.05000000
2018-03-18 05:11:13,0.06740200,0.00700000
2018-03-18 05:11:14,0.06742500,0.02200000
2018-03-18 05:11:16,0.06740200,2.39600000
2018-03-18 05:11:16,0.06742400,0.04100000
2018-03-18 05:11:17,0.06742400,0.34400000
2018-03-18 05:11:17,0.06741300,0.93100000
2018-03-18 05:11:17,0.06742400,0.00100000
2018-03-18 05:11:17,0.06742400,0.11300000
2018-03-18 05:11:17,0.06742400,0.07000000
2018-03-18 05:11:17,0.06742400,0.01900000
2018-03-18 05:11:17,0.06742400,0.02100000
2018-03-18 05:11:17,0.06742400,0.14800000
2018-03-18 05:11:17,0.06742400,0.01400000
2018-03-18 05:11:17,0.06740200,0.00100000
2018-03-18 05:11:17,0.06740000,0.25600000
2018-03-18 05:11:17,0.06740000,0.15100000
2018-03-18 05:11:17,0.06739400,0.01900000
2018-03-18 05:11:17,0.06739400,0.03000000
2018-03-18 05:11:17,0.06734300,0.17700000
2018-03-18 05:11:17,0.06734300,0.14800000
2018-03-18 05:11:17,0.06734300,0.07500000
2018-03-18 05:11:17,0.06734200,0.12600000
2018-03-18 05:11:22,0.06738500,0.59100000
2018-03-18 05:11:22,0.06742300,0.30000000
2018-03-18 05:11:24,0.06741100,0.02100000
2018-03-18 05:11:24,0.06741100,0.10000000
2018-03-18 05:11:28,0.06734200,0.05100000
2018-03-18 05:11:31,0.06734200,0.08300000
2018-03-18 05:11:33,0.06734200,0.24500000
2018-03-18 05:11:33,0.06734200,0.89000000
2018-03-18 05:11:33,0.06741000,0.24900000
2018-03-18 05:11:33,0.06741000,0.19000000
2018-03-18 05:11:34,0.06734200,0.40000000
2018-03-18 05:11:35,0.06741000,1.48200000
2018-03-18 05:11:35,0.06734200,0.40000000
2018-03-18 05:11:36,0.06734200,0.03600000
2018-03-18 05:11:37,0.06740900,0.41300000
2018-03-18 05:11:37,0.06737500,0.69700000
2018-03-18 05:11:37,0.06740900,0.47000000
2018-03-18 05:11:38,0.06734200,0.08100000
2018-03-18 05:11:39,0.06741000,0.14800000
2018-03-18 05:11:40,0.06741000,0.88400000
2018-03-18 05:11:42,0.06741000,0.00300000
2018-03-18 05:11:42,0.06741100,0.00100000
2018-03-18 05:11:43,0.06741100,0.32200000
2018-03-18 05:11:43,0.06734200,0.13500000
2018-03-18 05:11:47,0.06739800,0.39900000
2018-03-18 05:11:48,0.06741100,0.10900000
2018-03-18 05:11:50,0.06734300,1.05800000
2018-03-18 05:11:50,0.06734300,0.20300000
2018-03-18 05:11:51,0.06734200,0.40000000
2018-03-18 05:11:54,0.06735000,0.13100000
2018-03-18 05:11:54,0.06734400,0.39400000
2018-03-18 05:11:54,0.06734400,0.56000000
2018-03-18 05:11:55,0.06734400,0.03600000
2018-03-18 05:11:57,0.06734400,0.05300000
2018-03-18 05:11:58,0.06734400,0.02400000
2018-03-18 05:11:59,0.06741000,0.40000000
2018-03-18 05:11:59,0.06741000,0.17400000
2018-03-18 05:11:59,0.06741000,0.04700000
2018-03-18 05:12:00,0.06741000,0.25600000
2018-03-18 05:12:00,0.06734400,1.56100000
2018-03-18 05:12:00,0.06734200,0.84500000
2018-03-18 05:12:00,0.06732700,0.40000000
2018-03-18 05:12:00,0.06732000,0.24800000
2018-03-18 05:12:00,0.06731800,0.81400000
2018-03-18 05:12:00,0.06731800,0.60100000
2018-03-18 05:12:02,0.06733300,0.01500000
2018-03-18 05:12:02,0.06740700,0.77700000
2018-03-18 05:12:04,0.06740700,0.07400000
2018-03-18 05:12:05,0.06733300,0.06100000
2018-03-18 05:12:05,0.06733300,0.11900000
2018-03-18 05:12:06,0.06733400,0.80400000
2018-03-18 05:12:07,0.06740700,0.16100000
2018-03-18 05:12:07,0.06733400,0.01500000
2018-03-18 05:12:07,0.06740800,0.45900000
2018-03-18 05:12:07,0.06740800,0.00100000
2018-03-18 05:12:07,0.06741000,0.16900000
2018-03-18 05:12:08,0.06740700,0.19000000
2018-03-18 05:12:08,0.06740700,0.10700000
2018-03-18 05:12:08,0.06735000,0.19000000
2018-03-18 05:12:08,0.06735000,0.04300000
2018-03-18 05:12:09,0.06737900,0.32400000
2018-03-18 05:12:09,0.06740700,0.00300000
2018-03-18 05:12:09,0.06741000,0.11000000
2018-03-18 05:12:12,0.06740900,0.01500000
2018-03-18 05:12:13,0.06736000,0.18900000
2018-03-18 05:12:14,0.06740900,0.05700000
2018-03-18 05:12:15,0.06740900,0.74600000
2018-03-18 05:12:16,0.06741000,0.49800000
2018-03-18 05:12:16,0.06741000,0.00100000
2018-03-18 05:12:16,0.06742000,0.10800000
2018-03-18 05:12:16,0.06742000,0.06100000
2018-03-18 05:12:16,0.06736000,0.06100000
2018-03-18 05:12:20,0.06742200,0.09200000
2018-03-18 05:12:21,0.06736100,0.17600000
2018-03-18 05:12:21,0.06742200,0.00100000
2018-03-18 05:12:21,0.06742500,0.00100000
2018-03-18 05:12:21,0.06742600,0.00100000
2018-03-18 05:12:21,0.06743400,0.05300000
2018-03-18 05:12:21,0.06743600,0.40100000
2018-03-18 05:12:22,0.06743500,0.44600000
2018-03-18 05:12:22,0.06743500,0.24400000
2018-03-18 05:12:22,0.06743500,0.63100000
2018-03-18 05:12:23,0.06739900,1.68200000
2018-03-18 05:12:23,0.06743500,0.32500000
2018-03-18 05:12:23,0.06743500,2.38000000
2018-03-18 05:12:23,0.06743600,0.24300000
2018-03-18 05:12:23,0.06743600,0.42000000
2018-03-18 05:12:23,0.06743500,0.09800000
2018-03-18 05:12:23,0.06743500,0.45600000
2018-03-18 05:12:23,0.06736300,0.09700000
2018-03-18 05:12:23,0.06736300,0.01900000
2018-03-18 05:12:23,0.06736300,0.04800000
2018-03-18 05:12:23,0.06736300,0.04200000
2018-03-18 05:12:23,0.06736300,0.14400000
2018-03-18 05:12:23,0.06736300,0.34100000
2018-03-18 05:12:24,0.06743600,0.41200000
2018-03-18 05:12:26,0.06736500,0.03800000
2018-03-18 05:12:28,0.06736500,0.10200000
2018-03-18 05:12:34,0.06736500,0.07300000
2018-03-18 05:12:38,0.06743600,0.04200000
2018-03-18 05:12:38,0.06743600,0.06300000
2018-03-18 05:12:38,0.06743600,0.19800000
2018-03-18 05:12:39,0.06743600,0.20100000
2018-03-18 05:12:40,0.06743500,0.22800000
2018-03-18 05:12:40,0.06743500,0.33200000
2018-03-18 05:12:40,0.06740000,2.95400000
2018-03-18 05:12:40,0.06743500,2.06400000
2018-03-18 05:12:40,0.06743500,0.87500000
2018-03-18 05:12:41,0.06736800,0.03900000
2018-03-18 05:12:43,0.06743500,0.28100000
2018-03-18 05:12:43,0.06743500,0.07700000
2018-03-18 05:12:43,0.06743500,0.21800000
2018-03-18 05:12:43,0.06743500,0.04100000
2018-03-18 05:12:43,0.06743500,1.55500000
2018-03-18 05:12:43,0.06740000,10.02300000
2018-03-18 05:12:43,0.06743500,1.43300000
2018-03-18 05:12:43,0.06743600,0.00100000
2018-03-18 05:12:43,0.06745000,0.09700000
2018-03-18 05:12:46,0.06737100,0.04400000
2018-03-18 05:12:47,0.06737200,0.07700000
2018-03-18 05:12:51,0.06741200,1.55200000
2018-03-18 05:12:52,0.06744800,3.62500000
2018-03-18 05:12:52,0.06744800,0.65800000
2018-03-18 05:12:53,0.06737700,0.38200000
2018-03-18 05:12:53,0.06744900,0.07600000
2018-03-18 05:12:56,0.06737800,0.08900000
2018-03-18 05:12:56,0.06744100,0.23100000
2018-03-18 05:12:57,0.06744100,0.03900000
2018-03-18 05:12:57,0.06744100,0.05900000
2018-03-18 05:12:57,0.06744100,0.05700000
2018-03-18 05:12:59,0.06737800,0.06000000
2018-03-18 05:13:00,0.06744100,0.10000000
2018-03-18 05:13:00,0.06744100,1.00000000
2018-03-18 05:13:00,0.06744900,0.00100000
2018-03-18 05:13:00,0.06745000,0.13900000
2018-03-18 05:13:00,0.06745000,0.62400000
2018-03-18 05:13:00,0.06745000,0.63200000
2018-03-18 05:13:01,0.06744900,0.10000000
2018-03-18 05:13:02,0.06744900,0.28000000
2018-03-18 05:13:03,0.06744900,0.00100000
2018-03-18 05:13:03,0.06737800,0.67100000
2018-03-18 05:13:03,0.06744900,0.00100000
2018-03-18 05:13:03,0.06745000,0.06300000
2018-03-18 05:13:03,0.06745000,0.20900000
2018-03-18 05:13:03,0.06745000,0.47200000
2018-03-18 05:13:03,0.06746900,0.09100000
2018-03-18 05:13:03,0.06747700,0.07900000
2018-03-18 05:13:03,0.06748300,0.42600000
2018-03-18 05:13:04,0.06737900,0.32300000
2018-03-18 05:13:05,0.06748000,0.08900000
2018-03-18 05:13:05,0.06748000,0.01300000
2018-03-18 05:13:06,0.06747900,0.19200000
2018-03-18 05:13:06,0.06739000,0.03300000
2018-03-18 05:13:06,0.06739000,0.31500000
2018-03-18 05:13:07,0.06747800,1.77300000
2018-03-18 05:13:09,0.06747000,0.35000000
2018-03-18 05:13:09,0.06747600,0.01300000
2018-03-18 05:13:09,0.06747600,0.29500000
2018-03-18 05:13:09,0.06747600,0.59500000
2018-03-18 05:13:10,0.06747600,0.59400000
2018-03-18 05:13:10,0.06740000,0.13100000
2018-03-18 05:13:11,0.06747000,0.13000000
2018-03-18 05:13:11,0.06747500,0.00300000
2018-03-18 05:13:12,0.06747500,0.33400000
2018-03-18 05:13:12,0.06747600,0.06700000
2018-03-18 05:13:12,0.06747600,0.61900000
2018-03-18 05:13:12,0.06747600,0.11100000
2018-03-18 05:13:12,0.06747600,1.71100000
2018-03-18 05:13:12,0.06747600,0.02200000
2018-03-18 05:13:12,0.06747600,0.71300000
2018-03-18 05:13:12,0.06747600,1.22400000
2018-03-18 05:13:12,0.06748300,0.58400000
2018-03-18 05:13:12,0.06749600,0.45400000
2018-03-18 05:13:12,0.06750100,0.52200000
2018-03-18 05:13:12,0.06750900,0.22600000
2018-03-18 05:13:12,0.06747600,0.16200000
2018-03-18 05:13:12,0.06747600,0.07500000
2018-03-18 05:13:12,0.06747600,0.10900000
2018-03-18 05:13:12,0.06747600,0.14100000
2018-03-18 05:13:12,0.06740200,0.32100000
2018-03-18 05:13:12,0.06740200,0.14800000
2018-03-18 05:13:12,0.06740200,0.01600000
2018-03-18 05:13:13,0.06750800,1.77100000
2018-03-18 05:13:13,0.06740500,0.06600000
2018-03-18 05:13:13,0.06750800,0.25000000
2018-03-18 05:13:13,0.06750800,0.02000000
2018-03-18 05:13:14,0.06750800,0.05400000
2018-03-18 05:13:14,0.06750800,0.79400000
2018-03-18 05:13:14,0.06750900,0.27400000
2018-03-18 05:13:14,0.06752100,0.99400000
2018-03-18 05:13:14,0.06752300,0.06900000
2018-03-18 05:13:15,0.06747900,0.02800000
2018-03-18 05:13:15,0.06741100,0.13200000
2018-03-18 05:13:15,0.06747900,0.11300000
2018-03-18 05:13:15,0.06741300,0.07300000
2018-03-18 05:13:15,0.06747900,0.17700000
2018-03-18 05:13:15,0.06741300,0.05100000
2018-03-18 05:13:16,0.06747800,0.06600000
2018-03-18 05:13:16,0.06741400,0.07000000
2018-03-18 05:13:17,0.06747800,0.05800000
2018-03-18 05:13:17,0.06741600,0.03500000
2018-03-18 05:13:19,0.06747700,0.06800000
2018-03-18 05:13:19,0.06739700,0.07700000
2018-03-18 05:13:20,0.06747700,0.94200000
2018-03-18 05:13:20,0.06747900,0.28200000
2018-03-18 05:13:20,0.06752300,0.52200000
2018-03-18 05:13:20,0.06752400,0.05100000
2018-03-18 05:13:20,0.06740200,0.75300000
2018-03-18 05:13:21,0.06747100,0.75500000
2018-03-18 05:13:21,0.06747600,0.07700000
2018-03-18 05:13:21,0.06752400,0.70500000
2018-03-18 05:13:21,0.06753100,0.04200000
2018-03-18 05:13:21,0.06753200,0.20400000
2018-03-18 05:13:22,0.06741500,0.02300000
2018-03-18 05:13:23,0.06753100,0.65100000
2018-03-18 05:13:23,0.06753200,0.95600000
2018-03-18 05:13:24,0.06751100,0.40000000
2018-03-18 05:13:24,0.06753200,0.28900000
2018-03-18 05:13:24,0.06753300,0.48200000
2018-03-18 05:13:24,0.06753500,0.51700000
2018-03-18 05:13:24,0.06753900,0.09600000
2018-03-18 05:13:25,0.06753900,0.30400000
2018-03-18 05:13:25,0.06754100,0.17000000
2018-03-18 05:13:25,0.06754600,0.53100000
2018-03-18 05:13:25,0.06755800,0.08000000
2018-03-18 05:13:25,0.06755900,0.30100000
2018-03-18 05:13:25,0.06756600,0.39800000
2018-03-18 05:13:26,0.06751300,0.40000000
2018-03-18 05:13:26,0.06756300,0.40000000
2018-03-18 05:13:26,0.06756600,0.01200000
2018-03-18 05:13:26,0.06757200,0.25000000
2018-03-18 05:13:26,0.06757700,0.15900000
2018-03-18 05:13:26,0.06757800,0.35000000
2018-03-18 05:13:26,0.06758600,0.21700000
2018-03-18 05:13:26,0.06744100,0.02300000
2018-03-18 05:13:27,0.06756600,0.10000000
2018-03-18 05:13:27,0.06758600,0.72200000
2018-03-18 05:13:27,0.06759300,0.31800000
2018-03-18 05:13:27,0.06759500,0.29000000
2018-03-18 05:13:27,0.06760000,0.10500000
2018-03-18 05:13:27,0.06760200,0.07800000
2018-03-18 05:13:27,0.06760600,0.17600000
2018-03-18 05:13:27,0.06744900,0.49300000
2018-03-18 05:13:27,0.06745400,1.47400000
2018-03-18 05:13:28,0.06745600,1.01300000
2018-03-18 05:13:28,0.06758200,0.05500000
2018-03-18 05:13:28,0.06745600,0.00100000
2018-03-18 05:13:28,0.06745500,0.08900000
2018-03-18 05:13:28,0.06745500,0.03000000
2018-03-18 05:13:28,0.06745700,0.29000000
2018-03-18 05:13:28,0.06745500,2.83700000
2018-03-18 05:13:28,0.06745500,0.23000000
2018-03-18 05:13:28,0.06745600,1.75100000
2018-03-18 05:13:28,0.06746000,0.39400000
2018-03-18 05:13:29,0.06756900,0.04700000
2018-03-18 05:13:30,0.06755600,0.01800000
2018-03-18 05:13:31,0.06755000,0.11800000
2018-03-18 05:13:31,0.06746400,0.50600000
2018-03-18 05:13:32,0.06746500,0.11800000
2018-03-18 05:13:35,0.06746500,0.36300000
2018-03-18 05:13:35,0.06744900,0.71900000
2018-03-18 05:13:35,0.06742900,0.66800000
2018-03-18 05:13:35,0.06742800,0.75700000
2018-03-18 05:13:35,0.06741400,0.16700000
2018-03-18 05:13:37,0.06741700,0.56800000
2018-03-18 05:13:37,0.06750300,0.22800000
2018-03-18 05:13:37,0.06750300,0.32600000
2018-03-18 05:13:37,0.06750300,0.15600000
2018-03-18 05:13:37,0.06741800,0.45900000
2018-03-18 05:13:38,0.06749500,0.35300000
2018-03-18 05:13:38,0.06742100,0.30100000
2018-03-18 05:13:39,0.06749300,0.36300000
2018-03-18 05:13:39,0.06749400,0.45900000
2018-03-18 05:13:39,0.06749500,0.25100000
2018-03-18 05:13:39,0.06751200,0.58800000
2018-03-18 05:13:39,0.06742100,0.45000000
2018-03-18 05:13:39,0.06742300,1.91000000
2018-03-18 05:13:40,0.06742400,0.04000000
2018-03-18 05:13:41,0.06742400,0.26000000
2018-03-18 05:13:42,0.06741800,0.03300000
2018-03-18 05:13:45,0.06741800,0.39300000
2018-03-18 05:13:45,0.06741800,0.08300000
2018-03-18 05:13:46,0.06741700,0.14000000
2018-03-18 05:13:46,0.06748900,0.06800000
2018-03-18 05:13:47,0.06748800,0.29600000
2018-03-18 05:13:47,0.06748800,0.16800000
2018-03-18 05:13:48,0.06741700,0.05300000
2018-03-18 05:13:48,0.06748800,0.17700000
2018-03-18 05:13:48,0.06748800,0.88800000
2018-03-18 05:13:50,0.06748900,0.30000000
2018-03-18 05:13:53,0.06745300,1.30600000
2018-03-18 05:13:53,0.06741800,0.48600000
2018-03-18 05:13:55,0.06741700,0.24100000
2018-03-18 05:13:55,0.06741400,0.25300000
2018-03-18 05:13:55,0.06740500,0.11200000
2018-03-18 05:13:56,0.06748700,1.08800000
2018-03-18 05:13:56,0.06748700,0.60900000
2018-03-18 05:13:57,0.06748700,0.03200000
2018-03-18 05:13:58,0.06740800,0.01100000
2018-03-18 05:13:58,0.06748700,0.07700000
2018-03-18 05:13:59,0.06740900,0.02700000
2018-03-18 05:14:02,0.06741100,0.07900000
2018-03-18 05:14:02,0.06741000,0.36900000
2018-03-18 05:14:02,0.06740900,0.19500000
2018-03-18 05:14:02,0.06740500,0.32800000
2018-03-18 05:14:02,0.06738200,0.41000000
2018-03-18 05:14:02,0.06737300,0.07400000
2018-03-18 05:14:02,0.06742500,0.02000000
2018-03-18 05:14:02,0.06737300,0.09000000
2018-03-18 05:14:02,0.06748000,0.39900000
2018-03-18 05:14:03,0.06740600,0.26800000
2018-03-18 05:14:03,0.06747900,0.53200000
2018-03-18 05:14:04,0.06747900,0.00100000
2018-03-18 05:14:04,0.06748000,0.00100000
2018-03-18 05:14:04,0.06748400,0.36900000
2018-03-18 05:14:04,0.06748500,0.19500000
2018-03-18 05:14:04,0.06748900,0.22500000
2018-03-18 05:14:04,0.06747900,0.02100000
2018-03-18 05:14:05,0.06747900,0.68900000
2018-03-18 05:14:05,0.06747900,0.00100000
2018-03-18 05:14:05,0.06748900,0.15800000
2018-03-18 05:14:06,0.06750000,0.02200000
2018-03-18 05:14:06,0.06750000,0.04000000
2018-03-18 05:14:06,0.06750000,0.15500000
2018-03-18 05:14:06,0.06740900,0.01600000
2018-03-18 05:14:06,0.06737900,0.04500000
2018-03-18 05:14:07,0.06747900,0.55200000
2018-03-18 05:14:07,0.06747800,0.37700000
2018-03-18 05:14:07,0.06747800,0.35200000
2018-03-18 05:14:07,0.06747800,0.00100000
2018-03-18 05:14:07,0.06750700,0.35100000
2018-03-18 05:14:07,0.06739300,0.05300000
2018-03-18 05:14:07,0.06747800,0.29000000
2018-03-18 05:14:10,0.06747800,0.00100000
2018-03-18 05:14:11,0.06748600,0.02200000
2018-03-18 05:14:11,0.06748600,0.15900000
2018-03-18 05:14:11,0.06748600,0.27400000
2018-03-18 05:14:12,0.06753000,0.02700000
2018-03-18 05:14:13,0.06748700,0.20000000
2018-03-18 05:14:13,0.06748600,1.59700000
2018-03-18 05:14:15,0.06748700,0.36300000
2018-03-18 05:14:15,0.06748700,0.36300000
2018-03-18 05:14:15,0.06748700,1.22700000
2018-03-18 05:14:17,0.06748600,0.13000000
2018-03-18 05:14:17,0.06748600,0.81100000
2018-03-18 05:14:17,0.06752900,0.11500000
2018-03-18 05:14:17,0.06752900,0.21400000
2018-03-18 05:14:18,0.06752800,0.49400000
2018-03-18 05:14:18,0.06752700,0.19900000
2018-03-18 05:14:19,0.06752800,1.47900000
2018-03-18 05:14:19,0.06752800,0.01700000
2018-03-18 05:14:19,0.06752800,0.00100000
2018-03-18 05:14:19,0.06752900,0.40600000
2018-03-18 05:14:20,0.06752800,0.46100000
2018-03-18 05:14:27,0.06746100,0.19900000
2018-03-18 05:14:27,0.06753000,0.00100000
2018-03-18 05:14:27,0.06753900,0.02900000
2018-03-18 05:14:28,0.06753900,0.39600000
2018-03-18 05:14:30,0.06750000,2.26800000
2018-03-18 05:14:30,0.06746100,0.20500000
2018-03-18 05:14:30,0.06746100,0.82700000
2018-03-18 05:14:30,0.06753900,0.00100000
2018-03-18 05:14:30,0.06754800,0.01800000
2018-03-18 05:14:31,0.06750000,0.15400000
2018-03-18 05:14:31,0.06754700,0.19900000
2018-03-18 05:14:33,0.06754800,0.51400000
2018-03-18 05:14:33,0.06754800,0.00100000
2018-03-18 05:14:33,0.06755400,0.36500000
2018-03-18 05:14:33,0.06755600,0.10000000
2018-03-18 05:14:33,0.06755600,0.02600000
2018-03-18 05:14:34,0.06757400,0.20200000
2018-03-18 05:14:34,0.06755600,0.00100000
2018-03-18 05:14:34,0.06750000,0.07700000
2018-03-18 05:14:34,0.06750100,0.10600000
2018-03-18 05:14:35,0.06754700,0.09800000
2018-03-18 05:14:35,0.06750200,0.20000000
2018-03-18 05:14:35,0.06750100,0.20000000
2018-03-18 05:14:36,0.06750100,1.44500000
2018-03-18 05:14:36,0.06752500,0.39900000
2018-03-18 05:14:38,0.06754700,0.00100000
2018-03-18 05:14:38,0.06757400,0.00100000
2018-03-18 05:14:38,0.06759200,0.39700000
2018-03-18 05:14:38,0.06750100,0.04400000
2018-03-18 05:14:38,0.06750300,1.68300000
2018-03-18 05:14:39,0.06750500,0.20000000
2018-03-18 05:14:39,0.06750400,0.74600000
2018-03-18 05:14:41,0.06751000,0.35000000
2018-03-18 05:14:41,0.06751000,0.04100000
2018-03-18 05:14:41,0.06751000,0.00900000
2018-03-18 05:14:41,0.06750700,0.37800000
2018-03-18 05:14:41,0.06750600,0.68700000
2018-03-18 05:14:42,0.06751100,0.16500000
2018-03-18 05:14:42,0.06750400,0.08000000
2018-03-18 05:14:43,0.06757700,0.06000000
2018-03-18 05:14:43,0.06757700,2.52100000
2018-03-18 05:14:43,0.06750400,0.17700000
2018-03-18 05:14:44,0.06757500,0.16400000
2018-03-18 05:14:44,0.06757400,0.01800000
2018-03-18 05:14:44,0.06757500,0.01800000
2018-03-18 05:14:44,0.06750500,0.16500000
2018-03-18 05:14:45,0.06757200,0.01900000
2018-03-18 05:14:45,0.06757300,0.08400000
2018-03-18 05:14:46,0.06757000,0.39900000
2018-03-18 05:14:46,0.06750400,0.24500000
2018-03-18 05:14:47,0.06750400,0.21800000
2018-03-18 05:14:48,0.06750600,0.11000000
2018-03-18 05:14:48,0.06757000,0.10200000
2018-03-18 05:14:49,0.06756900,0.10200000
2018-03-18 05:14:51,0.06750400,0.23100000
2018-03-18 05:14:51,0.06750300,0.16800000
2018-03-18 05:14:52,0.06750000,1.15300000
2018-03-18 05:14:52,0.06750000,2.95000000
2018-03-18 05:14:53,0.06750100,0.25600000
2018-03-18 05:14:53,0.06750100,0.02300000
2018-03-18 05:14:54,0.06750100,0.01500000
2018-03-18 05:14:54,0.06750100,0.53900000
2018-03-18 05:14:54,0.06750000,6.25400000
2018-03-18 05:14:54,0.06749500,0.57600000
2018-03-18 05:14:54,0.06750100,0.10000000
2018-03-18 05:14:55,0.06750100,0.07000000
2018-03-18 05:14:55,0.06750100,0.15400000
2018-03-18 05:14:56,0.06744800,0.43700000
2018-03-18 05:14:57,0.06745100,0.44400000
2018-03-18 05:14:57,0.06749900,1.01800000
2018-03-18 05:14:59,0.06749900,0.19000000
2018-03-18 05:15:00,0.06749900,0.30000000
2018-03-18 05:15:00,0.06744800,0.26800000
2018-03-18 05:15:01,0.06749900,0.07400000
2018-03-18 05:15:02,0.06744800,0.06000000
2018-03-18 05:15:02,0.06749900,0.00800000
2018-03-18 05:15:02,0.06750100,0.00900000
2018-03-18 05:15:03,0.06750100,1.47200000
2018-03-18 05:15:03,0.06750100,0.06600000
2018-03-18 05:15:03,0.06749900,0.01500000
2018-03-18 05:15:04,0.06750100,0.60500000
2018-03-18 05:15:04,0.06750100,0.03100000
2018-03-18 05:15:06,0.06749900,0.00100000
2018-03-18 05:15:06,0.06744500,0.07000000
2018-03-18 05:15:06,0.06744500,0.08300000
2018-03-18 05:15:07,0.06749900,0.01500000
2018-03-18 05:15:07,0.06749900,0.14800000
2018-03-18 05:15:07,0.06749900,0.02700000
2018-03-18 05:15:09,0.06744500,0.02600000
2018-03-18 05:15:10,0.06749900,0.05900000
2018-03-18 05:15:10,0.06749900,0.00100000
2018-03-18 05:15:10,0.06750100,0.05900000
2018-03-18 05:15:10,0.06750100,1.33200000
2018-03-18 05:15:12,0.06744600,0.25900000
2018-03-18 05:15:13,0.06750100,0.30800000
2018-03-18 05:15:13,0.06750100,0.00100000
2018-03-18 05:15:13,0.06750100,0.18600000
2018-03-18 05:15:14,0.06750100,0.11200000
2018-03-18 05:15:14,0.06750100,0.00100000
2018-03-18 05:15:14,0.06744600,0.11100000
2018-03-18 05:15:14,0.06744600,0.11200000
2018-03-18 05:15:14,0.06744700,0.07000000
2018-03-18 05:15:14,0.06744800,0.12900000
2018-03-18 05:15:14,0.06744800,3.17600000
2018-03-18 05:15:17,0.06745300,0.38800000
2018-03-18 05:15:17,0.06745300,0.09700000
2018-03-18 05:15:18,0.06753800,0.14300000
2018-03-18 05:15:18,0.06745600,0.07200000
2018-03-18 05:15:19,0.06745700,0.04400000
2018-03-18 05:15:21,0.06746100,0.18000000
2018-03-18 05:15:21,0.06746100,0.00100000
2018-03-18 05:15:21,0.06746000,0.13000000
2018-03-18 05:15:21,0.06744300,0.07900000
2018-03-18 05:15:22,0.06750100,0.28200000
2018-03-18 05:15:22,0.06746000,0.17300000
2018-03-18 05:15:22,0.06746000,0.01400000
2018-03-18 05:15:22,0.06746000,0.47800000
2018-03-18 05:15:22,0.06744400,0.20400000
2018-03-18 05:15:23,0.06745900,0.02600000
2018-03-18 05:15:24,0.06753400,0.05700000
2018-03-18 05:15:24,0.06753500,0.18100000
2018-03-18 05:15:24,0.06753600,0.16100000
2018-03-18 05:15:24,0.06750000,0.13200000
2018-03-18 05:15:26,0.06750000,0.26800000
2018-03-18 05:15:26,0.06751000,0.60400000
2018-03-18 05:15:26,0.06751000,0.17800000
2018-03-18 05:15:26,0.06751000,0.26500000
2018-03-18 05:15:27,0.06753300,0.23900000
2018-03-18 05:15:27,0.06751000,0.17900000
2018-03-18 05:15:27,0.06751000,0.16000000
2018-03-18 05:15:27,0.06751000,0.58100000
2018-03-18 05:15:27,0.06751000,0.40000000
2018-03-18 05:15:27,0.06751000,0.77500000
2018-03-18 05:15:28,0.06751000,0.34700000
2018-03-18 05:15:28,0.06751000,0.61400000
2018-03-18 05:15:28,0.06751000,0.40000000
2018-03-18 05:15:28,0.06751000,0.41000000
2018-03-18 05:15:28,0.06751000,0.11800000
2018-03-18 05:15:29,0.06753200,0.23100000
2018-03-18 05:15:29,0.06751000,0.07800000
2018-03-18 05:15:29,0.06751000,0.26200000
2018-03-18 05:15:29,0.06751000,0.06300000
2018-03-18 05:15:30,0.06753200,0.00300000
2018-03-18 05:15:30,0.06751000,0.40000000
2018-03-18 05:15:30,0.06751000,0.82200000
2018-03-18 05:15:30,0.06751000,0.40000000
2018-03-18 05:15:31,0.06753300,0.00900000
2018-03-18 05:15:31,0.06753500,0.55200000
2018-03-18 05:15:31,0.06753600,0.16900000
2018-03-18 05:15:31,0.06754600,0.37800000
2018-03-18 05:15:31,0.06755800,0.09200000
2018-03-18 05:15:31,0.06751000,0.06000000
2018-03-18 05:15:31,0.06751000,0.04800000
2018-03-18 05:15:32,0.06751000,1.00000000
2018-03-18 05:15:32,0.06751000,0.49800000
2018-03-18 05:15:32,0.06751000,0.39900000
2018-03-18 05:15:32,0.06751000,0.24800000
2018-03-18 05:15:32,0.06751000,0.14200000
2018-03-18 05:15:34,0.06751000,0.40000000
2018-03-18 05:15:34,0.06751000,0.40000000
2018-03-18 05:15:35,0.06751000,0.11000000
2018-03-18 05:15:35,0.06755400,0.40000000
2018-03-18 05:15:35,0.06755600,0.16000000
2018-03-18 05:15:37,0.06751000,0.07000000
2018-03-18 05:15:37,0.06751000,0.17400000
2018-03-18 05:15:38,0.06751000,0.22600000
2018-03-18 05:15:38,0.06751000,0.02000000
2018-03-18 05:15:39,0.06751000,0.75700000
2018-03-18 05:15:39,0.06751000,0.04600000
2018-03-18 05:15:39,0.06751000,0.01200000
2018-03-18 05:15:39,0.06751000,0.09500000
2018-03-18 05:15:40,0.06751000,0.04600000
2018-03-18 05:15:40,0.06751000,0.11900000
2018-03-18 05:15:40,0.06755600,0.99900000
2018-03-18 05:15:40,0.06751000,0.24600000
2018-03-18 05:15:40,0.06751000,0.27300000
2018-03-18 05:15:40,0.06751000,0.12600000
2018-03-18 05:15:41,0.06756000,0.22500000
2018-03-18 05:15:41,0.06751000,0.02300000
2018-03-18 05:15:43,0.06751000,0.40000000
2018-03-18 05:15:43,0.06751000,0.03100000
2018-03-18 05:15:44,0.06751000,0.04000000
2018-03-18 05:15:44,0.06751000,0.05900000
2018-03-18 05:15:45,0.06751000,0.40000000
2018-03-18 05:15:45,0.06756000,0.02500000
2018-03-18 05:15:45,0.06751000,0.01500000
2018-03-18 05:15:46,0.06756000,0.05100000
2018-03-18 05:15:46,0.06756000,0.03900000
2018-03-18 05:15:47,0.06751000,0.11000000
2018-03-18 05:15:48,0.06751000,1.11900000
2018-03-18 05:15:51,0.06751100,0.02300000
2018-03-18 05:15:51,0.06751100,0.27000000
2018-03-18 05:15:51,0.06751100,0.00100000
2018-03-18 05:15:52,0.06751100,0.09100000
2018-03-18 05:15:52,0.06751100,0.03400000
2018-03-18 05:15:52,0.06756000,0.01900000
2018-03-18 05:15:52,0.06756800,0.41100000
2018-03-18 05:15:52,0.06756000,0.05000000
2018-03-18 05:15:52,0.06756000,0.00300000
2018-03-18 05:15:52,0.06751000,0.00300000
2018-03-18 05:15:52,0.06750000,0.04700000
2018-03-18 05:15:55,0.06750000,0.30300000
2018-03-18 05:15:55,0.06745000,0.09700000
2018-03-18 05:15:55,0.06745000,0.06000000
2018-03-18 05:15:56,0.06745300,0.40000000
2018-03-18 05:15:57,0.06756600,0.35400000
2018-03-18 05:16:01,0.06756000,0.26100000
2018-03-18 05:16:02,0.06755900,0.05600000
2018-03-18 05:16:02,0.06755800,1.16000000
2018-03-18 05:16:02,0.06755800,1.42600000
2018-03-18 05:16:03,0.06755800,0.00100000
2018-03-18 05:16:03,0.06755900,0.01500000
2018-03-18 05:16:03,0.06756400,0.78600000
2018-03-18 05:16:03,0.06756400,0.10800000
2018-03-18 05:16:03,0.06756400,0.10300000
2018-03-18 05:16:03,0.06756400,0.03300000
2018-03-18 05:16:03,0.06755800,0.07700000
2018-03-18 05:16:03,0.06755800,0.02600000
2018-03-18 05:16:03,0.06747200,0.00300000
2018-03-18 05:16:03,0.06747200,0.10200000
2018-03-18 05:16:03,0.06747200,0.10200000
2018-03-18 05:16:04,0.06747500,0.05500000
2018-03-18 05:16:04,0.06747400,0.14500000
2018-03-18 05:16:04,0.06756300,0.29600000
2018-03-18 05:16:05,0.06747900,0.40000000
2018-03-18 05:16:06,0.06748100,0.54500000
2018-03-18 05:16:07,0.06748200,0.08800000
2018-03-18 05:16:08,0.06756000,0.08700000
2018-03-18 05:16:09,0.06756100,0.20500000
2018-03-18 05:16:10,0.06749100,0.04900000
2018-03-18 05:16:11,0.06755900,0.02500000
2018-03-18 05:16:11,0.06749100,0.05600000
2018-03-18 05:16:12,0.06755900,0.31500000
2018-03-18 05:16:12,0.06756600,0.36600000
2018-03-18 05:16:12,0.06756600,0.02700000
2018-03-18 05:16:13,0.06756600,0.11800000
2018-03-18 05:16:13,0.06750100,0.21000000
2018-03-18 05:16:13,0.06750100,0.01200000
2018-03-18 05:16:13,0.06750100,0.02600000
2018-03-18 05:16:15,0.06756600,0.00100000
2018-03-18 05:16:15,0.06756800,0.01400000
2018-03-18 05:16:15,0.06756800,0.02200000
2018-03-18 05:16:15,0.06756800,0.00100000
2018-03-18 05:16:15,0.06756900,0.02000000
2018-03-18 05:16:16,0.06750100,0.18100000
2018-03-18 05:16:16,0.06750100,0.11500000
2018-03-18 05:16:16,0.06751000,0.01500000
2018-03-18 05:16:16,0.06751000,0.00100000
2018-03-18 05:16:16,0.06756900,0.01400000
2018-03-18 05:16:16,0.06756900,0.06400000
2018-03-18 05:16:16,0.06756900,0.00200000
2018-03-18 05:16:16,0.06757200,0.06300000
2018-03-18 05:16:16,0.06757200,0.04000000
2018-03-18 05:16:16,0.06757200,0.00200000
2018-03-18 05:16:16,0.06757300,0.03900000
2018-03-18 05:16:16,0.06757300,0.37600000
2018-03-18 05:16:16,0.06757300,0.00100000
2018-03-18 05:16:16,0.06761700,0.09500000
2018-03-18 05:16:18,0.06750600,0.17300000
2018-03-18 05:16:18,0.06750600,0.11000000
2018-03-18 05:16:19,0.06761400,0.15700000
2018-03-18 05:16:19,0.06761300,0.11100000
2018-03-18 05:16:19,0.06751000,0.38600000
2018-03-18 05:16:20,0.06751300,0.02900000
2018-03-18 05:16:20,0.06751300,0.22200000
2018-03-18 05:16:20,0.06751300,0.10000000
2018-03-18 05:16:21,0.06751400,0.29700000
2018-03-18 05:16:22,0.06760700,0.20600000
2018-03-18 05:16:22,0.06751500,0.47400000
2018-03-18 05:16:23,0.06751600,0.80600000
2018-03-18 05:16:23,0.06751600,0.12300000
2018-03-18 05:16:24,0.06752000,0.02000000
2018-03-18 05:16:24,0.06751900,0.01500000
2018-03-18 05:16:25,0.06759800,0.42100000
2018-03-18 05:16:25,0.06752100,0.08800000
2018-03-18 05:16:26,0.06752300,0.07300000
2018-03-18 05:16:28,0.06759600,0.08200000
2018-03-18 05:16:28,0.06752400,0.03300000
2018-03-18 05:16:29,0.06759600,0.27200000
2018-03-18 05:16:30,0.06759700,0.47300000
2018-03-18 05:16:32,0.06759700,0.10000000
2018-03-18 05:16:34,0.06759700,0.09900000
2018-03-18 05:16:36,0.06759600,0.65200000
2018-03-18 05:16:36,0.06759600,0.09000000
2018-03-18 05:16:42,0.06759700,0.05400000
2018-03-18 05:16:46,0.06759700,0.04800000
2018-03-18 05:16:46,0.06759900,0.54500000
2018-03-18 05:16:47,0.06752700,0.16000000
2018-03-18 05:16:47,0.06752700,0.02900000
2018-03-18 05:16:47,0.06752600,0.06400000
2018-03-18 05:16:48,0.06752700,0.07300000
2018-03-18 05:16:48,0.06752700,0.27100000
2018-03-18 05:16:48,0.06759600,0.72300000
2018-03-18 05:16:48,0.06759600,0.46400000
2018-03-18 05:16:48,0.06759600,0.09000000
2018-03-18 05:16:49,0.06759600,0.23200000
2018-03-18 05:16:49,0.06759600,1.00200000
2018-03-18 05:16:49,0.06759600,0.04600000
2018-03-18 05:16:49,0.06759600,0.28800000
2018-03-18 05:16:49,0.06759600,0.02900000
2018-03-18 05:16:49,0.06759600,0.27200000
2018-03-18 05:16:49,0.06759600,0.07400000
2018-03-18 05:16:49,0.06759600,0.19000000
2018-03-18 05:16:49,0.06759600,0.22600000
2018-03-18 05:16:49,0.06759600,0.41500000
2018-03-18 05:16:49,0.06759600,1.13600000
2018-03-18 05:16:49,0.06752600,0.41400000
2018-03-18 05:16:49,0.06752600,0.38100000
2018-03-18 05:16:49,0.06752500,0.32100000
2018-03-18 05:16:49,0.06752300,0.68100000
2018-03-18 05:16:49,0.06752500,0.20000000
2018-03-18 05:16:49,0.06752300,0.09600000
2018-03-18 05:16:52,0.06759700,0.25000000
2018-03-18 05:16:52,0.06756100,0.54700000
2018-03-18 05:16:52,0.06752600,0.14900000
2018-03-18 05:16:52,0.06752600,0.22500000
2018-03-18 05:16:55,0.06752500,0.08300000
2018-03-18 05:16:56,0.06752500,0.05100000
2018-03-18 05:16:59,0.06756100,3.42500000
2018-03-18 05:16:59,0.06752600,0.69100000
2018-03-18 05:16:59,0.06752600,1.14900000
2018-03-18 05:17:00,0.06759600,1.33200000
2018-03-18 05:17:02,0.06759600,0.00100000
2018-03-18 05:17:03,0.06759600,0.55500000
2018-03-18 05:17:03,0.06759700,0.20700000
2018-03-18 05:17:03,0.06759700,0.00100000
2018-03-18 05:17:03,0.06759800,0.02000000
2018-03-18 05:17:03,0.06759600,0.00200000
2018-03-18 05:17:03,0.06752500,0.10000000
2018-03-18 05:17:03,0.06752300,0.22800000
2018-03-18 05:17:03,0.06752200,0.22600000
2018-03-18 05:17:03,0.06752500,0.09900000
2018-03-18 05:17:03,0.06759800,0.04200000
2018-03-18 05:17:03,0.06759600,0.01500000
2018-03-18 05:17:03,0.06759700,0.14400000
2018-03-18 05:17:03,0.06759700,0.01700000
2018-03-18 05:17:04,0.06759700,0.02900000
2018-03-18 05:17:04,0.06759700,0.55900000
2018-03-18 05:17:05,0.06759600,0.00100000
2018-03-18 05:17:05,0.06752600,0.01100000
2018-03-18 05:17:05,0.06759700,0.00200000
2018-03-18 05:17:05,0.06759800,0.00200000
2018-03-18 05:17:05,0.06760900,0.02700000
2018-03-18 05:17:05,0.06761000,0.10000000
2018-03-18 05:17:05,0.06761400,0.12000000
2018-03-18 05:17:05,0.06761500,0.06100000
2018-03-18 05:17:07,0.06753100,1.26700000
2018-03-18 05:17:09,0.06757100,2.36400000
2018-03-18 05:17:09,0.06760700,0.79400000
2018-03-18 05:17:10,0.06760600,0.65500000
2018-03-18 05:17:10,0.06760600,0.06400000
2018-03-18 05:17:15,0.06759600,0.10800000
2018-03-18 05:17:15,0.06759600,0.44000000
2018-03-18 05:17:15,0.06759700,0.21400000
2018-03-18 05:17:15,0.06760900,0.44700000
2018-03-18 05:17:15,0.06761000,0.10000000
2018-03-18 05:17:15,0.06761400,0.02000000
2018-03-18 05:17:15,0.06761500,0.03900000
2018-03-18 05:17:15,0.06761700,0.14200000
2018-03-18 05:17:15,0.06762200,0.38300000
2018-03-18 05:17:15,0.06762700,0.22300000
2018-03-18 05:17:15,0.06762700,0.17700000
2018-03-18 05:17:15,0.06763300,0.26200000
2018-03-18 05:17:16,0.06753300,0.08700000
2018-03-18 05:17:17,0.06760900,1.19800000
2018-03-18 05:17:17,0.06753600,0.16700000
2018-03-18 05:17:17,0.06753700,0.03000000
2018-03-18 05:17:17,0.06753600,1.18700000
2018-03-18 05:17:17,0.06753500,1.29700000
2018-03-18 05:17:18,0.06753800,0.01600000
2018-03-18 05:17:18,0.06760900,0.64000000
2018-03-18 05:17:18,0.06760900,0.42500000
2018-03-18 05:17:18,0.06760900,0.13400000
2018-03-18 05:17:18,0.06753800,0.42400000
2018-03-18 05:17:18,0.06753800,0.55800000
2018-03-18 05:17:18,0.06753800,0.03000000
2018-03-18 05:17:20,0.06760900,0.10500000
2018-03-18 05:17:20,0.06760900,0.04300000
2018-03-18 05:17:21,0.06753700,0.02600000
2018-03-18 05:17:22,0.06760900,0.13800000
2018-03-18 05:17:23,0.06760900,0.09100000
2018-03-18 05:17:24,0.06753700,0.00400000
2018-03-18 05:17:24,0.06753300,0.10000000
2018-03-18 05:17:25,0.06753700,0.03000000
2018-03-18 05:17:25,0.06753300,0.10000000
2018-03-18 05:17:25,0.06753000,0.37500000
2018-03-18 05:17:26,0.06753700,0.03000000
2018-03-18 05:17:26,0.06753300,0.10000000
2018-03-18 05:17:27,0.06760700,0.13800000
2018-03-18 05:17:27,0.06760700,0.15800000
2018-03-18 05:17:28,0.06760700,0.02000000
2018-03-18 05:17:34,0.06760900,0.00100000
2018-03-18 05:17:34,0.06761000,0.06800000
2018-03-18 05:17:35,0.06761000,0.11000000
2018-03-18 05:17:35,0.06761000,0.32000000
2018-03-18 05:17:36,0.06760900,0.85200000
2018-03-18 05:17:37,0.06760900,0.35600000
2018-03-18 05:17:37,0.06760900,0.02100000
2018-03-18 05:17:37,0.06761000,0.00200000
2018-03-18 05:17:37,0.06761400,0.02000000
2018-03-18 05:17:37,0.06762600,0.10000000
2018-03-18 05:17:37,0.06762900,0.23200000
2018-03-18 05:17:38,0.06762400,0.67800000
2018-03-18 05:17:38,0.06754300,0.02700000
2018-03-18 05:17:38,0.06762300,0.10700000
2018-03-18 05:17:40,0.06755000,0.40000000
2018-03-18 05:17:40,0.06762200,0.14600000
2018-03-18 05:17:40,0.06754600,0.19900000
2018-03-18 05:17:41,0.06755000,0.13500000
2018-03-18 05:17:41,0.06755000,2.57400000
2018-03-18 05:17:41,0.06755000,0.00600000
2018-03-18 05:17:42,0.06761900,0.00200000
2018-03-18 05:17:42,0.06755400,0.13000000
2018-03-18 05:17:42,0.06755400,0.23000000
2018-03-18 05:17:43,0.06755400,0.22900000
2018-03-18 05:17:43,0.06755400,0.01900000
2018-03-18 05:17:43,0.06755500,0.10000000
2018-03-18 05:17:43,0.06755400,0.50700000
2018-03-18 05:17:43,0.06755500,0.10000000
2018-03-18 05:17:43,0.06755400,0.10300000
2018-03-18 05:17:44,0.06755500,0.09900000
2018-03-18 05:17:45,0.06755500,0.12000000
2018-03-18 05:17:45,0.06755500,0.00100000
2018-03-18 05:17:45,0.06755400,0.07200000
2018-03-18 05:17:45,0.06755500,0.21900000
2018-03-18 05:17:46,0.06755500,0.20000000
2018-03-18 05:17:46,0.06755500,0.12100000
2018-03-18 05:17:46,0.06755400,0.07900000
2018-03-18 05:17:46,0.06755500,0.22000000
2018-03-18 05:17:46,0.06755400,0.48800000
2018-03-18 05:17:47,0.06755500,0.21900000
2018-03-18 05:17:47,0.06755500,0.02600000
2018-03-18 05:17:47,0.06755500,0.17500000
2018-03-18 05:17:47,0.06754400,0.18600000
2018-03-18 05:17:47,0.06754400,0.20000000
2018-03-18 05:17:48,0.06760800,0.09000000
2018-03-18 05:17:48,0.06755500,0.21900000
2018-03-18 05:17:49,0.06755600,1.48200000
2018-03-18 05:17:49,0.06755600,0.39700000
2018-03-18 05:17:49,0.06760900,0.04100000
2018-03-18 05:17:49,0.06755600,0.00100000
2018-03-18 05:17:50,0.06760000,0.39900000
2018-03-18 05:17:50,0.06755500,0.12000000
2018-03-18 05:17:51,0.06755500,0.12000000
2018-03-18 05:17:55,0.06755700,0.10500000
2018-03-18 05:17:56,0.06755700,0.03300000
2018-03-18 05:17:57,0.06755700,0.00100000
2018-03-18 05:17:57,0.06755700,0.02700000
2018-03-18 05:17:57,0.06755700,0.11000000
2018-03-18 05:17:58,0.06755700,0.38000000
2018-03-18 05:18:01,0.06761000,2.95800000
2018-03-18 05:18:02,0.06755700,0.19000000
2018-03-18 05:18:02,0.06761000,0.12800000
2018-03-18 05:18:04,0.06755700,0.11000000
2018-03-18 05:18:04,0.06755700,1.00000000
2018-03-18 05:18:04,0.06761000,0.51900000
2018-03-18 05:18:04,0.06761300,1.26900000
2018-03-18 05:18:05,0.06761300,0.63400000
2018-03-18 05:18:05,0.06762000,0.19900000
2018-03-18 05:18:05,0.06762200,0.57700000
2018-03-18 05:18:05,0.06762500,0.37600000
2018-03-18 05:18:06,0.06762500,0.04800000
2018-03-18 05:18:06,0.06762600,0.00800000
2018-03-18 05:18:07,0.06762600,0.09100000
2018-03-18 05:18:07,0.06762600,0.00100000
2018-03-18 05:18:07,0.06762800,0.03000000
2018-03-18 05:18:07,0.06763300,0.13800000
2018-03-18 05:18:07,0.06763600,0.24600000
2018-03-18 05:18:08,0.06756000,0.38100000
2018-03-18 05:18:08,0.06762500,0.61300000
2018-03-18 05:18:08,0.06762600,0.10000000
2018-03-18 05:18:08,0.06762800,0.03000000
2018-03-18 05:18:08,0.06763600,1.03900000
2018-03-18 05:18:09,0.06762600,0.10000000
2018-03-18 05:18:09,0.06762800,0.03000000
2018-03-18 05:18:09,0.06763600,0.12300000
2018-03-18 05:18:09,0.06763900,1.53300000
2018-03-18 05:18:10,0.06756400,0.02200000
2018-03-18 05:18:10,0.06756400,0.10400000
2018-03-18 05:18:11,0.06756500,0.09900000
2018-03-18 05:18:11,0.06760700,0.37900000
2018-03-18 05:18:11,0.06756700,2.78900000
2018-03-18 05:18:11,0.06760700,0.00100000
2018-03-18 05:18:11,0.06762800,0.03000000
2018-03-18 05:18:11,0.06763900,0.32600000
2018-03-18 05:18:11,0.06764500,0.04700000
2018-03-18 05:18:11,0.06764800,0.11600000
2018-03-18 05:18:11,0.06764900,0.44300000
2018-03-18 05:18:11,0.06765000,0.82200000
2018-03-18 05:18:12,0.06764700,1.78300000
2018-03-18 05:18:13,0.06757000,0.03300000
2018-03-18 05:18:13,0.06757000,0.36700000
2018-03-18 05:18:13,0.06756800,0.03200000
2018-03-18 05:18:13,0.06757100,0.25500000
2018-03-18 05:18:13,0.06757100,1.26800000
2018-03-18 05:18:13,0.06764800,0.10000000
2018-03-18 05:18:13,0.06765000,0.12600000
2018-03-18 05:18:13,0.06765100,1.55600000
2018-03-18 05:18:15,0.06763900,0.12600000
2018-03-18 05:18:15,0.06764000,0.40000000
2018-03-18 05:18:15,0.06764600,0.44300000
2018-03-18 05:18:15,0.06764600,0.18900000
2018-03-18 05:18:15,0.06764700,0.51200000
2018-03-18 05:18:15,0.06764800,0.10000000
2018-03-18 05:18:15,0.06765100,0.82400000
2018-03-18 05:18:15,0.06765100,0.10000000
2018-03-18 05:18:15,0.06765100,0.09800000
2018-03-18 05:18:15,0.06765100,0.10000000
2018-03-18 05:18:15,0.06765100,0.09500000
2018-03-18 05:18:15,0.06765100,0.02000000
2018-03-18 05:18:15,0.06765100,0.46400000
2018-03-18 05:18:15,0.06765100,0.02900000
2018-03-18 05:18:16,0.06765100,1.56000000
2018-03-18 05:18:16,0.06765100,0.19400000
2018-03-18 05:18:16,0.06765100,0.16200000
2018-03-18 05:18:16,0.06765100,0.17700000
2018-03-18 05:18:16,0.06765100,0.26100000
2018-03-18 05:18:16,0.06765100,1.42000000
2018-03-18 05:18:16,0.06765100,0.76000000
2018-03-18 05:18:16,0.06765100,0.31700000
2018-03-18 05:18:16,0.06756500,0.00100000
2018-03-18 05:18:16,0.06755700,1.16600000
2018-03-18 05:18:16,0.06755700,0.02900000
2018-03-18 05:18:16,0.06755700,0.09000000
2018-03-18 05:18:16,0.06755700,0.03300000
2018-03-18 05:18:16,0.06755700,1.00100000
2018-03-18 05:18:16,0.06756500,0.10000000
2018-03-18 05:18:16,0.06755700,0.09000000
2018-03-18 05:18:20,0.06764500,0.01800000
2018-03-18 05:18:21,0.06764500,0.36100000
2018-03-18 05:18:21,0.06765100,0.18400000
2018-03-18 05:18:21,0.06765500,5.21100000
2018-03-18 05:18:21,0.06766000,0.29200000
2018-03-18 05:18:21,0.06766500,0.75700000
2018-03-18 05:18:21,0.06766600,0.40000000
2018-03-18 05:18:21,0.06766700,0.01500000
2018-03-18 05:18:21,0.06767000,0.29300000
2018-03-18 05:18:21,0.06769100,0.39600000
2018-03-18 05:18:25,0.06768800,0.50000000
2018-03-18 05:18:28,0.06759200,1.47900000
2018-03-18 05:18:28,0.06759300,1.04400000
2018-03-18 05:18:28,0.06759300,0.74100000
2018-03-18 05:18:28,0.06759400,0.10600000
2018-03-18 05:18:32,0.06760100,0.51100000
2018-03-18 05:18:32,0.06767600,0.20100000
2018-03-18 05:18:32,0.06768600,0.12000000
2018-03-18 05:18:32,0.06769000,0.17900000
2018-03-18 05:18:33,0.06760500,0.02500000
2018-03-18 05:18:34,0.06760500,0.22100000
2018-03-18 05:18:37,0.06760000,0.03500000
2018-03-18 05:18:37,0.06759600,0.10000000
2018-03-18 05:18:38,0.06760000,0.32800000
2018-03-18 05:18:39,0.06767000,0.33000000
2018-03-18 05:18:39,0.06767300,0.10000000
2018-03-18 05:18:39,0.06767400,0.07000000
2018-03-18 05:18:39,0.06759700,0.37900000
2018-03-18 05:18:39,0.06759600,0.10000000
2018-03-18 05:18:42,0.06759600,0.10000000
2018-03-18 05:18:42,0.06759000,0.01200000
2018-03-18 05:18:44,0.06767100,1.24100000
2018-03-18 05:18:44,0.06759700,0.10000000
2018-03-18 05:18:44,0.06759700,0.17600000
2018-03-18 05:18:44,0.06763400,0.43600000
2018-03-18 05:18:44,0.06759700,0.15200000
2018-03-18 05:18:48,0.06760000,0.16500000
2018-03-18 05:18:48,0.06760100,0.44700000
2018-03-18 05:18:50,0.06763400,0.94100000
2018-03-18 05:18:50,0.06760100,0.00200000
2018-03-18 05:18:50,0.06760100,0.44600000
2018-03-18 05:18:50,0.06760100,0.00100000
2018-03-18 05:18:50,0.06766800,0.13200000
2018-03-18 05:18:50,0.06766800,0.02600000
2018-03-18 05:18:50,0.06766800,0.01000000
2018-03-18 05:18:50,0.06766900,0.36200000
2018-03-18 05:18:51,0.06759600,0.10000000
2018-03-18 05:18:51,0.06759600,0.10000000
2018-03-18 05:18:51,0.06759600,0.09900000
2018-03-18 05:18:52,0.06759400,0.05200000
2018-03-18 05:18:55,0.06759400,0.00100000
2018-03-18 05:18:55,0.06759000,0.11600000
2018-03-18 05:18:55,0.06758800,0.12000000
2018-03-18 05:18:55,0.06758100,0.16200000
2018-03-18 05:18:56,0.06758800,0.11900000
2018-03-18 05:18:56,0.06758800,0.09900000
2018-03-18 05:18:56,0.06758800,0.02200000
2018-03-18 05:18:56,0.06758100,0.09300000
2018-03-18 05:18:56,0.06758800,0.10000000
2018-03-18 05:18:56,0.06758100,0.22200000
2018-03-18 05:18:56,0.06758800,0.02000000
2018-03-18 05:18:56,0.06758100,0.07900000
2018-03-18 05:18:56,0.06758100,0.02000000
2018-03-18 05:18:56,0.06758100,0.00100000
2018-03-18 05:18:56,0.06758000,0.06400000
2018-03-18 05:18:56,0.06758000,0.47600000
2018-03-18 05:18:57,0.06757600,0.41600000
2018-03-18 05:18:57,0.06758200,0.37300000
2018-03-18 05:18:57,0.06758200,0.00100000
2018-03-18 05:18:57,0.06758000,0.12400000
2018-03-18 05:18:57,0.06758000,0.10600000
2018-03-18 05:18:57,0.06757600,0.00100000
2018-03-18 05:18:57,0.06757500,0.04900000
2018-03-18 05:18:57,0.06757500,0.03000000
2018-03-18 05:18:57,0.06757500,0.02000000
2018-03-18 05:18:58,0.06757600,0.71300000
2018-03-18 05:18:58,0.06757600,0.79400000
2018-03-18 05:18:58,0.06757600,0.03500000
2018-03-18 05:18:58,0.06757600,0.34000000
2018-03-18 05:18:58,0.06757500,0.00100000
2018-03-18 05:18:58,0.06757300,0.66100000
2018-03-18 05:18:58,0.06765000,0.39800000
2018-03-18 05:18:59,0.06758000,0.25700000
2018-03-18 05:19:01,0.06757500,0.07200000
2018-03-18 05:19:01,0.06757500,0.02700000
2018-03-18 05:19:01,0.06764400,1.14800000
2018-03-18 05:19:02,0.06758000,0.03300000
2018-03-18 05:19:02,0.06758000,0.06800000
2018-03-18 05:19:02,0.06758000,0.04900000
2018-03-18 05:19:02,0.06757600,0.06600000
2018-03-18 05:19:03,0.06757600,0.47900000
2018-03-18 05:19:03,0.06757600,0.00700000
2018-03-18 05:19:03,0.06757500,0.00100000
2018-03-18 05:19:03,0.06757300,0.04000000
2018-03-18 05:19:03,0.06757500,0.09900000
2018-03-18 05:19:03,0.06764200,1.47800000
2018-03-18 05:19:03,0.06764200,0.39300000
2018-03-18 05:19:03,0.06764200,0.16700000
2018-03-18 05:19:03,0.06764200,0.05100000
2018-03-18 05:19:03,0.06758000,0.05700000
2018-03-18 05:19:03,0.06758000,0.00200000
2018-03-18 05:19:03,0.06764200,0.05600000
2018-03-18 05:19:03,0.06764200,0.05800000
2018-03-18 05:19:04,0.06764200,0.02600000
2018-03-18 05:19:04,0.06758700,0.79200000
2018-03-18 05:19:04,0.06758700,0.13300000
2018-03-18 05:19:04,0.06758700,0.51400000
2018-03-18 05:19:04,0.06758700,0.74300000
2018-03-18 05:19:04,0.06758700,1.75100000
2018-03-18 05:19:04,0.06764000,0.10000000
2018-03-18 05:19:05,0.06758700,0.19500000
2018-03-18 05:19:05,0.06764000,0.30900000
2018-03-18 05:19:05,0.06758700,0.05900000
2018-03-18 05:19:07,0.06758700,0.05900000
2018-03-18 05:19:08,0.06758700,0.74100000
2018-03-18 05:19:09,0.06758700,0.15100000
2018-03-18 05:19:09,0.06758700,0.75800000
2018-03-18 05:19:09,0.06761000,0.04000000
2018-03-18 05:19:10,0.06761000,0.04300000
2018-03-18 05:19:11,0.06761000,0.11600000
2018-03-18 05:19:12,0.06761000,0.02800000
2018-03-18 05:19:13,0.06763900,0.32100000
2018-03-18 05:19:16,0.06761000,0.00200000
2018-03-18 05:19:16,0.06757300,0.14900000
2018-03-18 05:19:16,0.06757000,1.40100000
2018-03-18 05:19:16,0.06756700,0.02100000
2018-03-18 05:19:17,0.06756500,0.29500000
2018-03-18 05:19:17,0.06756700,0.10800000
2018-03-18 05:19:17,0.06756700,0.02000000
2018-03-18 05:19:17,0.06756700,0.35200000
2018-03-18 05:19:17,0.06756700,0.17200000
2018-03-18 05:19:17,0.06756700,1.28300000
2018-03-18 05:19:17,0.06763900,0.17100000
2018-03-18 05:19:17,0.06756500,1.56600000
2018-03-18 05:19:17,0.06756400,0.10000000
2018-03-18 05:19:17,0.06756100,3.67800000
2018-03-18 05:19:18,0.06757000,0.09500000
2018-03-18 05:19:20,0.06756400,0.09900000
2018-03-18 05:19:22,0.06756500,0.64000000
2018-03-18 05:19:24,0.06762900,0.15300000
2018-03-18 05:19:24,0.06762900,0.05800000
2018-03-18 05:19:24,0.06762900,1.25600000
2018-03-18 05:19:24,0.06762900,0.39900000
2018-03-18 05:19:26,0.06762800,0.07300000
2018-03-18 05:19:26,0.06762800,0.93500000
2018-03-18 05:19:26,0.06763000,0.09000000
2018-03-18 05:19:26,0.06763200,0.57700000
2018-03-18 05:19:26,0.06764300,0.42100000
2018-03-18 05:19:26,0.06756600,0.07800000
2018-03-18 05:19:26,0.06756600,0.07800000
2018-03-18 05:19:27,0.06756600,0.14700000
2018-03-18 05:19:28,0.06756700,0.11000000
2018-03-18 05:19:32,0.06764000,0.03100000
2018-03-18 05:19:32,0.06764000,0.04600000
2018-03-18 05:19:33,0.06757000,0.29800000
2018-03-18 05:19:33,0.06756100,0.10000000
2018-03-18 05:19:33,0.06756100,0.20600000
2018-03-18 05:19:34,0.06763900,1.86700000
2018-03-18 05:19:34,0.06756200,0.40000000
2018-03-18 05:19:34,0.06763800,0.13400000
2018-03-18 05:19:34,0.06763900,0.01000000
2018-03-18 05:19:34,0.06763900,0.14300000
2018-03-18 05:19:35,0.06756400,0.40000000
2018-03-18 05:19:35,0.06764100,0.07500000
2018-03-18 05:19:36,0.06763800,0.10100000
2018-03-18 05:19:36,0.06763800,0.45100000
2018-03-18 05:19:36,0.06764000,0.30600000
2018-03-18 05:19:36,0.06764100,0.04800000
2018-03-18 05:19:36,0.06764100,0.25100000
2018-03-18 05:19:36,0.06764300,0.46900000
2018-03-18 05:19:36,0.06764600,0.28000000
2018-03-18 05:19:40,0.06758000,0.05400000
2018-03-18 05:19:43,0.06758300,0.14700000
2018-03-18 05:19:43,0.06764000,0.02800000
2018-03-18 05:19:43,0.06764000,0.01500000
2018-03-18 05:19:44,0.06758400,0.10200000
2018-03-18 05:19:44,0.06758400,0.11700000
2018-03-18 05:19:45,0.06764000,0.05500000
2018-03-18 05:19:46,0.06764000,0.36200000
2018-03-18 05:19:46,0.06764100,1.27200000
2018-03-18 05:19:46,0.06758400,0.19800000
2018-03-18 05:19:49,0.06764000,0.11900000
2018-03-18 05:19:49,0.06764000,0.09900000
2018-03-18 05:19:50,0.06758400,0.05600000
2018-03-18 05:19:50,0.06758300,0.06400000
2018-03-18 05:19:50,0.06756400,1.42000000
2018-03-18 05:19:51,0.06760000,0.04500000
2018-03-18 05:19:52,0.06760000,0.06800000
2018-03-18 05:19:52,0.06760000,0.05300000
2018-03-18 05:19:54,0.06756100,0.02400000
2018-03-18 05:19:54,0.06760000,0.00800000
2018-03-18 05:19:54,0.06760400,0.05000000
2018-03-18 05:19:54,0.06764000,0.06700000
2018-03-18 05:19:54,0.06764100,1.05800000
2018-03-18 05:19:54,0.06764500,0.05900000
2018-03-18 05:19:54,0.06765300,0.10000000
2018-03-18 05:19:54,0.06765700,0.10000000
2018-03-18 05:19:54,0.06766000,0.30600000
2018-03-18 05:19:54,0.06766900,0.10000000
2018-03-18 05:19:54,0.06767000,0.12000000
2018-03-18 05:19:54,0.06768200,0.40000000
2018-03-18 05:19:54,0.06769000,0.10000000
2018-03-18 05:19:54,0.06769100,0.28000000
2018-03-18 05:19:54,0.06765300,0.10000000
2018-03-18 05:19:54,0.06765700,0.10000000
2018-03-18 05:19:55,0.06757300,1.76900000
2018-03-18 05:19:55,0.06757200,0.10000000
2018-03-18 05:19:55,0.06756100,0.00600000
2018-03-18 05:19:55,0.06755800,0.40700000
2018-03-18 05:19:55,0.06765300,0.10000000
2018-03-18 05:19:55,0.06765700,0.10000000
2018-03-18 05:19:55,0.06767000,0.07200000
2018-03-18 05:19:56,0.06765100,0.40700000
2018-03-18 05:19:56,0.06765200,0.77500000
2018-03-18 05:19:56,0.06765200,0.06700000
2018-03-18 05:19:56,0.06765300,0.10000000
2018-03-18 05:19:56,0.06765700,0.10000000
2018-03-18 05:19:56,0.06767000,0.04800000
2018-03-18 05:19:56,0.06768700,0.40000000
2018-03-18 05:19:56,0.06765300,0.10000000
2018-03-18 05:19:56,0.06765700,0.00600000
2018-03-18 05:19:56,0.06757500,0.14500000
2018-03-18 05:19:56,0.06757500,0.08800000
2018-03-18 05:19:57,0.06765300,0.10000000
2018-03-18 05:19:57,0.06765700,0.09400000
2018-03-18 05:19:57,0.06767000,0.12000000
2018-03-18 05:19:57,0.06768600,0.06000000
2018-03-18 05:19:57,0.06757500,0.36600000
2018-03-18 05:19:58,0.06757600,0.01200000
2018-03-18 05:20:03,0.06758100,0.02900000
2018-03-18 05:20:03,0.06758100,0.02100000
2018-03-18 05:20:03,0.06758100,0.00900000
2018-03-18 05:20:03,0.06758000,0.02000000
2018-03-18 05:20:03,0.06765100,0.03300000
2018-03-18 05:20:03,0.06765100,0.02200000
2018-03-18 05:20:04,0.06765100,0.02200000
2018-03-18 05:20:12,0.06765000,0.01900000
2018-03-18 05:20:12,0.06758100,0.03600000
2018-03-18 05:20:12,0.06765000,0.01900000
2018-03-18 05:20:12,0.06765000,0.03500000
2018-03-18 05:20:13,0.06765000,0.08800000
2018-03-18 05:20:13,0.06758100,0.14000000
2018-03-18 05:20:13,0.06758100,0.93300000
2018-03-18 05:20:16,0.06758100,0.09300000
2018-03-18 05:20:16,0.06758100,0.74100000
2018-03-18 05:20:16,0.06758000,0.01000000
2018-03-18 05:20:16,0.06757600,0.01600000
2018-03-18 05:20:16,0.06757400,0.05900000
2018-03-18 05:20:16,0.06758000,0.03000000
2018-03-18 05:20:16,0.06757400,0.17600000
2018-03-18 05:20:17,0.06758000,0.02400000
2018-03-18 05:20:19,0.06764300,0.01500000
2018-03-18 05:20:20,0.06758000,0.00600000
2018-03-18 05:20:20,0.06757400,0.03000000
2018-03-18 05:20:23,0.06758000,0.02400000
2018-03-18 05:20:26,0.06764900,0.27400000
2018-03-18 05:20:27,0.06757500,0.49500000
2018-03-18 05:20:27,0.06764800,0.04600000
2018-03-18 05:20:28,0.06764700,0.23100000
2018-03-18 05:20:28,0.06758000,0.03100000
2018-03-18 05:20:28,0.06757500,0.19800000
2018-03-18 05:20:28,0.06758000,0.00200000
2018-03-18 05:20:29,0.06758700,1.47900000
2018-03-18 05:20:29,0.06758700,0.68500000
2018-03-18 05:20:29,0.06758700,0.04600000
2018-03-18 05:20:29,0.06764700,0.17900000
2018-03-18 05:20:31,0.06764600,0.02100000
2018-03-18 05:20:31,0.06764700,0.09500000
2018-03-18 05:20:32,0.06758700,0.10600000
2018-03-18 05:20:32,0.06758700,0.06200000
2018-03-18 05:20:32,0.06757400,0.00400000
2018-03-18 05:20:32,0.06756400,0.10100000
