DATE,PRICE,VOLUME
2018-03-20 22:00:00,0.06258000,0.06000000
2018-03-20 22:00:00,0.06257500,1.56400000
2018-03-20 22:00:01,0.06258100,0.13100000
2018-03-20 22:00:01,0.06257500,0.20300000
2018-03-20 22:00:02,0.06264500,0.32900000
2018-03-20 22:00:02,0.06264500,0.20000000
2018-03-20 22:00:02,0.06264500,0.00100000
2018-03-20 22:00:02,0.06264700,0.19900000
2018-03-20 22:00:02,0.06264400,1.54400000
2018-03-20 22:00:03,0.06264000,0.03000000
2018-03-20 22:00:03,0.06264000,0.03000000
2018-03-20 22:00:03,0.06264400,0.01400000
2018-03-20 22:00:03,0.06264400,0.02900000
2018-03-20 22:00:03,0.06264400,0.02900000
2018-03-20 22:00:03,0.06264400,0.02000000
2018-03-20 22:00:03,0.06264400,0.39500000
2018-03-20 22:00:03,0.06264400,1.07700000
2018-03-20 22:00:03,0.06264400,1.77900000
2018-03-20 22:00:03,0.06264500,0.50500000
2018-03-20 22:00:03,0.06264700,0.57100000
2018-03-20 22:00:04,0.06263200,0.05700000
2018-03-20 22:00:04,0.06263200,0.36100000
2018-03-20 22:00:04,0.06264400,0.04400000
2018-03-20 22:00:04,0.06264400,0.04500000
2018-03-20 22:00:04,0.06263200,0.68100000
2018-03-20 22:00:04,0.06264400,0.61700000
2018-03-20 22:00:04,0.06264300,0.15100000
2018-03-20 22:00:04,0.06264300,0.33000000
2018-03-20 22:00:05,0.06264300,0.85500000
2018-03-20 22:00:07,0.06264300,0.00100000
2018-03-20 22:00:07,0.06264400,0.00100000
2018-03-20 22:00:07,0.06264700,0.11900000
2018-03-20 22:00:07,0.06264800,0.47100000
2018-03-20 22:00:07,0.06265400,0.14300000
2018-03-20 22:00:09,0.06263200,0.09700000
2018-03-20 22:00:09,0.06259200,1.32200000
2018-03-20 22:00:09,0.06259200,0.09700000
2018-03-20 22:00:09,0.06259200,1.58100000
2018-03-20 22:00:09,0.06257500,0.01800000
2018-03-20 22:00:09,0.06257400,0.55800000
2018-03-20 22:00:09,0.06265300,0.39900000
2018-03-20 22:00:10,0.06265200,1.12100000
2018-03-20 22:00:10,0.06265200,0.10600000
2018-03-20 22:00:10,0.06265200,1.60200000
2018-03-20 22:00:11,0.06265100,0.10100000
2018-03-20 22:00:11,0.06265100,0.03500000
2018-03-20 22:00:13,0.06265100,0.06400000
2018-03-20 22:00:13,0.06265400,0.01600000
2018-03-20 22:00:14,0.06259200,0.99900000
2018-03-20 22:00:14,0.06259200,0.00100000
2018-03-20 22:00:14,0.06265500,0.46200000
2018-03-20 22:00:14,0.06265500,0.05400000
2018-03-20 22:00:14,0.06265500,0.24900000
2018-03-20 22:00:14,0.06265700,0.02700000
2018-03-20 22:00:14,0.06265700,0.11000000
2018-03-20 22:00:14,0.06265700,0.07500000
2018-03-20 22:00:14,0.06265700,0.07600000
2018-03-20 22:00:14,0.06265700,0.01200000
2018-03-20 22:00:14,0.06266300,0.42400000
2018-03-20 22:00:14,0.06266800,0.56300000
2018-03-20 22:00:14,0.06265700,0.09400000
2018-03-20 22:00:14,0.06265700,0.08000000
2018-03-20 22:00:15,0.06265600,0.76300000
2018-03-20 22:00:15,0.06260000,0.04100000
2018-03-20 22:00:15,0.06260000,0.00100000
2018-03-20 22:00:15,0.06258500,0.04000000
2018-03-20 22:00:17,0.06265600,0.03000000
2018-03-20 22:00:17,0.06265600,0.23000000
2018-03-20 22:00:17,0.06265600,0.00100000
2018-03-20 22:00:17,0.06259000,0.06000000
2018-03-20 22:00:17,0.06258800,0.16500000
2018-03-20 22:00:17,0.06258700,0.00400000
2018-03-20 22:00:17,0.06258700,0.04300000
2018-03-20 22:00:17,0.06258800,0.11500000
2018-03-20 22:00:18,0.06266000,0.37300000
2018-03-20 22:00:18,0.06266000,0.50000000
2018-03-20 22:00:18,0.06266000,0.00100000
2018-03-20 22:00:18,0.06266500,0.03500000
2018-03-20 22:00:18,0.06259200,0.03400000
2018-03-20 22:00:18,0.06265600,0.02800000
2018-03-20 22:00:18,0.06265600,0.17800000
2018-03-20 22:00:18,0.06265600,0.02900000
2018-03-20 22:00:19,0.06265600,0.05500000
2018-03-20 22:00:19,0.06265600,0.00100000
2018-03-20 22:00:19,0.06259200,0.04400000
2018-03-20 22:00:19,0.06266400,0.12900000
2018-03-20 22:00:19,0.06266400,0.10100000
2018-03-20 22:00:19,0.06266400,0.01200000
2018-03-20 22:00:19,0.06265600,0.27200000
2018-03-20 22:00:20,0.06265600,0.12400000
2018-03-20 22:00:20,0.06265600,0.08500000
2018-03-20 22:00:20,0.06259200,0.12300000
2018-03-20 22:00:20,0.06266800,0.16200000
2018-03-20 22:00:20,0.06266800,0.24800000
2018-03-20 22:00:20,0.06259400,1.10800000
2018-03-20 22:00:21,0.06266700,1.59500000
2018-03-20 22:00:21,0.06266700,3.09300000
2018-03-20 22:00:21,0.06266700,0.06800000
2018-03-20 22:00:21,0.06259400,0.17100000
2018-03-20 22:00:21,0.06266700,0.04800000
2018-03-20 22:00:21,0.06266800,1.66000000
2018-03-20 22:00:22,0.06266700,1.59500000
2018-03-20 22:00:22,0.06266700,0.29900000
2018-03-20 22:00:23,0.06266800,0.04200000
2018-03-20 22:00:23,0.06266800,1.21200000
2018-03-20 22:00:23,0.06267100,0.04000000
2018-03-20 22:00:23,0.06268600,0.04600000
2018-03-20 22:00:23,0.06268600,0.12800000
2018-03-20 22:00:24,0.06268500,0.11400000
2018-03-20 22:00:24,0.06267100,0.05000000
2018-03-20 22:00:24,0.06267100,0.06000000
2018-03-20 22:00:25,0.06267100,0.22000000
2018-03-20 22:00:25,0.06267100,0.00100000
2018-03-20 22:00:25,0.06260500,0.03700000
2018-03-20 22:00:25,0.06260500,5.74800000
2018-03-20 22:00:25,0.06260600,0.04400000
2018-03-20 22:00:26,0.06261000,0.06000000
2018-03-20 22:00:26,0.06260600,0.25500000
2018-03-20 22:00:26,0.06260600,0.10100000
2018-03-20 22:00:26,0.06260600,0.05900000
2018-03-20 22:00:27,0.06261100,0.10900000
2018-03-20 22:00:27,0.06261100,0.32400000
2018-03-20 22:00:28,0.06267900,0.09400000
2018-03-20 22:00:28,0.06267900,0.14300000
2018-03-20 22:00:29,0.06267900,0.12700000
2018-03-20 22:00:29,0.06267900,0.05100000
2018-03-20 22:00:29,0.06261600,0.14500000
2018-03-20 22:00:30,0.06267900,1.44300000
2018-03-20 22:00:30,0.06267900,0.34000000
2018-03-20 22:00:30,0.06261600,0.09100000
2018-03-20 22:00:30,0.06261500,0.21200000
2018-03-20 22:00:31,0.06268000,0.25000000
2018-03-20 22:00:31,0.06268000,0.12900000
2018-03-20 22:00:31,0.06268000,0.06000000
2018-03-20 22:00:31,0.06261500,0.09400000
2018-03-20 22:00:32,0.06267900,0.24800000
2018-03-20 22:00:32,0.06261600,0.04000000
2018-03-20 22:00:32,0.06267900,0.41300000
2018-03-20 22:00:32,0.06267900,0.55600000
2018-03-20 22:00:32,0.06268000,0.09800000
2018-03-20 22:00:32,0.06268000,0.19800000
2018-03-20 22:00:32,0.06268200,0.05400000
2018-03-20 22:00:32,0.06261600,0.31500000
2018-03-20 22:00:32,0.06268200,0.11900000
2018-03-20 22:00:32,0.06269600,0.01000000
2018-03-20 22:00:33,0.06269600,0.23900000
2018-03-20 22:00:33,0.06261700,0.47000000
2018-03-20 22:00:33,0.06261700,0.53300000
2018-03-20 22:00:33,0.06261700,0.30100000
2018-03-20 22:00:33,0.06261600,0.08900000
2018-03-20 22:00:33,0.06261500,0.43900000
2018-03-20 22:00:33,0.06262000,0.01200000
2018-03-20 22:00:33,0.06262000,0.00800000
2018-03-20 22:00:33,0.06262000,0.04000000
2018-03-20 22:00:33,0.06261800,0.00500000
2018-03-20 22:00:33,0.06261800,0.02600000
2018-03-20 22:00:34,0.06262100,1.57800000
2018-03-20 22:00:34,0.06262100,0.11000000
2018-03-20 22:00:34,0.06269000,0.06000000
2018-03-20 22:00:34,0.06269400,0.06900000
2018-03-20 22:00:35,0.06268900,0.23500000
2018-03-20 22:00:35,0.06262100,0.16400000
2018-03-20 22:00:35,0.06269300,0.07900000
2018-03-20 22:00:35,0.06269300,0.12900000
2018-03-20 22:00:36,0.06262100,0.13800000
2018-03-20 22:00:36,0.06269200,0.12900000
2018-03-20 22:00:37,0.06269200,2.42000000
2018-03-20 22:00:37,0.06262300,0.13800000
2018-03-20 22:00:38,0.06269300,19.46000000
2018-03-20 22:00:38,0.06269300,21.89300000
2018-03-20 22:00:38,0.06269400,1.00400000
2018-03-20 22:00:38,0.06269100,0.07900000
2018-03-20 22:00:38,0.06269100,0.05900000
2018-03-20 22:00:38,0.06269900,0.07000000
2018-03-20 22:00:39,0.06267500,0.02000000
2018-03-20 22:00:39,0.06263100,0.09900000
2018-03-20 22:00:39,0.06263000,0.06000000
2018-03-20 22:00:39,0.06262600,0.13600000
2018-03-20 22:00:39,0.06269800,0.01600000
2018-03-20 22:00:40,0.06267400,0.15300000
2018-03-20 22:00:40,0.06267400,0.00100000
2018-03-20 22:00:40,0.06269800,0.06500000
2018-03-20 22:00:40,0.06269800,2.08300000
2018-03-20 22:00:40,0.06269800,0.01800000
2018-03-20 22:00:40,0.06267400,0.05400000
2018-03-20 22:00:40,0.06267400,0.10000000
2018-03-20 22:00:40,0.06263100,0.05300000
2018-03-20 22:00:40,0.06269800,0.42500000
2018-03-20 22:00:40,0.06269800,0.01800000
2018-03-20 22:00:40,0.06267000,0.04200000
2018-03-20 22:00:40,0.06269900,0.23900000
2018-03-20 22:00:40,0.06270100,0.58700000
2018-03-20 22:00:41,0.06270000,0.05200000
2018-03-20 22:00:41,0.06270000,0.00100000
2018-03-20 22:00:41,0.06270100,0.01400000
2018-03-20 22:00:41,0.06270500,0.19900000
2018-03-20 22:00:41,0.06270400,0.29300000
2018-03-20 22:00:41,0.06271300,0.30000000
2018-03-20 22:00:41,0.06271400,0.42800000
2018-03-20 22:00:41,0.06272000,0.24200000
2018-03-20 22:00:42,0.06270400,0.02100000
2018-03-20 22:00:42,0.06263200,1.60300000
2018-03-20 22:00:42,0.06271300,0.29900000
2018-03-20 22:00:42,0.06263300,0.08800000
2018-03-20 22:00:42,0.06271200,0.23700000
2018-03-20 22:00:42,0.06271200,0.25900000
2018-03-20 22:00:43,0.06270000,0.14700000
2018-03-20 22:00:43,0.06263500,3.85300000
2018-03-20 22:00:43,0.06271100,2.94700000
2018-03-20 22:00:43,0.06263500,0.30700000
2018-03-20 22:00:43,0.06263500,0.18400000
2018-03-20 22:00:43,0.06271100,0.00100000
2018-03-20 22:00:43,0.06271200,0.00100000
2018-03-20 22:00:43,0.06271300,0.05000000
2018-03-20 22:00:43,0.06271900,0.71800000
2018-03-20 22:00:43,0.06272000,0.38700000
2018-03-20 22:00:43,0.06273500,3.85200000
2018-03-20 22:00:43,0.06272000,0.10000000
2018-03-20 22:00:43,0.06273500,9.86200000
2018-03-20 22:00:43,0.06272000,0.10000000
2018-03-20 22:00:43,0.06273500,11.29500000
2018-03-20 22:00:44,0.06263700,0.37800000
2018-03-20 22:00:44,0.06273500,5.21200000
2018-03-20 22:00:45,0.06271000,0.07000000
2018-03-20 22:00:45,0.06264000,0.05100000
2018-03-20 22:00:45,0.06264100,0.01200000
2018-03-20 22:00:45,0.06264100,0.14800000
2018-03-20 22:00:46,0.06264200,0.17200000
2018-03-20 22:00:47,0.06271000,0.02800000
2018-03-20 22:00:47,0.06271000,0.02100000
2018-03-20 22:00:48,0.06264500,0.02900000
2018-03-20 22:00:48,0.06264500,0.52300000
2018-03-20 22:00:48,0.06264600,0.00100000
2018-03-20 22:00:48,0.06264600,0.26400000
2018-03-20 22:00:48,0.06264600,0.14200000
2018-03-20 22:00:48,0.06264500,0.04700000
2018-03-20 22:00:48,0.06264400,1.93000000
2018-03-20 22:00:48,0.06261400,0.08400000
2018-03-20 22:00:48,0.06260000,1.10800000
2018-03-20 22:00:48,0.06257400,0.03000000
2018-03-20 22:00:48,0.06257100,0.26500000
2018-03-20 22:00:49,0.06264600,0.20400000
2018-03-20 22:00:49,0.06264600,0.05100000
2018-03-20 22:00:51,0.06264500,0.53100000
2018-03-20 22:00:51,0.06264500,0.02400000
2018-03-20 22:00:52,0.06264500,0.06700000
2018-03-20 22:00:52,0.06264500,0.06600000
2018-03-20 22:00:52,0.06264500,0.06800000
2018-03-20 22:00:52,0.06264500,0.06900000
2018-03-20 22:00:52,0.06264500,0.03000000
2018-03-20 22:00:52,0.06264500,0.07100000
2018-03-20 22:00:52,0.06264500,0.02000000
2018-03-20 22:00:52,0.06264500,0.37400000
2018-03-20 22:00:52,0.06264500,0.04600000
2018-03-20 22:00:53,0.06264500,0.03000000
2018-03-20 22:00:53,0.06264500,0.12500000
2018-03-20 22:00:53,0.06264500,0.21300000
2018-03-20 22:00:53,0.06264500,0.06800000
2018-03-20 22:00:53,0.06264500,0.16800000
2018-03-20 22:00:53,0.06261600,0.04000000
2018-03-20 22:00:53,0.06261600,0.06000000
2018-03-20 22:00:53,0.06259200,0.10700000
2018-03-20 22:00:53,0.06259200,0.04000000
2018-03-20 22:00:53,0.06259200,0.02200000
2018-03-20 22:00:54,0.06264500,0.02500000
2018-03-20 22:00:54,0.06264500,0.07100000
2018-03-20 22:00:54,0.06264500,0.04000000
2018-03-20 22:00:54,0.06259800,0.03200000
2018-03-20 22:00:55,0.06262600,0.02000000
2018-03-20 22:00:55,0.06259800,0.61800000
2018-03-20 22:00:55,0.06262700,0.07100000
2018-03-20 22:00:56,0.06262700,0.17600000
2018-03-20 22:00:56,0.06262800,0.16000000
2018-03-20 22:00:56,0.06262900,0.02300000
2018-03-20 22:00:57,0.06263000,0.01700000
2018-03-20 22:00:58,0.06263000,0.28200000
2018-03-20 22:00:58,0.06270200,0.56800000
2018-03-20 22:00:59,0.06269900,0.07400000
2018-03-20 22:00:59,0.06269900,0.25900000
2018-03-20 22:00:59,0.06269900,0.58700000
2018-03-20 22:00:59,0.06269900,0.16900000
2018-03-20 22:00:59,0.06269900,0.11000000
2018-03-20 22:00:59,0.06269900,0.39900000
2018-03-20 22:00:59,0.06269900,3.16100000
2018-03-20 22:00:59,0.06269900,0.19100000
2018-03-20 22:00:59,0.06269900,0.15000000
2018-03-20 22:01:00,0.06269900,1.74300000
2018-03-20 22:01:00,0.06269900,1.91700000
2018-03-20 22:01:00,0.06269900,1.75200000
2018-03-20 22:01:00,0.06269900,0.02000000
2018-03-20 22:01:00,0.06270000,3.00000000
2018-03-20 22:01:00,0.06270000,0.15400000
2018-03-20 22:01:00,0.06270000,1.59800000
2018-03-20 22:01:00,0.06270000,0.72400000
2018-03-20 22:01:00,0.06270100,0.10400000
2018-03-20 22:01:01,0.06270100,0.26600000
2018-03-20 22:01:01,0.06270100,0.05000000
2018-03-20 22:01:01,0.06270100,0.26400000
2018-03-20 22:01:01,0.06270100,1.60100000
2018-03-20 22:01:01,0.06270100,1.87400000
2018-03-20 22:01:01,0.06270100,0.07100000
2018-03-20 22:01:02,0.06270100,0.11100000
2018-03-20 22:01:02,0.06270100,0.24200000
2018-03-20 22:01:02,0.06270100,35.86800000
2018-03-20 22:01:02,0.06270100,24.96200000
2018-03-20 22:01:02,0.06269900,0.59200000
2018-03-20 22:01:02,0.06269900,0.08600000
2018-03-20 22:01:02,0.06270200,0.05400000
2018-03-20 22:01:02,0.06269900,0.01700000
2018-03-20 22:01:02,0.06270200,0.24400000
2018-03-20 22:01:03,0.06269900,0.02900000
2018-03-20 22:01:03,0.06269900,0.15000000
2018-03-20 22:01:04,0.06269900,0.36900000
2018-03-20 22:01:04,0.06269900,0.02000000
2018-03-20 22:01:04,0.06270000,0.11000000
2018-03-20 22:01:04,0.06270100,0.01700000
2018-03-20 22:01:05,0.06270100,0.00100000
2018-03-20 22:01:05,0.06269900,0.80800000
2018-03-20 22:01:05,0.06269900,0.22200000
2018-03-20 22:01:06,0.06269900,0.17000000
2018-03-20 22:01:06,0.06270200,0.05500000
2018-03-20 22:01:06,0.06269900,0.44800000
2018-03-20 22:01:06,0.06269900,0.08200000
2018-03-20 22:01:06,0.06270200,0.20200000
2018-03-20 22:01:06,0.06269900,0.30200000
2018-03-20 22:01:06,0.06269900,3.22000000
2018-03-20 22:01:06,0.06264500,0.23700000
2018-03-20 22:01:06,0.06264400,3.07300000
2018-03-20 22:01:06,0.06264400,0.68600000
2018-03-20 22:01:06,0.06264400,4.19800000
2018-03-20 22:01:06,0.06263900,0.25000000
2018-03-20 22:01:06,0.06262500,0.33000000
2018-03-20 22:01:06,0.06259900,1.09400000
2018-03-20 22:01:07,0.06269900,0.59900000
2018-03-20 22:01:07,0.06262500,0.32900000
2018-03-20 22:01:07,0.06262700,0.33000000
2018-03-20 22:01:07,0.06262600,0.87200000
2018-03-20 22:01:07,0.06263000,0.06000000
2018-03-20 22:01:07,0.06262600,0.26900000
2018-03-20 22:01:07,0.06269900,0.00100000
2018-03-20 22:01:07,0.06270200,0.31600000
2018-03-20 22:01:07,0.06270700,0.17200000
2018-03-20 22:01:07,0.06270900,0.12900000
2018-03-20 22:01:08,0.06262700,0.18400000
2018-03-20 22:01:08,0.06269800,0.55500000
2018-03-20 22:01:08,0.06262800,0.09700000
2018-03-20 22:01:08,0.06269800,0.00100000
2018-03-20 22:01:08,0.06270900,0.02400000
2018-03-20 22:01:08,0.06270000,0.05900000
2018-03-20 22:01:09,0.06262900,0.01600000
2018-03-20 22:01:09,0.06262900,0.64500000
2018-03-20 22:01:09,0.06269200,0.26400000
2018-03-20 22:01:09,0.06270000,0.00100000
2018-03-20 22:01:09,0.06270800,0.93300000
2018-03-20 22:01:09,0.06270900,0.03500000
2018-03-20 22:01:09,0.06270800,0.33000000
2018-03-20 22:01:09,0.06270900,0.31500000
2018-03-20 22:01:09,0.06269900,0.09700000
2018-03-20 22:01:09,0.06270900,0.54700000
2018-03-20 22:01:09,0.06270800,0.19900000
2018-03-20 22:01:10,0.06270800,1.14000000
2018-03-20 22:01:10,0.06263200,0.04900000
2018-03-20 22:01:11,0.06270600,0.68000000
2018-03-20 22:01:11,0.06263200,0.04900000
2018-03-20 22:01:12,0.06263200,0.18500000
2018-03-20 22:01:12,0.06263400,0.33000000
2018-03-20 22:01:12,0.06263300,0.06200000
2018-03-20 22:01:12,0.06263300,2.93800000
2018-03-20 22:01:12,0.06263200,4.16100000
2018-03-20 22:01:12,0.06263200,0.16800000
2018-03-20 22:01:12,0.06263200,0.06500000
2018-03-20 22:01:12,0.06263200,2.02900000
2018-03-20 22:01:12,0.06263100,13.40700000
2018-03-20 22:01:12,0.06263100,1.06500000
2018-03-20 22:01:12,0.06263000,0.50200000
2018-03-20 22:01:12,0.06259900,0.70500000
2018-03-20 22:01:12,0.06259800,0.06300000
2018-03-20 22:01:12,0.06259400,0.67700000
2018-03-20 22:01:12,0.06259200,0.10000000
2018-03-20 22:01:12,0.06258600,0.28600000
2018-03-20 22:01:12,0.06258100,1.89000000
2018-03-20 22:01:12,0.06257600,1.67000000
2018-03-20 22:01:12,0.06257100,1.19700000
2018-03-20 22:01:12,0.06257100,0.05600000
2018-03-20 22:01:12,0.06257100,3.57500000
2018-03-20 22:01:12,0.06257000,0.59900000
2018-03-20 22:01:12,0.06256400,0.22000000
2018-03-20 22:01:12,0.06256200,0.01600000
2018-03-20 22:01:12,0.06255800,0.31400000
2018-03-20 22:01:12,0.06255100,0.45400000
2018-03-20 22:01:12,0.06254800,0.50000000
2018-03-20 22:01:12,0.06254700,0.05600000
2018-03-20 22:01:12,0.06254500,0.36200000
2018-03-20 22:01:12,0.06254200,0.53800000
2018-03-20 22:01:12,0.06254100,1.65800000
2018-03-20 22:01:12,0.06254100,1.41700000
2018-03-20 22:01:12,0.06254100,1.94900000
2018-03-20 22:01:12,0.06257600,0.01600000
2018-03-20 22:01:12,0.06257600,7.02200000
2018-03-20 22:01:12,0.06257600,0.17300000
2018-03-20 22:01:12,0.06257600,4.25100000
2018-03-20 22:01:12,0.06269400,0.49400000
2018-03-20 22:01:12,0.06270700,0.05800000
2018-03-20 22:01:12,0.06270900,3.48600000
2018-03-20 22:01:12,0.06254100,2.01700000
2018-03-20 22:01:12,0.06254100,0.14200000
2018-03-20 22:01:12,0.06253500,0.15900000
2018-03-20 22:01:12,0.06253400,0.49000000
2018-03-20 22:01:12,0.06253300,0.27400000
2018-03-20 22:01:12,0.06263400,0.04300000
2018-03-20 22:01:12,0.06263400,0.03000000
2018-03-20 22:01:12,0.06263400,0.10000000
2018-03-20 22:01:12,0.06263400,0.07800000
2018-03-20 22:01:12,0.06263400,0.12200000
2018-03-20 22:01:12,0.06270900,0.20400000
2018-03-20 22:01:12,0.06271000,0.33000000
2018-03-20 22:01:12,0.06272200,0.81400000
2018-03-20 22:01:12,0.06273000,1.10800000
2018-03-20 22:01:12,0.06273500,1.96400000
2018-03-20 22:01:12,0.06254600,1.59800000
2018-03-20 22:01:12,0.06253300,0.19400000
2018-03-20 22:01:12,0.06252900,0.47400000
2018-03-20 22:01:12,0.06252600,0.44700000
2018-03-20 22:01:12,0.06252100,3.71400000
2018-03-20 22:01:12,0.06252000,1.23400000
2018-03-20 22:01:12,0.06251900,0.21900000
2018-03-20 22:01:12,0.06251400,1.28000000
2018-03-20 22:01:12,0.06251200,0.95200000
2018-03-20 22:01:12,0.06251100,5.77700000
2018-03-20 22:01:12,0.06251100,0.32500000
2018-03-20 22:01:12,0.06270600,0.05000000
2018-03-20 22:01:12,0.06270600,0.42200000
2018-03-20 22:01:12,0.06270700,0.76800000
2018-03-20 22:01:13,0.06270700,3.66000000
2018-03-20 22:01:13,0.06273500,4.86000000
2018-03-20 22:01:13,0.06263400,0.32000000
2018-03-20 22:01:13,0.06263300,0.09800000
2018-03-20 22:01:13,0.06255900,0.86200000
2018-03-20 22:01:13,0.06255900,0.90700000
2018-03-20 22:01:13,0.06254800,0.50000000
2018-03-20 22:01:13,0.06254800,0.08600000
2018-03-20 22:01:13,0.06271000,0.33000000
2018-03-20 22:01:13,0.06273500,11.55000000
2018-03-20 22:01:13,0.06263500,0.04900000
2018-03-20 22:01:13,0.06263500,0.11200000
2018-03-20 22:01:13,0.06263500,0.31900000
2018-03-20 22:01:13,0.06263500,0.15100000
2018-03-20 22:01:13,0.06263500,0.31600000
2018-03-20 22:01:13,0.06263500,0.09400000
2018-03-20 22:01:13,0.06263400,0.33000000
2018-03-20 22:01:13,0.06255900,1.56700000
2018-03-20 22:01:13,0.06255900,0.04500000
2018-03-20 22:01:14,0.06269700,0.11500000
2018-03-20 22:01:14,0.06263400,0.04700000
2018-03-20 22:01:15,0.06269100,0.51400000
2018-03-20 22:01:15,0.06266800,0.01600000
2018-03-20 22:01:15,0.06269100,0.95300000
2018-03-20 22:01:15,0.06269100,0.01700000
2018-03-20 22:01:15,0.06269600,0.06600000
2018-03-20 22:01:15,0.06261300,0.81400000
2018-03-20 22:01:15,0.06257000,2.71700000
2018-03-20 22:01:16,0.06269500,0.31400000
2018-03-20 22:01:16,0.06269300,5.03000000
2018-03-20 22:01:16,0.06269400,1.25100000
2018-03-20 22:01:17,0.06258600,1.58300000
2018-03-20 22:01:17,0.06258500,0.56700000
2018-03-20 22:01:17,0.06258600,0.33000000
2018-03-20 22:01:17,0.06258500,1.80900000
2018-03-20 22:01:17,0.06263000,1.52300000
2018-03-20 22:01:18,0.06263000,0.04700000
2018-03-20 22:01:18,0.06267200,0.04600000
2018-03-20 22:01:18,0.06267200,0.04600000
2018-03-20 22:01:18,0.06267200,0.04600000
2018-03-20 22:01:18,0.06267200,0.04600000
2018-03-20 22:01:18,0.06267200,0.02600000
2018-03-20 22:01:18,0.06267200,0.18200000
2018-03-20 22:01:19,0.06259400,1.20000000
2018-03-20 22:01:19,0.06259300,3.17800000
2018-03-20 22:01:19,0.06259200,3.91400000
2018-03-20 22:01:19,0.06259100,0.42600000
2018-03-20 22:01:19,0.06259000,0.33000000
2018-03-20 22:01:19,0.06258600,0.50000000
2018-03-20 22:01:19,0.06258400,0.06800000
2018-03-20 22:01:21,0.06262500,0.40000000
2018-03-20 22:01:21,0.06259600,0.46300000
2018-03-20 22:01:21,0.06259700,0.30000000
2018-03-20 22:01:21,0.06259600,0.33400000
2018-03-20 22:01:22,0.06262400,3.28600000
2018-03-20 22:01:22,0.06262500,0.00200000
2018-03-20 22:01:22,0.06259700,0.20400000
2018-03-20 22:01:22,0.06268500,0.28300000
2018-03-20 22:01:22,0.06268500,0.13000000
2018-03-20 22:01:22,0.06268500,3.05400000
2018-03-20 22:01:22,0.06268600,0.23100000
2018-03-20 22:01:22,0.06268600,0.10900000
2018-03-20 22:01:22,0.06259700,0.15700000
2018-03-20 22:01:23,0.06268400,0.10200000
2018-03-20 22:01:23,0.06268400,2.46400000
2018-03-20 22:01:23,0.06260000,0.02600000
2018-03-20 22:01:25,0.06268100,1.53000000
2018-03-20 22:01:25,0.06268100,0.29900000
2018-03-20 22:01:25,0.06260400,0.33000000
2018-03-20 22:01:25,0.06260300,0.91300000
2018-03-20 22:01:25,0.06260400,0.30000000
2018-03-20 22:01:25,0.06260300,1.65600000
2018-03-20 22:01:25,0.06260100,2.21300000
2018-03-20 22:01:25,0.06260100,0.93000000
2018-03-20 22:01:26,0.06266600,0.96500000
2018-03-20 22:01:26,0.06259700,0.15900000
2018-03-20 22:01:27,0.06266600,1.59600000
2018-03-20 22:01:27,0.06266600,1.58200000
2018-03-20 22:01:28,0.06264500,0.17300000
2018-03-20 22:01:28,0.06264500,0.04000000
2018-03-20 22:01:28,0.06264500,0.21400000
2018-03-20 22:01:29,0.06266000,0.02900000
2018-03-20 22:01:29,0.06264500,0.09800000
2018-03-20 22:01:29,0.06264500,0.00100000
2018-03-20 22:01:29,0.06260400,0.09700000
2018-03-20 22:01:31,0.06266000,0.00100000
2018-03-20 22:01:31,0.06267600,2.61900000
2018-03-20 22:01:32,0.06267600,0.38100000
2018-03-20 22:01:32,0.06267800,0.47300000
2018-03-20 22:01:32,0.06267900,0.48200000
2018-03-20 22:01:32,0.06268000,0.44700000
2018-03-20 22:01:32,0.06268100,0.59500000
2018-03-20 22:01:32,0.06268100,0.19900000
2018-03-20 22:01:32,0.06268000,0.88200000
2018-03-20 22:01:32,0.06267900,0.32900000
2018-03-20 22:01:32,0.06267900,0.00100000
2018-03-20 22:01:32,0.06268000,0.07800000
2018-03-20 22:01:32,0.06267900,0.27000000
2018-03-20 22:01:33,0.06267900,0.28900000
2018-03-20 22:01:33,0.06267800,0.99100000
2018-03-20 22:01:33,0.06267800,0.03300000
2018-03-20 22:01:33,0.06261100,0.44400000
2018-03-20 22:01:33,0.06261000,0.07000000
2018-03-20 22:01:33,0.06260600,0.82600000
2018-03-20 22:01:34,0.06261100,0.47900000
2018-03-20 22:01:34,0.06261100,0.18200000
2018-03-20 22:01:34,0.06261100,0.07200000
2018-03-20 22:01:34,0.06261100,0.00100000
2018-03-20 22:01:34,0.06261000,0.48900000
2018-03-20 22:01:34,0.06261200,0.11200000
2018-03-20 22:01:35,0.06261200,0.56700000
2018-03-20 22:01:35,0.06261200,0.14000000
2018-03-20 22:01:35,0.06264400,0.32000000
2018-03-20 22:01:35,0.06267700,0.13000000
2018-03-20 22:01:35,0.06261200,1.22800000
2018-03-20 22:01:35,0.06261200,0.06900000
2018-03-20 22:01:35,0.06261200,0.05800000
2018-03-20 22:01:35,0.06259500,0.01100000
2018-03-20 22:01:35,0.06259500,0.12700000
2018-03-20 22:01:35,0.06261000,2.09500000
2018-03-20 22:01:35,0.06267500,0.48200000
2018-03-20 22:01:36,0.06259700,0.32900000
2018-03-20 22:01:36,0.06259700,0.00100000
2018-03-20 22:01:36,0.06259600,1.55600000
2018-03-20 22:01:37,0.06266000,0.10000000
2018-03-20 22:01:37,0.06266000,0.38200000
2018-03-20 22:01:37,0.06267700,0.57300000
2018-03-20 22:01:37,0.06267800,0.05400000
2018-03-20 22:01:37,0.06259800,0.02600000
2018-03-20 22:01:38,0.06259800,0.04900000
2018-03-20 22:01:38,0.06259800,0.08500000
2018-03-20 22:01:38,0.06266000,0.07000000
2018-03-20 22:01:38,0.06267500,0.06900000
2018-03-20 22:01:38,0.06259800,0.07100000
2018-03-20 22:01:38,0.06259800,0.07200000
2018-03-20 22:01:38,0.06267500,0.17900000
2018-03-20 22:01:40,0.06267100,0.11400000
2018-03-20 22:01:40,0.06267100,0.11400000
2018-03-20 22:01:43,0.06260200,0.08000000
2018-03-20 22:01:43,0.06266900,1.11400000
2018-03-20 22:01:43,0.06266900,0.05900000
2018-03-20 22:01:43,0.06260200,0.03000000
2018-03-20 22:01:44,0.06266900,0.03900000
2018-03-20 22:01:45,0.06260200,0.15900000
2018-03-20 22:01:45,0.06266900,0.00100000
2018-03-20 22:01:45,0.06267000,0.12800000
2018-03-20 22:01:45,0.06267000,0.72700000
2018-03-20 22:01:46,0.06267000,0.00100000
2018-03-20 22:01:46,0.06267200,0.25500000
2018-03-20 22:01:46,0.06267800,2.53400000
2018-03-20 22:01:46,0.06268400,0.49700000
2018-03-20 22:01:46,0.06268500,2.06300000
2018-03-20 22:01:47,0.06267800,0.33000000
2018-03-20 22:01:47,0.06267800,0.20000000
2018-03-20 22:01:47,0.06268500,0.12900000
2018-03-20 22:01:47,0.06267800,0.20000000
2018-03-20 22:01:47,0.06268500,4.63600000
2018-03-20 22:01:47,0.06267800,0.30000000
2018-03-20 22:01:47,0.06268500,0.20100000
2018-03-20 22:01:47,0.06268600,0.85600000
2018-03-20 22:01:48,0.06260400,1.15600000
2018-03-20 22:01:48,0.06260300,1.72400000
2018-03-20 22:01:48,0.06260000,1.11900000
2018-03-20 22:01:48,0.06267700,1.40200000
2018-03-20 22:01:49,0.06267500,0.26000000
2018-03-20 22:01:50,0.06267400,0.55500000
2018-03-20 22:01:50,0.06267300,0.04900000
2018-03-20 22:01:50,0.06267300,1.91000000
2018-03-20 22:01:50,0.06267300,0.03800000
2018-03-20 22:01:50,0.06267300,0.23000000
2018-03-20 22:01:50,0.06267300,0.23100000
2018-03-20 22:01:51,0.06267300,0.07700000
2018-03-20 22:01:51,0.06267300,0.07500000
2018-03-20 22:01:51,0.06267300,1.59500000
2018-03-20 22:01:51,0.06267300,2.76200000
2018-03-20 22:01:51,0.06267300,0.00100000
2018-03-20 22:01:51,0.06260600,0.33000000
2018-03-20 22:01:51,0.06260500,1.44900000
2018-03-20 22:01:53,0.06267200,0.30000000
2018-03-20 22:01:54,0.06267200,0.00100000
2018-03-20 22:01:54,0.06267400,0.00100000
2018-03-20 22:01:54,0.06267500,0.00100000
2018-03-20 22:01:54,0.06267700,0.02500000
2018-03-20 22:01:54,0.06267700,0.01700000
2018-03-20 22:01:54,0.06267700,0.44100000
2018-03-20 22:01:54,0.06268100,0.01600000
2018-03-20 22:01:54,0.06268100,0.18500000
2018-03-20 22:01:54,0.06268400,0.15500000
2018-03-20 22:01:54,0.06260600,0.01900000
2018-03-20 22:01:55,0.06268000,0.12900000
2018-03-20 22:01:55,0.06268000,1.45900000
2018-03-20 22:01:55,0.06268000,0.11200000
2018-03-20 22:01:55,0.06268000,1.18200000
2018-03-20 22:01:56,0.06268000,1.23400000
2018-03-20 22:01:56,0.06268000,0.14300000
2018-03-20 22:01:56,0.06268000,0.02100000
2018-03-20 22:01:56,0.06268200,0.30000000
2018-03-20 22:01:56,0.06268700,0.44500000
2018-03-20 22:01:56,0.06268800,0.49000000
2018-03-20 22:01:56,0.06269300,0.53800000
2018-03-20 22:01:56,0.06269400,0.32400000
2018-03-20 22:01:56,0.06269400,0.14200000
2018-03-20 22:01:57,0.06267200,0.05000000
2018-03-20 22:01:57,0.06261000,0.06000000
2018-03-20 22:01:57,0.06260900,0.63400000
2018-03-20 22:01:57,0.06260900,0.69800000
2018-03-20 22:01:57,0.06260900,0.15700000
2018-03-20 22:01:57,0.06267200,0.00100000
2018-03-20 22:01:57,0.06267300,0.12800000
2018-03-20 22:01:57,0.06267300,0.35500000
2018-03-20 22:01:57,0.06268100,0.51300000
2018-03-20 22:01:57,0.06268100,0.80700000
2018-03-20 22:01:57,0.06269000,0.06100000
2018-03-20 22:01:57,0.06268000,0.06000000
2018-03-20 22:01:58,0.06269000,0.15800000
2018-03-20 22:01:58,0.06269000,0.08100000
2018-03-20 22:01:58,0.06269400,0.07800000
2018-03-20 22:01:58,0.06268000,0.00100000
2018-03-20 22:01:58,0.06267900,0.47300000
2018-03-20 22:01:58,0.06269000,0.30000000
2018-03-20 22:01:58,0.06269000,0.00100000
2018-03-20 22:02:00,0.06269200,0.95200000
2018-03-20 22:02:01,0.06269000,0.26700000
2018-03-20 22:02:02,0.06269000,0.06600000
2018-03-20 22:02:02,0.06269000,0.00100000
2018-03-20 22:02:02,0.06269100,0.11900000
2018-03-20 22:02:02,0.06269200,0.02100000
2018-03-20 22:02:02,0.06269200,0.24100000
2018-03-20 22:02:02,0.06269300,0.24200000
2018-03-20 22:02:02,0.06269400,0.27000000
2018-03-20 22:02:02,0.06269500,0.42600000
2018-03-20 22:02:02,0.06270000,0.67700000
2018-03-20 22:02:02,0.06270200,0.03000000
2018-03-20 22:02:02,0.06270700,0.50000000
2018-03-20 22:02:02,0.06270800,0.00700000
2018-03-20 22:02:03,0.06270800,0.49300000
2018-03-20 22:02:03,0.06270900,0.31500000
2018-03-20 22:02:03,0.06271000,0.45800000
2018-03-20 22:02:03,0.06271000,0.44300000
2018-03-20 22:02:03,0.06272000,1.04200000
2018-03-20 22:02:03,0.06272900,0.22500000
2018-03-20 22:02:03,0.06272900,0.22200000
2018-03-20 22:02:03,0.06273000,0.27000000
2018-03-20 22:02:03,0.06270800,0.49900000
2018-03-20 22:02:03,0.06272500,0.07600000
2018-03-20 22:02:04,0.06270700,0.41000000
2018-03-20 22:02:04,0.06270700,0.00100000
2018-03-20 22:02:04,0.06272900,1.06900000
2018-03-20 22:02:04,0.06272900,0.96200000
2018-03-20 22:02:04,0.06270600,0.03400000
2018-03-20 22:02:04,0.06270600,0.01800000
2018-03-20 22:02:05,0.06270600,0.02200000
2018-03-20 22:02:05,0.06270600,0.36000000
2018-03-20 22:02:05,0.06270600,0.17700000
2018-03-20 22:02:05,0.06270600,0.16700000
2018-03-20 22:02:05,0.06270600,0.22500000
2018-03-20 22:02:05,0.06270600,0.14700000
2018-03-20 22:02:05,0.06270600,0.05000000
2018-03-20 22:02:05,0.06270500,0.12100000
2018-03-20 22:02:05,0.06270500,0.66800000
2018-03-20 22:02:05,0.06270500,0.42100000
2018-03-20 22:02:05,0.06270500,0.05100000
2018-03-20 22:02:05,0.06270500,0.04700000
2018-03-20 22:02:05,0.06270500,0.40900000
2018-03-20 22:02:05,0.06272500,0.03400000
2018-03-20 22:02:05,0.06272500,0.01600000
2018-03-20 22:02:06,0.06273000,0.89600000
2018-03-20 22:02:06,0.06270500,0.00100000
2018-03-20 22:02:06,0.06270000,0.03400000
2018-03-20 22:02:07,0.06270000,0.26300000
2018-03-20 22:02:07,0.06270000,0.26800000
2018-03-20 22:02:08,0.06270000,0.11900000
2018-03-20 22:02:08,0.06264700,0.03300000
2018-03-20 22:02:08,0.06264700,0.03100000
2018-03-20 22:02:08,0.06264700,0.17500000
2018-03-20 22:02:08,0.06273000,0.16400000
2018-03-20 22:02:08,0.06273200,0.16300000
2018-03-20 22:02:09,0.06273000,0.06500000
2018-03-20 22:02:09,0.06272900,0.81600000
2018-03-20 22:02:09,0.06272900,2.60900000
2018-03-20 22:02:09,0.06265000,1.62200000
2018-03-20 22:02:10,0.06265100,0.30000000
2018-03-20 22:02:10,0.06265300,0.25200000
2018-03-20 22:02:13,0.06265500,0.39300000
2018-03-20 22:02:13,0.06265500,0.04400000
2018-03-20 22:02:13,0.06265300,0.44200000
2018-03-20 22:02:13,0.06264700,0.06300000
2018-03-20 22:02:13,0.06264600,0.01000000
2018-03-20 22:02:13,0.06264600,0.14600000
2018-03-20 22:02:14,0.06267700,0.23500000
2018-03-20 22:02:14,0.06267700,0.01600000
2018-03-20 22:02:14,0.06271700,0.04200000
2018-03-20 22:02:15,0.06267800,1.02600000
2018-03-20 22:02:16,0.06271600,0.02400000
2018-03-20 22:02:16,0.06267800,0.12400000
2018-03-20 22:02:16,0.06269700,1.81900000
2018-03-20 22:02:16,0.06267800,0.13000000
2018-03-20 22:02:17,0.06267700,0.09300000
2018-03-20 22:02:17,0.06267700,0.14800000
2018-03-20 22:02:17,0.06264500,0.13600000
2018-03-20 22:02:18,0.06270900,0.07900000
2018-03-20 22:02:18,0.06264500,0.15400000
2018-03-20 22:02:18,0.06263300,0.07400000
2018-03-20 22:02:18,0.06264500,0.02900000
2018-03-20 22:02:18,0.06270800,0.01600000
2018-03-20 22:02:18,0.06270900,0.07500000
2018-03-20 22:02:18,0.06270900,0.02900000
2018-03-20 22:02:18,0.06270900,0.01600000
2018-03-20 22:02:18,0.06270900,0.09900000
2018-03-20 22:02:20,0.06270700,0.49300000
2018-03-20 22:02:20,0.06263500,0.33000000
2018-03-20 22:02:20,0.06263400,0.92200000
2018-03-20 22:02:20,0.06263400,1.60700000
2018-03-20 22:02:20,0.06263500,0.33000000
2018-03-20 22:02:20,0.06263400,0.02700000
2018-03-20 22:02:20,0.06263400,0.23000000
2018-03-20 22:02:20,0.06263400,0.23000000
2018-03-20 22:02:20,0.06269800,0.24200000
2018-03-20 22:02:20,0.06269800,0.11700000
2018-03-20 22:02:20,0.06270700,0.12400000
2018-03-20 22:02:20,0.06263400,0.33000000
2018-03-20 22:02:20,0.06263300,0.30800000
2018-03-20 22:02:21,0.06270700,0.89600000
2018-03-20 22:02:21,0.06270700,0.09900000
2018-03-20 22:02:21,0.06270700,0.19200000
2018-03-20 22:02:21,0.06263600,0.33000000
2018-03-20 22:02:21,0.06263500,0.29600000
2018-03-20 22:02:22,0.06269900,0.03300000
2018-03-20 22:02:23,0.06269900,0.28500000
2018-03-20 22:02:24,0.06269900,0.05200000
2018-03-20 22:02:24,0.06269900,0.02900000
2018-03-20 22:02:24,0.06265000,0.04800000
2018-03-20 22:02:24,0.06265000,0.15400000
2018-03-20 22:02:24,0.06265000,0.06700000
2018-03-20 22:02:25,0.06269900,0.18300000
2018-03-20 22:02:25,0.06269900,0.15500000
2018-03-20 22:02:25,0.06265000,2.18600000
2018-03-20 22:02:25,0.06262900,0.33000000
2018-03-20 22:02:25,0.06262300,12.40000000
2018-03-20 22:02:25,0.06262200,2.57100000
2018-03-20 22:02:26,0.06269900,0.04700000
2018-03-20 22:02:26,0.06269900,0.07700000
2018-03-20 22:02:26,0.06269900,0.03100000
2018-03-20 22:02:26,0.06269900,0.06300000
2018-03-20 22:02:26,0.06269900,0.07900000
2018-03-20 22:02:27,0.06269900,0.18500000
2018-03-20 22:02:27,0.06269900,0.00100000
2018-03-20 22:02:27,0.06270000,0.21100000
2018-03-20 22:02:27,0.06270700,0.28700000
2018-03-20 22:02:27,0.06270700,0.09100000
2018-03-20 22:02:27,0.06270600,0.09100000
2018-03-20 22:02:28,0.06270600,0.41200000
2018-03-20 22:02:29,0.06267800,0.01700000
2018-03-20 22:02:29,0.06263300,2.27200000
2018-03-20 22:02:30,0.06269800,0.07100000
2018-03-20 22:02:31,0.06269800,0.20000000
2018-03-20 22:02:31,0.06269800,0.03600000
2018-03-20 22:02:32,0.06269800,0.00100000
2018-03-20 22:02:32,0.06270000,0.02000000
2018-03-20 22:02:32,0.06270000,0.03000000
2018-03-20 22:02:33,0.06270000,0.14000000
2018-03-20 22:02:36,0.06270000,0.00100000
2018-03-20 22:02:36,0.06272100,0.33000000
2018-03-20 22:02:36,0.06272500,1.63500000
2018-03-20 22:02:36,0.06272000,0.20100000
2018-03-20 22:02:36,0.06272100,0.33000000
2018-03-20 22:02:36,0.06272500,0.00200000
2018-03-20 22:02:36,0.06273000,0.64900000
2018-03-20 22:02:36,0.06272000,3.20600000
2018-03-20 22:02:36,0.06272100,0.33000000
2018-03-20 22:02:36,0.06273000,0.92500000
2018-03-20 22:02:37,0.06271900,0.08100000
2018-03-20 22:02:38,0.06271800,0.52300000
2018-03-20 22:02:38,0.06271800,0.02900000
2018-03-20 22:02:38,0.06271800,1.79500000
2018-03-20 22:02:38,0.06271900,0.00100000
2018-03-20 22:02:38,0.06272000,0.66900000
2018-03-20 22:02:38,0.06272100,0.33000000
2018-03-20 22:02:38,0.06273000,0.40000000
2018-03-20 22:02:39,0.06272000,0.14100000
2018-03-20 22:02:39,0.06272000,0.04700000
2018-03-20 22:02:39,0.06272200,0.03000000
2018-03-20 22:02:39,0.06273000,3.05600000
2018-03-20 22:02:39,0.06273100,0.36800000
2018-03-20 22:02:39,0.06272100,0.18400000
2018-03-20 22:02:39,0.06272100,0.00100000
2018-03-20 22:02:39,0.06264700,0.05200000
2018-03-20 22:02:40,0.06272900,0.06300000
2018-03-20 22:02:40,0.06273100,1.40600000
2018-03-20 22:02:40,0.06273000,0.02800000
2018-03-20 22:02:40,0.06273100,0.13100000
2018-03-20 22:02:41,0.06273100,0.19600000
2018-03-20 22:02:41,0.06273100,0.14000000
2018-03-20 22:02:41,0.06273000,0.05200000
2018-03-20 22:02:41,0.06273100,0.80800000
2018-03-20 22:02:42,0.06273100,0.21600000
2018-03-20 22:02:44,0.06273000,0.21100000
2018-03-20 22:02:46,0.06272900,0.05800000
2018-03-20 22:02:46,0.06272900,0.09900000
2018-03-20 22:02:49,0.06266100,0.20000000
2018-03-20 22:02:49,0.06263400,0.18700000
2018-03-20 22:02:49,0.06263400,0.19900000
2018-03-20 22:02:49,0.06272400,0.35000000
2018-03-20 22:02:49,0.06272800,0.19400000
2018-03-20 22:02:49,0.06272900,0.50000000
2018-03-20 22:02:49,0.06273000,1.66400000
2018-03-20 22:02:50,0.06263800,0.04500000
2018-03-20 22:02:51,0.06272900,0.06000000
2018-03-20 22:02:51,0.06264100,0.00500000
2018-03-20 22:02:52,0.06272800,0.02100000
2018-03-20 22:02:52,0.06272800,0.46500000
2018-03-20 22:02:52,0.06272800,0.07000000
2018-03-20 22:02:52,0.06272800,0.03100000
2018-03-20 22:02:52,0.06272800,0.02000000
2018-03-20 22:02:53,0.06272800,0.32200000
2018-03-20 22:02:55,0.06265000,0.06000000
2018-03-20 22:02:55,0.06264800,0.01500000
2018-03-20 22:02:57,0.06265300,0.10100000
2018-03-20 22:02:57,0.06265400,0.26200000
2018-03-20 22:02:58,0.06265500,0.48600000
2018-03-20 22:02:58,0.06265400,0.36800000
2018-03-20 22:02:58,0.06272700,0.19200000
2018-03-20 22:02:59,0.06265400,0.47400000
2018-03-20 22:02:59,0.06272700,0.06900000
2018-03-20 22:02:59,0.06272700,0.06900000
2018-03-20 22:02:59,0.06272700,0.29900000
2018-03-20 22:03:00,0.06271600,0.04500000
2018-03-20 22:03:01,0.06271600,0.19100000
2018-03-20 22:03:01,0.06271000,0.15900000
2018-03-20 22:03:02,0.06263300,0.18300000
2018-03-20 22:03:02,0.06263400,0.04400000
2018-03-20 22:03:02,0.06263400,0.33300000
2018-03-20 22:03:02,0.06263300,1.26700000
2018-03-20 22:03:02,0.06263400,0.33000000
2018-03-20 22:03:02,0.06263300,6.81900000
2018-03-20 22:03:02,0.06272600,0.47400000
2018-03-20 22:03:02,0.06272700,0.00100000
2018-03-20 22:03:02,0.06273000,1.40500000
2018-03-20 22:03:02,0.06273100,0.50700000
2018-03-20 22:03:02,0.06263400,0.33000000
2018-03-20 22:03:02,0.06263300,0.33100000
2018-03-20 22:03:02,0.06263200,0.50500000
2018-03-20 22:03:02,0.06263000,0.06000000
2018-03-20 22:03:02,0.06261000,0.10000000
2018-03-20 22:03:02,0.06261000,0.10000000
2018-03-20 22:03:02,0.06261000,0.10000000
2018-03-20 22:03:02,0.06261000,0.03000000
2018-03-20 22:03:02,0.06261000,0.73500000
2018-03-20 22:03:02,0.06261000,0.36400000
2018-03-20 22:03:04,0.06263600,0.02600000
2018-03-20 22:03:05,0.06263800,0.01800000
2018-03-20 22:03:07,0.06264100,0.52800000
2018-03-20 22:03:08,0.06264000,1.54600000
2018-03-20 22:03:08,0.06264000,2.36200000
2018-03-20 22:03:08,0.06264000,0.10000000
2018-03-20 22:03:08,0.06264000,0.10000000
2018-03-20 22:03:08,0.06264000,0.10000000
2018-03-20 22:03:08,0.06264000,0.02900000
2018-03-20 22:03:08,0.06264000,0.10000000
2018-03-20 22:03:08,0.06264000,0.10000000
2018-03-20 22:03:08,0.06264000,0.10000000
2018-03-20 22:03:08,0.06264000,0.10000000
2018-03-20 22:03:08,0.06264000,0.10000000
2018-03-20 22:03:08,0.06264000,0.10000000
2018-03-20 22:03:08,0.06264000,0.10000000
2018-03-20 22:03:08,0.06264000,0.10000000
2018-03-20 22:03:08,0.06264000,0.09000000
2018-03-20 22:03:08,0.06270900,0.19900000
2018-03-20 22:03:08,0.06271000,0.29800000
2018-03-20 22:03:08,0.06271000,0.33000000
2018-03-20 22:03:09,0.06271000,0.23000000
2018-03-20 22:03:09,0.06271000,0.18000000
2018-03-20 22:03:09,0.06271000,0.10000000
2018-03-20 22:03:10,0.06264000,0.31900000
2018-03-20 22:03:10,0.06271000,0.01600000
2018-03-20 22:03:10,0.06271000,0.06300000
2018-03-20 22:03:10,0.06271000,0.16700000
2018-03-20 22:03:10,0.06264000,0.22400000
2018-03-20 22:03:10,0.06271000,0.26400000
2018-03-20 22:03:10,0.06271000,0.23000000
2018-03-20 22:03:10,0.06263900,0.47600000
2018-03-20 22:03:10,0.06271000,0.30000000
2018-03-20 22:03:10,0.06270900,0.32300000
2018-03-20 22:03:11,0.06263600,0.02900000
2018-03-20 22:03:11,0.06263600,0.00100000
2018-03-20 22:03:11,0.06263100,0.08100000
2018-03-20 22:03:11,0.06263100,0.02900000
2018-03-20 22:03:11,0.06263100,0.19000000
2018-03-20 22:03:11,0.06263100,0.04100000
2018-03-20 22:03:11,0.06269900,0.17700000
2018-03-20 22:03:11,0.06269900,0.00100000
2018-03-20 22:03:11,0.06270800,0.41500000
2018-03-20 22:03:11,0.06270800,0.06100000
2018-03-20 22:03:11,0.06270900,0.35500000
2018-03-20 22:03:11,0.06270900,0.86400000
2018-03-20 22:03:12,0.06262800,0.29900000
2018-03-20 22:03:12,0.06270900,0.02200000
2018-03-20 22:03:12,0.06262800,0.20100000
2018-03-20 22:03:13,0.06263000,0.02000000
2018-03-20 22:03:13,0.06263000,0.18000000
2018-03-20 22:03:13,0.06262900,3.03300000
2018-03-20 22:03:14,0.06270600,0.08300000
2018-03-20 22:03:15,0.06263100,0.44300000
2018-03-20 22:03:15,0.06263100,0.24400000
2018-03-20 22:03:16,0.06270000,0.04900000
2018-03-20 22:03:16,0.06263100,0.00100000
2018-03-20 22:03:17,0.06263000,0.49200000
2018-03-20 22:03:18,0.06269000,0.19900000
2018-03-20 22:03:20,0.06262800,0.64300000
2018-03-20 22:03:20,0.06269000,0.02400000
2018-03-20 22:03:21,0.06269000,0.02600000
2018-03-20 22:03:21,0.06269100,0.19900000
2018-03-20 22:03:21,0.06269800,0.44300000
2018-03-20 22:03:21,0.06270200,0.39800000
2018-03-20 22:03:22,0.06269000,0.08400000
2018-03-20 22:03:22,0.06270200,0.05600000
2018-03-20 22:03:22,0.06269000,0.08400000
2018-03-20 22:03:22,0.06270200,0.02200000
2018-03-20 22:03:22,0.06269000,0.00100000
2018-03-20 22:03:22,0.06263000,0.07700000
2018-03-20 22:03:22,0.06263000,0.07400000
2018-03-20 22:03:22,0.06262800,0.01000000
2018-03-20 22:03:22,0.06263100,0.08400000
2018-03-20 22:03:22,0.06270200,0.09900000
2018-03-20 22:03:23,0.06263100,0.15800000
2018-03-20 22:03:24,0.06263200,0.57500000
2018-03-20 22:03:25,0.06269900,0.26300000
2018-03-20 22:03:26,0.06268600,0.16100000
2018-03-20 22:03:27,0.06262800,0.30400000
2018-03-20 22:03:27,0.06268600,0.83800000
2018-03-20 22:03:28,0.06262800,0.27400000
2018-03-20 22:03:29,0.06268000,0.02200000
2018-03-20 22:03:29,0.06268000,0.89400000
2018-03-20 22:03:29,0.06268600,0.00100000
2018-03-20 22:03:29,0.06270000,0.01900000
2018-03-20 22:03:29,0.06262800,0.74700000
2018-03-20 22:03:30,0.06270000,0.02000000
2018-03-20 22:03:30,0.06263000,0.05000000
2018-03-20 22:03:30,0.06262900,0.24100000
2018-03-20 22:03:30,0.06270000,1.00100000
2018-03-20 22:03:30,0.06270000,0.37000000
2018-03-20 22:03:30,0.06270000,0.24100000
2018-03-20 22:03:30,0.06270000,0.23100000
2018-03-20 22:03:30,0.06270000,0.52900000
2018-03-20 22:03:30,0.06262900,0.17900000
2018-03-20 22:03:31,0.06268400,0.17700000
2018-03-20 22:03:31,0.06268000,0.06000000
2018-03-20 22:03:31,0.06268400,0.11800000
2018-03-20 22:03:32,0.06268400,0.15000000
2018-03-20 22:03:32,0.06263000,0.14900000
2018-03-20 22:03:32,0.06268400,2.49100000
2018-03-20 22:03:32,0.06268400,0.00100000
2018-03-20 22:03:32,0.06269900,0.77600000
2018-03-20 22:03:32,0.06270300,0.24200000
2018-03-20 22:03:32,0.06270600,0.33000000
2018-03-20 22:03:32,0.06270800,1.14200000
2018-03-20 22:03:32,0.06263100,0.04000000
2018-03-20 22:03:32,0.06270700,0.20200000
2018-03-20 22:03:32,0.06270800,0.59300000
2018-03-20 22:03:33,0.06263100,0.16000000
2018-03-20 22:03:33,0.06263000,0.33000000
2018-03-20 22:03:33,0.06262800,0.11000000
2018-03-20 22:03:33,0.06270500,0.02700000
2018-03-20 22:03:33,0.06270500,0.10000000
2018-03-20 22:03:33,0.06263300,0.25400000
2018-03-20 22:03:33,0.06263200,0.85700000
2018-03-20 22:03:33,0.06263100,0.45400000
2018-03-20 22:03:34,0.06268400,0.05800000
2018-03-20 22:03:34,0.06263200,0.02900000
2018-03-20 22:03:34,0.06263200,0.05500000
2018-03-20 22:03:34,0.06263200,0.60000000
2018-03-20 22:03:34,0.06263200,0.05700000
2018-03-20 22:03:34,0.06270300,0.14900000
2018-03-20 22:03:34,0.06270500,0.07400000
2018-03-20 22:03:34,0.06270500,0.22300000
2018-03-20 22:03:34,0.06263200,0.19300000
2018-03-20 22:03:34,0.06263200,0.53700000
2018-03-20 22:03:35,0.06263200,0.33000000
2018-03-20 22:03:35,0.06263100,0.24100000
2018-03-20 22:03:35,0.06262800,0.02900000
2018-03-20 22:03:35,0.06268400,0.30000000
2018-03-20 22:03:35,0.06268400,0.07800000
2018-03-20 22:03:35,0.06268400,0.34800000
2018-03-20 22:03:35,0.06270300,0.31900000
2018-03-20 22:03:36,0.06263100,0.33000000
2018-03-20 22:03:36,0.06262800,0.27000000
2018-03-20 22:03:36,0.06263100,0.32900000
2018-03-20 22:03:36,0.06263100,0.04500000
2018-03-20 22:03:36,0.06270000,0.14400000
2018-03-20 22:03:36,0.06263200,0.60000000
2018-03-20 22:03:37,0.06263200,1.14900000
2018-03-20 22:03:37,0.06270000,0.02900000
2018-03-20 22:03:38,0.06269900,0.24200000
2018-03-20 22:03:38,0.06263300,0.66800000
2018-03-20 22:03:39,0.06269900,0.00100000
2018-03-20 22:03:39,0.06270000,0.01700000
2018-03-20 22:03:39,0.06270000,0.05000000
2018-03-20 22:03:40,0.06263300,0.38400000
2018-03-20 22:03:40,0.06270000,0.18500000
2018-03-20 22:03:40,0.06270100,0.05300000
2018-03-20 22:03:40,0.06263300,0.60000000
2018-03-20 22:03:41,0.06270100,0.15600000
2018-03-20 22:03:41,0.06263400,0.10000000
2018-03-20 22:03:41,0.06263300,0.08400000
2018-03-20 22:03:41,0.06270100,0.04600000
2018-03-20 22:03:42,0.06270100,0.00800000
2018-03-20 22:03:42,0.06270300,0.05600000
2018-03-20 22:03:42,0.06263400,0.08000000
2018-03-20 22:03:43,0.06263500,0.01700000
2018-03-20 22:03:44,0.06263600,0.16900000
2018-03-20 22:03:44,0.06270300,0.26800000
2018-03-20 22:03:45,0.06270300,0.15900000
2018-03-20 22:03:45,0.06263600,0.09600000
2018-03-20 22:03:47,0.06263400,0.28800000
2018-03-20 22:03:47,0.06270100,0.26400000
2018-03-20 22:03:48,0.06263400,0.03000000
2018-03-20 22:03:48,0.06263400,0.03000000
2018-03-20 22:03:48,0.06263400,0.07000000
2018-03-20 22:03:49,0.06263400,0.03000000
2018-03-20 22:03:49,0.06263400,0.00100000
2018-03-20 22:03:49,0.06263200,0.02900000
2018-03-20 22:03:49,0.06263400,0.03000000
2018-03-20 22:03:49,0.06263400,0.06900000
2018-03-20 22:03:49,0.06263400,0.00100000
2018-03-20 22:03:49,0.06263200,1.06400000
2018-03-20 22:03:49,0.06270000,0.27100000
2018-03-20 22:03:49,0.06270100,0.58500000
2018-03-20 22:03:49,0.06270100,0.27300000
2018-03-20 22:03:49,0.06270300,0.00100000
2018-03-20 22:03:49,0.06270800,0.00400000
2018-03-20 22:03:49,0.06263400,0.04700000
2018-03-20 22:03:50,0.06263500,0.33000000
2018-03-20 22:03:50,0.06263400,0.21500000
2018-03-20 22:03:50,0.06270700,0.08400000
2018-03-20 22:03:50,0.06270800,0.12000000
2018-03-20 22:03:50,0.06270800,0.08400000
2018-03-20 22:03:51,0.06270600,0.07000000
2018-03-20 22:03:51,0.06263600,1.34200000
2018-03-20 22:03:51,0.06263500,0.28000000
2018-03-20 22:03:51,0.06270600,0.14400000
2018-03-20 22:03:51,0.06270700,1.12700000
2018-03-20 22:03:51,0.06270700,0.14300000
2018-03-20 22:03:51,0.06270700,1.37400000
2018-03-20 22:03:51,0.06270800,0.00100000
2018-03-20 22:03:51,0.06271800,0.08400000
2018-03-20 22:03:51,0.06272000,0.30000000
2018-03-20 22:03:51,0.06272800,1.03700000
2018-03-20 22:03:51,0.06263500,0.06000000
2018-03-20 22:03:51,0.06271800,0.13500000
2018-03-20 22:03:52,0.06264100,0.40200000
2018-03-20 22:03:53,0.06264200,0.14000000
2018-03-20 22:03:53,0.06269900,0.42900000
2018-03-20 22:03:54,0.06269800,0.44300000
2018-03-20 22:03:54,0.06264200,1.59600000
2018-03-20 22:03:54,0.06264200,0.99700000
2018-03-20 22:03:54,0.06264200,0.00100000
2018-03-20 22:03:54,0.06263200,0.68700000
2018-03-20 22:03:54,0.06263200,1.34200000
2018-03-20 22:03:55,0.06263300,0.29900000
2018-03-20 22:03:55,0.06263300,0.10100000
2018-03-20 22:03:55,0.06269800,0.00100000
2018-03-20 22:03:55,0.06270000,0.15000000
2018-03-20 22:03:55,0.06270000,0.00100000
2018-03-20 22:03:55,0.06271600,0.03700000
2018-03-20 22:03:55,0.06263300,0.03500000
2018-03-20 22:03:55,0.06263200,0.18300000
2018-03-20 22:03:55,0.06271600,0.05900000
2018-03-20 22:03:55,0.06263200,0.15200000
2018-03-20 22:03:55,0.06263200,0.16000000
2018-03-20 22:03:55,0.06263200,1.39300000
2018-03-20 22:03:55,0.06263200,1.39300000
2018-03-20 22:03:55,0.06271500,0.76100000
2018-03-20 22:03:55,0.06271600,0.73900000
2018-03-20 22:03:56,0.06271400,1.34200000
2018-03-20 22:03:56,0.06271400,4.56000000
2018-03-20 22:03:56,0.06271500,0.33000000
2018-03-20 22:03:56,0.06271600,0.44900000
2018-03-20 22:03:56,0.06273100,3.25800000
2018-03-20 22:03:56,0.06273500,97.95400000
2018-03-20 22:03:56,0.06273500,0.10000000
2018-03-20 22:03:56,0.06263600,0.07300000
2018-03-20 22:03:56,0.06271300,1.19000000
2018-03-20 22:03:56,0.06271300,1.38100000
2018-03-20 22:03:57,0.06271300,0.27200000
2018-03-20 22:03:57,0.06271300,0.15100000
2018-03-20 22:03:57,0.06271400,0.86400000
2018-03-20 22:03:57,0.06271400,0.11900000
2018-03-20 22:03:57,0.06271400,1.18200000
2018-03-20 22:03:57,0.06271500,0.14000000
2018-03-20 22:03:57,0.06272100,0.23000000
2018-03-20 22:03:57,0.06273400,0.10000000
2018-03-20 22:03:57,0.06273500,15.82600000
2018-03-20 22:03:57,0.06272100,0.13000000
2018-03-20 22:03:57,0.06273400,0.10000000
2018-03-20 22:03:57,0.06273500,0.06100000
2018-03-20 22:03:57,0.06273500,0.12900000
2018-03-20 22:03:58,0.06271400,0.39900000
2018-03-20 22:03:58,0.06263800,1.60100000
2018-03-20 22:03:58,0.06263800,0.18400000
2018-03-20 22:03:58,0.06263900,2.57400000
2018-03-20 22:03:58,0.06263800,2.29100000
2018-03-20 22:03:58,0.06271400,0.08600000
2018-03-20 22:03:58,0.06273400,0.11400000
2018-03-20 22:03:58,0.06271400,0.61400000
2018-03-20 22:03:58,0.06265100,0.02500000
2018-03-20 22:03:58,0.06271400,0.24300000
2018-03-20 22:03:58,0.06273400,0.24600000
2018-03-20 22:03:58,0.06273500,12.26200000
2018-03-20 22:03:59,0.06265100,0.53500000
2018-03-20 22:03:59,0.06265100,0.38700000
2018-03-20 22:03:59,0.06265100,0.04800000
2018-03-20 22:04:00,0.06273200,0.03100000
2018-03-20 22:04:00,0.06265400,0.32600000
2018-03-20 22:04:00,0.06265400,0.20100000
2018-03-20 22:04:01,0.06265400,0.14100000
2018-03-20 22:04:01,0.06265400,0.02900000
2018-03-20 22:04:01,0.06265500,0.12100000
2018-03-20 22:04:01,0.06273000,0.20000000
2018-03-20 22:04:02,0.06266000,0.05500000
2018-03-20 22:04:02,0.06272900,0.07100000
2018-03-20 22:04:02,0.06272900,0.05000000
2018-03-20 22:04:02,0.06273000,2.47300000
2018-03-20 22:04:03,0.06266000,0.48700000
2018-03-20 22:04:03,0.06266000,0.44200000
2018-03-20 22:04:03,0.06266000,0.00500000
2018-03-20 22:04:03,0.06265600,0.24300000
2018-03-20 22:04:03,0.06265500,0.19800000
2018-03-20 22:04:03,0.06265500,0.22100000
2018-03-20 22:04:03,0.06265500,0.00400000
2018-03-20 22:04:03,0.06265400,0.22000000
2018-03-20 22:04:03,0.06266000,0.31300000
2018-03-20 22:04:04,0.06266000,0.53300000
2018-03-20 22:04:04,0.06272800,0.24200000
2018-03-20 22:04:04,0.06266000,0.06500000
2018-03-20 22:04:04,0.06266000,0.19000000
2018-03-20 22:04:04,0.06272800,0.44400000
2018-03-20 22:04:05,0.06266000,0.78900000
2018-03-20 22:04:05,0.06266000,0.25600000
2018-03-20 22:04:05,0.06266000,0.05100000
2018-03-20 22:04:06,0.06266000,0.06500000
2018-03-20 22:04:06,0.06266000,0.02500000
2018-03-20 22:04:06,0.06272700,0.47300000
2018-03-20 22:04:06,0.06272700,0.00200000
2018-03-20 22:04:06,0.06272700,0.31900000
2018-03-20 22:04:06,0.06272800,0.53600000
2018-03-20 22:04:07,0.06266000,0.40300000
2018-03-20 22:04:07,0.06266000,0.29300000
2018-03-20 22:04:07,0.06266000,0.00100000
2018-03-20 22:04:07,0.06264700,0.09100000
2018-03-20 22:04:09,0.06265000,0.12900000
2018-03-20 22:04:10,0.06272500,0.29700000
2018-03-20 22:04:11,0.06265100,0.07200000
2018-03-20 22:04:11,0.06265100,0.24300000
2018-03-20 22:04:11,0.06265100,0.25800000
2018-03-20 22:04:11,0.06265000,0.24600000
2018-03-20 22:04:11,0.06272000,0.05900000
2018-03-20 22:04:11,0.06265000,0.13200000
2018-03-20 22:04:12,0.06265100,0.05800000
2018-03-20 22:04:12,0.06271900,0.24200000
2018-03-20 22:04:12,0.06265100,0.74900000
2018-03-20 22:04:13,0.06265200,0.48100000
2018-03-20 22:04:14,0.06265200,0.44400000
2018-03-20 22:04:16,0.06265000,0.03400000
2018-03-20 22:04:16,0.06265100,0.10300000
2018-03-20 22:04:17,0.06265100,0.34200000
2018-03-20 22:04:17,0.06265000,0.26800000
2018-03-20 22:04:17,0.06264700,1.17000000
2018-03-20 22:04:18,0.06271700,0.02000000
2018-03-20 22:04:18,0.06265100,0.16100000
2018-03-20 22:04:18,0.06265100,0.06100000
2018-03-20 22:04:18,0.06265100,0.06100000
2018-03-20 22:04:18,0.06265100,0.06100000
2018-03-20 22:04:19,0.06265100,0.22100000
2018-03-20 22:04:19,0.06266000,0.03900000
2018-03-20 22:04:19,0.06266000,0.11400000
2018-03-20 22:04:19,0.06266000,0.64500000
2018-03-20 22:04:19,0.06266000,0.17700000
2018-03-20 22:04:19,0.06271700,0.46600000
2018-03-20 22:04:19,0.06265100,0.00100000
2018-03-20 22:04:19,0.06264700,0.04800000
2018-03-20 22:04:20,0.06266000,0.06900000
2018-03-20 22:04:20,0.06266000,0.00100000
2018-03-20 22:04:20,0.06271700,0.06800000
2018-03-20 22:04:21,0.06271000,0.07400000
2018-03-20 22:04:21,0.06271500,0.24200000
2018-03-20 22:04:21,0.06271700,0.10000000
2018-03-20 22:04:21,0.06271900,0.00100000
2018-03-20 22:04:21,0.06272300,0.10000000
2018-03-20 22:04:21,0.06272500,0.83000000
2018-03-20 22:04:21,0.06272800,0.03000000
2018-03-20 22:04:21,0.06273000,0.01800000
2018-03-20 22:04:21,0.06273500,2.94300000
2018-03-20 22:04:22,0.06265000,0.06900000
2018-03-20 22:04:22,0.06265200,0.20000000
2018-03-20 22:04:22,0.06265100,0.64300000
2018-03-20 22:04:22,0.06265200,0.10000000
2018-03-20 22:04:22,0.06265100,0.84300000
2018-03-20 22:04:22,0.06265100,0.09700000
2018-03-20 22:04:22,0.06265100,0.09700000
2018-03-20 22:04:23,0.06265200,0.42900000
2018-03-20 22:04:23,0.06265200,0.04900000
2018-03-20 22:04:23,0.06265200,0.23200000
2018-03-20 22:04:24,0.06272000,0.06000000
2018-03-20 22:04:24,0.06273300,0.33000000
2018-03-20 22:04:24,0.06273400,0.48500000
2018-03-20 22:04:24,0.06273500,0.22100000
2018-03-20 22:04:25,0.06273300,0.08400000
2018-03-20 22:04:25,0.06273400,0.20000000
2018-03-20 22:04:25,0.06273500,5.69300000
2018-03-20 22:04:29,0.06273100,0.26500000
2018-03-20 22:04:29,0.06273500,3.44900000
2018-03-20 22:04:29,0.06273700,0.33000000
2018-03-20 22:04:29,0.06274300,0.02000000
2018-03-20 22:04:29,0.06275000,0.82600000
2018-03-20 22:04:29,0.06273700,0.23000000
2018-03-20 22:04:29,0.06275000,0.03500000
2018-03-20 22:04:29,0.06273700,0.09900000
2018-03-20 22:04:29,0.06266300,0.73500000
2018-03-20 22:04:29,0.06266300,0.18900000
2018-03-20 22:04:29,0.06266400,0.04600000
2018-03-20 22:04:30,0.06266500,0.07900000
2018-03-20 22:04:30,0.06266500,0.30200000
2018-03-20 22:04:31,0.06273600,0.52900000
2018-03-20 22:04:31,0.06273900,0.32900000
2018-03-20 22:04:32,0.06267000,0.05800000
2018-03-20 22:04:32,0.06274800,0.18700000
2018-03-20 22:04:32,0.06267200,0.20300000
2018-03-20 22:04:33,0.06267200,0.25400000
2018-03-20 22:04:33,0.06267200,0.02300000
2018-03-20 22:04:33,0.06267200,0.33400000
2018-03-20 22:04:33,0.06267100,0.14600000
2018-03-20 22:04:33,0.06267200,0.05100000
2018-03-20 22:04:33,0.06267200,0.17400000
2018-03-20 22:04:36,0.06267400,0.02200000
2018-03-20 22:04:38,0.06267400,0.68000000
2018-03-20 22:04:38,0.06267000,0.33000000
2018-03-20 22:04:38,0.06266400,0.42900000
2018-03-20 22:04:38,0.06265000,0.08100000
2018-03-20 22:04:38,0.06263200,2.22200000
2018-03-20 22:04:38,0.06263000,0.15100000
2018-03-20 22:04:38,0.06262900,0.72900000
2018-03-20 22:04:38,0.06262800,1.60900000
2018-03-20 22:04:38,0.06262800,0.02200000
2018-03-20 22:04:38,0.06267000,0.06600000
2018-03-20 22:04:38,0.06262800,0.61000000
2018-03-20 22:04:38,0.06267300,0.02900000
2018-03-20 22:04:38,0.06267300,0.12400000
2018-03-20 22:04:38,0.06267300,0.00100000
2018-03-20 22:04:38,0.06274000,0.06000000
2018-03-20 22:04:38,0.06274600,0.01700000
2018-03-20 22:04:38,0.06274600,0.12400000
2018-03-20 22:04:38,0.06274600,0.04000000
2018-03-20 22:04:38,0.06274600,0.12400000
2018-03-20 22:04:38,0.06267100,0.18600000
2018-03-20 22:04:38,0.06267100,0.15700000
2018-03-20 22:04:40,0.06273400,0.15800000
2018-03-20 22:04:40,0.06274500,0.44600000
2018-03-20 22:04:40,0.06274600,0.07600000
2018-03-20 22:04:40,0.06274700,0.75700000
2018-03-20 22:04:41,0.06267400,0.02300000
2018-03-20 22:04:42,0.06267400,0.02200000
2018-03-20 22:04:42,0.06274600,0.16700000
2018-03-20 22:04:42,0.06267400,0.03200000
2018-03-20 22:04:43,0.06274400,0.01800000
2018-03-20 22:04:44,0.06274400,0.05800000
2018-03-20 22:04:45,0.06267400,0.34200000
2018-03-20 22:04:45,0.06267400,0.08400000
2018-03-20 22:04:46,0.06274200,0.25900000
2018-03-20 22:04:46,0.06274200,0.03300000
2018-03-20 22:04:47,0.06267400,1.16900000
2018-03-20 22:04:47,0.06267400,0.22300000
2018-03-20 22:04:47,0.06267400,0.03200000
2018-03-20 22:04:47,0.06267400,0.03800000
2018-03-20 22:04:48,0.06267400,0.00100000
2018-03-20 22:04:48,0.06267200,0.24400000
2018-03-20 22:04:48,0.06265100,0.03200000
2018-03-20 22:04:48,0.06265100,0.08400000
2018-03-20 22:04:48,0.06267200,0.00100000
2018-03-20 22:04:49,0.06267400,0.18100000
2018-03-20 22:04:49,0.06267400,0.16700000
2018-03-20 22:04:49,0.06267400,0.79700000
2018-03-20 22:04:49,0.06267400,0.02000000
2018-03-20 22:04:49,0.06267400,0.07100000
2018-03-20 22:04:49,0.06274100,0.10800000
2018-03-20 22:04:49,0.06274200,1.01500000
2018-03-20 22:04:49,0.06274400,0.00100000
2018-03-20 22:04:49,0.06274600,0.33000000
2018-03-20 22:04:49,0.06274700,2.44800000
2018-03-20 22:04:49,0.06274800,1.72100000
2018-03-20 22:04:49,0.06267400,0.04500000
2018-03-20 22:04:50,0.06274500,0.32900000
2018-03-20 22:04:50,0.06274500,0.63100000
2018-03-20 22:04:50,0.06274400,0.07300000
2018-03-20 22:04:50,0.06267400,0.15400000
2018-03-20 22:04:51,0.06267400,0.16800000
2018-03-20 22:04:51,0.06274400,0.61400000
2018-03-20 22:04:51,0.06267400,0.06700000
2018-03-20 22:04:52,0.06267400,1.59600000
2018-03-20 22:04:52,0.06267400,0.80300000
2018-03-20 22:04:52,0.06274200,0.89100000
2018-03-20 22:04:53,0.06274000,0.33800000
2018-03-20 22:04:55,0.06267000,0.02900000
2018-03-20 22:04:55,0.06267000,0.03000000
2018-03-20 22:04:55,0.06274000,0.06200000
2018-03-20 22:04:55,0.06274200,0.50900000
2018-03-20 22:04:55,0.06274400,0.00300000
2018-03-20 22:04:55,0.06274700,0.30000000
2018-03-20 22:04:55,0.06274800,1.12600000
2018-03-20 22:04:56,0.06274700,0.32900000
2018-03-20 22:04:56,0.06267100,0.06900000
2018-03-20 22:04:56,0.06267100,0.04700000
2018-03-20 22:04:56,0.06267100,0.70000000
2018-03-20 22:04:56,0.06267000,0.00100000
2018-03-20 22:04:56,0.06266800,0.04500000
2018-03-20 22:04:57,0.06273900,0.85400000
2018-03-20 22:04:57,0.06267300,0.03100000
2018-03-20 22:04:58,0.06267300,0.02000000
2018-03-20 22:04:58,0.06273900,0.49100000
2018-03-20 22:04:59,0.06273900,0.33000000
2018-03-20 22:04:59,0.06273900,0.23000000
2018-03-20 22:05:00,0.06267000,0.02000000
2018-03-20 22:05:01,0.06274000,0.01900000
2018-03-20 22:05:02,0.06274000,0.00100000
2018-03-20 22:05:02,0.06274800,0.50300000
2018-03-20 22:05:02,0.06274900,0.33000000
2018-03-20 22:05:02,0.06275000,3.11000000
2018-03-20 22:05:02,0.06275100,0.02000000
2018-03-20 22:05:02,0.06275200,0.89400000
2018-03-20 22:05:02,0.06275500,0.56900000
2018-03-20 22:05:03,0.06274900,0.01900000
2018-03-20 22:05:03,0.06274900,0.04400000
2018-03-20 22:05:03,0.06267400,0.07400000
2018-03-20 22:05:04,0.06267400,0.03200000
2018-03-20 22:05:04,0.06274000,0.01700000
2018-03-20 22:05:06,0.06267600,0.13000000
2018-03-20 22:05:06,0.06267600,0.46700000
2018-03-20 22:05:06,0.06267600,0.39300000
2018-03-20 22:05:08,0.06267700,0.27900000
2018-03-20 22:05:11,0.06267900,0.29300000
2018-03-20 22:05:12,0.06267900,0.07800000
2018-03-20 22:05:12,0.06267600,0.03800000
2018-03-20 22:05:13,0.06267900,0.04800000
2018-03-20 22:05:14,0.06274000,0.00100000
2018-03-20 22:05:14,0.06274600,1.31400000
2018-03-20 22:05:14,0.06274700,0.74900000
2018-03-20 22:05:15,0.06274900,0.62800000
2018-03-20 22:05:15,0.06274900,0.17600000
2018-03-20 22:05:15,0.06274900,0.48600000
2018-03-20 22:05:16,0.06274900,0.63700000
2018-03-20 22:05:16,0.06268100,0.15900000
2018-03-20 22:05:17,0.06268200,0.06000000
2018-03-20 22:05:17,0.06274800,0.15900000
2018-03-20 22:05:17,0.06274900,0.07200000
2018-03-20 22:05:17,0.06274900,0.11100000
2018-03-20 22:05:18,0.06268200,0.91900000
2018-03-20 22:05:18,0.06268200,0.05400000
2018-03-20 22:05:20,0.06274900,1.13000000
2018-03-20 22:05:22,0.06268400,0.08200000
2018-03-20 22:05:24,0.06268600,0.01800000
2018-03-20 22:05:25,0.06268600,0.04100000
2018-03-20 22:05:26,0.06268600,0.51500000
2018-03-20 22:05:26,0.06268600,0.06200000
2018-03-20 22:05:26,0.06274900,0.03900000
2018-03-20 22:05:26,0.06274900,0.10400000
2018-03-20 22:05:27,0.06268700,0.02300000
2018-03-20 22:05:27,0.06274900,0.41300000
2018-03-20 22:05:27,0.06268700,0.43200000
2018-03-20 22:05:28,0.06270400,0.29400000
2018-03-20 22:05:28,0.06270400,0.02700000
2018-03-20 22:05:29,0.06270400,0.24300000
2018-03-20 22:05:29,0.06270400,0.01800000
2018-03-20 22:05:29,0.06270400,0.37000000
2018-03-20 22:05:29,0.06270400,0.95700000
2018-03-20 22:05:29,0.06270000,0.14500000
2018-03-20 22:05:29,0.06270500,0.02800000
2018-03-20 22:05:31,0.06270600,0.02200000
2018-03-20 22:05:31,0.06275500,0.38900000
2018-03-20 22:05:32,0.06275500,0.81900000
2018-03-20 22:05:32,0.06275500,0.63300000
2018-03-20 22:05:32,0.06275800,0.10000000
2018-03-20 22:05:32,0.06270700,0.10500000
2018-03-20 22:05:32,0.06270700,0.35000000
2018-03-20 22:05:33,0.06276200,0.03700000
2018-03-20 22:05:34,0.06270700,0.16900000
2018-03-20 22:05:34,0.06270800,0.07000000
2018-03-20 22:05:35,0.06270800,0.10500000
2018-03-20 22:05:35,0.06270800,0.00100000
2018-03-20 22:05:35,0.06270800,0.12500000
2018-03-20 22:05:35,0.06270800,0.04200000
2018-03-20 22:05:35,0.06273500,2.11200000
2018-03-20 22:05:35,0.06270800,1.45700000
2018-03-20 22:05:35,0.06270800,0.99300000
2018-03-20 22:05:36,0.06270700,0.27100000
2018-03-20 22:05:36,0.06270600,0.18900000
2018-03-20 22:05:36,0.06270500,0.02800000
2018-03-20 22:05:36,0.06270500,0.48800000
2018-03-20 22:05:36,0.06270500,0.10000000
2018-03-20 22:05:36,0.06270500,0.18300000
2018-03-20 22:05:36,0.06270000,0.24200000
2018-03-20 22:05:36,0.06270000,0.24100000
2018-03-20 22:05:36,0.06270000,0.04700000
2018-03-20 22:05:37,0.06270000,0.02000000
2018-03-20 22:05:38,0.06276200,0.04900000
2018-03-20 22:05:38,0.06276200,0.04100000
2018-03-20 22:05:38,0.06270000,0.02700000
2018-03-20 22:05:39,0.06270100,0.06200000
2018-03-20 22:05:39,0.06270100,1.71400000
2018-03-20 22:05:40,0.06270200,0.02600000
2018-03-20 22:05:40,0.06270200,0.02900000
2018-03-20 22:05:40,0.06270200,0.02100000
2018-03-20 22:05:40,0.06270200,0.38000000
2018-03-20 22:05:40,0.06270100,0.02000000
2018-03-20 22:05:40,0.06270100,0.16000000
2018-03-20 22:05:41,0.06270100,0.37400000
2018-03-20 22:05:42,0.06270800,0.02900000
2018-03-20 22:05:42,0.06270800,0.03600000
2018-03-20 22:05:42,0.06270800,0.03000000
2018-03-20 22:05:42,0.06270800,0.12900000
2018-03-20 22:05:43,0.06270800,0.04600000
2018-03-20 22:05:43,0.06270800,0.03000000
2018-03-20 22:05:43,0.06270800,0.12900000
2018-03-20 22:05:43,0.06276200,0.44200000
2018-03-20 22:05:44,0.06270900,0.03300000
2018-03-20 22:05:44,0.06270900,0.40300000
2018-03-20 22:05:44,0.06276100,0.15900000
2018-03-20 22:05:44,0.06276100,0.24900000
2018-03-20 22:05:44,0.06276200,0.90100000
2018-03-20 22:05:44,0.06276700,0.03000000
2018-03-20 22:05:44,0.06277100,1.00000000
2018-03-20 22:05:44,0.06277400,3.75600000
2018-03-20 22:05:44,0.06277600,0.33000000
2018-03-20 22:05:44,0.06279500,0.53400000
2018-03-20 22:05:44,0.06270900,0.00100000
2018-03-20 22:05:44,0.06276200,0.04800000
2018-03-20 22:05:44,0.06276200,0.05900000
2018-03-20 22:05:45,0.06276200,0.08800000
2018-03-20 22:05:45,0.06276200,0.43500000
2018-03-20 22:05:45,0.06276200,0.02200000
2018-03-20 22:05:45,0.06270900,0.05000000
2018-03-20 22:05:45,0.06270900,0.02900000
2018-03-20 22:05:45,0.06270900,0.09900000
2018-03-20 22:05:45,0.06270900,0.02600000
2018-03-20 22:05:45,0.06270900,0.08500000
2018-03-20 22:05:45,0.06270800,0.08300000
2018-03-20 22:05:45,0.06270800,0.13100000
2018-03-20 22:05:45,0.06270800,0.06100000
2018-03-20 22:05:45,0.06270400,0.10800000
2018-03-20 22:05:46,0.06270700,0.03900000
2018-03-20 22:05:46,0.06278500,0.21600000
2018-03-20 22:05:46,0.06270800,0.10400000
2018-03-20 22:05:46,0.06278500,0.05700000
2018-03-20 22:05:46,0.06270800,0.03000000
2018-03-20 22:05:46,0.06270800,0.12900000
2018-03-20 22:05:46,0.06278400,0.05700000
2018-03-20 22:05:47,0.06278400,0.42500000
2018-03-20 22:05:48,0.06278300,0.26300000
2018-03-20 22:05:48,0.06271100,0.15100000
2018-03-20 22:05:48,0.06271100,0.03100000
2018-03-20 22:05:49,0.06271300,0.05400000
2018-03-20 22:05:49,0.06271300,0.00100000
2018-03-20 22:05:49,0.06271200,0.02800000
2018-03-20 22:05:49,0.06271200,0.02200000
2018-03-20 22:05:51,0.06279100,0.29900000
2018-03-20 22:05:51,0.06271600,0.02100000
2018-03-20 22:05:51,0.06271600,0.07100000
2018-03-20 22:05:51,0.06279100,0.20100000
2018-03-20 22:05:51,0.06272000,0.03400000
2018-03-20 22:05:52,0.06278900,1.59400000
2018-03-20 22:05:52,0.06278900,2.67700000
2018-03-20 22:05:52,0.06278900,0.16000000
2018-03-20 22:05:52,0.06272100,0.00500000
2018-03-20 22:05:53,0.06272100,0.02800000
2018-03-20 22:05:53,0.06272100,0.61000000
2018-03-20 22:05:53,0.06272200,0.09900000
2018-03-20 22:05:53,0.06272200,0.00900000
2018-03-20 22:05:53,0.06272200,0.15000000
2018-03-20 22:05:54,0.06272200,0.43100000
2018-03-20 22:05:54,0.06272200,0.00100000
2018-03-20 22:05:54,0.06272100,3.77000000
2018-03-20 22:05:54,0.06278400,0.03500000
2018-03-20 22:05:56,0.06278000,0.04000000
2018-03-20 22:05:56,0.06271500,0.05100000
2018-03-20 22:05:56,0.06278300,0.03500000
2018-03-20 22:05:56,0.06278300,0.13800000
2018-03-20 22:05:56,0.06278300,0.14000000
2018-03-20 22:05:56,0.06271500,0.00100000
2018-03-20 22:05:56,0.06271500,0.84900000
2018-03-20 22:05:57,0.06278300,0.10500000
2018-03-20 22:05:57,0.06271700,0.33000000
2018-03-20 22:05:57,0.06271600,1.92900000
2018-03-20 22:05:58,0.06278300,0.27200000
2018-03-20 22:05:58,0.06278400,0.01300000
2018-03-20 22:05:58,0.06279500,7.20500000
2018-03-20 22:05:58,0.06271700,0.33000000
2018-03-20 22:05:58,0.06271600,1.24100000
2018-03-20 22:05:58,0.06271600,1.57200000
2018-03-20 22:05:59,0.06272000,0.07000000
2018-03-20 22:05:59,0.06271800,0.07000000
2018-03-20 22:05:59,0.06271800,0.02300000
2018-03-20 22:06:01,0.06271900,0.03600000
2018-03-20 22:06:02,0.06271900,1.30400000
2018-03-20 22:06:02,0.06278000,0.07000000
2018-03-20 22:06:03,0.06278600,0.81200000
2018-03-20 22:06:03,0.06278600,0.00100000
2018-03-20 22:06:03,0.06278600,0.05900000
2018-03-20 22:06:03,0.06278600,0.45700000
2018-03-20 22:06:03,0.06278600,0.29600000
2018-03-20 22:06:03,0.06272000,0.09200000
2018-03-20 22:06:03,0.06272000,0.09900000
2018-03-20 22:06:03,0.06271900,0.71200000
2018-03-20 22:06:03,0.06279400,0.21700000
2018-03-20 22:06:04,0.06279400,0.37800000
2018-03-20 22:06:04,0.06272000,0.02900000
2018-03-20 22:06:04,0.06279400,0.33000000
2018-03-20 22:06:04,0.06279400,0.33000000
2018-03-20 22:06:04,0.06279400,0.33000000
2018-03-20 22:06:04,0.06272100,0.01800000
2018-03-20 22:06:05,0.06272200,0.23900000
2018-03-20 22:06:06,0.06272300,0.07800000
2018-03-20 22:06:06,0.06272300,0.02900000
2018-03-20 22:06:06,0.06272300,1.30100000
2018-03-20 22:06:06,0.06272300,0.30400000
2018-03-20 22:06:06,0.06272300,0.07100000
2018-03-20 22:06:06,0.06272200,0.23300000
2018-03-20 22:06:07,0.06272400,0.02700000
2018-03-20 22:06:08,0.06272400,0.19000000
2018-03-20 22:06:09,0.06272600,0.26300000
2018-03-20 22:06:09,0.06279200,0.16900000
2018-03-20 22:06:09,0.06272600,2.67900000
2018-03-20 22:06:10,0.06279200,0.04700000
2018-03-20 22:06:10,0.06272600,0.24400000
2018-03-20 22:06:10,0.06279200,0.00100000
2018-03-20 22:06:10,0.06279300,0.08100000
2018-03-20 22:06:10,0.06279300,0.08100000
2018-03-20 22:06:11,0.06279300,0.30900000
2018-03-20 22:06:11,0.06272500,0.03200000
2018-03-20 22:06:11,0.06279300,0.00100000
2018-03-20 22:06:11,0.06279400,0.21800000
2018-03-20 22:06:11,0.06279500,0.09000000
2018-03-20 22:06:11,0.06272500,0.11000000
2018-03-20 22:06:11,0.06279500,0.44400000
2018-03-20 22:06:11,0.06279500,10.60100000
2018-03-20 22:06:12,0.06279500,0.18400000
2018-03-20 22:06:12,0.06273000,0.06900000
2018-03-20 22:06:13,0.06279000,0.06900000
2018-03-20 22:06:13,0.06272700,0.94100000
2018-03-20 22:06:13,0.06272700,0.31200000
2018-03-20 22:06:14,0.06272500,0.00100000
2018-03-20 22:06:14,0.06272100,0.06500000
2018-03-20 22:06:15,0.06278900,0.25900000
2018-03-20 22:06:15,0.06272200,0.10900000
2018-03-20 22:06:15,0.06272200,0.25500000
2018-03-20 22:06:15,0.06272200,0.08200000
2018-03-20 22:06:16,0.06272100,0.37100000
2018-03-20 22:06:16,0.06272100,0.40700000
2018-03-20 22:06:16,0.06272000,0.23500000
2018-03-20 22:06:16,0.06271900,1.47300000
2018-03-20 22:06:16,0.06272100,0.21500000
2018-03-20 22:06:17,0.06272200,0.25900000
2018-03-20 22:06:17,0.06271900,0.24100000
2018-03-20 22:06:23,0.06278300,0.36000000
2018-03-20 22:06:23,0.06272500,0.02900000
2018-03-20 22:06:23,0.06272500,0.22300000
2018-03-20 22:06:23,0.06272500,0.50000000
2018-03-20 22:06:24,0.06272500,0.53600000
2018-03-20 22:06:24,0.06272500,0.02900000
2018-03-20 22:06:25,0.06272600,0.02900000
2018-03-20 22:06:25,0.06272600,0.09000000
2018-03-20 22:06:25,0.06272500,0.50300000
2018-03-20 22:06:26,0.06272500,0.02900000
2018-03-20 22:06:27,0.06272700,0.14200000
2018-03-20 22:06:27,0.06272700,0.00100000
2018-03-20 22:06:27,0.06272500,0.02800000
2018-03-20 22:06:27,0.06272500,0.02000000
2018-03-20 22:06:27,0.06272500,1.44900000
2018-03-20 22:06:27,0.06272500,0.10400000
2018-03-20 22:06:27,0.06272500,0.09500000
2018-03-20 22:06:27,0.06272500,0.10400000
2018-03-20 22:06:28,0.06272500,0.02900000
2018-03-20 22:06:28,0.06272500,0.15900000
2018-03-20 22:06:29,0.06272600,0.09200000
2018-03-20 22:06:29,0.06272600,11.50800000
2018-03-20 22:06:29,0.06272500,0.09100000
2018-03-20 22:06:29,0.06272500,3.32700000
2018-03-20 22:06:29,0.06272500,0.34200000
2018-03-20 22:06:31,0.06272500,0.10400000
2018-03-20 22:06:31,0.06272500,0.50000000
2018-03-20 22:06:32,0.06278500,0.55400000
2018-03-20 22:06:32,0.06272600,0.15000000
2018-03-20 22:06:32,0.06272600,1.59800000
2018-03-20 22:06:32,0.06272600,0.51900000
2018-03-20 22:06:33,0.06278600,0.07000000
2018-03-20 22:06:34,0.06278600,0.31200000
2018-03-20 22:06:34,0.06272600,1.24400000
2018-03-20 22:06:35,0.06278600,0.28800000
2018-03-20 22:06:36,0.06272600,0.03100000
2018-03-20 22:06:36,0.06272600,2.30100000
2018-03-20 22:06:37,0.06272700,0.11700000
2018-03-20 22:06:37,0.06272700,0.01400000
2018-03-20 22:06:37,0.06272500,0.01500000
2018-03-20 22:06:38,0.06272500,0.03600000
2018-03-20 22:06:38,0.06272600,0.03800000
2018-03-20 22:06:39,0.06275500,0.31200000
2018-03-20 22:06:39,0.06278500,0.19100000
2018-03-20 22:06:39,0.06278500,0.14700000
2018-03-20 22:06:39,0.06278500,0.00100000
2018-03-20 22:06:39,0.06278600,0.03500000
2018-03-20 22:06:39,0.06278800,0.24300000
2018-03-20 22:06:39,0.06278900,0.00700000
2018-03-20 22:06:39,0.06279400,0.03000000
2018-03-20 22:06:39,0.06279500,1.84500000
2018-03-20 22:06:39,0.06279500,0.31300000
2018-03-20 22:06:39,0.06279500,0.29800000
2018-03-20 22:06:39,0.06279500,3.45700000
2018-03-20 22:06:40,0.06279500,0.29800000
2018-03-20 22:06:40,0.06272800,0.02900000
2018-03-20 22:06:40,0.06279500,0.25200000
2018-03-20 22:06:40,0.06279500,0.00100000
2018-03-20 22:06:40,0.06279600,0.16000000
2018-03-20 22:06:40,0.06280000,12.51300000
2018-03-20 22:06:40,0.06280100,0.53400000
2018-03-20 22:06:40,0.06280200,0.30000000
2018-03-20 22:06:40,0.06280400,0.45900000
2018-03-20 22:06:40,0.06280500,2.07800000
2018-03-20 22:06:40,0.06272800,0.06100000
2018-03-20 22:06:41,0.06280500,0.19500000
2018-03-20 22:06:41,0.06273000,0.06900000
2018-03-20 22:06:41,0.06280500,0.29800000
2018-03-20 22:06:41,0.06273000,0.00100000
2018-03-20 22:06:41,0.06272900,0.81200000
2018-03-20 22:06:41,0.06273000,0.93500000
2018-03-20 22:06:41,0.06272900,1.46300000
2018-03-20 22:06:42,0.06272900,0.09000000
2018-03-20 22:06:42,0.06280000,0.15900000
2018-03-20 22:06:42,0.06272900,0.14900000
2018-03-20 22:06:43,0.06273000,0.90200000
2018-03-20 22:06:43,0.06273000,0.05200000
2018-03-20 22:06:43,0.06278800,0.15200000
2018-03-20 22:06:43,0.06278800,0.13200000
2018-03-20 22:06:43,0.06278800,0.02100000
2018-03-20 22:06:43,0.06278800,0.08400000
2018-03-20 22:06:44,0.06278800,0.03600000
2018-03-20 22:06:44,0.06278800,0.11100000
2018-03-20 22:06:44,0.06278800,0.92800000
2018-03-20 22:06:44,0.06278800,0.03700000
2018-03-20 22:06:44,0.06278800,0.10100000
2018-03-20 22:06:44,0.06278800,0.09900000
2018-03-20 22:06:44,0.06278800,0.01600000
2018-03-20 22:06:44,0.06278800,0.03900000
2018-03-20 22:06:44,0.06278800,0.56000000
2018-03-20 22:06:44,0.06278800,0.70600000
2018-03-20 22:06:44,0.06278800,0.79400000
2018-03-20 22:06:44,0.06280000,0.00100000
2018-03-20 22:06:44,0.06280400,0.07800000
2018-03-20 22:06:44,0.06278800,0.02100000
2018-03-20 22:06:44,0.06280400,0.18800000
2018-03-20 22:06:45,0.06278800,0.81100000
2018-03-20 22:06:45,0.06278800,0.07200000
2018-03-20 22:06:45,0.06278800,0.02000000
2018-03-20 22:06:45,0.06278800,0.20000000
2018-03-20 22:06:45,0.06278800,0.50000000
2018-03-20 22:06:46,0.06280400,0.66800000
2018-03-20 22:06:46,0.06278800,0.02100000
2018-03-20 22:06:46,0.06278800,0.02500000
2018-03-20 22:06:47,0.06278800,1.05600000
2018-03-20 22:06:47,0.06278800,0.41400000
2018-03-20 22:06:47,0.06280200,0.06300000
2018-03-20 22:06:48,0.06278800,0.03300000
2018-03-20 22:06:50,0.06278800,0.14800000
2018-03-20 22:06:50,0.06278800,0.01200000
2018-03-20 22:06:50,0.06278800,0.02100000
2018-03-20 22:06:51,0.06278800,0.36000000
2018-03-20 22:06:51,0.06278800,0.49400000
2018-03-20 22:06:52,0.06278800,0.88300000
2018-03-20 22:06:52,0.06278800,0.10200000
2018-03-20 22:06:52,0.06278800,0.46900000
2018-03-20 22:06:53,0.06278800,1.59700000
2018-03-20 22:06:53,0.06278800,2.42600000
2018-03-20 22:06:53,0.06278800,0.00100000
2018-03-20 22:06:53,0.06273100,0.03000000
2018-03-20 22:06:55,0.06273200,0.16600000
2018-03-20 22:06:56,0.06273200,1.59600000
2018-03-20 22:06:56,0.06273200,0.02500000
2018-03-20 22:06:56,0.06273200,0.15600000
2018-03-20 22:06:56,0.06273100,0.02400000
2018-03-20 22:06:57,0.06273300,1.59600000
2018-03-20 22:06:57,0.06273300,0.01400000
2018-03-20 22:06:57,0.06273300,0.16700000
2018-03-20 22:06:57,0.06273100,0.01300000
2018-03-20 22:06:57,0.06280100,0.15500000
2018-03-20 22:06:57,0.06280100,0.18000000
2018-03-20 22:06:57,0.06280400,0.24500000
2018-03-20 22:06:57,0.06280400,0.18000000
2018-03-20 22:06:57,0.06280100,0.03500000
2018-03-20 22:06:57,0.06280100,0.07100000
2018-03-20 22:06:58,0.06280100,0.00100000
2018-03-20 22:06:58,0.06274100,0.24000000
2018-03-20 22:06:58,0.06273400,0.03300000
2018-03-20 22:06:58,0.06273400,0.21100000
2018-03-20 22:06:58,0.06273100,0.06400000
2018-03-20 22:06:59,0.06273100,0.47300000
2018-03-20 22:06:59,0.06273100,0.01600000
2018-03-20 22:07:00,0.06280200,0.07300000
2018-03-20 22:07:00,0.06273100,0.14800000
2018-03-20 22:07:01,0.06280000,0.00300000
2018-03-20 22:07:01,0.06280000,0.06000000
2018-03-20 22:07:01,0.06280000,0.00100000
2018-03-20 22:07:01,0.06280200,0.17100000
2018-03-20 22:07:01,0.06280500,0.03100000
2018-03-20 22:07:02,0.06273100,0.04900000
2018-03-20 22:07:02,0.06273100,0.03600000
2018-03-20 22:07:02,0.06279900,0.05200000
2018-03-20 22:07:02,0.06273100,0.02800000
2018-03-20 22:07:02,0.06279900,0.58500000
2018-03-20 22:07:02,0.06280400,0.21500000
2018-03-20 22:07:03,0.06280400,0.09800000
2018-03-20 22:07:03,0.06280400,0.09700000
2018-03-20 22:07:03,0.06273100,0.20000000
2018-03-20 22:07:03,0.06273100,0.20900000
2018-03-20 22:07:03,0.06280300,0.02100000
2018-03-20 22:07:03,0.06273100,0.31900000
2018-03-20 22:07:03,0.06273100,0.04000000
2018-03-20 22:07:04,0.06280300,0.51300000
2018-03-20 22:07:05,0.06280200,0.10400000
2018-03-20 22:07:05,0.06273100,0.01800000
2018-03-20 22:07:05,0.06273100,0.79200000
2018-03-20 22:07:05,0.06280200,0.07600000
2018-03-20 22:07:05,0.06273100,0.53600000
2018-03-20 22:07:05,0.06273000,1.27000000
2018-03-20 22:07:05,0.06273000,1.80600000
2018-03-20 22:07:05,0.06280200,0.00100000
2018-03-20 22:07:05,0.06280300,1.15400000
2018-03-20 22:07:06,0.06280300,1.00000000
2018-03-20 22:07:06,0.06273000,0.07200000
2018-03-20 22:07:06,0.06280200,0.06400000
2018-03-20 22:07:06,0.06280300,0.13900000
2018-03-20 22:07:06,0.06273000,0.05300000
2018-03-20 22:07:07,0.06280200,0.53600000
2018-03-20 22:07:07,0.06280200,0.31500000
2018-03-20 22:07:10,0.06280300,0.12600000
2018-03-20 22:07:11,0.06280200,0.00100000
2018-03-20 22:07:11,0.06274300,0.00200000
2018-03-20 22:07:11,0.06274300,0.00500000
2018-03-20 22:07:11,0.06274300,0.15000000
2018-03-20 22:07:12,0.06274300,0.05100000
2018-03-20 22:07:12,0.06274300,0.05100000
2018-03-20 22:07:12,0.06274300,0.46600000
2018-03-20 22:07:12,0.06274300,0.51900000
2018-03-20 22:07:12,0.06280300,0.45900000
2018-03-20 22:07:13,0.06274200,0.06800000
2018-03-20 22:07:13,0.06280300,0.49100000
2018-03-20 22:07:13,0.06280500,0.21200000
2018-03-20 22:07:14,0.06280300,0.22900000
2018-03-20 22:07:14,0.06274200,0.19100000
2018-03-20 22:07:15,0.06280300,0.22000000
2018-03-20 22:07:15,0.06280300,0.06100000
2018-03-20 22:07:15,0.06274200,0.09500000
2018-03-20 22:07:16,0.06280200,0.75900000
2018-03-20 22:07:16,0.06280200,0.35200000
2018-03-20 22:07:16,0.06274300,0.60200000
2018-03-20 22:07:16,0.06280200,0.00300000
2018-03-20 22:07:16,0.06280200,0.49800000
2018-03-20 22:07:17,0.06280200,0.09000000
2018-03-20 22:07:17,0.06274300,0.02100000
2018-03-20 22:07:17,0.06274300,0.08900000
2018-03-20 22:07:17,0.06274300,0.08900000
2018-03-20 22:07:17,0.06274300,0.02900000
2018-03-20 22:07:18,0.06280500,0.16500000
2018-03-20 22:07:18,0.06274300,0.61700000
2018-03-20 22:07:18,0.06280500,0.53900000
2018-03-20 22:07:19,0.06279700,1.58500000
2018-03-20 22:07:19,0.06279700,0.18700000
2018-03-20 22:07:20,0.06279700,0.00500000
2018-03-20 22:07:20,0.06280300,0.20000000
2018-03-20 22:07:20,0.06280400,0.19400000
2018-03-20 22:07:20,0.06274300,0.05600000
2018-03-20 22:07:20,0.06274300,0.94600000
2018-03-20 22:07:20,0.06280400,0.14700000
2018-03-20 22:07:21,0.06280400,0.19000000
2018-03-20 22:07:22,0.06274400,0.07300000
2018-03-20 22:07:23,0.06280500,0.02300000
2018-03-20 22:07:23,0.06280500,0.02400000
2018-03-20 22:07:24,0.06280500,0.02600000
2018-03-20 22:07:24,0.06274400,0.02700000
2018-03-20 22:07:26,0.06274400,0.12900000
2018-03-20 22:07:26,0.06274400,0.04900000
2018-03-20 22:07:26,0.06280500,0.34500000
2018-03-20 22:07:26,0.06274500,1.26700000
2018-03-20 22:07:26,0.06274500,3.17200000
2018-03-20 22:07:26,0.06274500,3.98000000
2018-03-20 22:07:27,0.06274400,0.18200000
2018-03-20 22:07:27,0.06274400,0.35600000
2018-03-20 22:07:27,0.06274200,0.00100000
2018-03-20 22:07:27,0.06273100,0.03000000
2018-03-20 22:07:27,0.06272900,0.15000000
2018-03-20 22:07:27,0.06280500,1.00200000
2018-03-20 22:07:27,0.06272900,0.66200000
2018-03-20 22:07:28,0.06273000,1.59800000
2018-03-20 22:07:28,0.06273000,0.94800000
2018-03-20 22:07:28,0.06273000,0.14800000
2018-03-20 22:07:28,0.06280300,0.03500000
2018-03-20 22:07:28,0.06280300,0.03300000
2018-03-20 22:07:29,0.06280000,0.07000000
2018-03-20 22:07:29,0.06280300,0.45000000
2018-03-20 22:07:29,0.06273000,0.49800000
2018-03-20 22:07:29,0.06273000,0.00100000
2018-03-20 22:07:29,0.06272900,0.49700000
2018-03-20 22:07:29,0.06272900,0.76800000
2018-03-20 22:07:29,0.06280200,0.05500000
2018-03-20 22:07:30,0.06280000,0.02100000
2018-03-20 22:07:30,0.06273100,0.51200000
2018-03-20 22:07:30,0.06273100,6.13800000
2018-03-20 22:07:31,0.06273100,0.12600000
2018-03-20 22:07:31,0.06279900,1.01800000
2018-03-20 22:07:32,0.06273100,0.11300000
2018-03-20 22:07:32,0.06280000,0.69400000
2018-03-20 22:07:32,0.06280200,0.10100000
2018-03-20 22:07:32,0.06280400,0.93600000
2018-03-20 22:07:32,0.06280500,0.00700000
2018-03-20 22:07:34,0.06273300,0.20700000
2018-03-20 22:07:34,0.06280400,0.03200000
2018-03-20 22:07:34,0.06280400,0.08100000
2018-03-20 22:07:34,0.06280500,0.07800000
2018-03-20 22:07:35,0.06273400,0.16500000
2018-03-20 22:07:35,0.06280300,0.20700000
2018-03-20 22:07:35,0.06280500,7.69900000
2018-03-20 22:07:36,0.06273400,0.69600000
2018-03-20 22:07:36,0.06273500,0.26900000
2018-03-20 22:07:36,0.06273500,0.13100000
2018-03-20 22:07:37,0.06274000,1.59400000
2018-03-20 22:07:37,0.06274000,0.34300000
2018-03-20 22:07:37,0.06280300,0.16500000
2018-03-20 22:07:37,0.06280500,0.02200000
2018-03-20 22:07:38,0.06274000,1.59400000
2018-03-20 22:07:38,0.06274000,2.60300000
2018-03-20 22:07:39,0.06280300,0.69500000
2018-03-20 22:07:39,0.06274000,0.04900000
2018-03-20 22:07:39,0.06280300,0.00100000
2018-03-20 22:07:39,0.06280500,0.03300000
2018-03-20 22:07:40,0.06274300,0.33000000
2018-03-20 22:07:40,0.06274200,1.08000000
2018-03-20 22:07:40,0.06274300,0.04900000
2018-03-20 22:07:41,0.06280500,0.04400000
2018-03-20 22:07:42,0.06280500,0.17300000
2018-03-20 22:07:42,0.06274300,0.32700000
2018-03-20 22:07:43,0.06274300,0.33000000
2018-03-20 22:07:43,0.06276400,0.08300000
2018-03-20 22:07:43,0.06276400,0.00100000
2018-03-20 22:07:43,0.06274300,0.16800000
2018-03-20 22:07:43,0.06274300,0.06300000
2018-03-20 22:07:43,0.06274200,0.02000000
2018-03-20 22:07:44,0.06274300,0.14700000
2018-03-20 22:07:44,0.06274300,0.18300000
2018-03-20 22:07:44,0.06274200,0.14600000
2018-03-20 22:07:44,0.06274200,0.12500000
2018-03-20 22:07:45,0.06274200,0.22100000
2018-03-20 22:07:45,0.06274200,0.02600000
2018-03-20 22:07:46,0.06274200,0.02600000
2018-03-20 22:07:46,0.06274200,0.00100000
2018-03-20 22:07:46,0.06274000,0.02500000
2018-03-20 22:07:46,0.06274000,0.01000000
2018-03-20 22:07:46,0.06280500,0.00100000
2018-03-20 22:07:46,0.06280700,1.62300000
2018-03-20 22:07:46,0.06274000,0.01000000
2018-03-20 22:07:46,0.06274000,0.05000000
2018-03-20 22:07:47,0.06281000,0.60700000
2018-03-20 22:07:47,0.06281000,0.73900000
2018-03-20 22:07:47,0.06274400,0.02300000
2018-03-20 22:07:48,0.06281400,0.04700000
2018-03-20 22:07:48,0.06274400,0.03100000
2018-03-20 22:07:48,0.06274400,0.27000000
2018-03-20 22:07:48,0.06274100,0.03000000
2018-03-20 22:07:48,0.06282500,0.49700000
2018-03-20 22:07:48,0.06282400,0.16200000
2018-03-20 22:07:48,0.06274600,0.15800000
2018-03-20 22:07:48,0.06274600,0.15800000
2018-03-20 22:07:49,0.06274600,0.09500000
2018-03-20 22:07:49,0.06274700,0.11300000
2018-03-20 22:07:49,0.06274600,0.37600000
2018-03-20 22:07:49,0.06282500,0.15400000
2018-03-20 22:07:50,0.06282200,0.13200000
2018-03-20 22:07:50,0.06274800,0.05800000
2018-03-20 22:07:50,0.06274700,0.01400000
2018-03-20 22:07:50,0.06282200,0.65500000
2018-03-20 22:07:50,0.06282100,0.11300000
2018-03-20 22:07:51,0.06282100,0.34100000
2018-03-20 22:07:51,0.06282200,0.11300000
2018-03-20 22:07:51,0.06275000,0.06900000
2018-03-20 22:07:51,0.06275100,0.09500000
2018-03-20 22:07:52,0.06282000,0.07000000
2018-03-20 22:07:52,0.06282300,2.64200000
2018-03-20 22:07:53,0.06282100,0.02900000
2018-03-20 22:07:53,0.06275100,0.16100000
2018-03-20 22:07:54,0.06275200,0.04900000
2018-03-20 22:07:56,0.06275300,1.60100000
2018-03-20 22:07:56,0.06275400,0.30000000
2018-03-20 22:07:56,0.06275300,0.71900000
2018-03-20 22:07:56,0.06275400,0.29900000
2018-03-20 22:07:57,0.06275400,0.02100000
2018-03-20 22:07:57,0.06275400,0.24700000
2018-03-20 22:07:57,0.06275400,0.23200000
2018-03-20 22:07:57,0.06275300,0.04900000
2018-03-20 22:07:57,0.06275500,0.02300000
2018-03-20 22:07:57,0.06281900,0.44300000
2018-03-20 22:07:58,0.06281900,0.60500000
2018-03-20 22:07:58,0.06275500,1.51600000
2018-03-20 22:07:58,0.06275600,0.30000000
2018-03-20 22:07:58,0.06275500,1.47400000
2018-03-20 22:07:58,0.06275600,0.04900000
2018-03-20 22:07:59,0.06275600,0.25000000
2018-03-20 22:07:59,0.06275600,0.10100000
2018-03-20 22:07:59,0.06275500,0.05000000
2018-03-20 22:07:59,0.06275300,0.09200000
2018-03-20 22:07:59,0.06275600,0.04900000
2018-03-20 22:08:00,0.06275600,0.04900000
2018-03-20 22:08:00,0.06275600,0.19000000
2018-03-20 22:08:01,0.06275600,0.04400000
2018-03-20 22:08:01,0.06275600,0.07000000
2018-03-20 22:08:02,0.06275700,0.08600000
2018-03-20 22:08:02,0.06275700,0.67000000
2018-03-20 22:08:02,0.06275700,0.00100000
2018-03-20 22:08:02,0.06275600,0.08700000
2018-03-20 22:08:02,0.06275300,0.21900000
2018-03-20 22:08:03,0.06275600,0.08600000
2018-03-20 22:08:04,0.06275600,0.00100000
2018-03-20 22:08:04,0.06275600,0.01600000
2018-03-20 22:08:04,0.06275600,0.00100000
2018-03-20 22:08:04,0.06282000,0.01500000
2018-03-20 22:08:04,0.06282000,0.01600000
2018-03-20 22:08:04,0.06282000,0.01600000
2018-03-20 22:08:04,0.06282000,0.00200000
2018-03-20 22:08:04,0.06282100,0.00100000
2018-03-20 22:08:04,0.06282300,0.01300000
2018-03-20 22:08:05,0.06275400,0.44800000
2018-03-20 22:08:05,0.06275400,0.93700000
2018-03-20 22:08:06,0.06275500,0.09000000
2018-03-20 22:08:08,0.06275500,0.00100000
2018-03-20 22:08:08,0.06275400,0.17400000
2018-03-20 22:08:08,0.06275400,0.00300000
2018-03-20 22:08:08,0.06275300,0.17300000
2018-03-20 22:08:09,0.06275300,1.59400000
2018-03-20 22:08:09,0.06275300,0.15500000
2018-03-20 22:08:09,0.06275300,1.30000000
2018-03-20 22:08:09,0.06275300,1.66300000
2018-03-20 22:08:09,0.06278700,1.09200000
2018-03-20 22:08:09,0.06282100,4.56400000
2018-03-20 22:08:09,0.06282100,0.39100000
2018-03-20 22:08:10,0.06276000,0.08000000
2018-03-20 22:08:10,0.06276000,0.12200000
2018-03-20 22:08:10,0.06276000,0.03300000
2018-03-20 22:08:11,0.06276000,1.59400000
2018-03-20 22:08:11,0.06276000,0.76600000
2018-03-20 22:08:12,0.06276000,0.01700000
2018-03-20 22:08:12,0.06276000,0.11500000
2018-03-20 22:08:12,0.06282100,0.43800000
2018-03-20 22:08:12,0.06282100,0.51700000
2018-03-20 22:08:12,0.06282100,0.69900000
2018-03-20 22:08:12,0.06282100,0.11000000
2018-03-20 22:08:12,0.06282100,0.17600000
2018-03-20 22:08:12,0.06282100,1.83600000
2018-03-20 22:08:12,0.06282100,0.14800000
2018-03-20 22:08:12,0.06282100,0.19400000
2018-03-20 22:08:12,0.06282100,0.30700000
2018-03-20 22:08:12,0.06282100,0.87800000
2018-03-20 22:08:12,0.06282100,0.69900000
2018-03-20 22:08:12,0.06282100,0.03000000
2018-03-20 22:08:12,0.06282100,0.17800000
2018-03-20 22:08:13,0.06282100,0.16200000
2018-03-20 22:08:13,0.06282100,0.53300000
2018-03-20 22:08:13,0.06282100,1.59400000
2018-03-20 22:08:13,0.06282100,0.02000000
2018-03-20 22:08:13,0.06282100,0.49400000
2018-03-20 22:08:13,0.06282100,0.12100000
2018-03-20 22:08:13,0.06282100,1.78400000
2018-03-20 22:08:13,0.06282100,0.24400000
2018-03-20 22:08:13,0.06282100,0.03900000
2018-03-20 22:08:13,0.06282100,0.09300000
2018-03-20 22:08:13,0.06282100,0.02200000
2018-03-20 22:08:13,0.06282100,0.69900000
2018-03-20 22:08:13,0.06282100,0.39000000
2018-03-20 22:08:13,0.06282200,1.38400000
2018-03-20 22:08:13,0.06282100,0.69900000
2018-03-20 22:08:13,0.06282100,0.37300000
2018-03-20 22:08:13,0.06282100,0.69900000
2018-03-20 22:08:13,0.06282100,0.65900000
2018-03-20 22:08:14,0.06282100,0.53900000
2018-03-20 22:08:14,0.06282100,1.59400000
2018-03-20 22:08:14,0.06282100,0.66100000
2018-03-20 22:08:14,0.06282100,0.07900000
2018-03-20 22:08:14,0.06282100,0.05000000
2018-03-20 22:08:14,0.06282100,0.67900000
2018-03-20 22:08:14,0.06282100,0.41000000
2018-03-20 22:08:14,0.06282100,0.41200000
2018-03-20 22:08:14,0.06282100,0.37500000
2018-03-20 22:08:14,0.06282100,0.37400000
2018-03-20 22:08:15,0.06282100,1.59600000
2018-03-20 22:08:15,0.06282100,1.59400000
2018-03-20 22:08:15,0.06282100,0.01700000
2018-03-20 22:08:15,0.06282100,0.20300000
2018-03-20 22:08:15,0.06282100,4.06000000
2018-03-20 22:08:15,0.06282100,0.67900000
2018-03-20 22:08:15,0.06282100,0.11700000
2018-03-20 22:08:15,0.06282100,0.67900000
2018-03-20 22:08:16,0.06282100,1.59400000
2018-03-20 22:08:16,0.06282100,0.04900000
2018-03-20 22:08:16,0.06282100,1.47200000
2018-03-20 22:08:16,0.06282100,0.02000000
2018-03-20 22:08:16,0.06282100,0.06600000
2018-03-20 22:08:16,0.06282100,0.61300000
2018-03-20 22:08:16,0.06282100,0.05900000
2018-03-20 22:08:17,0.06282100,0.07900000
2018-03-20 22:08:17,0.06282100,0.23600000
2018-03-20 22:08:17,0.06282100,1.59400000
2018-03-20 22:08:17,0.06282100,1.51600000
2018-03-20 22:08:17,0.06282100,1.50600000
2018-03-20 22:08:17,0.06282100,0.35900000
2018-03-20 22:08:18,0.06282100,2.13900000
2018-03-20 22:08:18,0.06282100,2.52000000
2018-03-20 22:08:18,0.06282100,2.07300000
2018-03-20 22:08:18,0.06282100,6.44400000
2018-03-20 22:08:19,0.06282100,0.08100000
2018-03-20 22:08:19,0.06282100,0.03300000
2018-03-20 22:08:19,0.06282100,0.38300000
2018-03-20 22:08:19,0.06276000,0.03100000
2018-03-20 22:08:21,0.06276200,0.03700000
2018-03-20 22:08:22,0.06276200,0.39900000
2018-03-20 22:08:23,0.06276200,1.14200000
2018-03-20 22:08:23,0.06276200,0.03000000
2018-03-20 22:08:24,0.06276200,0.08400000
2018-03-20 22:08:24,0.06276000,3.35100000
2018-03-20 22:08:25,0.06279000,38.79200000
2018-03-20 22:08:25,0.06282100,8.91300000
2018-03-20 22:08:25,0.06282100,14.26200000
2018-03-20 22:08:25,0.06276000,1.13000000
2018-03-20 22:08:26,0.06276000,0.05800000
2018-03-20 22:08:28,0.06280000,0.09500000
2018-03-20 22:08:29,0.06280000,0.42900000
2018-03-20 22:08:29,0.06280000,0.00100000
2018-03-20 22:08:29,0.06282200,0.00100000
2018-03-20 22:08:29,0.06282300,0.27300000
2018-03-20 22:08:29,0.06282400,0.15400000
2018-03-20 22:08:29,0.06282400,0.09000000
2018-03-20 22:08:31,0.06276000,0.04500000
2018-03-20 22:08:32,0.06276000,0.52400000
2018-03-20 22:08:32,0.06276000,0.04500000
2018-03-20 22:08:32,0.06276000,0.04600000
2018-03-20 22:08:33,0.06282400,0.00100000
2018-03-20 22:08:33,0.06282500,0.00100000
2018-03-20 22:08:33,0.06282700,0.02900000
2018-03-20 22:08:33,0.06283100,1.21900000
2018-03-20 22:08:33,0.06284400,0.95200000
2018-03-20 22:08:33,0.06285000,0.34500000
2018-03-20 22:08:33,0.06285100,2.81100000
2018-03-20 22:08:33,0.06285200,0.00500000
2018-03-20 22:08:33,0.06285100,1.42100000
2018-03-20 22:08:33,0.06285100,0.16800000
2018-03-20 22:08:33,0.06285100,0.19200000
2018-03-20 22:08:33,0.06285100,0.81600000
2018-03-20 22:08:33,0.06276000,0.17100000
2018-03-20 22:08:33,0.06276000,0.06400000
2018-03-20 22:08:33,0.06276000,0.12400000
2018-03-20 22:08:33,0.06275300,0.44100000
2018-03-20 22:08:33,0.06275300,0.35200000
2018-03-20 22:08:33,0.06275300,0.28800000
2018-03-20 22:08:33,0.06275300,0.02200000
2018-03-20 22:08:33,0.06275300,0.01800000
2018-03-20 22:08:35,0.06276100,0.12800000
2018-03-20 22:08:39,0.06277000,0.07000000
2018-03-20 22:08:39,0.06276700,0.21100000
2018-03-20 22:08:39,0.06283900,0.45300000
2018-03-20 22:08:39,0.06276700,0.04500000
2018-03-20 22:08:40,0.06284000,1.59200000
2018-03-20 22:08:40,0.06284000,0.08500000
2018-03-20 22:08:40,0.06284000,0.00100000
2018-03-20 22:08:40,0.06284000,0.90400000
2018-03-20 22:08:40,0.06284000,0.03400000
2018-03-20 22:08:40,0.06284000,0.73800000
2018-03-20 22:08:40,0.06276800,0.16400000
2018-03-20 22:08:41,0.06278200,0.08400000
2018-03-20 22:08:41,0.06277000,0.07000000
2018-03-20 22:08:41,0.06276900,0.03000000
2018-03-20 22:08:41,0.06276900,0.00200000
2018-03-20 22:08:41,0.06285100,0.16400000
2018-03-20 22:08:41,0.06276900,0.53300000
2018-03-20 22:08:42,0.06285000,0.25600000
2018-03-20 22:08:42,0.06285000,0.07000000
2018-03-20 22:08:43,0.06285000,1.59200000
2018-03-20 22:08:43,0.06285000,0.72700000
2018-03-20 22:08:44,0.06277700,0.45400000
2018-03-20 22:08:44,0.06277600,0.05800000
2018-03-20 22:08:44,0.06277600,0.10100000
2018-03-20 22:08:44,0.06277600,0.46900000
2018-03-20 22:08:44,0.06277600,0.15100000
2018-03-20 22:08:44,0.06278000,0.05000000
2018-03-20 22:08:45,0.06278000,0.01900000
2018-03-20 22:08:46,0.06278100,0.03800000
2018-03-20 22:08:46,0.06278100,0.02900000
2018-03-20 22:08:47,0.06284900,0.06600000
2018-03-20 22:08:47,0.06278100,0.02900000
2018-03-20 22:08:47,0.06278100,0.83300000
2018-03-20 22:08:47,0.06277200,0.23400000
2018-03-20 22:08:47,0.06277200,0.11200000
2018-03-20 22:08:47,0.06276100,0.02700000
2018-03-20 22:08:47,0.06276000,0.03200000
2018-03-20 22:08:47,0.06276000,0.89800000
2018-03-20 22:08:47,0.06284400,0.48000000
2018-03-20 22:08:47,0.06284900,0.00100000
2018-03-20 22:08:47,0.06285100,0.40900000
2018-03-20 22:08:48,0.06285100,0.02300000
2018-03-20 22:08:48,0.06278200,0.05000000
2018-03-20 22:08:48,0.06276100,1.09000000
2018-03-20 22:08:48,0.06285100,0.59200000
2018-03-20 22:08:48,0.06278300,0.02900000
2018-03-20 22:08:49,0.06285000,0.44200000
2018-03-20 22:08:49,0.06285000,0.08700000
2018-03-20 22:08:50,0.06278500,0.17600000
2018-03-20 22:08:51,0.06284800,0.11400000
2018-03-20 22:08:52,0.06278600,0.17100000
2018-03-20 22:08:52,0.06278600,0.08600000
2018-03-20 22:08:52,0.06278600,3.76000000
2018-03-20 22:08:52,0.06278600,0.36300000
2018-03-20 22:08:52,0.06278600,0.65100000
2018-03-20 22:08:52,0.06278500,0.00100000
2018-03-20 22:08:52,0.06276600,0.29300000
2018-03-20 22:08:53,0.06284600,1.01400000
2018-03-20 22:08:54,0.06284500,1.34400000
2018-03-20 22:08:54,0.06284500,0.00100000
2018-03-20 22:08:54,0.06284800,2.18300000
2018-03-20 22:08:54,0.06284800,0.87300000
2018-03-20 22:08:54,0.06277200,0.04900000
2018-03-20 22:08:55,0.06284700,0.20000000
2018-03-20 22:08:56,0.06277300,0.00100000
2018-03-20 22:08:57,0.06284400,0.54300000
2018-03-20 22:08:57,0.06277400,0.05200000
2018-03-20 22:08:57,0.06280000,0.02700000
2018-03-20 22:08:58,0.06280000,0.05300000
2018-03-20 22:08:58,0.06280000,0.07400000
2018-03-20 22:08:58,0.06280000,0.07600000
2018-03-20 22:08:58,0.06280000,0.11200000
2018-03-20 22:08:58,0.06280000,0.10100000
2018-03-20 22:08:59,0.06280300,0.06000000
2018-03-20 22:08:59,0.06280000,0.06900000
2018-03-20 22:09:00,0.06280000,0.11200000
2018-03-20 22:09:00,0.06280000,0.11200000
2018-03-20 22:09:00,0.06280000,0.10100000
2018-03-20 22:09:01,0.06283900,0.20000000
2018-03-20 22:09:02,0.06283900,0.55800000
2018-03-20 22:09:02,0.06280100,0.05300000
2018-03-20 22:09:02,0.06283900,0.12800000
2018-03-20 22:09:02,0.06284000,0.05900000
2018-03-20 22:09:02,0.06282200,14.50200000
2018-03-20 22:09:02,0.06280100,4.98200000
2018-03-20 22:09:02,0.06280100,0.05200000
2018-03-20 22:09:03,0.06280000,0.11200000
2018-03-20 22:09:03,0.06280000,0.18300000
2018-03-20 22:09:04,0.06284400,0.31900000
2018-03-20 22:09:04,0.06284900,0.01100000
2018-03-20 22:09:04,0.06284900,0.32900000
2018-03-20 22:09:04,0.06284900,0.11600000
2018-03-20 22:09:04,0.06285100,0.20300000
2018-03-20 22:09:04,0.06283900,0.01700000
2018-03-20 22:09:05,0.06283900,0.00100000
2018-03-20 22:09:05,0.06284500,0.02200000
2018-03-20 22:09:06,0.06280000,1.95800000
2018-03-20 22:09:06,0.06280000,1.84000000
2018-03-20 22:09:06,0.06284500,0.30200000
2018-03-20 22:09:07,0.06284500,0.20000000
2018-03-20 22:09:07,0.06280000,1.10600000
2018-03-20 22:09:10,0.06284400,1.98500000
2018-03-20 22:09:10,0.06284400,0.06900000
2018-03-20 22:09:10,0.06282300,20.43400000
2018-03-20 22:09:10,0.06284400,5.57100000
2018-03-20 22:09:10,0.06280300,1.02200000
2018-03-20 22:09:11,0.06280300,0.42200000
2018-03-20 22:09:12,0.06280300,0.86500000
2018-03-20 22:09:13,0.06284500,0.17700000
2018-03-20 22:09:13,0.06284500,0.20000000
2018-03-20 22:09:14,0.06284500,1.58900000
2018-03-20 22:09:14,0.06280300,0.00100000
2018-03-20 22:09:14,0.06280000,0.45400000
2018-03-20 22:09:14,0.06280000,0.44000000
2018-03-20 22:09:14,0.06284500,0.55000000
2018-03-20 22:09:15,0.06284500,0.58200000
2018-03-20 22:09:16,0.06284500,0.00100000
2018-03-20 22:09:16,0.06285100,0.17600000
2018-03-20 22:09:17,0.06285100,1.59200000
2018-03-20 22:09:17,0.06285100,1.22500000
2018-03-20 22:09:17,0.06285100,0.78000000
2018-03-20 22:09:17,0.06285200,0.83800000
2018-03-20 22:09:17,0.06285100,0.48400000
2018-03-20 22:09:17,0.06285100,0.02200000
2018-03-20 22:09:17,0.06285100,0.07200000
2018-03-20 22:09:17,0.06285100,0.27300000
2018-03-20 22:09:17,0.06285100,0.16300000
2018-03-20 22:09:17,0.06285100,0.16900000
2018-03-20 22:09:17,0.06285100,0.06400000
2018-03-20 22:09:17,0.06285100,0.35600000
2018-03-20 22:09:17,0.06285100,1.21400000
2018-03-20 22:09:17,0.06280100,0.41900000
2018-03-20 22:09:17,0.06280100,0.35500000
2018-03-20 22:09:19,0.06281100,0.02500000
2018-03-20 22:09:19,0.06285600,0.04300000
2018-03-20 22:09:19,0.06281200,1.08600000
2018-03-20 22:09:19,0.06281100,0.05400000
2018-03-20 22:09:19,0.06280600,0.07900000
2018-03-20 22:09:19,0.06280100,0.09000000
2018-03-20 22:09:19,0.06280000,0.39800000
2018-03-20 22:09:19,0.06280000,0.05300000
2018-03-20 22:09:19,0.06280000,3.27000000
2018-03-20 22:09:19,0.06280000,0.30100000
2018-03-20 22:09:19,0.06280000,0.30300000
2018-03-20 22:09:19,0.06285600,0.00100000
2018-03-20 22:09:19,0.06285700,0.02000000
2018-03-20 22:09:19,0.06286000,0.10200000
2018-03-20 22:09:19,0.06286300,0.07700000
2018-03-20 22:09:20,0.06286300,0.77900000
2018-03-20 22:09:20,0.06280100,0.45300000
2018-03-20 22:09:20,0.06280100,0.04800000
2018-03-20 22:09:21,0.06284500,0.05600000
2018-03-20 22:09:21,0.06284500,0.04700000
2018-03-20 22:09:21,0.06284500,1.64300000
2018-03-20 22:09:21,0.06280200,0.04800000
2018-03-20 22:09:21,0.06284500,0.26700000
2018-03-20 22:09:22,0.06284500,0.39700000
2018-03-20 22:09:22,0.06280200,0.01700000
2018-03-20 22:09:22,0.06286300,0.19200000
2018-03-20 22:09:22,0.06281900,4.37000000
2018-03-20 22:09:23,0.06281100,9.17500000
2018-03-20 22:09:23,0.06281900,0.00100000
2018-03-20 22:09:23,0.06286500,1.90400000
2018-03-20 22:09:23,0.06286900,0.17000000
2018-03-20 22:09:23,0.06287100,0.81200000
2018-03-20 22:09:23,0.06287300,0.02000000
2018-03-20 22:09:23,0.06287600,0.95200000
2018-03-20 22:09:23,0.06287700,1.00000000
2018-03-20 22:09:23,0.06287800,0.10000000
2018-03-20 22:09:23,0.06288000,0.08000000
2018-03-20 22:09:23,0.06289100,0.03000000
2018-03-20 22:09:23,0.06289500,3.30100000
2018-03-20 22:09:23,0.06289900,0.40200000
2018-03-20 22:09:23,0.06290000,0.13700000
2018-03-20 22:09:23,0.06280500,1.59200000
2018-03-20 22:09:23,0.06280300,2.10800000
2018-03-20 22:09:23,0.06280200,0.02500000
2018-03-20 22:09:23,0.06280000,0.07100000
2018-03-20 22:09:24,0.06290000,1.03400000
2018-03-20 22:09:24,0.06290000,1.19100000
2018-03-20 22:09:25,0.06280800,0.04800000
2018-03-20 22:09:25,0.06280700,0.12100000
2018-03-20 22:09:26,0.06280900,0.04900000
2018-03-20 22:09:26,0.06280900,0.02100000
2018-03-20 22:09:26,0.06280900,0.06300000
2018-03-20 22:09:27,0.06288400,0.12000000
2018-03-20 22:09:27,0.06281000,0.06000000
2018-03-20 22:09:27,0.06280900,0.01900000
2018-03-20 22:09:27,0.06288100,0.00900000
2018-03-20 22:09:27,0.06288100,0.25800000
2018-03-20 22:09:28,0.06286200,0.01700000
2018-03-20 22:09:28,0.06286200,0.00300000
2018-03-20 22:09:28,0.06281100,0.01600000
2018-03-20 22:09:29,0.06281100,0.17200000
2018-03-20 22:09:29,0.06281200,0.08600000
2018-03-20 22:09:29,0.06281200,0.00100000
2018-03-20 22:09:29,0.06281100,0.05700000
2018-03-20 22:09:29,0.06281000,0.02600000
2018-03-20 22:09:29,0.06287900,0.06900000
2018-03-20 22:09:29,0.06286200,0.34300000
2018-03-20 22:09:29,0.06286200,0.04000000
2018-03-20 22:09:29,0.06286200,1.02900000
2018-03-20 22:09:29,0.06286200,0.06200000
2018-03-20 22:09:29,0.06286200,0.39800000
2018-03-20 22:09:29,0.06286200,0.04400000
2018-03-20 22:09:29,0.06286200,1.66800000
2018-03-20 22:09:29,0.06286200,0.23200000
2018-03-20 22:09:29,0.06286200,0.04900000
2018-03-20 22:09:30,0.06286200,1.18200000
2018-03-20 22:09:30,0.06286200,0.00100000
2018-03-20 22:09:30,0.06281200,0.02600000
2018-03-20 22:09:30,0.06281200,0.00100000
2018-03-20 22:09:30,0.06284500,0.17900000
2018-03-20 22:09:30,0.06284500,0.12100000
2018-03-20 22:09:30,0.06284500,1.03700000
2018-03-20 22:09:31,0.06287700,0.07400000
2018-03-20 22:09:31,0.06287700,0.26100000
2018-03-20 22:09:32,0.06284500,0.00100000
2018-03-20 22:09:32,0.06281200,0.17100000
2018-03-20 22:09:32,0.06287800,0.18700000
2018-03-20 22:09:33,0.06281200,0.07400000
2018-03-20 22:09:33,0.06287800,0.00100000
2018-03-20 22:09:33,0.06288000,0.02600000
2018-03-20 22:09:33,0.06288200,0.03200000
2018-03-20 22:09:34,0.06288000,0.06900000
2018-03-20 22:09:34,0.06287900,0.05600000
2018-03-20 22:09:34,0.06287900,0.10700000
2018-03-20 22:09:34,0.06288000,0.00100000
2018-03-20 22:09:34,0.06288200,0.05100000
2018-03-20 22:09:35,0.06288200,0.07800000
2018-03-20 22:09:35,0.06281300,0.39800000
2018-03-20 22:09:35,0.06281300,0.58800000
2018-03-20 22:09:35,0.06281500,0.02700000
2018-03-20 22:09:35,0.06281500,0.39900000
2018-03-20 22:09:36,0.06288100,0.90200000
2018-03-20 22:09:36,0.06288100,1.41000000
2018-03-20 22:09:38,0.06281300,0.12600000
2018-03-20 22:09:39,0.06288100,0.55400000
2018-03-20 22:09:39,0.06288100,0.32700000
2018-03-20 22:09:39,0.06288200,0.00100000
2018-03-20 22:09:39,0.06288600,0.54500000
2018-03-20 22:09:40,0.06281600,0.10000000
2018-03-20 22:09:40,0.06281500,0.76100000
2018-03-20 22:09:40,0.06281600,0.13000000
2018-03-20 22:09:40,0.06281500,0.73200000
2018-03-20 22:09:40,0.06284700,5.61600000
2018-03-20 22:09:40,0.06281500,1.68700000
2018-03-20 22:09:41,0.06281500,0.73200000
2018-03-20 22:09:42,0.06287900,0.75900000
2018-03-20 22:09:42,0.06288000,0.12600000
2018-03-20 22:09:42,0.06289900,0.00800000
2018-03-20 22:09:45,0.06281600,0.17000000
2018-03-20 22:09:45,0.06281600,0.05600000
2018-03-20 22:09:45,0.06281600,0.28300000
2018-03-20 22:09:46,0.06289600,0.05500000
2018-03-20 22:09:46,0.06282000,0.02000000
2018-03-20 22:09:46,0.06282100,0.04900000
2018-03-20 22:09:46,0.06282100,0.33800000
2018-03-20 22:09:46,0.06282100,0.16200000
2018-03-20 22:09:46,0.06282100,0.04900000
2018-03-20 22:09:46,0.06289400,0.15800000
2018-03-20 22:09:47,0.06282200,0.02900000
2018-03-20 22:09:47,0.06282200,0.13200000
2018-03-20 22:09:47,0.06282200,1.59100000
2018-03-20 22:09:47,0.06282200,1.34800000
2018-03-20 22:09:47,0.06289000,0.01900000
2018-03-20 22:09:47,0.06282200,0.42300000
2018-03-20 22:09:47,0.06282100,0.26300000
2018-03-20 22:09:47,0.06282100,0.42200000
2018-03-20 22:09:47,0.06282200,0.76000000
2018-03-20 22:09:47,0.06282100,0.07800000
2018-03-20 22:09:48,0.06288900,0.23100000
2018-03-20 22:09:48,0.06288900,0.07100000
2018-03-20 22:09:48,0.06282300,0.86200000
2018-03-20 22:09:48,0.06288900,0.51300000
2018-03-20 22:09:48,0.06288900,0.00100000
2018-03-20 22:09:48,0.06289000,0.00100000
2018-03-20 22:09:48,0.06289300,0.15600000
2018-03-20 22:09:50,0.06289300,1.31000000
2018-03-20 22:09:50,0.06282400,0.26800000
