DATE,PRICE,VOLUME
2018-03-22 14:59:59,0.06101600,0.19300000
2018-03-22 15:00:02,0.06100900,0.12100000
2018-03-22 15:00:02,0.06100900,0.04500000
2018-03-22 15:00:02,0.06100700,0.07700000
2018-03-22 15:00:02,0.06100700,1.26700000
2018-03-22 15:00:02,0.06100700,0.00100000
2018-03-22 15:00:02,0.06100600,0.98300000
2018-03-22 15:00:02,0.06100000,0.27400000
2018-03-22 15:00:03,0.06103800,0.00800000
2018-03-22 15:00:03,0.06104000,0.26000000
2018-03-22 15:00:03,0.06107800,0.00200000
2018-03-22 15:00:03,0.06107900,0.82000000
2018-03-22 15:00:03,0.06108000,0.65500000
2018-03-22 15:00:03,0.06108500,0.23000000
2018-03-22 15:00:03,0.06109300,0.10000000
2018-03-22 15:00:03,0.06109700,1.37000000
2018-03-22 15:00:03,0.06107800,0.30800000
2018-03-22 15:00:03,0.06107800,0.00300000
2018-03-22 15:00:03,0.06108500,0.23000000
2018-03-22 15:00:03,0.06109300,0.07600000
2018-03-22 15:00:03,0.06109300,0.02400000
2018-03-22 15:00:03,0.06109700,0.09600000
2018-03-22 15:00:03,0.06110000,0.36300000
2018-03-22 15:00:03,0.06110100,0.70000000
2018-03-22 15:00:03,0.06110200,0.40000000
2018-03-22 15:00:03,0.06110300,0.26200000
2018-03-22 15:00:03,0.06110600,0.18300000
2018-03-22 15:00:03,0.06111200,2.72300000
2018-03-22 15:00:03,0.06107800,0.07000000
2018-03-22 15:00:03,0.06107800,0.11600000
2018-03-22 15:00:03,0.06108500,0.14300000
2018-03-22 15:00:03,0.06108500,0.02500000
2018-03-22 15:00:04,0.06108500,0.21700000
2018-03-22 15:00:04,0.06107800,0.00100000
2018-03-22 15:00:04,0.06101600,0.01700000
2018-03-22 15:00:04,0.06108500,0.02500000
2018-03-22 15:00:04,0.06108500,0.00300000
2018-03-22 15:00:04,0.06110100,0.07900000
2018-03-22 15:00:04,0.06110600,0.23000000
2018-03-22 15:00:04,0.06111200,0.01700000
2018-03-22 15:00:04,0.06111800,0.10000000
2018-03-22 15:00:04,0.06113300,1.28300000
2018-03-22 15:00:05,0.06108800,0.98300000
2018-03-22 15:00:05,0.06110600,0.23000000
2018-03-22 15:00:05,0.06111200,0.10000000
2018-03-22 15:00:05,0.06111200,0.02900000
2018-03-22 15:00:05,0.06111200,0.10000000
2018-03-22 15:00:05,0.06111200,0.10000000
2018-03-22 15:00:05,0.06111200,0.09400000
2018-03-22 15:00:05,0.06103400,1.06700000
2018-03-22 15:00:05,0.06103400,0.21600000
2018-03-22 15:00:05,0.06103300,0.38600000
2018-03-22 15:00:06,0.06103400,0.45900000
2018-03-22 15:00:06,0.06103400,0.00100000
2018-03-22 15:00:06,0.06103300,0.32000000
2018-03-22 15:00:06,0.06103000,0.13800000
2018-03-22 15:00:06,0.06103400,0.10000000
2018-03-22 15:00:06,0.06103000,0.02100000
2018-03-22 15:00:06,0.06110200,0.07600000
2018-03-22 15:00:06,0.06110200,0.07600000
2018-03-22 15:00:06,0.06103400,0.07300000
2018-03-22 15:00:06,0.06103400,0.03300000
2018-03-22 15:00:07,0.06103600,1.00700000
2018-03-22 15:00:07,0.06103600,0.20400000
2018-03-22 15:00:07,0.06110000,0.16000000
2018-03-22 15:00:07,0.06110200,0.00200000
2018-03-22 15:00:07,0.06110000,0.02000000
2018-03-22 15:00:07,0.06110000,0.09600000
2018-03-22 15:00:08,0.06110000,0.15100000
2018-03-22 15:00:08,0.06110000,0.17800000
2018-03-22 15:00:08,0.06110000,0.02500000
2018-03-22 15:00:08,0.06107100,0.40000000
2018-03-22 15:00:09,0.06109600,0.01900000
2018-03-22 15:00:09,0.06107100,0.03600000
2018-03-22 15:00:09,0.06109600,0.24600000
2018-03-22 15:00:09,0.06110000,0.23500000
2018-03-22 15:00:09,0.06110200,0.03200000
2018-03-22 15:00:09,0.06110200,0.21400000
2018-03-22 15:00:09,0.06110500,0.29900000
2018-03-22 15:00:10,0.06107100,3.32300000
2018-03-22 15:00:11,0.06107100,0.01400000
2018-03-22 15:00:11,0.06112000,0.00800000
2018-03-22 15:00:11,0.06107000,0.07200000
2018-03-22 15:00:11,0.06103000,0.12600000
2018-03-22 15:00:11,0.06103000,0.04900000
2018-03-22 15:00:11,0.06103000,0.30100000
2018-03-22 15:00:11,0.06103000,0.79500000
2018-03-22 15:00:12,0.06110000,0.10600000
2018-03-22 15:00:12,0.06110000,0.00100000
2018-03-22 15:00:12,0.06103300,0.01800000
2018-03-22 15:00:12,0.06103300,0.04800000
2018-03-22 15:00:12,0.06111800,0.22500000
2018-03-22 15:00:12,0.06111800,0.20100000
2018-03-22 15:00:12,0.06110000,0.15100000
2018-03-22 15:00:12,0.06110000,0.02700000
2018-03-22 15:00:12,0.06103400,0.02600000
2018-03-22 15:00:12,0.06103400,0.02600000
2018-03-22 15:00:13,0.06109600,1.05300000
2018-03-22 15:00:13,0.06110000,1.63500000
2018-03-22 15:00:13,0.06110000,0.04300000
2018-03-22 15:00:13,0.06110000,4.41000000
2018-03-22 15:00:13,0.06110000,0.05900000
2018-03-22 15:00:13,0.06110000,0.69700000
2018-03-22 15:00:13,0.06103400,0.08800000
2018-03-22 15:00:13,0.06103400,0.20400000
2018-03-22 15:00:13,0.06103400,0.33000000
2018-03-22 15:00:13,0.06103400,0.04100000
2018-03-22 15:00:13,0.06109600,0.26000000
2018-03-22 15:00:13,0.06109600,0.14900000
2018-03-22 15:00:13,0.06109600,0.02600000
2018-03-22 15:00:14,0.06103400,3.29100000
2018-03-22 15:00:14,0.06103500,0.20000000
2018-03-22 15:00:14,0.06103400,0.24800000
2018-03-22 15:00:14,0.06103300,1.01000000
2018-03-22 15:00:14,0.06103100,0.21900000
2018-03-22 15:00:14,0.06102900,0.07700000
2018-03-22 15:00:14,0.06102800,0.17300000
2018-03-22 15:00:14,0.06109600,0.07100000
2018-03-22 15:00:14,0.06102800,0.14600000
2018-03-22 15:00:14,0.06109600,0.16100000
2018-03-22 15:00:14,0.06102800,0.14100000
2018-03-22 15:00:14,0.06100100,0.18300000
2018-03-22 15:00:14,0.06100000,0.07600000
2018-03-22 15:00:15,0.06103000,0.26000000
2018-03-22 15:00:15,0.06102900,0.14000000
2018-03-22 15:00:15,0.06102900,0.32100000
2018-03-22 15:00:15,0.06101300,0.21900000
2018-03-22 15:00:15,0.06107100,0.13000000
2018-03-22 15:00:15,0.06107100,0.04100000
2018-03-22 15:00:15,0.06107100,0.02900000
2018-03-22 15:00:15,0.06107800,0.01900000
2018-03-22 15:00:16,0.06107800,0.05900000
2018-03-22 15:00:16,0.06102900,0.09000000
2018-03-22 15:00:16,0.06101000,0.23000000
2018-03-22 15:00:16,0.06100100,0.08000000
2018-03-22 15:00:16,0.06101000,0.23000000
2018-03-22 15:00:16,0.06100100,1.64900000
2018-03-22 15:00:16,0.06100000,0.86300000
2018-03-22 15:00:16,0.06107800,0.32700000
2018-03-22 15:00:16,0.06107800,0.06500000
2018-03-22 15:00:17,0.06101000,0.09100000
2018-03-22 15:00:17,0.06100900,0.23000000
2018-03-22 15:00:17,0.06100000,0.07900000
2018-03-22 15:00:17,0.06107800,0.25100000
2018-03-22 15:00:17,0.06101000,0.10900000
2018-03-22 15:00:17,0.06107700,0.10900000
2018-03-22 15:00:18,0.06101000,0.03700000
2018-03-22 15:00:18,0.06101000,0.07500000
2018-03-22 15:00:18,0.06107100,0.01900000
2018-03-22 15:00:18,0.06101000,0.07500000
2018-03-22 15:00:18,0.06101000,0.02400000
2018-03-22 15:00:19,0.06107100,0.00100000
2018-03-22 15:00:19,0.06107600,0.17100000
2018-03-22 15:00:19,0.06107600,1.17900000
2018-03-22 15:00:19,0.06101100,0.08600000
2018-03-22 15:00:19,0.06100600,0.04500000
2018-03-22 15:00:20,0.06100600,0.16300000
2018-03-22 15:00:20,0.06107000,0.53200000
2018-03-22 15:00:20,0.06107000,0.48500000
2018-03-22 15:00:21,0.06107000,0.26000000
2018-03-22 15:00:21,0.06107000,0.02700000
2018-03-22 15:00:22,0.06107000,0.25800000
2018-03-22 15:00:22,0.06107600,0.42700000
2018-03-22 15:00:22,0.06107700,0.56800000
2018-03-22 15:00:22,0.06107800,2.23600000
2018-03-22 15:00:23,0.06109300,0.18900000
2018-03-22 15:00:24,0.06108700,0.24800000
2018-03-22 15:00:24,0.06108700,0.09500000
2018-03-22 15:00:25,0.06108700,0.26000000
2018-03-22 15:00:25,0.06101500,0.03900000
2018-03-22 15:00:25,0.06101500,0.04600000
2018-03-22 15:00:26,0.06109000,0.09900000
2018-03-22 15:00:26,0.06102000,0.26000000
2018-03-22 15:00:26,0.06101800,0.23000000
2018-03-22 15:00:26,0.06101800,0.16600000
2018-03-22 15:00:27,0.06107900,0.06000000
2018-03-22 15:00:28,0.06102200,0.11500000
2018-03-22 15:00:28,0.06102100,0.37300000
2018-03-22 15:00:28,0.06107900,0.08000000
2018-03-22 15:00:28,0.06107900,0.02700000
2018-03-22 15:00:28,0.06108900,0.07900000
2018-03-22 15:00:28,0.06109200,0.13600000
2018-03-22 15:00:28,0.06109200,0.32400000
2018-03-22 15:00:28,0.06109400,0.07500000
2018-03-22 15:00:28,0.06102100,0.06600000
2018-03-22 15:00:28,0.06109200,0.22000000
2018-03-22 15:00:28,0.06102100,0.02600000
2018-03-22 15:00:29,0.06102100,0.02600000
2018-03-22 15:00:29,0.06109000,0.06900000
2018-03-22 15:00:29,0.06108900,0.37200000
2018-03-22 15:00:29,0.06102200,0.08800000
2018-03-22 15:00:29,0.06102100,0.09900000
2018-03-22 15:00:30,0.06102100,0.05900000
2018-03-22 15:00:30,0.06102000,0.02600000
2018-03-22 15:00:30,0.06102100,0.07600000
2018-03-22 15:00:30,0.06102200,0.08800000
2018-03-22 15:00:30,0.06102100,0.01800000
2018-03-22 15:00:30,0.06102100,0.08600000
2018-03-22 15:00:30,0.06102100,0.02300000
2018-03-22 15:00:30,0.06108900,0.10100000
2018-03-22 15:00:30,0.06108400,0.02000000
2018-03-22 15:00:30,0.06109000,0.00200000
2018-03-22 15:00:30,0.06102100,0.10400000
2018-03-22 15:00:30,0.06102100,0.21900000
2018-03-22 15:00:30,0.06102100,0.06200000
2018-03-22 15:00:30,0.06102100,0.07000000
2018-03-22 15:00:30,0.06102100,0.06200000
2018-03-22 15:00:30,0.06102100,0.03700000
2018-03-22 15:00:30,0.06102100,0.22800000
2018-03-22 15:00:30,0.06102100,0.06400000
2018-03-22 15:00:30,0.06102100,0.05000000
2018-03-22 15:00:30,0.06102100,0.02600000
2018-03-22 15:00:30,0.06102100,0.39700000
2018-03-22 15:00:30,0.06102100,0.60900000
2018-03-22 15:00:30,0.06102000,0.03000000
2018-03-22 15:00:30,0.06108800,0.13400000
2018-03-22 15:00:31,0.06108800,0.08300000
2018-03-22 15:00:31,0.06108800,0.38700000
2018-03-22 15:00:31,0.06108800,0.05200000
2018-03-22 15:00:31,0.06108700,2.36400000
2018-03-22 15:00:31,0.06108800,1.49300000
2018-03-22 15:00:31,0.06108900,0.00100000
2018-03-22 15:00:32,0.06108700,3.00000000
2018-03-22 15:00:32,0.06108700,0.02500000
2018-03-22 15:00:32,0.06101400,0.02500000
2018-03-22 15:00:32,0.06101400,1.13400000
2018-03-22 15:00:32,0.06108700,0.71100000
2018-03-22 15:00:32,0.06108700,0.01000000
2018-03-22 15:00:32,0.06108900,0.10500000
2018-03-22 15:00:33,0.06108800,0.08000000
2018-03-22 15:00:33,0.06108800,0.13000000
2018-03-22 15:00:33,0.06108800,1.17300000
2018-03-22 15:00:33,0.06108800,0.05400000
2018-03-22 15:00:33,0.06102000,0.02500000
2018-03-22 15:00:34,0.06101600,0.02500000
2018-03-22 15:00:36,0.06108700,1.04300000
2018-03-22 15:00:37,0.06108700,0.15400000
2018-03-22 15:00:37,0.06102400,0.54600000
2018-03-22 15:00:37,0.06102400,0.32200000
2018-03-22 15:00:37,0.06108700,0.02300000
2018-03-22 15:00:37,0.06108700,0.00500000
2018-03-22 15:00:37,0.06109200,0.07400000
2018-03-22 15:00:37,0.06102600,0.13700000
2018-03-22 15:00:37,0.06109000,0.03000000
2018-03-22 15:00:37,0.06102600,0.02500000
2018-03-22 15:00:38,0.06109200,0.20200000
2018-03-22 15:00:38,0.06109200,0.12700000
2018-03-22 15:00:38,0.06109500,0.25400000
2018-03-22 15:00:38,0.06109900,0.06600000
2018-03-22 15:00:38,0.06109300,0.26100000
2018-03-22 15:00:38,0.06109200,0.07500000
2018-03-22 15:00:38,0.06108600,0.32900000
2018-03-22 15:00:38,0.06108600,0.13000000
2018-03-22 15:00:38,0.06102600,0.05900000
2018-03-22 15:00:39,0.06108600,0.09500000
2018-03-22 15:00:40,0.06108600,0.00400000
2018-03-22 15:00:40,0.06109000,0.18000000
2018-03-22 15:00:40,0.06110200,0.07200000
2018-03-22 15:00:40,0.06108700,0.02200000
2018-03-22 15:00:40,0.06108700,0.09300000
2018-03-22 15:00:40,0.06108600,0.02100000
2018-03-22 15:00:40,0.06110200,0.05900000
2018-03-22 15:00:40,0.06108600,0.09300000
2018-03-22 15:00:40,0.06108600,0.00100000
2018-03-22 15:00:40,0.06102900,0.01500000
2018-03-22 15:00:41,0.06110200,0.26800000
2018-03-22 15:00:42,0.06103400,0.02500000
2018-03-22 15:00:42,0.06103400,0.07500000
2018-03-22 15:00:42,0.06103300,0.11800000
2018-03-22 15:00:43,0.06110200,0.00100000
2018-03-22 15:00:43,0.06110600,0.18300000
2018-03-22 15:00:43,0.06111300,0.30000000
2018-03-22 15:00:43,0.06110000,0.09400000
2018-03-22 15:00:44,0.06110000,0.09300000
2018-03-22 15:00:44,0.06110000,0.16500000
2018-03-22 15:00:44,0.06110000,0.47900000
2018-03-22 15:00:44,0.06110000,0.18600000
2018-03-22 15:00:44,0.06110000,0.04200000
2018-03-22 15:00:44,0.06110000,0.39800000
2018-03-22 15:00:44,0.06110000,0.05700000
2018-03-22 15:00:45,0.06110000,1.09600000
2018-03-22 15:00:45,0.06110000,0.10000000
2018-03-22 15:00:45,0.06103600,0.02200000
2018-03-22 15:00:47,0.06110000,0.12800000
2018-03-22 15:00:47,0.06110000,1.00000000
2018-03-22 15:00:47,0.06103900,0.15100000
2018-03-22 15:00:47,0.06103900,0.26000000
2018-03-22 15:00:47,0.06103900,0.11400000
2018-03-22 15:00:47,0.06103900,0.04100000
2018-03-22 15:00:48,0.06110000,0.01400000
2018-03-22 15:00:48,0.06110000,0.14800000
2018-03-22 15:00:48,0.06111300,0.09900000
2018-03-22 15:00:49,0.06111300,0.02500000
2018-03-22 15:00:49,0.06103900,0.32000000
2018-03-22 15:00:49,0.06104100,0.02500000
2018-03-22 15:00:49,0.06104100,0.07500000
2018-03-22 15:00:49,0.06104000,0.21800000
2018-03-22 15:00:50,0.06104100,0.09900000
2018-03-22 15:00:50,0.06104100,0.10000000
2018-03-22 15:00:50,0.06104100,0.07400000
2018-03-22 15:00:50,0.06111200,0.78000000
2018-03-22 15:00:50,0.06111200,0.02500000
2018-03-22 15:00:50,0.06111200,0.75300000
2018-03-22 15:00:50,0.06111200,0.17200000
2018-03-22 15:00:50,0.06111300,0.27600000
2018-03-22 15:00:50,0.06112000,0.30400000
2018-03-22 15:00:50,0.06104200,0.18700000
2018-03-22 15:00:50,0.06112000,0.03400000
2018-03-22 15:00:51,0.06104300,0.07400000
2018-03-22 15:00:51,0.06111800,0.16300000
2018-03-22 15:00:51,0.06104400,0.11000000
2018-03-22 15:00:52,0.06111600,0.18600000
2018-03-22 15:00:52,0.06111500,0.05100000
2018-03-22 15:00:53,0.06111300,0.03400000
2018-03-22 15:00:54,0.06105300,0.19700000
2018-03-22 15:00:54,0.06105300,0.00300000
2018-03-22 15:00:54,0.06105200,0.19600000
2018-03-22 15:00:54,0.06111300,0.35600000
2018-03-22 15:00:54,0.06105200,0.02300000
2018-03-22 15:00:54,0.06106200,0.30300000
2018-03-22 15:00:55,0.06106300,0.02200000
2018-03-22 15:00:55,0.06106300,0.20000000
2018-03-22 15:00:55,0.06106300,1.17600000
2018-03-22 15:00:55,0.06106300,0.75100000
2018-03-22 15:00:55,0.06106200,0.00100000
2018-03-22 15:00:55,0.06105200,0.84400000
2018-03-22 15:00:55,0.06111300,0.01000000
2018-03-22 15:00:55,0.06111300,0.19000000
2018-03-22 15:00:55,0.06112000,0.67300000
2018-03-22 15:00:55,0.06111300,0.09400000
2018-03-22 15:00:55,0.06112000,1.24500000
2018-03-22 15:00:55,0.06111900,0.10000000
2018-03-22 15:00:56,0.06111300,0.37400000
2018-03-22 15:00:56,0.06111900,0.26200000
2018-03-22 15:00:56,0.06111900,0.06800000
2018-03-22 15:00:56,0.06111900,0.04000000
2018-03-22 15:00:56,0.06111900,0.11100000
2018-03-22 15:00:56,0.06113500,0.05900000
2018-03-22 15:00:56,0.06111900,0.07600000
2018-03-22 15:00:56,0.06113500,0.19900000
2018-03-22 15:00:56,0.06111900,0.03400000
2018-03-22 15:00:56,0.06111900,0.00100000
2018-03-22 15:00:56,0.06111300,0.02500000
2018-03-22 15:00:56,0.06111300,0.03400000
2018-03-22 15:00:56,0.06111300,0.17300000
2018-03-22 15:00:56,0.06111300,0.04900000
2018-03-22 15:00:56,0.06111300,0.92200000
2018-03-22 15:00:56,0.06113500,0.02400000
2018-03-22 15:00:57,0.06113500,0.38400000
2018-03-22 15:00:57,0.06113500,0.02400000
2018-03-22 15:00:57,0.06111300,0.34700000
2018-03-22 15:00:57,0.06111300,0.05300000
2018-03-22 15:00:57,0.06113500,0.31700000
2018-03-22 15:00:57,0.06105700,0.10000000
2018-03-22 15:00:57,0.06105600,0.30000000
2018-03-22 15:00:58,0.06113200,0.20100000
2018-03-22 15:00:58,0.06113300,0.24600000
2018-03-22 15:00:58,0.06113300,0.28400000
2018-03-22 15:00:58,0.06113400,0.04600000
2018-03-22 15:00:58,0.06113300,0.04700000
2018-03-22 15:00:58,0.06113300,0.07800000
2018-03-22 15:00:58,0.06106200,0.02400000
2018-03-22 15:00:59,0.06113400,0.04400000
2018-03-22 15:00:59,0.06113400,0.12100000
2018-03-22 15:01:00,0.06113500,0.04900000
2018-03-22 15:01:00,0.06113500,0.04500000
2018-03-22 15:01:00,0.06113600,0.05100000
2018-03-22 15:01:01,0.06113600,0.02800000
2018-03-22 15:01:01,0.06113600,0.19300000
2018-03-22 15:01:01,0.06113600,0.02800000
2018-03-22 15:01:01,0.06113600,0.23300000
2018-03-22 15:01:01,0.06113500,0.00100000
2018-03-22 15:01:01,0.06106500,0.88400000
2018-03-22 15:01:01,0.06113900,0.16900000
2018-03-22 15:01:01,0.06113900,0.03200000
2018-03-22 15:01:01,0.06113700,0.05500000
2018-03-22 15:01:02,0.06113700,0.06000000
2018-03-22 15:01:02,0.06111800,0.10000000
2018-03-22 15:01:02,0.06113600,0.14000000
2018-03-22 15:01:02,0.06113900,0.11700000
2018-03-22 15:01:02,0.06114000,0.90800000
2018-03-22 15:01:02,0.06114000,1.01100000
2018-03-22 15:01:02,0.06114000,0.02400000
2018-03-22 15:01:02,0.06106700,0.01900000
2018-03-22 15:01:02,0.06106600,0.04500000
2018-03-22 15:01:03,0.06114000,0.54600000
2018-03-22 15:01:03,0.06114000,0.52500000
2018-03-22 15:01:03,0.06114000,0.52400000
2018-03-22 15:01:04,0.06114000,0.46100000
2018-03-22 15:01:04,0.06114000,0.00100000
2018-03-22 15:01:04,0.06115300,0.10000000
2018-03-22 15:01:04,0.06115700,0.30000000
2018-03-22 15:01:04,0.06115800,0.12000000
2018-03-22 15:01:04,0.06116900,1.52800000
2018-03-22 15:01:04,0.06116900,0.23200000
2018-03-22 15:01:04,0.06117300,0.13000000
2018-03-22 15:01:04,0.06118400,0.31800000
2018-03-22 15:01:04,0.06118500,0.07700000
2018-03-22 15:01:04,0.06115700,0.02200000
2018-03-22 15:01:04,0.06113600,0.01700000
2018-03-22 15:01:04,0.06113600,0.00100000
2018-03-22 15:01:04,0.06107100,0.01600000
2018-03-22 15:01:04,0.06115700,0.27800000
2018-03-22 15:01:04,0.06118500,1.59300000
2018-03-22 15:01:04,0.06115700,0.20000000
2018-03-22 15:01:04,0.06118500,0.07800000
2018-03-22 15:01:04,0.06115700,0.10000000
2018-03-22 15:01:04,0.06115700,0.06700000
2018-03-22 15:01:04,0.06115700,0.08000000
2018-03-22 15:01:04,0.06115600,0.21600000
2018-03-22 15:01:06,0.06108100,0.03000000
2018-03-22 15:01:06,0.06108100,0.12500000
2018-03-22 15:01:06,0.06108000,0.02900000
2018-03-22 15:01:06,0.06108100,0.21600000
2018-03-22 15:01:06,0.06115500,0.34700000
2018-03-22 15:01:06,0.06108100,0.40000000
2018-03-22 15:01:06,0.06108100,0.31700000
2018-03-22 15:01:06,0.06108000,0.08300000
2018-03-22 15:01:06,0.06108000,0.38600000
2018-03-22 15:01:06,0.06108000,0.02500000
2018-03-22 15:01:07,0.06115000,0.02900000
2018-03-22 15:01:07,0.06108200,0.21600000
2018-03-22 15:01:07,0.06108200,0.11100000
2018-03-22 15:01:07,0.06108200,0.22000000
2018-03-22 15:01:07,0.06108000,0.00900000
2018-03-22 15:01:08,0.06108300,0.02200000
2018-03-22 15:01:08,0.06108300,0.28900000
2018-03-22 15:01:09,0.06108400,0.04400000
2018-03-22 15:01:09,0.06115000,0.23000000
2018-03-22 15:01:09,0.06108400,0.02400000
2018-03-22 15:01:09,0.06115000,0.00100000
2018-03-22 15:01:09,0.06115700,0.01700000
2018-03-22 15:01:09,0.06115700,0.00100000
2018-03-22 15:01:09,0.06108400,0.01600000
2018-03-22 15:01:09,0.06108400,0.01700000
2018-03-22 15:01:09,0.06108400,0.01700000
2018-03-22 15:01:09,0.06108400,0.01700000
2018-03-22 15:01:10,0.06108600,0.10000000
2018-03-22 15:01:11,0.06109000,0.02200000
2018-03-22 15:01:11,0.06109100,0.05900000
2018-03-22 15:01:12,0.06117900,0.10000000
2018-03-22 15:01:12,0.06118000,0.24300000
2018-03-22 15:01:12,0.06117900,0.02000000
2018-03-22 15:01:12,0.06109200,0.23000000
2018-03-22 15:01:12,0.06109100,2.19600000
2018-03-22 15:01:12,0.06109200,0.33000000
2018-03-22 15:01:12,0.06109100,0.20400000
2018-03-22 15:01:13,0.06115300,0.21800000
2018-03-22 15:01:13,0.06117700,0.11000000
2018-03-22 15:01:13,0.06117700,0.07000000
2018-03-22 15:01:13,0.06117800,0.14700000
2018-03-22 15:01:14,0.06109300,0.02400000
2018-03-22 15:01:16,0.06109700,0.02100000
2018-03-22 15:01:17,0.06109700,0.03600000
2018-03-22 15:01:17,0.06110000,0.12400000
2018-03-22 15:01:17,0.06117200,0.01900000
2018-03-22 15:01:17,0.06117200,1.18300000
2018-03-22 15:01:18,0.06110200,0.07400000
2018-03-22 15:01:18,0.06110200,0.07400000
2018-03-22 15:01:18,0.06110200,0.02400000
2018-03-22 15:01:18,0.06110200,0.02700000
2018-03-22 15:01:18,0.06110100,0.05600000
2018-03-22 15:01:18,0.06110100,0.02500000
2018-03-22 15:01:19,0.06110300,0.38700000
2018-03-22 15:01:19,0.06110300,0.07400000
2018-03-22 15:01:19,0.06110000,0.13600000
2018-03-22 15:01:19,0.06109900,1.66600000
2018-03-22 15:01:19,0.06109900,0.16200000
2018-03-22 15:01:20,0.06109900,0.01200000
2018-03-22 15:01:20,0.06111900,0.03700000
2018-03-22 15:01:20,0.06117000,0.06400000
2018-03-22 15:01:20,0.06117000,0.02400000
2018-03-22 15:01:20,0.06117000,0.14200000
2018-03-22 15:01:20,0.06117000,0.14300000
2018-03-22 15:01:21,0.06116900,0.30500000
2018-03-22 15:01:21,0.06116900,0.07800000
2018-03-22 15:01:21,0.06111900,0.00100000
2018-03-22 15:01:21,0.06111900,0.14600000
2018-03-22 15:01:22,0.06111900,0.02000000
2018-03-22 15:01:22,0.06116900,0.01900000
2018-03-22 15:01:22,0.06116900,0.01900000
2018-03-22 15:01:22,0.06116900,0.01900000
2018-03-22 15:01:22,0.06116900,0.01900000
2018-03-22 15:01:23,0.06115000,0.58500000
2018-03-22 15:01:23,0.06115000,0.03100000
2018-03-22 15:01:23,0.06111900,0.17000000
2018-03-22 15:01:23,0.06111900,0.24800000
2018-03-22 15:01:23,0.06110000,0.06300000
2018-03-22 15:01:23,0.06110000,0.06700000
2018-03-22 15:01:23,0.06109900,0.24500000
2018-03-22 15:01:23,0.06109900,0.24800000
2018-03-22 15:01:24,0.06114900,1.63500000
2018-03-22 15:01:24,0.06114900,0.10100000
2018-03-22 15:01:25,0.06109900,0.20700000
2018-03-22 15:01:25,0.06109800,1.80200000
2018-03-22 15:01:25,0.06109600,0.05500000
2018-03-22 15:01:25,0.06109600,0.20700000
2018-03-22 15:01:25,0.06109600,0.16400000
2018-03-22 15:01:25,0.06110000,0.65700000
2018-03-22 15:01:25,0.06114900,0.00100000
2018-03-22 15:01:25,0.06115000,0.26000000
2018-03-22 15:01:25,0.06116000,0.39500000
2018-03-22 15:01:26,0.06116000,0.48200000
2018-03-22 15:01:26,0.06112000,0.02400000
2018-03-22 15:01:26,0.06112000,0.01600000
2018-03-22 15:01:26,0.06110000,0.02300000
2018-03-22 15:01:27,0.06110100,0.71500000
2018-03-22 15:01:29,0.06116700,0.72000000
2018-03-22 15:01:29,0.06116900,1.39200000
2018-03-22 15:01:30,0.06110200,0.09500000
2018-03-22 15:01:30,0.06110200,0.15700000
2018-03-22 15:01:30,0.06110200,0.00100000
2018-03-22 15:01:30,0.06110100,0.04600000
2018-03-22 15:01:30,0.06110100,0.28400000
2018-03-22 15:01:30,0.06110000,0.89400000
2018-03-22 15:01:30,0.06109800,0.03700000
2018-03-22 15:01:30,0.06109800,0.11500000
2018-03-22 15:01:31,0.06116800,3.95400000
2018-03-22 15:01:31,0.06116800,0.19300000
2018-03-22 15:01:32,0.06109900,0.18900000
2018-03-22 15:01:33,0.06109900,0.03700000
2018-03-22 15:01:34,0.06110000,0.40000000
2018-03-22 15:01:35,0.06110000,0.17600000
2018-03-22 15:01:36,0.06116000,0.08000000
2018-03-22 15:01:36,0.06110000,0.14000000
2018-03-22 15:01:36,0.06109500,0.26000000
2018-03-22 15:01:37,0.06109500,0.01800000
2018-03-22 15:01:38,0.06109500,0.08900000
2018-03-22 15:01:38,0.06116000,0.16900000
2018-03-22 15:01:38,0.06116000,0.24100000
2018-03-22 15:01:38,0.06116100,0.04800000
2018-03-22 15:01:38,0.06116100,0.02000000
2018-03-22 15:01:38,0.06116100,0.38200000
2018-03-22 15:01:39,0.06116100,0.48100000
2018-03-22 15:01:39,0.06116100,0.01700000
2018-03-22 15:01:39,0.06116100,0.37900000
2018-03-22 15:01:39,0.06116100,0.15200000
2018-03-22 15:01:39,0.06116100,0.29100000
2018-03-22 15:01:39,0.06116100,1.76200000
2018-03-22 15:01:39,0.06116100,0.58100000
2018-03-22 15:01:39,0.06116100,0.16600000
2018-03-22 15:01:39,0.06116100,0.02600000
2018-03-22 15:01:39,0.06116100,0.02700000
2018-03-22 15:01:39,0.06116100,0.06400000
2018-03-22 15:01:39,0.06116100,0.01300000
2018-03-22 15:01:39,0.06109500,0.01500000
2018-03-22 15:01:39,0.06116600,0.24000000
2018-03-22 15:01:40,0.06110000,0.26000000
2018-03-22 15:01:40,0.06109500,0.24500000
2018-03-22 15:01:40,0.06108700,0.06800000
2018-03-22 15:01:40,0.06108400,0.10000000
2018-03-22 15:01:40,0.06108200,0.23000000
2018-03-22 15:01:40,0.06107600,0.51700000
2018-03-22 15:01:40,0.06108400,0.10000000
2018-03-22 15:01:40,0.06108200,0.03000000
2018-03-22 15:01:40,0.06107600,0.00100000
2018-03-22 15:01:40,0.06108200,0.20000000
2018-03-22 15:01:40,0.06106300,0.66700000
2018-03-22 15:01:40,0.06104300,0.38900000
2018-03-22 15:01:40,0.06103900,0.97000000
2018-03-22 15:01:40,0.06108400,0.10000000
2018-03-22 15:01:40,0.06108200,0.23000000
2018-03-22 15:01:40,0.06116600,0.29800000
2018-03-22 15:01:40,0.06110000,0.29700000
2018-03-22 15:01:40,0.06110000,0.08200000
2018-03-22 15:01:41,0.06108400,0.10000000
2018-03-22 15:01:41,0.06108200,0.23000000
2018-03-22 15:01:41,0.06107700,0.90900000
2018-03-22 15:01:41,0.06110000,0.02100000
2018-03-22 15:01:41,0.06112000,0.03000000
2018-03-22 15:01:41,0.06108400,0.10000000
2018-03-22 15:01:41,0.06108200,0.23000000
2018-03-22 15:01:41,0.06107700,1.15700000
2018-03-22 15:01:41,0.06110000,0.11400000
2018-03-22 15:01:42,0.06110000,0.13100000
2018-03-22 15:01:42,0.06110000,0.26900000
2018-03-22 15:01:42,0.06115800,0.26100000
2018-03-22 15:01:42,0.06115800,0.06900000
2018-03-22 15:01:42,0.06109500,0.40000000
2018-03-22 15:01:43,0.06115800,0.23000000
2018-03-22 15:01:43,0.06109500,0.88300000
2018-03-22 15:01:43,0.06109500,1.51300000
2018-03-22 15:01:43,0.06116000,0.06000000
2018-03-22 15:01:43,0.06109500,0.02500000
2018-03-22 15:01:43,0.06108400,0.10000000
2018-03-22 15:01:43,0.06108200,0.20000000
2018-03-22 15:01:43,0.06103900,0.07500000
2018-03-22 15:01:44,0.06115600,0.59900000
2018-03-22 15:01:44,0.06109500,0.40000000
2018-03-22 15:01:44,0.06110000,0.06000000
2018-03-22 15:01:44,0.06106300,0.00500000
2018-03-22 15:01:45,0.06115500,0.05900000
2018-03-22 15:01:45,0.06115500,0.70000000
2018-03-22 15:01:45,0.06115400,0.03000000
2018-03-22 15:01:45,0.06115000,0.05000000
2018-03-22 15:01:46,0.06108600,0.40000000
2018-03-22 15:01:46,0.06108600,0.03600000
2018-03-22 15:01:46,0.06106300,0.29500000
2018-03-22 15:01:46,0.06104000,0.09400000
2018-03-22 15:01:46,0.06104000,0.01600000
2018-03-22 15:01:47,0.06115000,0.30900000
2018-03-22 15:01:47,0.06114900,0.07600000
2018-03-22 15:01:47,0.06114900,0.03100000
2018-03-22 15:01:47,0.06114900,0.03000000
2018-03-22 15:01:47,0.06114800,0.07900000
2018-03-22 15:01:48,0.06114700,0.06200000
2018-03-22 15:01:48,0.06114800,0.27800000
2018-03-22 15:01:48,0.06114800,0.04000000
2018-03-22 15:01:48,0.06114800,0.47000000
2018-03-22 15:01:48,0.06107000,0.01700000
2018-03-22 15:01:49,0.06114800,0.33000000
2018-03-22 15:01:49,0.06107100,0.03100000
2018-03-22 15:01:49,0.06114800,0.33000000
2018-03-22 15:01:49,0.06109500,0.26200000
2018-03-22 15:01:49,0.06114800,0.26100000
2018-03-22 15:01:50,0.06109600,0.02300000
2018-03-22 15:01:50,0.06109600,0.40000000
2018-03-22 15:01:50,0.06114800,0.22600000
2018-03-22 15:01:50,0.06114900,0.68000000
2018-03-22 15:01:50,0.06115500,0.25300000
2018-03-22 15:01:50,0.06109800,0.02500000
2018-03-22 15:01:50,0.06115000,0.02000000
2018-03-22 15:01:51,0.06116200,0.20000000
2018-03-22 15:01:51,0.06117000,1.39300000
2018-03-22 15:01:51,0.06115600,0.43600000
2018-03-22 15:01:51,0.06117000,0.41400000
2018-03-22 15:01:51,0.06116100,0.03100000
2018-03-22 15:01:51,0.06117000,0.35900000
2018-03-22 15:01:51,0.06117000,0.27800000
2018-03-22 15:01:51,0.06109800,4.88100000
2018-03-22 15:01:51,0.06109800,3.27800000
2018-03-22 15:01:51,0.06117100,3.90100000
2018-03-22 15:01:51,0.06117200,0.21500000
2018-03-22 15:01:51,0.06116600,0.15900000
2018-03-22 15:01:51,0.06116600,0.02300000
2018-03-22 15:01:51,0.06116600,0.02300000
2018-03-22 15:01:52,0.06115000,0.40000000
2018-03-22 15:01:52,0.06116600,0.18400000
2018-03-22 15:01:52,0.06117200,0.13500000
2018-03-22 15:01:52,0.06117200,0.04000000
2018-03-22 15:01:52,0.06117200,3.49900000
2018-03-22 15:01:52,0.06117200,3.48700000
2018-03-22 15:01:52,0.06117100,0.06600000
2018-03-22 15:01:52,0.06117200,1.85000000
2018-03-22 15:01:53,0.06117200,1.77500000
2018-03-22 15:01:53,0.06110000,1.77000000
2018-03-22 15:01:53,0.06117100,0.26000000
2018-03-22 15:01:54,0.06117000,0.02000000
2018-03-22 15:01:54,0.06117000,0.11500000
2018-03-22 15:01:55,0.06117000,0.04000000
2018-03-22 15:01:56,0.06116800,1.63000000
2018-03-22 15:01:56,0.06116800,0.47500000
2018-03-22 15:01:56,0.06110200,0.16400000
2018-03-22 15:01:57,0.06116800,0.04400000
2018-03-22 15:01:57,0.06117000,0.15200000
2018-03-22 15:01:57,0.06117200,1.65900000
2018-03-22 15:01:58,0.06110300,1.49000000
2018-03-22 15:01:58,0.06110300,0.38500000
2018-03-22 15:01:59,0.06110500,0.06500000
2018-03-22 15:01:59,0.06117000,0.04000000
2018-03-22 15:02:00,0.06117000,0.20400000
2018-03-22 15:02:00,0.06117200,4.19400000
2018-03-22 15:02:00,0.06117500,0.10000000
2018-03-22 15:02:02,0.06110800,0.30300000
2018-03-22 15:02:02,0.06110800,0.25700000
2018-03-22 15:02:02,0.06118600,0.22000000
2018-03-22 15:02:02,0.06111000,0.02200000
2018-03-22 15:02:02,0.06118800,0.02300000
2018-03-22 15:02:03,0.06118800,0.14400000
2018-03-22 15:02:03,0.06118800,0.05500000
2018-03-22 15:02:03,0.06111000,0.12000000
2018-03-22 15:02:03,0.06118000,0.03000000
2018-03-22 15:02:03,0.06118000,0.56000000
2018-03-22 15:02:03,0.06118800,0.04200000
2018-03-22 15:02:03,0.06118900,2.44000000
2018-03-22 15:02:03,0.06118900,0.56000000
2018-03-22 15:02:03,0.06119000,0.56800000
2018-03-22 15:02:03,0.06119000,0.84800000
2018-03-22 15:02:03,0.06119000,0.73300000
2018-03-22 15:02:03,0.06119000,0.63500000
2018-03-22 15:02:03,0.06119000,0.55300000
2018-03-22 15:02:03,0.06119000,0.48500000
2018-03-22 15:02:03,0.06119000,0.22800000
2018-03-22 15:02:03,0.06117000,0.06100000
2018-03-22 15:02:03,0.06118700,0.06500000
2018-03-22 15:02:04,0.06118700,0.06500000
2018-03-22 15:02:04,0.06118700,0.65000000
2018-03-22 15:02:04,0.06118700,0.57000000
2018-03-22 15:02:04,0.06118700,0.45000000
2018-03-22 15:02:04,0.06118600,0.03900000
2018-03-22 15:02:04,0.06118700,3.73700000
2018-03-22 15:02:04,0.06118700,2.38200000
2018-03-22 15:02:04,0.06118700,0.28400000
2018-03-22 15:02:04,0.06119000,0.02400000
2018-03-22 15:02:05,0.06119000,0.02400000
2018-03-22 15:02:06,0.06119100,0.40000000
2018-03-22 15:02:06,0.06118600,0.05000000
2018-03-22 15:02:06,0.06118600,0.10400000
2018-03-22 15:02:06,0.06118600,0.00100000
2018-03-22 15:02:06,0.06117000,0.00100000
2018-03-22 15:02:06,0.06111300,0.10200000
2018-03-22 15:02:06,0.06111300,0.10400000
2018-03-22 15:02:06,0.06119000,0.07000000
2018-03-22 15:02:06,0.06119700,0.05000000
2018-03-22 15:02:06,0.06120000,4.00000000
2018-03-22 15:02:06,0.06120300,0.20000000
2018-03-22 15:02:06,0.06120400,0.09300000
2018-03-22 15:02:06,0.06120400,0.01700000
2018-03-22 15:02:06,0.06120600,0.05300000
2018-03-22 15:02:06,0.06122500,1.18700000
2018-03-22 15:02:07,0.06122500,0.29700000
2018-03-22 15:02:07,0.06122400,0.12500000
2018-03-22 15:02:07,0.06112000,0.18400000
2018-03-22 15:02:07,0.06122400,0.20600000
2018-03-22 15:02:07,0.06122400,0.36400000
2018-03-22 15:02:07,0.06122500,1.42600000
2018-03-22 15:02:07,0.06122900,0.08000000
2018-03-22 15:02:07,0.06112200,0.11600000
2018-03-22 15:02:07,0.06112200,0.14000000
2018-03-22 15:02:08,0.06112200,0.06300000
2018-03-22 15:02:08,0.06121000,0.64700000
2018-03-22 15:02:08,0.06121000,0.44900000
2018-03-22 15:02:08,0.06121000,0.33300000
2018-03-22 15:02:08,0.06121000,0.24700000
2018-03-22 15:02:08,0.06121000,0.18200000
2018-03-22 15:02:08,0.06121000,0.13400000
2018-03-22 15:02:08,0.06112400,0.20000000
2018-03-22 15:02:08,0.06112300,0.20000000
2018-03-22 15:02:08,0.06112300,0.13200000
2018-03-22 15:02:08,0.06113300,0.11600000
2018-03-22 15:02:08,0.06113300,0.00400000
2018-03-22 15:02:09,0.06120800,0.31900000
2018-03-22 15:02:09,0.06120900,0.16200000
2018-03-22 15:02:09,0.06121000,1.52700000
2018-03-22 15:02:09,0.06120900,0.03500000
2018-03-22 15:02:09,0.06121000,0.44600000
2018-03-22 15:02:09,0.06115700,0.07900000
2018-03-22 15:02:09,0.06121000,0.03500000
2018-03-22 15:02:09,0.06123800,0.05000000
2018-03-22 15:02:09,0.06124200,0.00900000
2018-03-22 15:02:09,0.06115800,0.23000000
2018-03-22 15:02:09,0.06115700,0.76900000
2018-03-22 15:02:09,0.06115700,0.11000000
2018-03-22 15:02:09,0.06115800,0.23000000
2018-03-22 15:02:09,0.06115700,2.48700000
2018-03-22 15:02:09,0.06124200,0.13500000
2018-03-22 15:02:09,0.06124200,0.18000000
2018-03-22 15:02:09,0.06115800,0.03700000
2018-03-22 15:02:10,0.06116100,0.03200000
2018-03-22 15:02:10,0.06116100,0.29600000
2018-03-22 15:02:10,0.06116100,0.11600000
2018-03-22 15:02:10,0.06121100,0.19300000
2018-03-22 15:02:10,0.06121100,0.10500000
2018-03-22 15:02:10,0.06121100,0.10200000
2018-03-22 15:02:11,0.06123200,0.12000000
2018-03-22 15:02:11,0.06123200,0.28000000
2018-03-22 15:02:11,0.06116300,0.21000000
2018-03-22 15:02:11,0.06124100,0.07300000
2018-03-22 15:02:11,0.06116300,0.09900000
2018-03-22 15:02:11,0.06116400,0.02500000
2018-03-22 15:02:12,0.06116500,0.10000000
2018-03-22 15:02:12,0.06116400,1.12500000
2018-03-22 15:02:12,0.06116500,0.10000000
2018-03-22 15:02:12,0.06116500,0.22900000
2018-03-22 15:02:13,0.06116600,0.62100000
2018-03-22 15:02:13,0.06123900,0.06400000
2018-03-22 15:02:13,0.06117000,0.05000000
2018-03-22 15:02:14,0.06117100,1.73000000
2018-03-22 15:02:14,0.06121100,0.04600000
2018-03-22 15:02:15,0.06121000,0.16000000
2018-03-22 15:02:15,0.06121100,0.17900000
2018-03-22 15:02:15,0.06117100,0.05000000
2018-03-22 15:02:15,0.06121100,0.14200000
2018-03-22 15:02:15,0.06121100,0.03200000
2018-03-22 15:02:15,0.06121100,0.00100000
2018-03-22 15:02:15,0.06123800,0.25300000
2018-03-22 15:02:15,0.06124000,0.33000000
2018-03-22 15:02:15,0.06124100,0.40000000
2018-03-22 15:02:15,0.06124400,0.30300000
2018-03-22 15:02:15,0.06124500,8.89900000
2018-03-22 15:02:15,0.06124600,0.05000000
2018-03-22 15:02:15,0.06125000,0.17000000
2018-03-22 15:02:15,0.06125900,5.50000000
2018-03-22 15:02:15,0.06126000,3.76500000
2018-03-22 15:02:15,0.06124000,0.33000000
2018-03-22 15:02:15,0.06126000,0.98500000
2018-03-22 15:02:15,0.06126000,0.25000000
2018-03-22 15:02:15,0.06126400,0.08000000
2018-03-22 15:02:15,0.06117100,0.05000000
2018-03-22 15:02:16,0.06117200,0.10400000
2018-03-22 15:02:16,0.06123300,0.40000000
2018-03-22 15:02:16,0.06123400,0.71600000
2018-03-22 15:02:16,0.06123500,0.89700000
2018-03-22 15:02:16,0.06124000,0.33000000
2018-03-22 15:02:16,0.06126000,0.02900000
2018-03-22 15:02:16,0.06127300,0.12000000
2018-03-22 15:02:16,0.06128700,0.15900000
2018-03-22 15:02:16,0.06128800,1.14500000
2018-03-22 15:02:16,0.06117200,0.22200000
2018-03-22 15:02:17,0.06124000,0.04700000
2018-03-22 15:02:17,0.06124000,0.02300000
2018-03-22 15:02:17,0.06124000,0.01000000
2018-03-22 15:02:17,0.06117400,0.16900000
2018-03-22 15:02:17,0.06126000,2.28400000
2018-03-22 15:02:17,0.06126000,0.80700000
2018-03-22 15:02:17,0.06126000,0.28900000
2018-03-22 15:02:17,0.06126000,0.10900000
2018-03-22 15:02:17,0.06117400,0.17800000
2018-03-22 15:02:17,0.06126000,0.51100000
2018-03-22 15:02:18,0.06118600,0.57300000
2018-03-22 15:02:18,0.06119100,0.43200000
2018-03-22 15:02:19,0.06119200,0.02900000
2018-03-22 15:02:19,0.06123800,0.04700000
2018-03-22 15:02:19,0.06120700,0.20200000
2018-03-22 15:02:19,0.06120700,0.59300000
2018-03-22 15:02:19,0.06120700,0.18500000
2018-03-22 15:02:19,0.06119300,0.21500000
2018-03-22 15:02:19,0.06123300,0.09000000
2018-03-22 15:02:20,0.06123300,0.04700000
2018-03-22 15:02:20,0.06123200,0.21500000
2018-03-22 15:02:20,0.06123300,0.09400000
2018-03-22 15:02:21,0.06119400,0.00900000
2018-03-22 15:02:21,0.06123300,0.22600000
2018-03-22 15:02:21,0.06123300,0.00100000
2018-03-22 15:02:21,0.06123800,0.20700000
2018-03-22 15:02:21,0.06119400,0.66800000
2018-03-22 15:02:21,0.06119400,0.58500000
2018-03-22 15:02:21,0.06119300,0.58600000
2018-03-22 15:02:21,0.06129800,0.14700000
2018-03-22 15:02:21,0.06129900,0.22100000
2018-03-22 15:02:21,0.06129900,0.34100000
2018-03-22 15:02:21,0.06130000,0.02800000
2018-03-22 15:02:21,0.06119500,0.18800000
2018-03-22 15:02:22,0.06130000,0.10000000
2018-03-22 15:02:22,0.06130100,0.07200000
2018-03-22 15:02:22,0.06130200,0.39800000
2018-03-22 15:02:22,0.06130000,0.02300000
2018-03-22 15:02:22,0.06119600,0.12600000
2018-03-22 15:02:22,0.06119600,0.12600000
2018-03-22 15:02:22,0.06119600,0.12600000
2018-03-22 15:02:22,0.06129800,0.25000000
2018-03-22 15:02:22,0.06129800,0.24900000
2018-03-22 15:02:22,0.06120000,0.26000000
2018-03-22 15:02:22,0.06119600,0.00400000
2018-03-22 15:02:22,0.06119600,0.25900000
2018-03-22 15:02:22,0.06119700,0.25400000
2018-03-22 15:02:22,0.06119600,0.14600000
2018-03-22 15:02:23,0.06129800,0.06200000
2018-03-22 15:02:23,0.06119800,1.19600000
2018-03-22 15:02:23,0.06120000,0.18400000
2018-03-22 15:02:23,0.06119900,0.62300000
2018-03-22 15:02:23,0.06119800,0.05900000
2018-03-22 15:02:23,0.06128300,0.93000000
2018-03-22 15:02:23,0.06128300,0.05000000
2018-03-22 15:02:23,0.06119800,0.04800000
2018-03-22 15:02:23,0.06129700,0.13800000
2018-03-22 15:02:24,0.06129600,0.78700000
2018-03-22 15:02:24,0.06129700,0.40400000
2018-03-22 15:02:24,0.06129700,0.10900000
2018-03-22 15:02:25,0.06120100,0.09400000
2018-03-22 15:02:25,0.06121200,0.08000000
2018-03-22 15:02:25,0.06121200,0.47700000
2018-03-22 15:02:26,0.06121400,1.21600000
2018-03-22 15:02:26,0.06121400,0.94300000
2018-03-22 15:02:26,0.06122200,0.06200000
2018-03-22 15:02:26,0.06122200,0.33800000
2018-03-22 15:02:26,0.06121400,0.10700000
2018-03-22 15:02:26,0.06122000,0.08000000
2018-03-22 15:02:26,0.06122000,0.12900000
2018-03-22 15:02:27,0.06121500,0.08700000
2018-03-22 15:02:27,0.06122000,0.05100000
2018-03-22 15:02:27,0.06121600,0.09600000
2018-03-22 15:02:27,0.06121600,0.06400000
2018-03-22 15:02:27,0.06121700,1.49800000
2018-03-22 15:02:28,0.06121700,0.69400000
2018-03-22 15:02:28,0.06121700,0.26300000
2018-03-22 15:02:28,0.06121500,0.16900000
2018-03-22 15:02:28,0.06121700,0.54100000
2018-03-22 15:02:28,0.06122200,0.38700000
2018-03-22 15:02:28,0.06122200,0.01300000
2018-03-22 15:02:28,0.06121600,0.38300000
2018-03-22 15:02:28,0.06121400,0.01700000
2018-03-22 15:02:29,0.06122700,0.67400000
2018-03-22 15:02:29,0.06121600,0.33000000
2018-03-22 15:02:29,0.06121400,0.22800000
2018-03-22 15:02:29,0.06119600,0.11400000
2018-03-22 15:02:29,0.06119600,0.02200000
2018-03-22 15:02:29,0.06119600,0.04400000
2018-03-22 15:02:29,0.06119600,0.19900000
2018-03-22 15:02:30,0.06121700,0.04000000
2018-03-22 15:02:30,0.06121700,0.11700000
2018-03-22 15:02:30,0.06121700,3.13500000
2018-03-22 15:02:30,0.06120000,0.01200000
2018-03-22 15:02:31,0.06122200,0.40000000
2018-03-22 15:02:31,0.06120100,2.47900000
2018-03-22 15:02:31,0.06121600,0.51900000
2018-03-22 15:02:31,0.06124200,0.07200000
2018-03-22 15:02:31,0.06124200,0.00100000
2018-03-22 15:02:32,0.06121600,0.44700000
2018-03-22 15:02:32,0.06122300,0.06000000
2018-03-22 15:02:32,0.06121600,0.30400000
2018-03-22 15:02:32,0.06121600,0.18600000
2018-03-22 15:02:32,0.06121600,0.10000000
2018-03-22 15:02:33,0.06121600,0.38600000
2018-03-22 15:02:33,0.06120100,0.21900000
2018-03-22 15:02:33,0.06119800,0.16000000
2018-03-22 15:02:33,0.06119200,0.00700000
2018-03-22 15:02:33,0.06122300,0.25500000
2018-03-22 15:02:33,0.06121900,0.09500000
2018-03-22 15:02:33,0.06121900,0.10900000
2018-03-22 15:02:33,0.06122000,0.49000000
2018-03-22 15:02:33,0.06122000,0.19700000
2018-03-22 15:02:33,0.06122000,0.19000000
2018-03-22 15:02:33,0.06121900,0.08600000
2018-03-22 15:02:33,0.06121900,0.44100000
2018-03-22 15:02:34,0.06121900,0.00200000
2018-03-22 15:02:34,0.06121600,0.11500000
2018-03-22 15:02:34,0.06119200,0.02800000
2018-03-22 15:02:34,0.06121600,0.07300000
2018-03-22 15:02:35,0.06124200,0.06200000
2018-03-22 15:02:36,0.06124200,0.01000000
2018-03-22 15:02:36,0.06126600,0.10300000
2018-03-22 15:02:36,0.06123900,0.03100000
2018-03-22 15:02:36,0.06119200,0.03500000
2018-03-22 15:02:36,0.06124200,0.69400000
2018-03-22 15:02:36,0.06124200,0.26900000
2018-03-22 15:02:36,0.06124200,1.10000000
2018-03-22 15:02:36,0.06124200,0.03600000
2018-03-22 15:02:36,0.06124200,0.02000000
2018-03-22 15:02:37,0.06126600,0.11300000
2018-03-22 15:02:37,0.06124200,1.31000000
2018-03-22 15:02:37,0.06124200,0.17800000
2018-03-22 15:02:37,0.06124200,1.16000000
2018-03-22 15:02:37,0.06124200,0.18000000
2018-03-22 15:02:37,0.06124200,0.28400000
2018-03-22 15:02:37,0.06118900,0.16400000
2018-03-22 15:02:38,0.06126600,0.11300000
2018-03-22 15:02:38,0.06119000,0.01700000
2018-03-22 15:02:38,0.06119000,0.02300000
2018-03-22 15:02:38,0.06119100,0.23000000
2018-03-22 15:02:38,0.06119000,2.63700000
2018-03-22 15:02:38,0.06119200,0.47300000
2018-03-22 15:02:38,0.06119200,0.47300000
2018-03-22 15:02:39,0.06119200,1.22100000
2018-03-22 15:02:39,0.06126400,0.11000000
2018-03-22 15:02:39,0.06126400,0.32100000
2018-03-22 15:02:39,0.06126400,0.11000000
2018-03-22 15:02:39,0.06119200,2.82800000
2018-03-22 15:02:40,0.06126400,0.09000000
2018-03-22 15:02:40,0.06126400,0.03300000
2018-03-22 15:02:40,0.06126400,0.09900000
2018-03-22 15:02:41,0.06119300,1.16300000
2018-03-22 15:02:41,0.06119200,0.45700000
2018-03-22 15:02:41,0.06119200,1.64800000
2018-03-22 15:02:41,0.06119100,1.73700000
2018-03-22 15:02:41,0.06126300,0.06600000
2018-03-22 15:02:42,0.06126300,0.62500000
2018-03-22 15:02:42,0.06126300,0.11300000
2018-03-22 15:02:42,0.06126200,0.30800000
2018-03-22 15:02:42,0.06120900,0.05900000
2018-03-22 15:02:42,0.06126200,0.02000000
2018-03-22 15:02:42,0.06120900,0.37600000
2018-03-22 15:02:42,0.06119400,0.13000000
2018-03-22 15:02:42,0.06118300,0.10000000
2018-03-22 15:02:42,0.06118000,0.20000000
2018-03-22 15:02:42,0.06117200,0.00500000
2018-03-22 15:02:43,0.06126100,0.11300000
2018-03-22 15:02:43,0.06126000,0.02200000
2018-03-22 15:02:43,0.06119300,0.03300000
2018-03-22 15:02:43,0.06117900,0.00500000
2018-03-22 15:02:44,0.06125900,0.11300000
2018-03-22 15:02:44,0.06118500,0.10000000
2018-03-22 15:02:45,0.06125700,0.11300000
2018-03-22 15:02:45,0.06118500,0.01300000
2018-03-22 15:02:45,0.06118400,2.49900000
2018-03-22 15:02:45,0.06118200,0.23000000
2018-03-22 15:02:45,0.06118100,0.10000000
2018-03-22 15:02:45,0.06118000,0.58200000
2018-03-22 15:02:45,0.06125600,0.10000000
2018-03-22 15:02:46,0.06125500,0.11300000
2018-03-22 15:02:46,0.06118200,0.23000000
2018-03-22 15:02:46,0.06118000,3.59900000
2018-03-22 15:02:46,0.06117900,0.46600000
2018-03-22 15:02:46,0.06117800,0.43500000
2018-03-22 15:02:46,0.06117200,1.99500000
2018-03-22 15:02:46,0.06115500,0.38900000
2018-03-22 15:02:46,0.06115400,0.79200000
2018-03-22 15:02:46,0.06118000,0.35000000
2018-03-22 15:02:46,0.06116700,0.20000000
2018-03-22 15:02:46,0.06115400,0.27200000
2018-03-22 15:02:46,0.06125400,0.94600000
2018-03-22 15:02:46,0.06125500,1.89800000
2018-03-22 15:02:46,0.06125400,0.23000000
2018-03-22 15:02:46,0.06125500,0.25900000
2018-03-22 15:02:47,0.06125300,0.11300000
2018-03-22 15:02:47,0.06125300,0.08100000
2018-03-22 15:02:47,0.06125300,0.23800000
2018-03-22 15:02:47,0.06125000,0.18000000
2018-03-22 15:02:48,0.06125000,0.08000000
2018-03-22 15:02:48,0.06125200,0.03300000
2018-03-22 15:02:48,0.06122000,0.62900000
2018-03-22 15:02:48,0.06124900,1.73600000
2018-03-22 15:02:48,0.06124900,0.05700000
2018-03-22 15:02:48,0.06125000,0.10000000
2018-03-22 15:02:48,0.06125200,0.10400000
2018-03-22 15:02:48,0.06125000,0.10000000
2018-03-22 15:02:48,0.06125200,0.51800000
2018-03-22 15:02:48,0.06125000,0.10000000
2018-03-22 15:02:48,0.06125200,0.02400000
2018-03-22 15:02:48,0.06125000,0.33000000
2018-03-22 15:02:48,0.06125200,0.17300000
2018-03-22 15:02:48,0.06125000,0.10000000
2018-03-22 15:02:48,0.06125000,0.27000000
2018-03-22 15:02:48,0.06125200,1.70200000
2018-03-22 15:02:48,0.06125100,0.12400000
2018-03-22 15:02:48,0.06125200,0.08900000
2018-03-22 15:02:49,0.06125000,0.11300000
2018-03-22 15:02:49,0.06124900,0.39700000
2018-03-22 15:02:49,0.06125200,0.42900000
2018-03-22 15:02:49,0.06124900,0.13000000
2018-03-22 15:02:50,0.06124900,0.11300000
2018-03-22 15:02:50,0.06124900,0.18000000
2018-03-22 15:02:50,0.06124900,6.20500000
2018-03-22 15:02:50,0.06125100,0.21900000
2018-03-22 15:02:50,0.06125200,0.42100000
2018-03-22 15:02:50,0.06125200,0.42100000
2018-03-22 15:02:50,0.06125300,0.02900000
2018-03-22 15:02:51,0.06124900,0.11300000
2018-03-22 15:02:51,0.06124900,0.03000000
2018-03-22 15:02:51,0.06124900,0.57000000
2018-03-22 15:02:51,0.06125900,0.02400000
2018-03-22 15:02:51,0.06125900,0.10600000
2018-03-22 15:02:51,0.06126600,0.49300000
2018-03-22 15:02:51,0.06124900,0.19500000
2018-03-22 15:02:51,0.06124900,1.57000000
2018-03-22 15:02:51,0.06124900,0.21400000
2018-03-22 15:02:52,0.06124900,0.11300000
2018-03-22 15:02:52,0.06124900,0.40700000
2018-03-22 15:02:52,0.06125800,0.08700000
2018-03-22 15:02:52,0.06125800,0.21400000
2018-03-22 15:02:52,0.06119100,0.46100000
2018-03-22 15:02:52,0.06119000,0.49000000
2018-03-22 15:02:52,0.06118600,0.72400000
2018-03-22 15:02:53,0.06124900,0.02900000
2018-03-22 15:02:53,0.06124900,0.08300000
2018-03-22 15:02:53,0.06124900,0.00100000
2018-03-22 15:02:53,0.06118700,0.08300000
2018-03-22 15:02:53,0.06118700,0.08300000
2018-03-22 15:02:53,0.06118700,0.08300000
2018-03-22 15:02:53,0.06118700,0.08100000
2018-03-22 15:02:53,0.06118300,0.00200000
2018-03-22 15:02:53,0.06118700,0.08300000
2018-03-22 15:02:53,0.06125800,0.04000000
2018-03-22 15:02:53,0.06118800,0.15900000
2018-03-22 15:02:53,0.06118800,0.34700000
2018-03-22 15:02:54,0.06125800,0.17800000
2018-03-22 15:02:54,0.06125800,0.24900000
2018-03-22 15:02:55,0.06124900,1.01200000
2018-03-22 15:02:55,0.06124900,0.17800000
2018-03-22 15:02:55,0.06124900,0.46400000
2018-03-22 15:02:55,0.06118800,0.18900000
2018-03-22 15:02:56,0.06124900,0.00100000
2018-03-22 15:02:56,0.06125700,0.07000000
2018-03-22 15:02:56,0.06125700,0.21400000
2018-03-22 15:02:56,0.06125700,0.09000000
2018-03-22 15:02:57,0.06125000,0.26000000
2018-03-22 15:02:57,0.06125600,0.18900000
2018-03-22 15:02:57,0.06125700,0.06000000
2018-03-22 15:02:57,0.06125700,0.53300000
2018-03-22 15:02:57,0.06125800,0.00100000
2018-03-22 15:02:57,0.06126600,0.52200000
2018-03-22 15:02:58,0.06126500,1.63000000
2018-03-22 15:02:58,0.06126500,0.80900000
2018-03-22 15:02:59,0.06119300,0.06500000
2018-03-22 15:03:00,0.06126500,0.00100000
2018-03-22 15:03:00,0.06126600,0.04000000
2018-03-22 15:03:01,0.06126600,0.41600000
2018-03-22 15:03:01,0.06126600,0.00100000
2018-03-22 15:03:01,0.06126700,0.21500000
2018-03-22 15:03:01,0.06126700,0.06000000
2018-03-22 15:03:01,0.06126700,0.12800000
2018-03-22 15:03:01,0.06126700,0.34700000
2018-03-22 15:03:01,0.06126800,0.08100000
2018-03-22 15:03:01,0.06127100,0.22600000
2018-03-22 15:03:01,0.06126800,0.00100000
2018-03-22 15:03:01,0.06126700,0.16200000
2018-03-22 15:03:02,0.06126700,0.18400000
2018-03-22 15:03:02,0.06126700,0.00100000
2018-03-22 15:03:02,0.06119600,0.07300000
2018-03-22 15:03:02,0.06127100,0.07100000
2018-03-22 15:03:02,0.06127100,0.00600000
2018-03-22 15:03:02,0.06128200,0.23000000
2018-03-22 15:03:02,0.06128300,0.04800000
2018-03-22 15:03:02,0.06119700,0.03700000
2018-03-22 15:03:02,0.06128200,0.17800000
2018-03-22 15:03:03,0.06119700,0.19100000
2018-03-22 15:03:03,0.06128100,0.10300000
2018-03-22 15:03:03,0.06128100,0.71900000
2018-03-22 15:03:03,0.06129400,0.17900000
2018-03-22 15:03:03,0.06129500,0.40000000
2018-03-22 15:03:03,0.06129800,0.02900000
2018-03-22 15:03:03,0.06128200,0.03000000
2018-03-22 15:03:03,0.06129900,0.20300000
2018-03-22 15:03:04,0.06129900,0.13600000
2018-03-22 15:03:04,0.06130000,0.15100000
2018-03-22 15:03:04,0.06130000,0.56300000
2018-03-22 15:03:04,0.06130000,0.06600000
2018-03-22 15:03:04,0.06130000,0.15000000
2018-03-22 15:03:04,0.06130000,0.72500000
2018-03-22 15:03:05,0.06130000,0.18000000
2018-03-22 15:03:05,0.06129500,0.40000000
2018-03-22 15:03:05,0.06130000,1.76500000
2018-03-22 15:03:05,0.06130000,0.40000000
2018-03-22 15:03:05,0.06130500,0.72500000
2018-03-22 15:03:05,0.06130500,0.46900000
2018-03-22 15:03:06,0.06130500,0.41400000
2018-03-22 15:03:06,0.06130500,0.09900000
2018-03-22 15:03:06,0.06130500,0.00100000
2018-03-22 15:03:06,0.06131300,0.05600000
2018-03-22 15:03:06,0.06132800,1.06400000
2018-03-22 15:03:06,0.06132900,0.90700000
2018-03-22 15:03:06,0.06130500,0.10000000
2018-03-22 15:03:06,0.06121600,0.03600000
2018-03-22 15:03:07,0.06121600,0.04400000
2018-03-22 15:03:07,0.06121600,0.10100000
2018-03-22 15:03:07,0.06121100,0.00800000
2018-03-22 15:03:07,0.06130900,0.09900000
2018-03-22 15:03:07,0.06121700,0.09900000
2018-03-22 15:03:07,0.06130900,0.00100000
2018-03-22 15:03:07,0.06131000,1.06500000
2018-03-22 15:03:07,0.06131000,1.06600000
2018-03-22 15:03:08,0.06131000,0.05000000
2018-03-22 15:03:08,0.06122000,0.22900000
2018-03-22 15:03:08,0.06130900,0.22900000
2018-03-22 15:03:08,0.06122800,0.97800000
2018-03-22 15:03:08,0.06131000,1.13900000
2018-03-22 15:03:09,0.06131000,0.14300000
2018-03-22 15:03:09,0.06130900,0.01700000
2018-03-22 15:03:09,0.06130900,0.00100000
2018-03-22 15:03:09,0.06123000,0.01600000
2018-03-22 15:03:09,0.06123000,0.01700000
2018-03-22 15:03:09,0.06123000,0.01700000
2018-03-22 15:03:09,0.06123000,0.01700000
2018-03-22 15:03:09,0.06123000,0.01700000
2018-03-22 15:03:09,0.06123000,0.01700000
2018-03-22 15:03:09,0.06123000,0.01700000
2018-03-22 15:03:09,0.06123000,0.01700000
2018-03-22 15:03:09,0.06123100,0.06100000
2018-03-22 15:03:10,0.06123300,0.10000000
2018-03-22 15:03:10,0.06123200,0.71300000
2018-03-22 15:03:10,0.06123300,0.10000000
2018-03-22 15:03:10,0.06123200,2.03900000
2018-03-22 15:03:10,0.06123300,0.33000000
2018-03-22 15:03:10,0.06123200,0.18700000
2018-03-22 15:03:10,0.06130600,0.07000000
2018-03-22 15:03:11,0.06130600,0.05900000
2018-03-22 15:03:11,0.06123500,0.09900000
2018-03-22 15:03:11,0.06130600,0.63000000
2018-03-22 15:03:11,0.06130700,0.10800000
2018-03-22 15:03:12,0.06130700,0.32100000
2018-03-22 15:03:12,0.06130700,0.02900000
2018-03-22 15:03:12,0.06132000,0.01100000
2018-03-22 15:03:13,0.06129900,0.02300000
2018-03-22 15:03:13,0.06129900,0.00700000
2018-03-22 15:03:13,0.06132000,0.02200000
2018-03-22 15:03:13,0.06124000,0.02900000
2018-03-22 15:03:13,0.06124000,0.15200000
2018-03-22 15:03:13,0.06124000,0.32100000
2018-03-22 15:03:13,0.06132000,0.02700000
2018-03-22 15:03:14,0.06132000,0.11200000
2018-03-22 15:03:14,0.06132000,1.47500000
2018-03-22 15:03:14,0.06124300,0.09900000
2018-03-22 15:03:14,0.06124500,0.53400000
2018-03-22 15:03:15,0.06131800,0.11200000
2018-03-22 15:03:15,0.06131800,0.11800000
2018-03-22 15:03:15,0.06127300,0.47100000
2018-03-22 15:03:15,0.06124500,0.31600000
2018-03-22 15:03:15,0.06124500,0.09300000
2018-03-22 15:03:15,0.06124500,0.27600000
2018-03-22 15:03:15,0.06131800,0.01200000
2018-03-22 15:03:15,0.06131900,0.17800000
2018-03-22 15:03:15,0.06131900,0.08300000
2018-03-22 15:03:16,0.06131800,0.11100000
2018-03-22 15:03:16,0.06131900,1.61800000
2018-03-22 15:03:16,0.06131800,0.00100000
2018-03-22 15:03:16,0.06124600,0.02000000
2018-03-22 15:03:16,0.06124600,0.10900000
2018-03-22 15:03:16,0.06124600,0.11100000
2018-03-22 15:03:16,0.06124600,0.11100000
2018-03-22 15:03:16,0.06124600,0.11100000
2018-03-22 15:03:16,0.06124600,0.11100000
2018-03-22 15:03:16,0.06124600,0.11100000
2018-03-22 15:03:16,0.06131900,0.84400000
2018-03-22 15:03:16,0.06126600,0.02400000
2018-03-22 15:03:16,0.06131900,0.10000000
2018-03-22 15:03:17,0.06131900,0.11200000
2018-03-22 15:03:17,0.06126600,0.18500000
2018-03-22 15:03:17,0.06131900,0.01400000
2018-03-22 15:03:17,0.06126600,0.18500000
2018-03-22 15:03:17,0.06131900,0.63600000
2018-03-22 15:03:17,0.06132200,0.01400000
2018-03-22 15:03:17,0.06126600,0.04000000
2018-03-22 15:03:17,0.06126600,0.00100000
2018-03-22 15:03:17,0.06124700,2.08000000
2018-03-22 15:03:18,0.06131800,0.11200000
2018-03-22 15:03:18,0.06131800,0.63600000
2018-03-22 15:03:18,0.06124700,0.17600000
2018-03-22 15:03:18,0.06131800,0.10600000
2018-03-22 15:03:18,0.06131800,0.19000000
2018-03-22 15:03:18,0.06131800,0.17500000
2018-03-22 15:03:18,0.06131900,0.21900000
2018-03-22 15:03:18,0.06132000,0.26000000
2018-03-22 15:03:18,0.06132200,0.08600000
2018-03-22 15:03:18,0.06132300,0.23000000
2018-03-22 15:03:18,0.06132700,0.49300000
2018-03-22 15:03:18,0.06133000,0.37700000
2018-03-22 15:03:18,0.06132200,0.10000000
2018-03-22 15:03:18,0.06132700,0.10000000
2018-03-22 15:03:18,0.06132700,0.05800000
2018-03-22 15:03:18,0.06132700,0.14400000
2018-03-22 15:03:18,0.06132700,0.08000000
2018-03-22 15:03:18,0.06132700,0.50200000
2018-03-22 15:03:18,0.06132700,0.01600000
2018-03-22 15:03:18,0.06124800,0.02700000
2018-03-22 15:03:19,0.06132200,0.08400000
2018-03-22 15:03:19,0.06131800,0.11100000
2018-03-22 15:03:19,0.06131800,0.00100000
2018-03-22 15:03:19,0.06126600,0.11000000
2018-03-22 15:03:19,0.06126600,0.11100000
2018-03-22 15:03:19,0.06133000,0.08300000
2018-03-22 15:03:19,0.06126600,0.11000000
2018-03-22 15:03:19,0.06133000,6.28300000
2018-03-22 15:03:19,0.06133000,0.00100000
2018-03-22 15:03:19,0.06133100,0.79600000
2018-03-22 15:03:19,0.06132100,0.10000000
2018-03-22 15:03:20,0.06132100,0.11400000
2018-03-22 15:03:20,0.06132100,0.00200000
2018-03-22 15:03:20,0.06133000,0.10000000
2018-03-22 15:03:20,0.06133000,0.01000000
2018-03-22 15:03:20,0.06125200,0.09900000
2018-03-22 15:03:20,0.06133100,0.05900000
2018-03-22 15:03:20,0.06125200,0.00100000
2018-03-22 15:03:20,0.06125100,0.10100000
2018-03-22 15:03:20,0.06125100,0.10900000
2018-03-22 15:03:20,0.06125100,0.10900000
2018-03-22 15:03:20,0.06125200,0.10000000
2018-03-22 15:03:20,0.06125100,0.00900000
2018-03-22 15:03:20,0.06133100,0.00600000
2018-03-22 15:03:20,0.06133500,0.79500000
2018-03-22 15:03:20,0.06133700,0.04100000
2018-03-22 15:03:20,0.06125300,0.04700000
2018-03-22 15:03:20,0.06133700,0.02400000
2018-03-22 15:03:21,0.06132100,0.02500000
2018-03-22 15:03:21,0.06132100,0.08700000
2018-03-22 15:03:21,0.06130900,0.02400000
2018-03-22 15:03:21,0.06130900,0.11100000
2018-03-22 15:03:21,0.06130900,0.11100000
2018-03-22 15:03:21,0.06133700,0.47500000
2018-03-22 15:03:21,0.06133700,0.01200000
2018-03-22 15:03:21,0.06133800,0.14700000
2018-03-22 15:03:21,0.06133900,0.16400000
2018-03-22 15:03:21,0.06130900,0.37000000
2018-03-22 15:03:21,0.06125300,0.11000000
2018-03-22 15:03:21,0.06125300,0.14500000
2018-03-22 15:03:21,0.06133700,0.15900000
2018-03-22 15:03:21,0.06133900,0.06700000
2018-03-22 15:03:21,0.06133900,0.16900000
2018-03-22 15:03:21,0.06134000,0.24200000
2018-03-22 15:03:21,0.06131000,0.10600000
2018-03-22 15:03:21,0.06131000,0.18500000
2018-03-22 15:03:21,0.06131000,0.07700000
2018-03-22 15:03:22,0.06133500,0.16900000
2018-03-22 15:03:22,0.06133500,0.11200000
2018-03-22 15:03:22,0.06131000,0.28200000
2018-03-22 15:03:22,0.06133500,0.02100000
2018-03-22 15:03:22,0.06133600,0.10900000
2018-03-22 15:03:22,0.06133600,0.02000000
2018-03-22 15:03:22,0.06133600,0.19900000
2018-03-22 15:03:22,0.06134000,0.01500000
2018-03-22 15:03:22,0.06134000,0.19800000
2018-03-22 15:03:22,0.06134000,0.05400000
2018-03-22 15:03:22,0.06134000,0.34900000
2018-03-22 15:03:22,0.06125600,0.04500000
2018-03-22 15:03:23,0.06134000,0.11800000
2018-03-22 15:03:23,0.06134000,1.04600000
2018-03-22 15:03:23,0.06134000,0.07200000
2018-03-22 15:03:23,0.06133500,0.11100000
2018-03-22 15:03:23,0.06134000,1.30300000
2018-03-22 15:03:23,0.06134000,1.46100000
2018-03-22 15:03:23,0.06134100,0.02600000
2018-03-22 15:03:23,0.06134100,0.36800000
2018-03-22 15:03:23,0.06133900,1.00000000
2018-03-22 15:03:24,0.06133900,0.11200000
2018-03-22 15:03:24,0.06133900,1.00000000
2018-03-22 15:03:24,0.06133900,0.48700000
2018-03-22 15:03:24,0.06133900,0.40200000
2018-03-22 15:03:24,0.06134100,0.00600000
2018-03-22 15:03:24,0.06135000,0.08100000
2018-03-22 15:03:24,0.06135000,0.40900000
2018-03-22 15:03:24,0.06133600,0.13400000
2018-03-22 15:03:25,0.06133900,0.02400000
2018-03-22 15:03:25,0.06133900,0.08600000
2018-03-22 15:03:25,0.06133900,0.00200000
2018-03-22 15:03:25,0.06133600,0.04000000
2018-03-22 15:03:25,0.06133600,1.32000000
2018-03-22 15:03:25,0.06133600,0.11100000
2018-03-22 15:03:25,0.06133600,0.11100000
2018-03-22 15:03:25,0.06133600,0.41700000
2018-03-22 15:03:25,0.06133600,2.09800000
2018-03-22 15:03:25,0.06133600,0.29400000
2018-03-22 15:03:25,0.06133600,0.27400000
2018-03-22 15:03:25,0.06133600,0.07100000
2018-03-22 15:03:25,0.06133600,0.06900000
2018-03-22 15:03:25,0.06133600,0.11900000
2018-03-22 15:03:25,0.06133600,2.11000000
2018-03-22 15:03:25,0.06133600,0.02300000
2018-03-22 15:03:25,0.06135000,1.00000000
2018-03-22 15:03:25,0.06133600,0.05200000
2018-03-22 15:03:25,0.06133600,0.07600000
2018-03-22 15:03:25,0.06133600,0.20300000
2018-03-22 15:03:25,0.06133600,0.05900000
2018-03-22 15:03:25,0.06133600,0.11000000
2018-03-22 15:03:25,0.06133600,0.61500000
2018-03-22 15:03:25,0.06135000,1.00000000
2018-03-22 15:03:26,0.06133600,0.10900000
2018-03-22 15:03:26,0.06135000,0.14300000
2018-03-22 15:03:26,0.06135000,0.11200000
2018-03-22 15:03:26,0.06133600,0.35000000
2018-03-22 15:03:26,0.06133600,0.12000000
2018-03-22 15:03:26,0.06135000,1.17300000
2018-03-22 15:03:26,0.06133600,0.05800000
2018-03-22 15:03:26,0.06135000,0.08200000
2018-03-22 15:03:26,0.06135900,0.07800000
2018-03-22 15:03:26,0.06136700,0.45900000
2018-03-22 15:03:26,0.06133600,0.18000000
2018-03-22 15:03:26,0.06133600,0.18100000
2018-03-22 15:03:26,0.06136700,0.02900000
2018-03-22 15:03:26,0.06137600,0.10000000
2018-03-22 15:03:26,0.06138300,0.90000000
2018-03-22 15:03:26,0.06133600,9.54900000
2018-03-22 15:03:26,0.06133500,0.00100000
2018-03-22 15:03:26,0.06131800,0.07800000
2018-03-22 15:03:26,0.06126700,0.03900000
2018-03-22 15:03:27,0.06133600,0.11200000
2018-03-22 15:03:27,0.06133600,1.00000000
2018-03-22 15:03:27,0.06133600,0.39900000
2018-03-22 15:03:27,0.06133600,0.00700000
2018-03-22 15:03:27,0.06133600,7.78600000
2018-03-22 15:03:27,0.06134000,0.02200000
2018-03-22 15:03:28,0.06134000,0.52600000
2018-03-22 15:03:28,0.06134000,0.00100000
2018-03-22 15:03:28,0.06133900,0.33900000
2018-03-22 15:03:28,0.06135900,0.20900000
2018-03-22 15:03:28,0.06135900,0.47100000
2018-03-22 15:03:28,0.06136000,0.52900000
2018-03-22 15:03:29,0.06136000,0.73600000
2018-03-22 15:03:29,0.06136000,0.43500000
2018-03-22 15:03:30,0.06135700,0.08000000
2018-03-22 15:03:30,0.06136000,0.39300000
2018-03-22 15:03:30,0.06136000,0.47200000
2018-03-22 15:03:30,0.06136000,1.43500000
2018-03-22 15:03:30,0.06138800,0.13300000
2018-03-22 15:03:31,0.06136000,0.02900000
2018-03-22 15:03:31,0.06133900,0.46000000
2018-03-22 15:03:31,0.06133900,0.33800000
2018-03-22 15:03:31,0.06138800,2.71700000
2018-03-22 15:03:31,0.06139600,0.13500000
2018-03-22 15:03:31,0.06139700,0.05000000
2018-03-22 15:03:31,0.06140100,0.17800000
2018-03-22 15:03:31,0.06140100,0.07400000
2018-03-22 15:03:31,0.06140200,0.06000000
2018-03-22 15:03:31,0.06141400,0.49700000
2018-03-22 15:03:31,0.06141400,0.02300000
2018-03-22 15:03:31,0.06141400,0.35700000
2018-03-22 15:03:31,0.06141400,0.06300000
2018-03-22 15:03:31,0.06140100,0.10000000
2018-03-22 15:03:32,0.06140100,2.46100000
2018-03-22 15:03:32,0.06140100,0.16300000
2018-03-22 15:03:32,0.06140100,3.33200000
2018-03-22 15:03:32,0.06140100,0.77700000
2018-03-22 15:03:32,0.06140100,0.32600000
2018-03-22 15:03:32,0.06140100,0.04800000
2018-03-22 15:03:32,0.06140100,0.32600000
2018-03-22 15:03:32,0.06140100,0.42600000
2018-03-22 15:03:32,0.06140100,0.31400000
2018-03-22 15:03:32,0.06140100,1.07700000
2018-03-22 15:03:32,0.06140100,0.01000000
2018-03-22 15:03:32,0.06133900,0.38600000
2018-03-22 15:03:32,0.06133900,0.16300000
2018-03-22 15:03:32,0.06133900,0.19300000
2018-03-22 15:03:32,0.06133900,0.01800000
2018-03-22 15:03:32,0.06133900,0.10200000
2018-03-22 15:03:32,0.06137000,0.79100000
2018-03-22 15:03:32,0.06137000,2.22700000
2018-03-22 15:03:32,0.06137000,0.81300000
2018-03-22 15:03:32,0.06137000,0.15900000
2018-03-22 15:03:32,0.06137100,1.82700000
2018-03-22 15:03:33,0.06137100,2.51600000
2018-03-22 15:03:33,0.06137100,1.16400000
2018-03-22 15:03:33,0.06137100,0.66400000
2018-03-22 15:03:33,0.06133900,1.16300000
2018-03-22 15:03:33,0.06133900,0.85100000
2018-03-22 15:03:33,0.06133900,0.02800000
2018-03-22 15:03:33,0.06133900,1.82700000
2018-03-22 15:03:33,0.06137100,2.99700000
2018-03-22 15:03:33,0.06137100,2.01900000
2018-03-22 15:03:33,0.06137100,0.23800000
2018-03-22 15:03:33,0.06137100,15.37000000
2018-03-22 15:03:33,0.06138000,0.06600000
2018-03-22 15:03:34,0.06138000,1.58600000
2018-03-22 15:03:34,0.06138000,0.69900000
2018-03-22 15:03:34,0.06137100,0.09900000
2018-03-22 15:03:34,0.06137100,0.08700000
2018-03-22 15:03:34,0.06138000,1.64900000
2018-03-22 15:03:34,0.06140100,0.06500000
2018-03-22 15:03:35,0.06140100,0.00100000
2018-03-22 15:03:35,0.06137100,0.03000000
2018-03-22 15:03:35,0.06137200,0.05200000
2018-03-22 15:03:35,0.06137200,0.02100000
2018-03-22 15:03:36,0.06137100,0.02100000
2018-03-22 15:03:36,0.06142200,0.60400000
2018-03-22 15:03:37,0.06137200,1.21000000
2018-03-22 15:03:37,0.06142200,0.14500000
2018-03-22 15:03:37,0.06142300,0.01100000
2018-03-22 15:03:37,0.06142300,0.15000000
2018-03-22 15:03:37,0.06137300,0.02100000
2018-03-22 15:03:37,0.06137300,0.69500000
2018-03-22 15:03:37,0.06137200,0.34500000
2018-03-22 15:03:37,0.06137200,0.02100000
2018-03-22 15:03:38,0.06142300,0.13100000
2018-03-22 15:03:38,0.06137300,0.72300000
2018-03-22 15:03:38,0.06137300,0.00100000
2018-03-22 15:03:38,0.06137100,0.02000000
2018-03-22 15:03:38,0.06137100,0.38000000
2018-03-22 15:03:39,0.06138700,0.23300000
2018-03-22 15:03:39,0.06138700,0.16700000
2018-03-22 15:03:39,0.06137100,0.36900000
2018-03-22 15:03:39,0.06137100,0.00100000
2018-03-22 15:03:39,0.06134100,0.02000000
2018-03-22 15:03:41,0.06134600,0.16300000
2018-03-22 15:03:41,0.06134500,2.29900000
2018-03-22 15:03:41,0.06134500,5.99800000
2018-03-22 15:03:41,0.06134400,5.77600000
2018-03-22 15:03:41,0.06134300,2.18400000
2018-03-22 15:03:41,0.06142300,0.01100000
2018-03-22 15:03:41,0.06142800,0.02900000
2018-03-22 15:03:41,0.06143300,1.16500000
2018-03-22 15:03:41,0.06143300,0.14700000
2018-03-22 15:03:41,0.06143300,2.33500000
2018-03-22 15:03:41,0.06143300,0.42200000
2018-03-22 15:03:42,0.06143700,0.23400000
2018-03-22 15:03:42,0.06143300,0.00100000
2018-03-22 15:03:42,0.06135000,0.01800000
2018-03-22 15:03:42,0.06143600,1.71800000
2018-03-22 15:03:42,0.06143600,0.00100000
2018-03-22 15:03:43,0.06143700,0.24600000
2018-03-22 15:03:43,0.06143700,0.09800000
2018-03-22 15:03:43,0.06143600,0.08900000
2018-03-22 15:03:43,0.06143600,0.05700000
2018-03-22 15:03:43,0.06135100,0.02300000
2018-03-22 15:03:43,0.06135100,0.09100000
2018-03-22 15:03:43,0.06135100,0.14500000
2018-03-22 15:03:43,0.06135100,0.14500000
2018-03-22 15:03:43,0.06143700,0.09800000
2018-03-22 15:03:43,0.06135100,0.11000000
2018-03-22 15:03:43,0.06143700,1.02400000
2018-03-22 15:03:43,0.06143700,1.12500000
2018-03-22 15:03:43,0.06143700,1.02300000
2018-03-22 15:03:43,0.06143700,0.00100000
2018-03-22 15:03:44,0.06136500,0.40000000
2018-03-22 15:03:45,0.06137100,0.76400000
2018-03-22 15:03:45,0.06137000,0.10200000
2018-03-22 15:03:45,0.06137000,0.15700000
2018-03-22 15:03:46,0.06136400,0.11200000
2018-03-22 15:03:47,0.06142300,1.62100000
2018-03-22 15:03:47,0.06142300,0.28100000
2018-03-22 15:03:47,0.06142300,7.67600000
2018-03-22 15:03:47,0.06142300,1.01300000
2018-03-22 15:03:47,0.06142300,0.02400000
2018-03-22 15:03:47,0.06142300,0.88600000
2018-03-22 15:03:47,0.06142300,1.49900000
2018-03-22 15:03:47,0.06137200,0.12500000
2018-03-22 15:03:47,0.06137200,0.06400000
2018-03-22 15:03:47,0.06137200,0.22600000
2018-03-22 15:03:47,0.06135300,0.23000000
2018-03-22 15:03:47,0.06135300,0.07600000
2018-03-22 15:03:47,0.06142300,0.02400000
2018-03-22 15:03:47,0.06142300,0.03400000
2018-03-22 15:03:48,0.06135400,0.06300000
2018-03-22 15:03:48,0.06142300,0.00500000
2018-03-22 15:03:48,0.06142900,0.19500000
2018-03-22 15:03:49,0.06142900,0.57100000
2018-03-22 15:03:49,0.06142000,0.26000000
2018-03-22 15:03:49,0.06135500,0.10200000
2018-03-22 15:03:49,0.06135500,0.10200000
2018-03-22 15:03:49,0.06135500,0.05500000
2018-03-22 15:03:50,0.06142800,1.62900000
2018-03-22 15:03:50,0.06142800,1.80000000
2018-03-22 15:03:50,0.06142200,0.76700000
2018-03-22 15:03:50,0.06142200,0.00100000
2018-03-22 15:03:50,0.06142900,0.00100000
2018-03-22 15:03:50,0.06143100,0.68800000
2018-03-22 15:03:50,0.06142200,0.18500000
2018-03-22 15:03:50,0.06136200,0.04000000
2018-03-22 15:03:51,0.06136300,0.04500000
2018-03-22 15:03:51,0.06136300,0.28500000
2018-03-22 15:03:51,0.06136200,0.04400000
2018-03-22 15:03:51,0.06136300,0.04000000
2018-03-22 15:03:51,0.06136300,0.29000000
2018-03-22 15:03:51,0.06136200,0.03900000
2018-03-22 15:03:51,0.06136300,0.32900000
2018-03-22 15:03:52,0.06136300,0.20000000
2018-03-22 15:03:52,0.06137300,0.52200000
2018-03-22 15:03:52,0.06137300,0.12000000
2018-03-22 15:03:52,0.06142100,0.18600000
2018-03-22 15:03:52,0.06142200,0.25000000
2018-03-22 15:03:52,0.06142800,0.46800000
2018-03-22 15:03:52,0.06143500,0.10700000
2018-03-22 15:03:53,0.06137300,0.92000000
2018-03-22 15:03:53,0.06135700,0.33000000
2018-03-22 15:03:53,0.06135400,0.52400000
2018-03-22 15:03:53,0.06143500,0.11200000
2018-03-22 15:03:53,0.06135700,0.09900000
2018-03-22 15:03:53,0.06143600,0.21200000
2018-03-22 15:03:53,0.06135700,0.03600000
2018-03-22 15:03:53,0.06135700,0.04700000
2018-03-22 15:03:53,0.06142700,2.31200000
2018-03-22 15:03:54,0.06135900,0.09200000
2018-03-22 15:03:54,0.06143400,0.07200000
2018-03-22 15:03:54,0.06136100,1.06100000
2018-03-22 15:03:55,0.06136100,0.04000000
2018-03-22 15:03:56,0.06142100,3.22400000
2018-03-22 15:03:56,0.06143200,0.37000000
2018-03-22 15:03:56,0.06142100,0.04800000
2018-03-22 15:03:56,0.06142100,0.15700000
2018-03-22 15:03:57,0.06142100,0.15300000
2018-03-22 15:03:57,0.06142100,0.24500000
2018-03-22 15:03:57,0.06142100,0.11000000
2018-03-22 15:03:57,0.06142100,0.10000000
2018-03-22 15:03:58,0.06142100,0.21700000
2018-03-22 15:03:58,0.06143200,0.09600000
2018-03-22 15:03:58,0.06142100,0.74600000
2018-03-22 15:03:58,0.06136400,0.12400000
2018-03-22 15:03:58,0.06143200,0.28800000
2018-03-22 15:04:00,0.06136700,0.05200000
2018-03-22 15:04:00,0.06142100,0.02300000
2018-03-22 15:04:01,0.06136700,0.14100000
2018-03-22 15:04:01,0.06136700,0.40600000
2018-03-22 15:04:01,0.06142100,0.31500000
2018-03-22 15:04:01,0.06142200,0.01000000
2018-03-22 15:04:01,0.06142100,0.73000000
2018-03-22 15:04:02,0.06136900,0.07800000
2018-03-22 15:04:02,0.06142200,0.81300000
2018-03-22 15:04:03,0.06142200,0.06800000
2018-03-22 15:04:03,0.06142200,0.90800000
2018-03-22 15:04:04,0.06142100,0.05900000
2018-03-22 15:04:04,0.06142100,0.07900000
2018-03-22 15:04:04,0.06142100,0.04400000
2018-03-22 15:04:04,0.06142200,0.00600000
2018-03-22 15:04:04,0.06143300,0.03000000
2018-03-22 15:04:05,0.06143300,0.05900000
2018-03-22 15:04:05,0.06142200,0.01200000
2018-03-22 15:04:05,0.06142100,0.08800000
2018-03-22 15:04:05,0.06142100,0.99900000
2018-03-22 15:04:06,0.06142100,0.14700000
2018-03-22 15:04:07,0.06143300,0.05000000
2018-03-22 15:04:08,0.06142100,0.16200000
2018-03-22 15:04:08,0.06142100,0.11600000
2018-03-22 15:04:09,0.06143300,0.24900000
2018-03-22 15:04:09,0.06143300,0.00200000
2018-03-22 15:04:09,0.06143600,0.04100000
2018-03-22 15:04:09,0.06143800,0.03400000
2018-03-22 15:04:09,0.06143900,0.16200000
2018-03-22 15:04:09,0.06143900,0.13100000
2018-03-22 15:04:09,0.06143900,0.01000000
2018-03-22 15:04:09,0.06145100,0.37000000
2018-03-22 15:04:10,0.06142100,0.11000000
2018-03-22 15:04:10,0.06145100,0.12000000
2018-03-22 15:04:10,0.06145100,0.00100000
2018-03-22 15:04:10,0.06145200,0.12300000
2018-03-22 15:04:10,0.06145700,0.17600000
2018-03-22 15:04:10,0.06145700,0.31100000
2018-03-22 15:04:11,0.06145700,0.00100000
2018-03-22 15:04:11,0.06146000,0.18200000
2018-03-22 15:04:11,0.06146700,0.19900000
2018-03-22 15:04:11,0.06147600,0.01200000
2018-03-22 15:04:11,0.06142100,0.08300000
2018-03-22 15:04:11,0.06142100,0.61300000
2018-03-22 15:04:12,0.06142100,0.07100000
2018-03-22 15:04:12,0.06142100,0.01200000
2018-03-22 15:04:12,0.06147600,0.07000000
2018-03-22 15:04:12,0.06137600,1.53000000
2018-03-22 15:04:13,0.06137600,0.20000000
2018-03-22 15:04:13,0.06137600,0.15500000
2018-03-22 15:04:13,0.06138000,0.01700000
2018-03-22 15:04:14,0.06147400,0.03000000
2018-03-22 15:04:15,0.06147000,0.02000000
2018-03-22 15:04:15,0.06147300,0.10000000
2018-03-22 15:04:15,0.06142300,0.13700000
2018-03-22 15:04:15,0.06142300,0.09900000
2018-03-22 15:04:16,0.06147500,0.08700000
2018-03-22 15:04:16,0.06147500,0.07000000
2018-03-22 15:04:17,0.06147500,0.07800000
2018-03-22 15:04:17,0.06142400,0.43100000
2018-03-22 15:04:17,0.06142400,0.21600000
2018-03-22 15:04:17,0.06142100,0.07900000
2018-03-22 15:04:18,0.06142400,0.21200000
2018-03-22 15:04:18,0.06142400,0.21900000
2018-03-22 15:04:18,0.06147500,0.21200000
2018-03-22 15:04:18,0.06147500,0.06100000
2018-03-22 15:04:18,0.06147500,0.02700000
2018-03-22 15:04:18,0.06142400,0.41600000
2018-03-22 15:04:18,0.06142400,0.08100000
2018-03-22 15:04:18,0.06147500,0.25100000
2018-03-22 15:04:18,0.06149000,0.09100000
2018-03-22 15:04:18,0.06149400,0.02400000
2018-03-22 15:04:18,0.06149400,0.07600000
2018-03-22 15:04:18,0.06149400,0.10000000
2018-03-22 15:04:18,0.06149800,0.20900000
2018-03-22 15:04:18,0.06149000,0.09000000
2018-03-22 15:04:18,0.06149000,0.00100000
2018-03-22 15:04:18,0.06142400,0.00400000
2018-03-22 15:04:18,0.06142400,0.07400000
2018-03-22 15:04:18,0.06149400,0.09600000
2018-03-22 15:04:19,0.06149800,0.25100000
2018-03-22 15:04:19,0.06149800,0.23000000
2018-03-22 15:04:19,0.06150000,0.01400000
2018-03-22 15:04:19,0.06149800,0.05900000
2018-03-22 15:04:19,0.06149800,0.07400000
2018-03-22 15:04:19,0.06149800,0.19300000
2018-03-22 15:04:19,0.06149700,0.10300000
2018-03-22 15:04:19,0.06149700,0.03200000
2018-03-22 15:04:20,0.06149700,0.09500000
2018-03-22 15:04:20,0.06149700,0.39900000
2018-03-22 15:04:20,0.06146100,0.30000000
2018-03-22 15:04:20,0.06146100,0.00100000
2018-03-22 15:04:20,0.06143000,0.27000000
2018-03-22 15:04:20,0.06142700,0.02800000
2018-03-22 15:04:20,0.06142700,0.30000000
2018-03-22 15:04:20,0.06142700,0.23800000
2018-03-22 15:04:20,0.06142700,0.20400000
2018-03-22 15:04:20,0.06142700,0.04000000
2018-03-22 15:04:20,0.06142700,0.05200000
2018-03-22 15:04:21,0.06149700,1.62700000
2018-03-22 15:04:21,0.06149700,0.34300000
2018-03-22 15:04:21,0.06149700,0.20400000
2018-03-22 15:04:21,0.06149800,0.14700000
2018-03-22 15:04:21,0.06149800,0.00100000
2018-03-22 15:04:21,0.06142700,0.11700000
2018-03-22 15:04:21,0.06142700,0.14700000
2018-03-22 15:04:21,0.06142700,0.14700000
2018-03-22 15:04:21,0.06142700,0.11600000
2018-03-22 15:04:22,0.06150000,0.02000000
2018-03-22 15:04:22,0.06150000,0.02100000
2018-03-22 15:04:22,0.06150000,0.10000000
2018-03-22 15:04:22,0.06150000,0.14000000
2018-03-22 15:04:22,0.06150000,0.92000000
2018-03-22 15:04:22,0.06150100,0.02200000
2018-03-22 15:04:22,0.06150100,2.97800000
2018-03-22 15:04:22,0.06150200,0.20000000
2018-03-22 15:04:22,0.06152200,0.14200000
2018-03-22 15:04:22,0.06152300,0.06500000
2018-03-22 15:04:22,0.06152400,0.54900000
2018-03-22 15:04:22,0.06152800,0.00100000
2018-03-22 15:04:22,0.06153500,0.25900000
2018-03-22 15:04:22,0.06150100,0.26900000
2018-03-22 15:04:22,0.06150100,0.28000000
2018-03-22 15:04:22,0.06142800,0.26800000
2018-03-22 15:04:22,0.06142800,0.54800000
2018-03-22 15:04:22,0.06142800,0.54800000
2018-03-22 15:04:22,0.06142800,0.06100000
2018-03-22 15:04:24,0.06146400,0.30000000
2018-03-22 15:04:24,0.06146400,0.04800000
2018-03-22 15:04:24,0.06146400,0.28000000
2018-03-22 15:04:24,0.06146400,0.04500000
2018-03-22 15:04:24,0.06146400,0.00100000
2018-03-22 15:04:24,0.06144700,0.04400000
2018-03-22 15:04:24,0.06144700,0.04000000
2018-03-22 15:04:24,0.06144700,0.04500000
2018-03-22 15:04:24,0.06144700,0.04500000
2018-03-22 15:04:24,0.06146400,0.20000000
2018-03-22 15:04:24,0.06144700,1.11100000
2018-03-22 15:04:24,0.06144600,0.31200000
2018-03-22 15:04:25,0.06146500,0.07200000
2018-03-22 15:04:25,0.06146500,0.11900000
2018-03-22 15:04:25,0.06146500,0.11900000
2018-03-22 15:04:25,0.06146500,0.15100000
2018-03-22 15:04:25,0.06146000,0.11600000
2018-03-22 15:04:25,0.06146000,0.15400000
2018-03-22 15:04:25,0.06144600,0.11900000
2018-03-22 15:04:25,0.06144600,0.15300000
2018-03-22 15:04:25,0.06144600,0.15300000
2018-03-22 15:04:25,0.06144600,0.11900000
2018-03-22 15:04:25,0.06144600,2.59500000
2018-03-22 15:04:26,0.06144600,0.04800000
2018-03-22 15:04:26,0.06152000,0.07000000
2018-03-22 15:04:26,0.06152000,0.31000000
2018-03-22 15:04:26,0.06151900,0.02300000
2018-03-22 15:04:26,0.06150400,0.07600000
2018-03-22 15:04:26,0.06151900,0.17700000
2018-03-22 15:04:26,0.06152000,0.24700000
2018-03-22 15:04:26,0.06144700,0.46300000
2018-03-22 15:04:27,0.06152000,0.03200000
2018-03-22 15:04:27,0.06152000,2.00000000
2018-03-22 15:04:27,0.06146500,0.09400000
2018-03-22 15:04:27,0.06146500,0.20700000
2018-03-22 15:04:27,0.06146500,0.00200000
2018-03-22 15:04:27,0.06144700,0.20600000
2018-03-22 15:04:27,0.06144700,0.20800000
2018-03-22 15:04:27,0.06146500,0.25300000
2018-03-22 15:04:28,0.06151800,0.05000000
2018-03-22 15:04:29,0.06151900,0.58600000
2018-03-22 15:04:29,0.06151900,0.11000000
2018-03-22 15:04:29,0.06144800,0.05400000
2018-03-22 15:04:29,0.06151800,0.08000000
2018-03-22 15:04:30,0.06146300,0.85400000
2018-03-22 15:04:30,0.06146300,0.03100000
2018-03-22 15:04:31,0.06151700,0.25300000
2018-03-22 15:04:31,0.06151800,0.02700000
2018-03-22 15:04:31,0.06146300,0.00100000
2018-03-22 15:04:31,0.06145000,0.14900000
2018-03-22 15:04:31,0.06151800,0.03000000
2018-03-22 15:04:32,0.06151600,0.20500000
2018-03-22 15:04:32,0.06145000,0.61700000
2018-03-22 15:04:32,0.06151600,0.19500000
2018-03-22 15:04:32,0.06152100,0.47100000
2018-03-22 15:04:32,0.06152600,0.09500000
2018-03-22 15:04:32,0.06153000,0.23900000
2018-03-22 15:04:32,0.06145000,0.23100000
2018-03-22 15:04:32,0.06143900,0.10000000
2018-03-22 15:04:32,0.06143300,0.06900000
2018-03-22 15:04:32,0.06145000,0.16100000
2018-03-22 15:04:33,0.06145200,0.23800000
2018-03-22 15:04:33,0.06151500,0.05300000
2018-03-22 15:04:33,0.06151500,0.24300000
2018-03-22 15:04:33,0.06145300,0.75900000
2018-03-22 15:04:34,0.06145300,0.64100000
2018-03-22 15:04:34,0.06151500,0.00100000
2018-03-22 15:04:34,0.06152600,0.20000000
2018-03-22 15:04:34,0.06152900,0.80000000
2018-03-22 15:04:35,0.06151000,0.04800000
2018-03-22 15:04:35,0.06145400,1.14300000
2018-03-22 15:04:35,0.06151000,0.22200000
2018-03-22 15:04:35,0.06151600,0.04700000
2018-03-22 15:04:35,0.06151600,0.22100000
2018-03-22 15:04:35,0.06151600,0.05000000
2018-03-22 15:04:35,0.06145400,0.16300000
2018-03-22 15:04:36,0.06151600,0.08100000
2018-03-22 15:04:36,0.06151600,0.00100000
2018-03-22 15:04:36,0.06151700,0.19900000
2018-03-22 15:04:36,0.06151700,0.34900000
2018-03-22 15:04:36,0.06145500,0.32900000
2018-03-22 15:04:36,0.06145500,0.07000000
2018-03-22 15:04:37,0.06151700,0.07700000
2018-03-22 15:04:37,0.06151700,0.02200000
2018-03-22 15:04:37,0.06151700,0.12000000
2018-03-22 15:04:37,0.06153200,0.02100000
2018-03-22 15:04:37,0.06153200,0.06600000
2018-03-22 15:04:37,0.06153200,0.33900000
2018-03-22 15:04:37,0.06153100,0.35800000
2018-03-22 15:04:37,0.06145600,0.78400000
2018-03-22 15:04:37,0.06153200,0.12100000
2018-03-22 15:04:37,0.06145600,0.40000000
2018-03-22 15:04:38,0.06153100,0.32300000
2018-03-22 15:04:38,0.06146000,0.37000000
2018-03-22 15:04:38,0.06145700,1.95600000
2018-03-22 15:04:38,0.06145600,5.21700000
2018-03-22 15:04:38,0.06145500,0.19100000
2018-03-22 15:04:38,0.06145400,0.30100000
2018-03-22 15:04:38,0.06145200,10.01200000
2018-03-22 15:04:38,0.06146000,0.10000000
2018-03-22 15:04:38,0.06145500,0.23000000
2018-03-22 15:04:38,0.06145200,0.03900000
2018-03-22 15:04:38,0.06146000,0.10000000
2018-03-22 15:04:38,0.06145500,0.07600000
2018-03-22 15:04:38,0.06146000,0.09900000
2018-03-22 15:04:38,0.06146000,0.00100000
2018-03-22 15:04:38,0.06145800,0.20000000
2018-03-22 15:04:39,0.06153000,0.47000000
2018-03-22 15:04:39,0.06146100,1.12900000
2018-03-22 15:04:39,0.06153000,0.04300000
2018-03-22 15:04:39,0.06146100,0.29300000
2018-03-22 15:04:39,0.06145800,0.83000000
2018-03-22 15:04:39,0.06145700,3.98400000
2018-03-22 15:04:39,0.06145800,0.06300000
2018-03-22 15:04:39,0.06145800,0.03700000
2018-03-22 15:04:39,0.06145300,0.36300000
2018-03-22 15:04:39,0.06146100,0.09400000
2018-03-22 15:04:40,0.06145600,0.01800000
2018-03-22 15:04:41,0.06146000,0.26900000
2018-03-22 15:04:41,0.06146000,0.00100000
2018-03-22 15:04:41,0.06146100,0.00100000
2018-03-22 15:04:41,0.06153000,0.26700000
2018-03-22 15:04:41,0.06145600,1.71600000
2018-03-22 15:04:41,0.06145500,0.30000000
2018-03-22 15:04:41,0.06145200,4.01700000
2018-03-22 15:04:41,0.06152700,2.72300000
2018-03-22 15:04:41,0.06152700,0.00100000
2018-03-22 15:04:41,0.06152800,0.04900000
2018-03-22 15:04:41,0.06152800,0.14100000
2018-03-22 15:04:42,0.06145600,0.13000000
2018-03-22 15:04:42,0.06151700,0.03300000
2018-03-22 15:04:42,0.06151700,0.06800000
2018-03-22 15:04:42,0.06152800,0.03100000
2018-03-22 15:04:42,0.06152800,1.09500000
2018-03-22 15:04:43,0.06151600,0.63300000
2018-03-22 15:04:43,0.06151600,0.44700000
2018-03-22 15:04:43,0.06147000,0.41100000
2018-03-22 15:04:43,0.06151600,0.32500000
2018-03-22 15:04:43,0.06151600,0.45700000
2018-03-22 15:04:43,0.06147000,0.31800000
2018-03-22 15:04:43,0.06147000,1.44500000
2018-03-22 15:04:43,0.06145700,0.25400000
2018-03-22 15:04:43,0.06145600,0.06300000
2018-03-22 15:04:43,0.06151600,0.17700000
2018-03-22 15:04:43,0.06145600,0.12200000
2018-03-22 15:04:43,0.06145600,0.06000000
2018-03-22 15:04:43,0.06145400,0.10000000
2018-03-22 15:04:43,0.06145300,3.05100000
2018-03-22 15:04:43,0.06145400,0.10000000
2018-03-22 15:04:43,0.06145300,0.01400000
2018-03-22 15:04:43,0.06151500,1.70900000
2018-03-22 15:04:43,0.06151600,2.00900000
2018-03-22 15:04:44,0.06151500,0.05000000
2018-03-22 15:04:44,0.06151500,0.03700000
2018-03-22 15:04:44,0.06151500,0.00100000
2018-03-22 15:04:44,0.06151600,0.10900000
2018-03-22 15:04:45,0.06145400,1.51900000
2018-03-22 15:04:45,0.06145400,0.27400000
2018-03-22 15:04:45,0.06147500,0.07700000
2018-03-22 15:04:45,0.06145400,0.94700000
2018-03-22 15:04:45,0.06146100,0.40500000
2018-03-22 15:04:45,0.06151600,0.18800000
2018-03-22 15:04:45,0.06151500,0.49100000
2018-03-22 15:04:45,0.06151500,0.00100000
2018-03-22 15:04:45,0.06151600,1.41300000
2018-03-22 15:04:45,0.06152700,2.33900000
2018-03-22 15:04:46,0.06152600,1.62700000
2018-03-22 15:04:46,0.06145200,1.62800000
2018-03-22 15:04:46,0.06152600,0.52200000
2018-03-22 15:04:46,0.06153000,0.47800000
2018-03-22 15:04:46,0.06145300,0.23300000
2018-03-22 15:04:46,0.06152900,0.35900000
2018-03-22 15:04:46,0.06153000,0.02200000
2018-03-22 15:04:46,0.06154500,0.02800000
2018-03-22 15:04:47,0.06145600,0.01700000
2018-03-22 15:04:47,0.06152900,0.04900000
2018-03-22 15:04:47,0.06152900,4.60600000
2018-03-22 15:04:47,0.06154500,0.20200000
2018-03-22 15:04:47,0.06155900,0.50000000
2018-03-22 15:04:47,0.06156000,4.97200000
2018-03-22 15:04:47,0.06154500,0.02900000
2018-03-22 15:04:47,0.06154500,0.02800000
2018-03-22 15:04:47,0.06145700,0.44100000
2018-03-22 15:04:47,0.06152800,1.30600000
2018-03-22 15:04:47,0.06145700,0.12100000
2018-03-22 15:04:47,0.06152900,0.10000000
2018-03-22 15:04:48,0.06152900,0.02700000
2018-03-22 15:04:48,0.06151600,0.05200000
2018-03-22 15:04:48,0.06151600,0.00100000
2018-03-22 15:04:48,0.06145800,0.02300000
2018-03-22 15:04:48,0.06145800,0.05200000
2018-03-22 15:04:48,0.06145800,0.05200000
2018-03-22 15:04:48,0.06145800,0.04700000
2018-03-22 15:04:48,0.06145800,0.05200000
2018-03-22 15:04:48,0.06145800,0.05200000
2018-03-22 15:04:48,0.06145800,0.03000000
2018-03-22 15:04:48,0.06145800,0.05100000
2018-03-22 15:04:48,0.06145700,0.00100000
2018-03-22 15:04:48,0.06152900,0.12600000
2018-03-22 15:04:48,0.06145700,0.02900000
2018-03-22 15:04:48,0.06145700,0.03800000
2018-03-22 15:04:48,0.06152900,0.00100000
2018-03-22 15:04:48,0.06154300,0.10700000
2018-03-22 15:04:48,0.06154300,0.07100000
2018-03-22 15:04:48,0.06154400,0.05100000
2018-03-22 15:04:48,0.06146000,0.02600000
2018-03-22 15:04:49,0.06146200,0.03300000
2018-03-22 15:04:49,0.06146200,0.45400000
2018-03-22 15:04:49,0.06146300,0.05300000
2018-03-22 15:04:49,0.06146300,0.69100000
2018-03-22 15:04:50,0.06146300,0.30800000
2018-03-22 15:04:51,0.06146500,1.08700000
2018-03-22 15:04:51,0.06146400,4.01500000
2018-03-22 15:04:51,0.06146300,0.70600000
2018-03-22 15:04:51,0.06146100,0.03000000
2018-03-22 15:04:51,0.06146100,0.10000000
2018-03-22 15:04:51,0.06146100,0.01800000
2018-03-22 15:04:51,0.06148300,0.19100000
2018-03-22 15:04:51,0.06148300,0.29000000
2018-03-22 15:04:52,0.06148300,0.40000000
2018-03-22 15:04:52,0.06148300,0.11200000
2018-03-22 15:04:52,0.06148300,0.28900000
2018-03-22 15:04:52,0.06148300,0.62200000
2018-03-22 15:04:52,0.06153700,1.63900000
2018-03-22 15:04:52,0.06148300,0.00100000
2018-03-22 15:04:52,0.06146600,0.25400000
2018-03-22 15:04:52,0.06146500,0.18200000
2018-03-22 15:04:52,0.06145500,0.18500000
2018-03-22 15:04:52,0.06153600,0.09000000
2018-03-22 15:04:52,0.06153600,0.17000000
2018-03-22 15:04:52,0.06153700,0.05900000
2018-03-22 15:04:52,0.06146000,0.19900000
2018-03-22 15:04:52,0.06146100,0.09900000
2018-03-22 15:04:53,0.06146100,0.33900000
2018-03-22 15:04:53,0.06153500,0.93200000
2018-03-22 15:04:53,0.06153500,1.08300000
2018-03-22 15:04:53,0.06146100,0.08500000
2018-03-22 15:04:53,0.06146100,1.26500000
2018-03-22 15:04:53,0.06153500,0.10300000
2018-03-22 15:04:53,0.06153500,0.67900000
2018-03-22 15:04:53,0.06146100,0.19500000
2018-03-22 15:04:53,0.06146100,0.23400000
2018-03-22 15:04:53,0.06153500,5.05700000
2018-03-22 15:04:53,0.06153500,0.23100000
2018-03-22 15:04:53,0.06153500,0.22900000
2018-03-22 15:04:53,0.06153500,1.17300000
2018-03-22 15:04:53,0.06146100,0.40000000
2018-03-22 15:04:54,0.06153000,0.01900000
2018-03-22 15:04:54,0.06153000,0.00100000
2018-03-22 15:04:54,0.06153400,0.01800000
2018-03-22 15:04:54,0.06153000,0.17000000
2018-03-22 15:04:54,0.06151500,0.01900000
2018-03-22 15:04:54,0.06151500,0.06700000
2018-03-22 15:04:54,0.06153000,0.07200000
2018-03-22 15:04:54,0.06151500,0.01800000
2018-03-22 15:04:54,0.06153000,0.00100000
2018-03-22 15:04:54,0.06153400,0.07100000
2018-03-22 15:04:54,0.06151500,0.22900000
2018-03-22 15:04:54,0.06151500,0.29000000
2018-03-22 15:04:54,0.06151500,2.09200000
2018-03-22 15:04:54,0.06151500,0.00100000
2018-03-22 15:04:54,0.06146100,0.16200000
2018-03-22 15:04:54,0.06146100,0.16600000
2018-03-22 15:04:54,0.06146000,0.31700000
2018-03-22 15:04:54,0.06152900,0.21900000
2018-03-22 15:04:54,0.06153500,0.00100000
2018-03-22 15:04:54,0.06153800,0.66200000
2018-03-22 15:04:55,0.06152900,0.21900000
2018-03-22 15:04:55,0.06146200,0.19100000
2018-03-22 15:04:55,0.06153800,0.01700000
2018-03-22 15:04:55,0.06153800,0.08300000
2018-03-22 15:04:55,0.06155900,0.01600000
2018-03-22 15:04:55,0.06153800,0.08200000
2018-03-22 15:04:55,0.06154700,0.09600000
2018-03-22 15:04:55,0.06154600,0.35500000
2018-03-22 15:04:55,0.06154700,0.23200000
2018-03-22 15:04:56,0.06154500,0.69400000
2018-03-22 15:04:56,0.06154400,0.07000000
2018-03-22 15:04:56,0.06154400,0.02900000
2018-03-22 15:04:56,0.06154400,0.09600000
2018-03-22 15:04:56,0.06154400,0.20000000
2018-03-22 15:04:56,0.06146700,0.26100000
2018-03-22 15:04:57,0.06154400,0.20400000
2018-03-22 15:04:57,0.06154400,0.20100000
2018-03-22 15:04:57,0.06154500,0.00300000
2018-03-22 15:04:57,0.06154400,0.20100000
2018-03-22 15:04:57,0.06154400,0.04400000
2018-03-22 15:04:57,0.06154500,0.70900000
2018-03-22 15:04:57,0.06147000,0.32000000
2018-03-22 15:04:57,0.06146700,2.90200000
2018-03-22 15:04:57,0.06154500,0.19900000
2018-03-22 15:04:57,0.06154500,0.19300000
2018-03-22 15:04:57,0.06147100,0.77600000
2018-03-22 15:04:57,0.06147100,0.27800000
2018-03-22 15:04:57,0.06147000,0.22300000
2018-03-22 15:04:57,0.06147100,0.05000000
2018-03-22 15:04:57,0.06147100,0.24700000
2018-03-22 15:04:57,0.06154500,1.11700000
2018-03-22 15:04:57,0.06154500,0.20100000
2018-03-22 15:04:57,0.06152700,0.15100000
2018-03-22 15:04:57,0.06154400,0.45900000
2018-03-22 15:04:58,0.06152700,0.07500000
2018-03-22 15:04:58,0.06154000,0.02000000
2018-03-22 15:04:58,0.06154400,1.23000000
2018-03-22 15:04:58,0.06152700,0.05200000
2018-03-22 15:04:58,0.06152700,0.00200000
2018-03-22 15:04:58,0.06147000,0.12600000
2018-03-22 15:04:58,0.06154400,0.02000000
2018-03-22 15:04:58,0.06147000,0.05300000
2018-03-22 15:04:58,0.06154500,0.19900000
2018-03-22 15:04:59,0.06147200,0.40000000
2018-03-22 15:04:59,0.06147300,0.08400000
2018-03-22 15:04:59,0.06147300,0.01600000
2018-03-22 15:04:59,0.06147200,1.71400000
2018-03-22 15:04:59,0.06154300,0.04000000
2018-03-22 15:04:59,0.06154300,0.86300000
2018-03-22 15:04:59,0.06154600,0.96000000
2018-03-22 15:04:59,0.06154200,0.02200000
2018-03-22 15:05:00,0.06154200,1.96700000
2018-03-22 15:05:00,0.06154800,0.30000000
2018-03-22 15:05:00,0.06155000,0.25000000
2018-03-22 15:05:00,0.06156000,1.18500000
2018-03-22 15:05:00,0.06156000,0.10000000
2018-03-22 15:05:00,0.06156000,0.01900000
2018-03-22 15:05:00,0.06156000,0.10000000
2018-03-22 15:05:00,0.06156000,0.10000000
2018-03-22 15:05:00,0.06156000,0.50000000
2018-03-22 15:05:00,0.06156000,0.10000000
2018-03-22 15:05:00,0.06156000,0.10000000
2018-03-22 15:05:00,0.06156000,0.08400000
2018-03-22 15:05:00,0.06156000,0.10000000
2018-03-22 15:05:00,0.06156000,0.04300000
2018-03-22 15:05:00,0.06156100,0.74100000
2018-03-22 15:05:00,0.06156100,0.01800000
2018-03-22 15:05:00,0.06156100,0.38200000
2018-03-22 15:05:00,0.06156000,0.61800000
2018-03-22 15:05:00,0.06156000,0.02100000
2018-03-22 15:05:00,0.06156000,0.39900000
2018-03-22 15:05:00,0.06156000,0.30000000
2018-03-22 15:05:00,0.06156500,0.26800000
2018-03-22 15:05:00,0.06156000,3.78700000
2018-03-22 15:05:00,0.06156000,0.07600000
2018-03-22 15:05:01,0.06156000,0.08300000
2018-03-22 15:05:01,0.06156000,0.02800000
2018-03-22 15:05:01,0.06156000,0.17400000
2018-03-22 15:05:01,0.06156000,0.18100000
2018-03-22 15:05:01,0.06156000,1.00000000
2018-03-22 15:05:01,0.06156000,0.15300000
2018-03-22 15:05:01,0.06156000,0.12100000
2018-03-22 15:05:01,0.06156000,0.11000000
2018-03-22 15:05:01,0.06156000,0.01800000
2018-03-22 15:05:01,0.06156000,0.79000000
2018-03-22 15:05:01,0.06156000,0.02300000
2018-03-22 15:05:02,0.06156000,0.04700000
2018-03-22 15:05:02,0.06156000,0.01700000
2018-03-22 15:05:02,0.06156000,1.85400000
2018-03-22 15:05:02,0.06156000,0.40000000
2018-03-22 15:05:02,0.06156000,0.13800000
2018-03-22 15:05:02,0.06156500,0.00100000
2018-03-22 15:05:02,0.06156600,0.07800000
2018-03-22 15:05:02,0.06156800,0.12800000
2018-03-22 15:05:02,0.06156000,0.12900000
2018-03-22 15:05:02,0.06156000,0.08200000
2018-03-22 15:05:02,0.06156000,0.40000000
2018-03-22 15:05:02,0.06156000,0.30000000
2018-03-22 15:05:02,0.06156800,0.20300000
2018-03-22 15:05:02,0.06156000,0.16300000
2018-03-22 15:05:02,0.06156000,0.03500000
2018-03-22 15:05:02,0.06156800,0.06900000
2018-03-22 15:05:02,0.06156900,0.12500000
2018-03-22 15:05:02,0.06157100,0.05000000
2018-03-22 15:05:02,0.06157400,0.02700000
2018-03-22 15:05:02,0.06156000,0.04900000
2018-03-22 15:05:02,0.06150000,0.03500000
2018-03-22 15:05:02,0.06150000,0.04800000
2018-03-22 15:05:02,0.06150000,0.08300000
2018-03-22 15:05:03,0.06150100,0.40000000
2018-03-22 15:05:03,0.06157400,0.10100000
2018-03-22 15:05:03,0.06157400,0.00200000
2018-03-22 15:05:03,0.06158000,3.80900000
2018-03-22 15:05:03,0.06157400,0.10000000
2018-03-22 15:05:03,0.06158000,0.00200000
2018-03-22 15:05:03,0.06157400,0.02200000
2018-03-22 15:05:03,0.06158000,0.27700000
2018-03-22 15:05:03,0.06158000,0.02100000
2018-03-22 15:05:03,0.06157300,0.02200000
2018-03-22 15:05:03,0.06157300,1.90000000
2018-03-22 15:05:03,0.06157300,0.19200000
2018-03-22 15:05:03,0.06158000,0.00100000
2018-03-22 15:05:03,0.06158300,0.98100000
2018-03-22 15:05:03,0.06158400,0.03000000
2018-03-22 15:05:03,0.06158800,0.56400000
2018-03-22 15:05:03,0.06158900,0.56400000
2018-03-22 15:05:03,0.06159000,4.60500000
2018-03-22 15:05:03,0.06159600,0.40000000
2018-03-22 15:05:03,0.06159700,0.03000000
2018-03-22 15:05:03,0.06159900,0.50300000
2018-03-22 15:05:03,0.06160000,6.37000000
2018-03-22 15:05:04,0.06157400,0.02300000
2018-03-22 15:05:04,0.06157400,0.13100000
2018-03-22 15:05:04,0.06157300,0.02200000
2018-03-22 15:05:04,0.06157300,0.15300000
2018-03-22 15:05:04,0.06157300,0.01700000
2018-03-22 15:05:04,0.06156000,0.01800000
2018-03-22 15:05:04,0.06152000,0.06500000
2018-03-22 15:05:04,0.06152000,0.04400000
2018-03-22 15:05:04,0.06152200,0.09200000
2018-03-22 15:05:04,0.06157500,0.05200000
2018-03-22 15:05:04,0.06157500,3.42800000
2018-03-22 15:05:04,0.06155000,0.01900000
2018-03-22 15:05:04,0.06152600,0.08100000
2018-03-22 15:05:04,0.06152200,0.26700000
2018-03-22 15:05:04,0.06152100,0.05200000
2018-03-22 15:05:05,0.06152200,0.17400000
2018-03-22 15:05:06,0.06152200,0.40000000
2018-03-22 15:05:06,0.06152200,1.32000000
2018-03-22 15:05:06,0.06152200,0.25100000
2018-03-22 15:05:06,0.06152200,0.82100000
2018-03-22 15:05:07,0.06155000,0.00200000
2018-03-22 15:05:07,0.06157200,0.02000000
2018-03-22 15:05:07,0.06157200,0.34200000
2018-03-22 15:05:07,0.06157300,0.25600000
2018-03-22 15:05:07,0.06157300,0.11600000
2018-03-22 15:05:07,0.06157300,0.04000000
2018-03-22 15:05:08,0.06157200,0.10000000
2018-03-22 15:05:08,0.06157300,0.18100000
2018-03-22 15:05:08,0.06157300,0.20700000
2018-03-22 15:05:08,0.06157500,0.38700000
2018-03-22 15:05:08,0.06157200,0.12600000
2018-03-22 15:05:08,0.06157500,0.03900000
2018-03-22 15:05:08,0.06157200,0.12500000
2018-03-22 15:05:08,0.06157200,0.02900000
2018-03-22 15:05:08,0.06152000,0.13400000
2018-03-22 15:05:08,0.06152000,0.06200000
2018-03-22 15:05:08,0.06157500,0.72900000
2018-03-22 15:05:08,0.06157500,9.57200000
2018-03-22 15:05:08,0.06152000,0.28000000
2018-03-22 15:05:08,0.06152000,0.02800000
2018-03-22 15:05:08,0.06152000,0.04700000
2018-03-22 15:05:08,0.06159400,0.14900000
2018-03-22 15:05:08,0.06159400,0.25100000
2018-03-22 15:05:08,0.06159900,2.49200000
2018-03-22 15:05:08,0.06160000,4.22300000
2018-03-22 15:05:08,0.06161400,1.87300000
2018-03-22 15:05:08,0.06152100,0.21900000
2018-03-22 15:05:09,0.06157700,0.40000000
2018-03-22 15:05:09,0.06158000,0.04900000
2018-03-22 15:05:09,0.06158000,0.03700000
2018-03-22 15:05:09,0.06158000,0.06000000
2018-03-22 15:05:09,0.06158000,0.01900000
2018-03-22 15:05:09,0.06159300,0.25500000
2018-03-22 15:05:09,0.06158000,0.29700000
2018-03-22 15:05:09,0.06152300,0.10300000
2018-03-22 15:05:09,0.06152300,0.43800000
2018-03-22 15:05:09,0.06152200,0.02300000
2018-03-22 15:05:09,0.06152200,0.39500000
2018-03-22 15:05:09,0.06152200,0.46100000
2018-03-22 15:05:09,0.06152200,0.05900000
2018-03-22 15:05:09,0.06152200,0.17700000
2018-03-22 15:05:09,0.06157700,0.02000000
2018-03-22 15:05:09,0.06152200,0.14300000
2018-03-22 15:05:09,0.06152200,0.40000000
2018-03-22 15:05:10,0.06152400,0.13800000
2018-03-22 15:05:11,0.06158000,0.03600000
2018-03-22 15:05:11,0.06157000,0.24900000
2018-03-22 15:05:11,0.06153000,0.05200000
2018-03-22 15:05:12,0.06152500,0.27800000
2018-03-22 15:05:12,0.06152500,0.40000000
2018-03-22 15:05:12,0.06153000,0.05900000
2018-03-22 15:05:12,0.06157000,0.02400000
2018-03-22 15:05:12,0.06157000,0.02700000
2018-03-22 15:05:12,0.06157700,0.02300000
2018-03-22 15:05:13,0.06153000,0.32600000
2018-03-22 15:05:13,0.06152500,0.39300000
2018-03-22 15:05:13,0.06152500,0.13400000
2018-03-22 15:05:13,0.06152300,0.10000000
2018-03-22 15:05:13,0.06152200,0.05400000
2018-03-22 15:05:13,0.06152300,0.10000000
2018-03-22 15:05:13,0.06152200,0.00300000
2018-03-22 15:05:13,0.06157700,0.15600000
2018-03-22 15:05:13,0.06157700,0.02600000
2018-03-22 15:05:13,0.06152200,0.20300000
2018-03-22 15:05:13,0.06152000,1.29000000
2018-03-22 15:05:13,0.06147700,0.40000000
2018-03-22 15:05:13,0.06153000,0.05800000
2018-03-22 15:05:13,0.06153000,0.26900000
2018-03-22 15:05:13,0.06157700,0.12900000
2018-03-22 15:05:14,0.06152000,0.10000000
2018-03-22 15:05:14,0.06149800,0.15800000
2018-03-22 15:05:14,0.06152000,0.10000000
2018-03-22 15:05:14,0.06152000,0.00300000
2018-03-22 15:05:14,0.06155100,0.40000000
2018-03-22 15:05:14,0.06157100,0.01200000
2018-03-22 15:05:14,0.06149800,0.11300000
2018-03-22 15:05:14,0.06148800,2.22000000
2018-03-22 15:05:15,0.06150000,0.26000000
2018-03-22 15:05:15,0.06148900,0.12300000
2018-03-22 15:05:15,0.06149000,0.35900000
2018-03-22 15:05:15,0.06148900,2.00900000
2018-03-22 15:05:15,0.06148800,1.02700000
2018-03-22 15:05:16,0.06149100,0.01400000
2018-03-22 15:05:16,0.06156700,0.35900000
2018-03-22 15:05:16,0.06149100,0.40000000
2018-03-22 15:05:16,0.06149100,0.40000000
2018-03-22 15:05:16,0.06156900,0.33000000
2018-03-22 15:05:16,0.06157000,0.07000000
2018-03-22 15:05:16,0.06156900,0.15900000
2018-03-22 15:05:16,0.06156900,0.15900000
2018-03-22 15:05:17,0.06156600,0.84300000
2018-03-22 15:05:17,0.06156600,0.64000000
2018-03-22 15:05:17,0.06156600,0.02800000
2018-03-22 15:05:17,0.06149400,0.15600000
2018-03-22 15:05:17,0.06150000,0.07000000
2018-03-22 15:05:17,0.06149400,0.03700000
2018-03-22 15:05:17,0.06150000,0.13500000
2018-03-22 15:05:17,0.06150000,0.00400000
2018-03-22 15:05:17,0.06156500,0.03000000
2018-03-22 15:05:18,0.06149500,0.40000000
2018-03-22 15:05:18,0.06156200,0.02000000
2018-03-22 15:05:18,0.06156500,0.00600000
2018-03-22 15:05:18,0.06156500,0.01900000
2018-03-22 15:05:19,0.06151200,0.00900000
2018-03-22 15:05:19,0.06151200,0.02600000
2018-03-22 15:05:20,0.06151200,0.36300000
2018-03-22 15:05:20,0.06151300,0.01800000
2018-03-22 15:05:20,0.06151200,1.50900000
2018-03-22 15:05:20,0.06151200,0.04600000
2018-03-22 15:05:21,0.06155700,0.09900000
2018-03-22 15:05:21,0.06155700,0.07200000
2018-03-22 15:05:21,0.06155700,0.10000000
2018-03-22 15:05:21,0.06151200,0.00100000
2018-03-22 15:05:21,0.06151200,0.08500000
2018-03-22 15:05:21,0.06155100,0.02000000
2018-03-22 15:05:21,0.06148800,0.02800000
2018-03-22 15:05:21,0.06147500,0.37200000
2018-03-22 15:05:22,0.06155700,0.70200000
2018-03-22 15:05:22,0.06155700,0.20900000
2018-03-22 15:05:22,0.06155800,0.39200000
2018-03-22 15:05:22,0.06155800,0.24900000
2018-03-22 15:05:22,0.06155700,0.36100000
2018-03-22 15:05:22,0.06155800,1.50800000
2018-03-22 15:05:22,0.06156000,4.00000000
2018-03-22 15:05:22,0.06156500,1.23400000
2018-03-22 15:05:22,0.06156600,1.19700000
2018-03-22 15:05:22,0.06147800,0.04800000
2018-03-22 15:05:22,0.06155600,0.40000000
2018-03-22 15:05:23,0.06155600,1.62400000
2018-03-22 15:05:23,0.06155700,1.64700000
2018-03-22 15:05:23,0.06155700,0.16700000
2018-03-22 15:05:23,0.06155700,0.17200000
2018-03-22 15:05:23,0.06155700,0.01800000
2018-03-22 15:05:23,0.06155700,0.12000000
2018-03-22 15:05:24,0.06155700,0.22900000
2018-03-22 15:05:24,0.06156600,0.80300000
2018-03-22 15:05:24,0.06156700,0.21900000
2018-03-22 15:05:24,0.06157700,0.06600000
2018-03-22 15:05:24,0.06158000,0.11900000
2018-03-22 15:05:24,0.06155700,0.07600000
2018-03-22 15:05:24,0.06155700,0.00100000
2018-03-22 15:05:24,0.06148300,0.07500000
2018-03-22 15:05:24,0.06148300,0.07600000
2018-03-22 15:05:24,0.06158000,0.24400000
2018-03-22 15:05:24,0.06156000,0.25900000
2018-03-22 15:05:25,0.06156000,0.00100000
2018-03-22 15:05:25,0.06158000,0.04900000
2018-03-22 15:05:25,0.06148500,0.01700000
2018-03-22 15:05:25,0.06155600,0.80200000
2018-03-22 15:05:26,0.06155600,1.62500000
2018-03-22 15:05:26,0.06155600,0.27000000
2018-03-22 15:05:26,0.06155600,0.06600000
2018-03-22 15:05:26,0.06155600,0.10600000
2018-03-22 15:05:27,0.06148900,0.40000000
2018-03-22 15:05:27,0.06149000,0.25500000
2018-03-22 15:05:27,0.06148900,1.20800000
2018-03-22 15:05:27,0.06148900,0.40000000
2018-03-22 15:05:28,0.06148900,0.08600000
2018-03-22 15:05:30,0.06149500,2.32600000
2018-03-22 15:05:30,0.06149400,1.07500000
2018-03-22 15:05:31,0.06155400,0.25400000
2018-03-22 15:05:31,0.06155400,0.33900000
2018-03-22 15:05:31,0.06155400,0.23200000
2018-03-22 15:05:31,0.06150000,0.40000000
2018-03-22 15:05:32,0.06150000,0.42600000
2018-03-22 15:05:32,0.06155300,1.07400000
2018-03-22 15:05:32,0.06149400,0.03300000
2018-03-22 15:05:33,0.06155300,0.00100000
2018-03-22 15:05:33,0.06155500,0.17700000
2018-03-22 15:05:33,0.06155500,0.07700000
2018-03-22 15:05:33,0.06149400,0.00100000
2018-03-22 15:05:33,0.06148900,0.08900000
2018-03-22 15:05:33,0.06149400,0.03200000
2018-03-22 15:05:33,0.06148900,1.42400000
2018-03-22 15:05:34,0.06149000,0.33000000
2018-03-22 15:05:34,0.06148900,0.07000000
2018-03-22 15:05:35,0.06149400,0.30100000
2018-03-22 15:05:36,0.06155500,0.00100000
2018-03-22 15:05:36,0.06157300,0.08000000
2018-03-22 15:05:36,0.06157200,0.73300000
2018-03-22 15:05:36,0.06157200,0.33900000
2018-03-22 15:05:36,0.06157300,1.38300000
2018-03-22 15:05:36,0.06157200,0.13000000
2018-03-22 15:05:36,0.06157300,0.34000000
2018-03-22 15:05:36,0.06157500,0.42600000
2018-03-22 15:05:36,0.06157700,0.40000000
2018-03-22 15:05:36,0.06159200,0.17700000
2018-03-22 15:05:36,0.06159300,0.24900000
2018-03-22 15:05:36,0.06157100,0.02200000
2018-03-22 15:05:36,0.06157100,0.03200000
2018-03-22 15:05:36,0.06149800,0.80900000
2018-03-22 15:05:36,0.06157100,0.03000000
2018-03-22 15:05:37,0.06157000,0.16200000
2018-03-22 15:05:37,0.06157000,0.03700000
2018-03-22 15:05:37,0.06157000,0.17900000
2018-03-22 15:05:37,0.06157100,0.19800000
2018-03-22 15:05:37,0.06157100,0.54400000
2018-03-22 15:05:37,0.06157700,0.03400000
2018-03-22 15:05:37,0.06157700,0.36600000
2018-03-22 15:05:37,0.06159400,0.06000000
2018-03-22 15:05:37,0.06159400,0.03200000
2018-03-22 15:05:37,0.06155500,0.03000000
2018-03-22 15:05:37,0.06150100,0.13300000
2018-03-22 15:05:37,0.06159400,0.11300000
2018-03-22 15:05:37,0.06159400,0.19500000
2018-03-22 15:05:37,0.06159900,0.04800000
2018-03-22 15:05:37,0.06159900,0.04800000
2018-03-22 15:05:37,0.06159900,0.04400000
2018-03-22 15:05:38,0.06150500,0.06800000
2018-03-22 15:05:39,0.06159100,0.04800000
2018-03-22 15:05:40,0.06159100,0.15100000
2018-03-22 15:05:40,0.06159000,0.10000000
2018-03-22 15:05:40,0.06159000,0.07000000
2018-03-22 15:05:41,0.06157700,0.39900000
2018-03-22 15:05:41,0.06157700,0.00100000
2018-03-22 15:05:41,0.06159100,0.10000000
2018-03-22 15:05:41,0.06159400,0.40000000
2018-03-22 15:05:41,0.06159800,1.08600000
2018-03-22 15:05:41,0.06159000,0.02800000
2018-03-22 15:05:41,0.06159000,0.04400000
2018-03-22 15:05:41,0.06159000,0.11100000
2018-03-22 15:05:41,0.06151600,0.04300000
2018-03-22 15:05:42,0.06157700,0.39800000
2018-03-22 15:05:43,0.06151900,1.62500000
2018-03-22 15:05:43,0.06152000,0.25000000
2018-03-22 15:05:43,0.06157700,0.04500000
2018-03-22 15:05:43,0.06159400,0.24500000
2018-03-22 15:05:44,0.06152100,0.03700000
2018-03-22 15:05:44,0.06152100,0.66100000
2018-03-22 15:05:44,0.06152100,0.12800000
2018-03-22 15:05:44,0.06152000,0.69800000
2018-03-22 15:05:44,0.06152000,0.82600000
2018-03-22 15:05:44,0.06152000,0.86900000
2018-03-22 15:05:44,0.06152200,0.16300000
2018-03-22 15:05:44,0.06159400,0.15500000
2018-03-22 15:05:44,0.06159600,0.00700000
2018-03-22 15:05:45,0.06159300,1.04000000
2018-03-22 15:05:45,0.06159300,2.00300000
2018-03-22 15:05:45,0.06159600,1.61800000
2018-03-22 15:05:45,0.06159600,0.16100000
2018-03-22 15:05:45,0.06159600,7.14400000
2018-03-22 15:05:45,0.06159600,0.02100000
2018-03-22 15:05:45,0.06159600,0.04500000
2018-03-22 15:05:45,0.06159600,0.33600000
2018-03-22 15:05:45,0.06159600,0.14300000
2018-03-22 15:05:45,0.06159600,0.93900000
2018-03-22 15:05:45,0.06159600,0.20500000
2018-03-22 15:05:45,0.06159600,0.07100000
2018-03-22 15:05:45,0.06159600,0.07700000
2018-03-22 15:05:45,0.06159600,0.08100000
2018-03-22 15:05:45,0.06159600,0.38100000
2018-03-22 15:05:45,0.06159600,0.05400000
2018-03-22 15:05:45,0.06159600,0.03900000
2018-03-22 15:05:45,0.06159600,0.63400000
2018-03-22 15:05:45,0.06159600,0.83400000
2018-03-22 15:05:45,0.06159600,0.16300000
2018-03-22 15:05:45,0.06159600,0.19800000
2018-03-22 15:05:45,0.06159600,1.89700000
2018-03-22 15:05:45,0.06159600,0.16300000
2018-03-22 15:05:45,0.06159600,0.16200000
2018-03-22 15:05:45,0.06159600,0.25100000
2018-03-22 15:05:45,0.06159600,0.32400000
2018-03-22 15:05:45,0.06159600,0.12700000
2018-03-22 15:05:45,0.06159600,0.16200000
2018-03-22 15:05:45,0.06159800,0.03100000
2018-03-22 15:05:45,0.06159600,0.50000000
2018-03-22 15:05:46,0.06159700,0.04500000
2018-03-22 15:05:46,0.06159700,0.09500000
2018-03-22 15:05:46,0.06159600,1.74800000
2018-03-22 15:05:46,0.06159600,0.07100000
2018-03-22 15:05:46,0.06159600,0.84200000
2018-03-22 15:05:46,0.06159600,0.02700000
2018-03-22 15:05:46,0.06159600,0.07000000
2018-03-22 15:05:46,0.06159600,0.32400000
2018-03-22 15:05:46,0.06159600,0.40000000
2018-03-22 15:05:46,0.06159600,0.02900000
2018-03-22 15:05:46,0.06159600,17.75600000
2018-03-22 15:05:46,0.06156000,0.25300000
2018-03-22 15:05:46,0.06152400,0.16300000
2018-03-22 15:05:47,0.06156000,0.38300000
2018-03-22 15:05:48,0.06155900,0.09700000
2018-03-22 15:05:48,0.06155900,0.33300000
2018-03-22 15:05:48,0.06155900,1.95900000
2018-03-22 15:05:48,0.06156000,0.00200000
2018-03-22 15:05:48,0.06159600,0.31700000
2018-03-22 15:05:48,0.06159600,0.18300000
2018-03-22 15:05:48,0.06159700,0.40000000
2018-03-22 15:05:48,0.06160800,0.80900000
2018-03-22 15:05:48,0.06161000,0.56600000
2018-03-22 15:05:48,0.06155900,0.40000000
2018-03-22 15:05:48,0.06155900,0.16300000
