DATE,PRICE,VOLUME
2018-03-21 00:00:02,0.06259900,0.03600000
2018-03-21 00:00:03,0.06259900,0.01800000
2018-03-21 00:00:03,0.06255400,0.29500000
2018-03-21 00:00:03,0.06259900,0.29900000
2018-03-21 00:00:03,0.06259900,0.31400000
2018-03-21 00:00:03,0.06255400,0.18000000
2018-03-21 00:00:03,0.06259900,0.00300000
2018-03-21 00:00:08,0.06260000,0.00100000
2018-03-21 00:00:08,0.06260700,0.05400000
2018-03-21 00:00:08,0.06255400,0.00100000
2018-03-21 00:00:08,0.06255100,0.08600000
2018-03-21 00:00:10,0.06255100,2.59400000
2018-03-21 00:00:10,0.06255000,0.03200000
2018-03-21 00:00:10,0.06254300,0.03000000
2018-03-21 00:00:10,0.06254000,0.81500000
2018-03-21 00:00:10,0.06253000,0.01700000
2018-03-21 00:00:14,0.06253300,0.07100000
2018-03-21 00:00:14,0.06253100,0.04000000
2018-03-21 00:00:14,0.06253000,0.00100000
2018-03-21 00:00:14,0.06251000,2.13200000
2018-03-21 00:00:16,0.06253000,0.08000000
2018-03-21 00:00:16,0.06251000,0.22100000
2018-03-21 00:00:18,0.06251300,0.01600000
2018-03-21 00:00:19,0.06251300,0.16000000
2018-03-21 00:00:21,0.06251500,0.05700000
2018-03-21 00:00:21,0.06251500,2.99100000
2018-03-21 00:00:21,0.06251000,0.84600000
2018-03-21 00:00:21,0.06250100,0.15000000
2018-03-21 00:00:23,0.06258800,0.08000000
2018-03-21 00:00:27,0.06258400,0.22500000
2018-03-21 00:00:27,0.06258400,0.11100000
2018-03-21 00:00:28,0.06250500,0.09500000
2018-03-21 00:00:28,0.06250400,0.04200000
2018-03-21 00:00:28,0.06250500,0.02000000
2018-03-21 00:00:28,0.06257900,0.05900000
2018-03-21 00:00:29,0.06256600,0.72000000
2018-03-21 00:00:29,0.06250600,0.01500000
2018-03-21 00:00:29,0.06256600,0.17200000
2018-03-21 00:00:32,0.06250700,0.09500000
2018-03-21 00:00:32,0.06250100,0.86300000
2018-03-21 00:00:32,0.06250100,0.02900000
2018-03-21 00:00:32,0.06255900,0.05200000
2018-03-21 00:00:32,0.06256000,0.07800000
2018-03-21 00:00:33,0.06256000,0.00200000
2018-03-21 00:00:33,0.06256500,0.02400000
2018-03-21 00:00:33,0.06256500,0.78600000
2018-03-21 00:00:33,0.06250100,0.05200000
2018-03-21 00:00:33,0.06256500,4.18900000
2018-03-21 00:00:34,0.06250200,0.05300000
2018-03-21 00:00:34,0.06250200,0.03400000
2018-03-21 00:00:34,0.06250200,0.00800000
2018-03-21 00:00:34,0.06250100,0.04500000
2018-03-21 00:00:34,0.06250100,0.05300000
2018-03-21 00:00:35,0.06250100,0.24700000
2018-03-21 00:00:37,0.06256500,0.00100000
2018-03-21 00:00:37,0.06256600,0.03500000
2018-03-21 00:00:37,0.06256600,0.07200000
2018-03-21 00:00:38,0.06256600,0.00100000
2018-03-21 00:00:38,0.06257800,0.03500000
2018-03-21 00:00:39,0.06257600,0.03600000
2018-03-21 00:00:40,0.06250300,0.02300000
2018-03-21 00:00:40,0.06250300,0.01200000
2018-03-21 00:00:40,0.06250200,0.02200000
2018-03-21 00:00:40,0.06250200,0.60000000
2018-03-21 00:00:40,0.06250200,0.02900000
2018-03-21 00:00:41,0.06256600,0.16000000
2018-03-21 00:00:41,0.06256600,0.03900000
2018-03-21 00:00:41,0.06256600,0.00100000
2018-03-21 00:00:41,0.06250200,0.03800000
2018-03-21 00:00:41,0.06250200,0.03800000
2018-03-21 00:00:41,0.06250100,0.00100000
2018-03-21 00:00:41,0.06250000,0.03800000
2018-03-21 00:00:41,0.06250000,0.46500000
2018-03-21 00:00:41,0.06250000,0.03700000
2018-03-21 00:00:41,0.06250000,0.89800000
2018-03-21 00:00:42,0.06256000,0.05200000
2018-03-21 00:00:42,0.06256000,0.05900000
2018-03-21 00:00:43,0.06256000,0.13100000
2018-03-21 00:00:43,0.06250200,0.67300000
2018-03-21 00:00:43,0.06250100,0.32700000
2018-03-21 00:00:44,0.06250100,0.21300000
2018-03-21 00:00:51,0.06250200,0.07600000
2018-03-21 00:00:51,0.06255900,0.15900000
2018-03-21 00:00:51,0.06255900,0.34600000
2018-03-21 00:00:52,0.06250100,0.37500000
2018-03-21 00:00:52,0.06255900,0.14900000
2018-03-21 00:00:52,0.06252900,0.64800000
2018-03-21 00:00:52,0.06255900,0.00400000
2018-03-21 00:00:52,0.06256000,0.00300000
2018-03-21 00:00:52,0.06257100,0.08900000
2018-03-21 00:00:53,0.06255900,0.16300000
2018-03-21 00:00:53,0.06255900,0.09100000
2018-03-21 00:00:53,0.06250000,0.10500000
2018-03-21 00:00:53,0.06250000,0.03500000
2018-03-21 00:00:53,0.06250000,0.25300000
2018-03-21 00:00:53,0.06250000,0.25300000
2018-03-21 00:00:53,0.06256300,0.02900000
2018-03-21 00:00:54,0.06256300,0.05400000
2018-03-21 00:00:54,0.06256300,0.07300000
2018-03-21 00:00:54,0.06250000,0.03600000
2018-03-21 00:00:54,0.06250000,0.12600000
2018-03-21 00:00:54,0.06250000,0.07000000
2018-03-21 00:00:54,0.06250000,0.07000000
2018-03-21 00:00:55,0.06256000,0.02100000
2018-03-21 00:00:55,0.06256000,0.00900000
2018-03-21 00:00:55,0.06257100,0.02000000
2018-03-21 00:00:55,0.06257100,0.09500000
2018-03-21 00:00:55,0.06257100,0.03400000
2018-03-21 00:00:56,0.06257000,0.13800000
2018-03-21 00:00:56,0.06257000,0.06300000
2018-03-21 00:00:58,0.06250100,0.18200000
2018-03-21 00:00:58,0.06257000,0.61700000
2018-03-21 00:00:58,0.06250100,0.01900000
2018-03-21 00:00:58,0.06250000,0.01600000
2018-03-21 00:00:59,0.06257000,0.56400000
2018-03-21 00:00:59,0.06257000,0.24400000
2018-03-21 00:01:00,0.06255700,0.09800000
2018-03-21 00:01:00,0.06255700,0.59600000
2018-03-21 00:01:00,0.06255700,0.30600000
2018-03-21 00:01:00,0.06257000,0.18800000
2018-03-21 00:01:00,0.06257100,0.10000000
2018-03-21 00:01:00,0.06257100,0.04200000
2018-03-21 00:01:00,0.06257300,0.25600000
2018-03-21 00:01:01,0.06256900,0.19100000
2018-03-21 00:01:02,0.06250200,0.02100000
2018-03-21 00:01:02,0.06250200,0.34700000
2018-03-21 00:01:02,0.06250200,0.00100000
2018-03-21 00:01:02,0.06250100,0.67500000
2018-03-21 00:01:02,0.06256500,0.48500000
2018-03-21 00:01:03,0.06256500,0.00100000
2018-03-21 00:01:03,0.06256900,0.01000000
2018-03-21 00:01:03,0.06257300,0.17000000
2018-03-21 00:01:04,0.06256900,0.00700000
2018-03-21 00:01:04,0.06250400,0.01400000
2018-03-21 00:01:05,0.06250400,0.04900000
2018-03-21 00:01:05,0.06250400,0.33800000
2018-03-21 00:01:05,0.06257100,0.03100000
2018-03-21 00:01:05,0.06251000,0.07900000
2018-03-21 00:01:06,0.06256900,0.06600000
2018-03-21 00:01:06,0.06250400,0.00100000
2018-03-21 00:01:06,0.06250100,0.06400000
2018-03-21 00:01:06,0.06250100,0.02700000
2018-03-21 00:01:06,0.06250100,0.06500000
2018-03-21 00:01:06,0.06250100,0.06500000
2018-03-21 00:01:06,0.06250100,0.02100000
2018-03-21 00:01:06,0.06257000,0.08000000
2018-03-21 00:01:06,0.06257100,0.30000000
2018-03-21 00:01:06,0.06257300,0.02200000
2018-03-21 00:01:06,0.06257500,0.25100000
2018-03-21 00:01:06,0.06257600,0.25900000
2018-03-21 00:01:06,0.06257700,2.44300000
2018-03-21 00:01:06,0.06258300,1.97300000
2018-03-21 00:01:06,0.06258500,0.33000000
2018-03-21 00:01:06,0.06258800,0.38000000
2018-03-21 00:01:06,0.06259000,0.45200000
2018-03-21 00:01:06,0.06259900,0.27900000
2018-03-21 00:01:07,0.06250300,0.03500000
2018-03-21 00:01:08,0.06258200,0.14600000
2018-03-21 00:01:08,0.06258200,0.06200000
2018-03-21 00:01:09,0.06251000,0.08000000
2018-03-21 00:01:09,0.06250600,0.33900000
2018-03-21 00:01:09,0.06258100,0.33700000
2018-03-21 00:01:10,0.06258000,0.08000000
2018-03-21 00:01:10,0.06258100,0.30400000
2018-03-21 00:01:10,0.06251200,0.19700000
2018-03-21 00:01:11,0.06251300,0.23000000
2018-03-21 00:01:11,0.06258000,0.04600000
2018-03-21 00:01:11,0.06251300,0.27600000
2018-03-21 00:01:11,0.06258000,0.00100000
2018-03-21 00:01:11,0.06258100,0.07100000
2018-03-21 00:01:11,0.06259000,0.33000000
2018-03-21 00:01:11,0.06259800,0.31500000
2018-03-21 00:01:11,0.06259900,0.16600000
2018-03-21 00:01:11,0.06259000,0.18500000
2018-03-21 00:01:11,0.06259000,0.11500000
2018-03-21 00:01:11,0.06258000,1.63400000
2018-03-21 00:01:11,0.06258000,0.07700000
2018-03-21 00:01:12,0.06251500,0.15100000
2018-03-21 00:01:12,0.06251500,0.29700000
2018-03-21 00:01:12,0.06258900,0.07100000
2018-03-21 00:01:12,0.06258900,0.07200000
2018-03-21 00:01:13,0.06252000,0.08000000
2018-03-21 00:01:13,0.06251600,0.08100000
2018-03-21 00:01:13,0.06251600,0.33600000
2018-03-21 00:01:13,0.06258800,1.75700000
2018-03-21 00:01:13,0.06251600,0.11800000
2018-03-21 00:01:13,0.06258100,0.07000000
2018-03-21 00:01:13,0.06258100,0.00100000
2018-03-21 00:01:13,0.06251600,0.10900000
2018-03-21 00:01:13,0.06258000,0.12800000
2018-03-21 00:01:13,0.06258000,0.01900000
2018-03-21 00:01:14,0.06258700,0.03900000
2018-03-21 00:01:15,0.06258700,0.79500000
2018-03-21 00:01:15,0.06258700,0.23000000
2018-03-21 00:01:15,0.06258700,0.29900000
2018-03-21 00:01:16,0.06258800,0.61400000
2018-03-21 00:01:16,0.06258800,0.00200000
2018-03-21 00:01:16,0.06258800,1.27900000
2018-03-21 00:01:16,0.06258000,0.00400000
2018-03-21 00:01:16,0.06252000,0.51600000
2018-03-21 00:01:16,0.06250900,0.02600000
2018-03-21 00:01:17,0.06258600,0.04900000
2018-03-21 00:01:17,0.06258500,0.83800000
2018-03-21 00:01:17,0.06258500,0.43300000
2018-03-21 00:01:17,0.06251200,0.40000000
2018-03-21 00:01:17,0.06258500,1.03300000
2018-03-21 00:01:18,0.06258400,0.18700000
2018-03-21 00:01:18,0.06257500,0.14200000
2018-03-21 00:01:18,0.06251300,0.25100000
2018-03-21 00:01:18,0.06251200,0.02800000
2018-03-21 00:01:19,0.06258000,0.07400000
2018-03-21 00:01:20,0.06251600,0.19900000
2018-03-21 00:01:20,0.06251500,1.07000000
2018-03-21 00:01:20,0.06258000,0.00600000
2018-03-21 00:01:20,0.06258500,0.47100000
2018-03-21 00:01:21,0.06258500,0.14500000
2018-03-21 00:01:21,0.06258600,0.36900000
2018-03-21 00:01:21,0.06259200,0.30000000
2018-03-21 00:01:21,0.06259800,3.17900000
2018-03-21 00:01:21,0.06259800,0.08800000
2018-03-21 00:01:21,0.06259200,0.29900000
2018-03-21 00:01:21,0.06251500,0.29900000
2018-03-21 00:01:21,0.06255300,0.67000000
2018-03-21 00:01:21,0.06251500,0.12100000
2018-03-21 00:01:21,0.06251500,0.43800000
2018-03-21 00:01:22,0.06259000,0.24400000
2018-03-21 00:01:22,0.06252000,0.07900000
2018-03-21 00:01:23,0.06252100,0.05700000
2018-03-21 00:01:23,0.06259000,0.08500000
2018-03-21 00:01:23,0.06252100,0.33600000
2018-03-21 00:01:23,0.06252100,0.00200000
2018-03-21 00:01:24,0.06252100,0.15100000
2018-03-21 00:01:24,0.06252100,0.33600000
2018-03-21 00:01:24,0.06252100,0.33600000
2018-03-21 00:01:25,0.06252100,0.19700000
2018-03-21 00:01:26,0.06252100,0.01800000
2018-03-21 00:01:27,0.06252100,0.00100000
2018-03-21 00:01:27,0.06252100,0.04700000
2018-03-21 00:01:27,0.06252100,0.04500000
2018-03-21 00:01:27,0.06258500,0.04600000
2018-03-21 00:01:27,0.06258500,0.08500000
2018-03-21 00:01:27,0.06258500,0.07400000
2018-03-21 00:01:27,0.06258500,0.01900000
2018-03-21 00:01:27,0.06258500,0.09100000
2018-03-21 00:01:27,0.06258500,0.09100000
2018-03-21 00:01:27,0.06258500,0.01700000
2018-03-21 00:01:27,0.06258600,0.07400000
2018-03-21 00:01:28,0.06251000,0.05400000
2018-03-21 00:01:28,0.06251000,0.05500000
2018-03-21 00:01:28,0.06251000,0.33100000
2018-03-21 00:01:29,0.06251100,0.07800000
2018-03-21 00:01:29,0.06251100,0.07900000
2018-03-21 00:01:30,0.06258000,0.07900000
2018-03-21 00:01:32,0.06258000,0.00100000
2018-03-21 00:01:32,0.06258100,0.68200000
2018-03-21 00:01:32,0.06252100,0.20400000
2018-03-21 00:01:32,0.06252100,0.00100000
2018-03-21 00:01:32,0.06250800,0.16600000
2018-03-21 00:01:32,0.06250800,0.12000000
2018-03-21 00:01:32,0.06258200,0.03300000
2018-03-21 00:01:32,0.06250900,0.03300000
2018-03-21 00:01:33,0.06258000,0.02000000
2018-03-21 00:01:34,0.06258000,0.05200000
2018-03-21 00:01:34,0.06251000,0.18000000
2018-03-21 00:01:34,0.06251000,0.10000000
2018-03-21 00:01:34,0.06251000,0.10000000
2018-03-21 00:01:34,0.06251000,0.10000000
2018-03-21 00:01:34,0.06250900,0.26300000
2018-03-21 00:01:34,0.06250800,0.03700000
2018-03-21 00:01:34,0.06251000,0.10000000
2018-03-21 00:01:34,0.06251000,0.06200000
2018-03-21 00:01:35,0.06258000,0.07900000
2018-03-21 00:01:35,0.06251100,0.22600000
2018-03-21 00:01:35,0.06251100,0.05900000
2018-03-21 00:01:35,0.06257800,0.02900000
2018-03-21 00:01:36,0.06257800,0.22300000
2018-03-21 00:01:36,0.06251100,0.16300000
2018-03-21 00:01:36,0.06251100,0.40900000
2018-03-21 00:01:37,0.06250900,0.33000000
2018-03-21 00:01:37,0.06250900,0.29600000
2018-03-21 00:01:38,0.06251000,0.07600000
2018-03-21 00:01:39,0.06257600,0.68300000
2018-03-21 00:01:39,0.06257600,0.36900000
2018-03-21 00:01:40,0.06257600,0.25200000
2018-03-21 00:01:40,0.06257800,0.18600000
2018-03-21 00:01:41,0.06257700,3.63300000
2018-03-21 00:01:41,0.06257700,0.79300000
2018-03-21 00:01:41,0.06250900,0.03600000
2018-03-21 00:01:41,0.06250800,1.56300000
2018-03-21 00:01:41,0.06250800,0.21200000
2018-03-21 00:01:41,0.06250800,0.89300000
2018-03-21 00:01:41,0.06250800,1.70700000
2018-03-21 00:01:41,0.06250800,0.15000000
2018-03-21 00:01:42,0.06252000,0.33600000
2018-03-21 00:01:42,0.06252000,0.09000000
2018-03-21 00:01:42,0.06252000,1.64300000
2018-03-21 00:01:42,0.06257600,0.07700000
2018-03-21 00:01:43,0.06252000,1.59800000
2018-03-21 00:01:43,0.06252000,0.33300000
2018-03-21 00:01:43,0.06257500,0.69300000
2018-03-21 00:01:43,0.06257500,0.17600000
2018-03-21 00:01:43,0.06257600,0.69300000
2018-03-21 00:01:43,0.06257600,1.75200000
2018-03-21 00:01:44,0.06257700,0.78800000
2018-03-21 00:01:47,0.06251100,0.07700000
2018-03-21 00:01:48,0.06257700,0.00600000
2018-03-21 00:01:48,0.06257800,0.01900000
2018-03-21 00:01:48,0.06258100,0.15700000
2018-03-21 00:01:48,0.06258400,0.50300000
2018-03-21 00:01:48,0.06258400,0.11300000
2018-03-21 00:01:48,0.06258700,0.30000000
2018-03-21 00:01:48,0.06259800,0.05000000
2018-03-21 00:01:48,0.06259900,2.94200000
2018-03-21 00:01:48,0.06258700,0.10000000
2018-03-21 00:01:48,0.06259900,0.35000000
2018-03-21 00:01:49,0.06258900,0.04200000
2018-03-21 00:01:49,0.06258900,0.25800000
2018-03-21 00:01:49,0.06259900,0.04000000
2018-03-21 00:01:49,0.06258900,0.30000000
2018-03-21 00:01:49,0.06259900,5.89800000
2018-03-21 00:01:49,0.06258600,0.17600000
2018-03-21 00:01:49,0.06258600,0.25400000
2018-03-21 00:01:50,0.06258600,0.21000000
2018-03-21 00:01:51,0.06258700,0.04700000
2018-03-21 00:01:51,0.06258700,0.07400000
2018-03-21 00:01:51,0.06258700,0.40200000
2018-03-21 00:01:52,0.06255200,1.05700000
2018-03-21 00:01:52,0.06258700,0.00100000
2018-03-21 00:01:53,0.06258700,0.06600000
2018-03-21 00:01:53,0.06258700,0.06900000
2018-03-21 00:01:53,0.06258700,0.38800000
2018-03-21 00:01:53,0.06251800,0.17500000
2018-03-21 00:01:53,0.06251800,0.52200000
2018-03-21 00:01:53,0.06259400,0.24000000
2018-03-21 00:01:53,0.06259400,0.23900000
2018-03-21 00:01:54,0.06259000,0.07900000
2018-03-21 00:01:54,0.06258800,0.04400000
2018-03-21 00:01:54,0.06258800,0.12000000
2018-03-21 00:01:55,0.06258800,0.03900000
2018-03-21 00:01:55,0.06258800,0.26600000
2018-03-21 00:01:55,0.06259000,0.42400000
2018-03-21 00:01:55,0.06252200,0.20000000
2018-03-21 00:01:55,0.06252100,0.10400000
2018-03-21 00:01:56,0.06258900,0.09400000
2018-03-21 00:01:56,0.06258900,0.01000000
2018-03-21 00:01:56,0.06259200,0.25200000
2018-03-21 00:01:56,0.06259600,0.20000000
2018-03-21 00:01:56,0.06259900,0.19400000
2018-03-21 00:01:56,0.06259900,0.65600000
2018-03-21 00:01:56,0.06259600,0.20000000
2018-03-21 00:01:56,0.06259900,0.45300000
2018-03-21 00:01:57,0.06252300,2.09700000
2018-03-21 00:01:57,0.06252200,0.06500000
2018-03-21 00:01:58,0.06252200,3.11900000
2018-03-21 00:01:58,0.06252200,0.89900000
2018-03-21 00:01:58,0.06252200,0.89800000
2018-03-21 00:01:58,0.06259500,5.84700000
2018-03-21 00:01:59,0.06259500,0.29900000
2018-03-21 00:01:59,0.06259500,1.62900000
2018-03-21 00:01:59,0.06259700,0.13000000
2018-03-21 00:01:59,0.06259900,0.16800000
2018-03-21 00:01:59,0.06259700,0.12900000
2018-03-21 00:01:59,0.06252300,0.42800000
2018-03-21 00:01:59,0.06252300,0.27300000
2018-03-21 00:01:59,0.06252100,0.15400000
2018-03-21 00:02:00,0.06259400,0.08700000
2018-03-21 00:02:00,0.06252300,0.02200000
2018-03-21 00:02:00,0.06252300,0.23800000
2018-03-21 00:02:00,0.06252200,0.66000000
2018-03-21 00:02:02,0.06252300,0.08700000
2018-03-21 00:02:02,0.06252200,0.50700000
2018-03-21 00:02:02,0.06259000,0.25900000
2018-03-21 00:02:02,0.06259000,0.00100000
2018-03-21 00:02:02,0.06259200,0.25400000
2018-03-21 00:02:02,0.06259200,0.19100000
2018-03-21 00:02:02,0.06252200,0.02500000
2018-03-21 00:02:03,0.06252200,0.01200000
2018-03-21 00:02:03,0.06259000,0.61800000
2018-03-21 00:02:03,0.06259000,0.00100000
2018-03-21 00:02:03,0.06259200,0.00400000
2018-03-21 00:02:03,0.06259400,0.08000000
2018-03-21 00:02:04,0.06259400,0.08000000
2018-03-21 00:02:04,0.06259400,0.00500000
2018-03-21 00:02:04,0.06259700,0.03100000
2018-03-21 00:02:04,0.06259900,0.03800000
2018-03-21 00:02:04,0.06259700,0.12700000
2018-03-21 00:02:04,0.06259700,0.03200000
2018-03-21 00:02:05,0.06259700,0.13800000
2018-03-21 00:02:06,0.06259000,0.15400000
2018-03-21 00:02:06,0.06259600,1.14200000
2018-03-21 00:02:06,0.06259600,0.76700000
2018-03-21 00:02:06,0.06259600,0.01700000
2018-03-21 00:02:06,0.06259600,0.03700000
2018-03-21 00:02:06,0.06259600,0.13400000
2018-03-21 00:02:06,0.06259700,0.03600000
2018-03-21 00:02:07,0.06259800,0.09500000
2018-03-21 00:02:07,0.06259800,0.00500000
2018-03-21 00:02:07,0.06259900,0.02700000
2018-03-21 00:02:07,0.06259900,3.41900000
2018-03-21 00:02:08,0.06259800,0.04200000
2018-03-21 00:02:08,0.06253100,0.05800000
2018-03-21 00:02:08,0.06259800,0.02100000
2018-03-21 00:02:08,0.06259900,0.03200000
2018-03-21 00:02:08,0.06259900,2.60000000
2018-03-21 00:02:08,0.06253100,0.03900000
2018-03-21 00:02:08,0.06253100,0.14400000
2018-03-21 00:02:09,0.06259700,0.36200000
2018-03-21 00:02:09,0.06252700,0.08900000
2018-03-21 00:02:09,0.06259700,0.00700000
2018-03-21 00:02:09,0.06259800,0.15300000
2018-03-21 00:02:09,0.06256400,0.29900000
2018-03-21 00:02:09,0.06259800,0.24700000
2018-03-21 00:02:09,0.06259900,0.08100000
2018-03-21 00:02:10,0.06259800,0.02100000
2018-03-21 00:02:10,0.06253000,0.02000000
2018-03-21 00:02:10,0.06253000,0.02000000
2018-03-21 00:02:10,0.06252800,0.02000000
2018-03-21 00:02:10,0.06259900,0.39400000
2018-03-21 00:02:10,0.06252800,0.02000000
2018-03-21 00:02:10,0.06259900,0.17400000
2018-03-21 00:02:10,0.06259900,0.63900000
2018-03-21 00:02:10,0.06252800,0.08900000
2018-03-21 00:02:11,0.06259800,0.23400000
2018-03-21 00:02:11,0.06253000,0.06400000
2018-03-21 00:02:12,0.06257700,0.18600000
2018-03-21 00:02:12,0.06257700,0.45600000
2018-03-21 00:02:12,0.06259600,0.12700000
2018-03-21 00:02:12,0.06257700,0.07700000
2018-03-21 00:02:13,0.06257700,0.17100000
2018-03-21 00:02:14,0.06259000,0.05900000
2018-03-21 00:02:14,0.06257700,0.26800000
2018-03-21 00:02:14,0.06259000,0.00100000
2018-03-21 00:02:14,0.06259600,0.00200000
2018-03-21 00:02:14,0.06259800,0.00700000
2018-03-21 00:02:14,0.06259900,0.04300000
2018-03-21 00:02:14,0.06259900,0.78800000
2018-03-21 00:02:14,0.06257700,1.21900000
2018-03-21 00:02:14,0.06259900,0.33200000
2018-03-21 00:02:15,0.06257700,0.77600000
2018-03-21 00:02:15,0.06257700,1.39900000
2018-03-21 00:02:15,0.06259900,1.59700000
2018-03-21 00:02:15,0.06259900,1.10800000
2018-03-21 00:02:15,0.06259900,0.67700000
2018-03-21 00:02:15,0.06259900,1.43800000
2018-03-21 00:02:15,0.06259900,1.79800000
2018-03-21 00:02:16,0.06259900,0.71400000
2018-03-21 00:02:16,0.06259900,1.79000000
2018-03-21 00:02:16,0.06259900,1.78800000
2018-03-21 00:02:16,0.06259900,0.35200000
2018-03-21 00:02:16,0.06257800,0.23100000
2018-03-21 00:02:17,0.06259900,0.16900000
2018-03-21 00:02:17,0.06259900,0.16900000
2018-03-21 00:02:17,0.06257700,0.02800000
2018-03-21 00:02:17,0.06259900,0.41500000
2018-03-21 00:02:17,0.06259900,0.16900000
2018-03-21 00:02:17,0.06257700,0.05800000
2018-03-21 00:02:17,0.06259900,0.52200000
2018-03-21 00:02:17,0.06259900,0.03100000
2018-03-21 00:02:17,0.06259900,0.45200000
2018-03-21 00:02:17,0.06259900,0.08000000
2018-03-21 00:02:19,0.06259900,1.58900000
2018-03-21 00:02:19,0.06259900,0.16000000
2018-03-21 00:02:19,0.06259900,0.13800000
2018-03-21 00:02:19,0.06257700,0.90000000
2018-03-21 00:02:20,0.06259900,0.79900000
2018-03-21 00:02:20,0.06257700,1.44700000
2018-03-21 00:02:20,0.06259900,1.25800000
2018-03-21 00:02:21,0.06259900,5.93900000
2018-03-21 00:02:22,0.06257700,0.19300000
2018-03-21 00:02:23,0.06257700,0.02900000
2018-03-21 00:02:24,0.06257700,0.06700000
2018-03-21 00:02:25,0.06257700,0.31200000
2018-03-21 00:02:26,0.06257700,0.19400000
2018-03-21 00:02:27,0.06259900,7.16700000
2018-03-21 00:02:27,0.06259800,0.01600000
2018-03-21 00:02:27,0.06259900,0.14300000
2018-03-21 00:02:27,0.06259900,0.16000000
2018-03-21 00:02:31,0.06259900,0.01700000
2018-03-21 00:02:32,0.06259900,0.07800000
2018-03-21 00:02:33,0.06259900,0.27700000
2018-03-21 00:02:33,0.06259900,0.13400000
2018-03-21 00:02:34,0.06257800,0.01800000
2018-03-21 00:02:34,0.06257800,0.01700000
2018-03-21 00:02:34,0.06259000,0.73100000
2018-03-21 00:02:34,0.06259000,0.00100000
2018-03-21 00:02:34,0.06257800,0.02700000
2018-03-21 00:02:35,0.06259900,0.03400000
2018-03-21 00:02:36,0.06257800,0.09300000
2018-03-21 00:02:38,0.06258800,0.32100000
2018-03-21 00:02:38,0.06259800,0.20200000
2018-03-21 00:02:38,0.06259900,0.32000000
2018-03-21 00:02:38,0.06259900,1.34600000
2018-03-21 00:02:38,0.06259900,0.79800000
2018-03-21 00:02:39,0.06257800,1.00000000
2018-03-21 00:02:39,0.06257800,0.16500000
2018-03-21 00:02:40,0.06257800,0.60000000
2018-03-21 00:02:40,0.06257900,1.60400000
2018-03-21 00:02:40,0.06257800,0.05600000
2018-03-21 00:02:40,0.06257700,2.34300000
2018-03-21 00:02:41,0.06259900,0.01700000
2018-03-21 00:02:41,0.06257700,9.40900000
2018-03-21 00:02:41,0.06259600,0.15900000
2018-03-21 00:02:41,0.06257800,0.93200000
2018-03-21 00:02:41,0.06257700,0.82100000
2018-03-21 00:02:41,0.06257800,0.03800000
2018-03-21 00:02:41,0.06257900,0.03200000
2018-03-21 00:02:45,0.06259600,0.94700000
2018-03-21 00:02:46,0.06259600,0.68400000
2018-03-21 00:02:46,0.06259600,0.00100000
2018-03-21 00:02:47,0.06259600,0.04500000
2018-03-21 00:02:47,0.06259600,0.00100000
2018-03-21 00:02:47,0.06258000,0.04400000
2018-03-21 00:02:47,0.06259900,0.79800000
2018-03-21 00:02:47,0.06258000,0.46800000
2018-03-21 00:02:47,0.06258000,0.39600000
2018-03-21 00:02:48,0.06259900,0.01700000
2018-03-21 00:02:48,0.06259900,0.34700000
2018-03-21 00:02:49,0.06259900,0.79800000
2018-03-21 00:02:49,0.06258000,0.04300000
2018-03-21 00:02:49,0.06258000,0.01800000
2018-03-21 00:02:49,0.06259900,4.07600000
2018-03-21 00:02:51,0.06259900,0.29900000
2018-03-21 00:02:51,0.06259900,0.02500000
2018-03-21 00:02:52,0.06259900,1.18900000
2018-03-21 00:02:52,0.06259900,0.11400000
2018-03-21 00:02:53,0.06259900,0.48300000
2018-03-21 00:02:53,0.06257800,0.01700000
2018-03-21 00:02:53,0.06257800,0.71700000
2018-03-21 00:02:53,0.06257800,0.86800000
2018-03-21 00:02:53,0.06257700,3.87900000
2018-03-21 00:02:54,0.06257700,0.12100000
2018-03-21 00:02:54,0.06257700,0.23000000
2018-03-21 00:02:54,0.06259900,0.63900000
2018-03-21 00:02:54,0.06259900,0.56800000
2018-03-21 00:02:55,0.06259900,2.10200000
2018-03-21 00:02:55,0.06259900,0.50000000
2018-03-21 00:02:55,0.06259900,0.10300000
2018-03-21 00:02:56,0.06259900,0.66100000
2018-03-21 00:02:57,0.06259900,1.59400000
2018-03-21 00:02:57,0.06257800,0.05500000
2018-03-21 00:02:57,0.06259900,0.27100000
2018-03-21 00:02:58,0.06259900,0.47100000
2018-03-21 00:02:58,0.06257800,0.23800000
2018-03-21 00:02:59,0.06259900,0.77100000
2018-03-21 00:02:59,0.06257900,0.02900000
2018-03-21 00:02:59,0.06259900,0.06400000
2018-03-21 00:02:59,0.06257900,0.04000000
2018-03-21 00:02:59,0.06257900,0.03500000
2018-03-21 00:02:59,0.06257900,0.25400000
2018-03-21 00:03:00,0.06259900,0.63900000
2018-03-21 00:03:00,0.06257900,0.35100000
2018-03-21 00:03:00,0.06259900,0.47900000
2018-03-21 00:03:01,0.06259900,8.13700000
2018-03-21 00:03:02,0.06260000,0.25700000
2018-03-21 00:03:02,0.06260000,0.19900000
2018-03-21 00:03:03,0.06260000,0.05900000
2018-03-21 00:03:04,0.06260600,0.04000000
2018-03-21 00:03:04,0.06261300,0.03000000
2018-03-21 00:03:05,0.06260000,0.05900000
2018-03-21 00:03:05,0.06263000,0.09900000
2018-03-21 00:03:06,0.06260100,0.02900000
2018-03-21 00:03:06,0.06260100,0.00800000
2018-03-21 00:03:06,0.06263000,0.00100000
2018-03-21 00:03:06,0.06263000,0.16800000
2018-03-21 00:03:06,0.06263000,0.31000000
2018-03-21 00:03:06,0.06260100,0.16700000
2018-03-21 00:03:06,0.06263400,0.30600000
2018-03-21 00:03:06,0.06264200,0.10000000
2018-03-21 00:03:06,0.06264400,0.10400000
2018-03-21 00:03:06,0.06264900,0.10000000
2018-03-21 00:03:06,0.06265000,0.34600000
2018-03-21 00:03:06,0.06266700,0.00900000
2018-03-21 00:03:06,0.06266700,0.09100000
2018-03-21 00:03:06,0.06266900,0.01500000
2018-03-21 00:03:06,0.06267600,0.85900000
2018-03-21 00:03:07,0.06260200,0.09200000
2018-03-21 00:03:07,0.06260200,0.21200000
2018-03-21 00:03:07,0.06267500,0.39900000
2018-03-21 00:03:07,0.06260200,0.33000000
2018-03-21 00:03:09,0.06267600,0.30300000
2018-03-21 00:03:10,0.06267600,1.03800000
2018-03-21 00:03:10,0.06260400,0.15800000
2018-03-21 00:03:10,0.06260400,0.10600000
2018-03-21 00:03:10,0.06260400,0.04400000
2018-03-21 00:03:11,0.06260500,0.13000000
2018-03-21 00:03:12,0.06267400,0.12900000
2018-03-21 00:03:13,0.06261000,0.07900000
2018-03-21 00:03:15,0.06260600,0.32900000
2018-03-21 00:03:15,0.06267000,0.07500000
2018-03-21 00:03:15,0.06260500,0.13200000
2018-03-21 00:03:16,0.06260500,0.32700000
2018-03-21 00:03:16,0.06260500,0.00100000
2018-03-21 00:03:16,0.06260300,0.17300000
2018-03-21 00:03:16,0.06260500,0.29200000
2018-03-21 00:03:17,0.06260600,0.11000000
2018-03-21 00:03:18,0.06260600,0.04700000
2018-03-21 00:03:19,0.06260600,0.18200000
2018-03-21 00:03:19,0.06260600,0.06300000
2018-03-21 00:03:19,0.06260600,0.91400000
2018-03-21 00:03:19,0.06267300,0.01700000
2018-03-21 00:03:19,0.06267400,0.00100000
2018-03-21 00:03:19,0.06267400,0.14300000
2018-03-21 00:03:19,0.06267400,0.15900000
2018-03-21 00:03:20,0.06267400,0.06700000
2018-03-21 00:03:20,0.06267400,0.03400000
2018-03-21 00:03:20,0.06267600,0.00300000
2018-03-21 00:03:20,0.06267700,0.04200000
2018-03-21 00:03:20,0.06267400,0.05800000
2018-03-21 00:03:20,0.06260600,0.03300000
2018-03-21 00:03:20,0.06260600,0.09000000
2018-03-21 00:03:20,0.06260600,0.08000000
2018-03-21 00:03:20,0.06260600,0.04900000
2018-03-21 00:03:20,0.06260600,0.09100000
2018-03-21 00:03:20,0.06260600,0.07500000
2018-03-21 00:03:20,0.06260600,0.07300000
2018-03-21 00:03:20,0.06260600,0.09100000
2018-03-21 00:03:20,0.06260600,0.05700000
2018-03-21 00:03:20,0.06267700,0.13900000
2018-03-21 00:03:21,0.06267700,1.06100000
2018-03-21 00:03:21,0.06268000,0.39900000
2018-03-21 00:03:22,0.06268000,1.15700000
2018-03-21 00:03:22,0.06261100,0.07900000
2018-03-21 00:03:22,0.06261100,1.01800000
2018-03-21 00:03:22,0.06261100,0.12200000
2018-03-21 00:03:22,0.06267200,0.30000000
2018-03-21 00:03:23,0.06267200,1.35000000
2018-03-21 00:03:23,0.06261200,0.44800000
2018-03-21 00:03:23,0.06267200,0.01700000
2018-03-21 00:03:24,0.06267200,0.12400000
2018-03-21 00:03:24,0.06267800,0.25200000
2018-03-21 00:03:24,0.06267900,0.62400000
2018-03-21 00:03:25,0.06267700,0.47700000
2018-03-21 00:03:26,0.06261300,0.03600000
2018-03-21 00:03:27,0.06267800,0.02100000
2018-03-21 00:03:28,0.06261400,0.70400000
2018-03-21 00:03:28,0.06261400,0.00100000
2018-03-21 00:03:28,0.06261300,0.07400000
2018-03-21 00:03:28,0.06267000,0.14400000
2018-03-21 00:03:28,0.06267700,0.08100000
2018-03-21 00:03:28,0.06267800,0.07500000
2018-03-21 00:03:29,0.06261400,0.27900000
2018-03-21 00:03:29,0.06261300,0.53900000
2018-03-21 00:03:29,0.06267800,1.07900000
2018-03-21 00:03:29,0.06267800,0.32700000
2018-03-21 00:03:31,0.06261400,0.11600000
2018-03-21 00:03:31,0.06267700,0.33000000
2018-03-21 00:03:31,0.06267800,0.14500000
2018-03-21 00:03:31,0.06267700,0.10700000
2018-03-21 00:03:32,0.06261400,0.10300000
2018-03-21 00:03:33,0.06267600,0.21400000
2018-03-21 00:03:33,0.06267800,8.88300000
2018-03-21 00:03:33,0.06267800,0.10000000
2018-03-21 00:03:33,0.06267800,0.10000000
2018-03-21 00:03:33,0.06267800,0.10000000
2018-03-21 00:03:33,0.06267800,0.03000000
2018-03-21 00:03:33,0.06267800,0.10000000
2018-03-21 00:03:33,0.06267800,0.10000000
2018-03-21 00:03:33,0.06267800,0.10000000
2018-03-21 00:03:33,0.06267800,0.03000000
2018-03-21 00:03:33,0.06267800,0.10000000
2018-03-21 00:03:33,0.06267800,0.03000000
2018-03-21 00:03:33,0.06267800,0.10000000
2018-03-21 00:03:33,0.06267800,0.10000000
2018-03-21 00:03:33,0.06267800,0.10000000
2018-03-21 00:03:33,0.06267800,0.04400000
2018-03-21 00:03:33,0.06261400,0.03400000
2018-03-21 00:03:33,0.06261400,0.14300000
2018-03-21 00:03:33,0.06261400,0.12000000
2018-03-21 00:03:34,0.06267900,0.01700000
2018-03-21 00:03:34,0.06261400,0.27700000
2018-03-21 00:03:35,0.06261400,0.06300000
2018-03-21 00:03:36,0.06261400,1.71800000
2018-03-21 00:03:37,0.06267800,0.19300000
2018-03-21 00:03:37,0.06267800,3.24900000
2018-03-21 00:03:38,0.06267800,1.58700000
2018-03-21 00:03:38,0.06261500,0.03700000
2018-03-21 00:03:38,0.06267800,1.66200000
2018-03-21 00:03:39,0.06267400,0.06200000
2018-03-21 00:03:39,0.06267400,0.05300000
2018-03-21 00:03:39,0.06267400,0.21900000
2018-03-21 00:03:39,0.06267700,0.05200000
2018-03-21 00:03:39,0.06267700,0.01100000
2018-03-21 00:03:39,0.06267900,0.12800000
2018-03-21 00:03:40,0.06267900,0.08500000
2018-03-21 00:03:40,0.06261700,0.89700000
2018-03-21 00:03:40,0.06267800,0.06200000
2018-03-21 00:03:42,0.06267700,0.06400000
2018-03-21 00:03:42,0.06267700,0.49200000
2018-03-21 00:03:42,0.06267800,0.00100000
2018-03-21 00:03:42,0.06267900,0.00400000
2018-03-21 00:03:42,0.06269200,0.05800000
2018-03-21 00:03:42,0.06261800,0.33000000
2018-03-21 00:03:42,0.06261400,0.11800000
2018-03-21 00:03:44,0.06262000,0.10200000
2018-03-21 00:03:44,0.06262000,0.19400000
2018-03-21 00:03:44,0.06262000,0.11400000
2018-03-21 00:03:44,0.06261900,0.03500000
2018-03-21 00:03:44,0.06262000,0.10000000
2018-03-21 00:03:44,0.06262000,0.02200000
2018-03-21 00:03:44,0.06262000,0.01600000
2018-03-21 00:03:45,0.06262000,0.28700000
2018-03-21 00:03:47,0.06268800,0.02200000
2018-03-21 00:03:47,0.06262000,0.02000000
2018-03-21 00:03:48,0.06268800,0.04100000
2018-03-21 00:03:48,0.06268800,0.19600000
2018-03-21 00:03:48,0.06268900,0.12600000
2018-03-21 00:03:49,0.06262000,0.20400000
2018-03-21 00:03:49,0.06262000,0.16600000
2018-03-21 00:03:50,0.06262000,0.20400000
2018-03-21 00:03:50,0.06268700,0.25100000
2018-03-21 00:03:51,0.06262000,0.07500000
2018-03-21 00:03:51,0.06262000,0.25500000
2018-03-21 00:03:51,0.06262000,0.22200000
2018-03-21 00:03:51,0.06268700,0.00100000
2018-03-21 00:03:51,0.06269000,0.08000000
2018-03-21 00:03:51,0.06269100,0.44800000
2018-03-21 00:03:51,0.06269200,0.45800000
2018-03-21 00:03:51,0.06269800,0.10000000
2018-03-21 00:03:51,0.06270000,0.35300000
2018-03-21 00:03:52,0.06269800,0.10000000
2018-03-21 00:03:52,0.06270000,0.50000000
2018-03-21 00:03:52,0.06262000,0.33000000
2018-03-21 00:03:52,0.06269800,0.07000000
2018-03-21 00:03:52,0.06269800,0.02900000
2018-03-21 00:03:52,0.06269800,0.56000000
2018-03-21 00:03:52,0.06269800,1.20200000
2018-03-21 00:03:53,0.06269800,0.16600000
2018-03-21 00:03:53,0.06269800,0.30000000
2018-03-21 00:03:53,0.06269800,2.18900000
2018-03-21 00:03:53,0.06269900,0.03900000
2018-03-21 00:03:53,0.06262400,1.02000000
2018-03-21 00:03:53,0.06262400,0.42200000
2018-03-21 00:03:53,0.06269900,0.55300000
2018-03-21 00:03:54,0.06262700,0.07000000
2018-03-21 00:03:54,0.06263000,0.07900000
2018-03-21 00:03:54,0.06269100,0.16800000
2018-03-21 00:03:55,0.06269100,0.08500000
2018-03-21 00:03:55,0.06269100,0.00100000
2018-03-21 00:03:55,0.06263000,0.00100000
2018-03-21 00:03:55,0.06262700,0.08300000
2018-03-21 00:03:55,0.06262700,0.08100000
2018-03-21 00:03:55,0.06262700,0.08500000
2018-03-21 00:03:55,0.06262700,0.02800000
2018-03-21 00:03:55,0.06262700,0.02400000
2018-03-21 00:03:55,0.06262700,0.08500000
2018-03-21 00:03:55,0.06262700,0.08300000
2018-03-21 00:03:56,0.06263100,0.44800000
2018-03-21 00:03:56,0.06269100,0.03600000
2018-03-21 00:03:56,0.06269900,0.22500000
2018-03-21 00:03:57,0.06263200,0.11500000
2018-03-21 00:03:57,0.06269800,0.63800000
2018-03-21 00:03:57,0.06263200,0.89700000
2018-03-21 00:03:58,0.06262300,0.24300000
2018-03-21 00:03:59,0.06262300,0.06200000
2018-03-21 00:03:59,0.06263200,0.00100000
2018-03-21 00:03:59,0.06263200,0.07800000
2018-03-21 00:04:01,0.06263200,0.00100000
2018-03-21 00:04:01,0.06262300,0.00100000
2018-03-21 00:04:01,0.06262200,0.30000000
2018-03-21 00:04:01,0.06262000,1.63700000
2018-03-21 00:04:01,0.06262000,0.97200000
2018-03-21 00:04:01,0.06261600,0.05100000
2018-03-21 00:04:01,0.06261400,0.94700000
2018-03-21 00:04:01,0.06262300,0.03400000
2018-03-21 00:04:02,0.06262400,1.24500000
2018-03-21 00:04:02,0.06262400,0.29900000
2018-03-21 00:04:02,0.06262400,2.43800000
2018-03-21 00:04:02,0.06262300,0.00300000
2018-03-21 00:04:03,0.06263200,0.01700000
2018-03-21 00:04:04,0.06269000,0.05700000
2018-03-21 00:04:05,0.06263200,0.00100000
2018-03-21 00:04:05,0.06262300,0.04700000
2018-03-21 00:04:05,0.06262000,0.03400000
2018-03-21 00:04:05,0.06261400,0.60700000
2018-03-21 00:04:05,0.06261400,0.68600000
2018-03-21 00:04:06,0.06261500,0.09700000
2018-03-21 00:04:06,0.06261500,0.80700000
2018-03-21 00:04:06,0.06268700,0.03000000
2018-03-21 00:04:06,0.06268900,0.02500000
2018-03-21 00:04:06,0.06268700,0.22300000
2018-03-21 00:04:06,0.06269000,4.34900000
2018-03-21 00:04:06,0.06269000,4.42800000
2018-03-21 00:04:07,0.06261600,0.03200000
2018-03-21 00:04:07,0.06261600,0.19300000
2018-03-21 00:04:07,0.06261600,0.00100000
2018-03-21 00:04:07,0.06261500,0.01700000
2018-03-21 00:04:07,0.06268900,0.31300000
2018-03-21 00:04:07,0.06269000,0.08000000
2018-03-21 00:04:07,0.06269100,0.14400000
2018-03-21 00:04:07,0.06269500,0.33000000
2018-03-21 00:04:07,0.06269700,0.51300000
2018-03-21 00:04:07,0.06269900,0.06000000
2018-03-21 00:04:07,0.06261600,0.29500000
2018-03-21 00:04:08,0.06268700,0.85800000
2018-03-21 00:04:08,0.06269400,1.26300000
2018-03-21 00:04:08,0.06269500,0.33000000
2018-03-21 00:04:08,0.06269900,0.04000000
2018-03-21 00:04:08,0.06270000,0.43700000
2018-03-21 00:04:08,0.06270000,1.60300000
2018-03-21 00:04:08,0.06270000,0.85400000
2018-03-21 00:04:08,0.06269500,0.33000000
2018-03-21 00:04:08,0.06269900,0.27100000
2018-03-21 00:04:08,0.06269500,0.32700000
2018-03-21 00:04:09,0.06263200,1.59600000
2018-03-21 00:04:09,0.06263200,0.09700000
2018-03-21 00:04:09,0.06263200,0.44100000
2018-03-21 00:04:09,0.06263200,0.13500000
2018-03-21 00:04:09,0.06263200,0.05000000
2018-03-21 00:04:09,0.06263200,0.76900000
2018-03-21 00:04:10,0.06263200,0.02400000
2018-03-21 00:04:10,0.06263200,0.23300000
2018-03-21 00:04:11,0.06269400,0.13400000
2018-03-21 00:04:11,0.06269400,0.13400000
2018-03-21 00:04:12,0.06269400,0.50500000
2018-03-21 00:04:13,0.06269400,0.04200000
2018-03-21 00:04:13,0.06263200,0.65300000
2018-03-21 00:04:14,0.06269400,0.18000000
2018-03-21 00:04:14,0.06269400,0.04300000
2018-03-21 00:04:15,0.06263200,0.02900000
2018-03-21 00:04:15,0.06263200,1.59600000
2018-03-21 00:04:15,0.06263200,5.86300000
2018-03-21 00:04:15,0.06263200,0.03200000
2018-03-21 00:04:16,0.06269400,0.09900000
2018-03-21 00:04:16,0.06266300,0.05800000
2018-03-21 00:04:18,0.06269300,1.22300000
2018-03-21 00:04:21,0.06269300,0.10000000
2018-03-21 00:04:21,0.06269400,0.00100000
2018-03-21 00:04:21,0.06269400,4.05300000
2018-03-21 00:04:21,0.06266300,0.00100000
2018-03-21 00:04:21,0.06263200,0.26200000
2018-03-21 00:04:21,0.06262800,0.42500000
2018-03-21 00:04:21,0.06262800,0.27200000
2018-03-21 00:04:21,0.06262800,0.01700000
2018-03-21 00:04:22,0.06262800,0.09600000
2018-03-21 00:04:23,0.06266100,0.07200000
2018-03-21 00:04:23,0.06269400,0.26100000
2018-03-21 00:04:23,0.06269400,0.06700000
2018-03-21 00:04:25,0.06269300,0.15000000
2018-03-21 00:04:25,0.06269300,0.09500000
2018-03-21 00:04:26,0.06266800,0.24400000
2018-03-21 00:04:28,0.06262800,0.00400000
2018-03-21 00:04:28,0.06261600,0.00100000
2018-03-21 00:04:29,0.06261600,0.24700000
2018-03-21 00:04:29,0.06261600,0.04900000
2018-03-21 00:04:29,0.06261600,0.23500000
2018-03-21 00:04:30,0.06261600,0.06300000
2018-03-21 00:04:30,0.06261600,0.31500000
2018-03-21 00:04:31,0.06261700,0.08500000
2018-03-21 00:04:31,0.06261700,0.10700000
2018-03-21 00:04:32,0.06261700,0.06900000
2018-03-21 00:04:33,0.06261700,0.00100000
2018-03-21 00:04:33,0.06261700,0.19800000
2018-03-21 00:04:33,0.06261700,0.00100000
2018-03-21 00:04:33,0.06266800,0.10100000
2018-03-21 00:04:33,0.06269400,0.02200000
2018-03-21 00:04:33,0.06269400,0.07800000
2018-03-21 00:04:33,0.06269500,0.04600000
2018-03-21 00:04:36,0.06264300,0.04700000
2018-03-21 00:04:36,0.06264300,0.00100000
2018-03-21 00:04:36,0.06268200,0.04600000
2018-03-21 00:04:36,0.06261800,0.50000000
2018-03-21 00:04:36,0.06268200,0.03400000
2018-03-21 00:04:37,0.06268200,0.44100000
2018-03-21 00:04:38,0.06261600,0.16000000
2018-03-21 00:04:39,0.06261600,0.20100000
2018-03-21 00:04:39,0.06261600,0.45300000
2018-03-21 00:04:40,0.06261400,1.59600000
2018-03-21 00:04:40,0.06261400,0.00100000
2018-03-21 00:04:40,0.06261300,0.03600000
2018-03-21 00:04:40,0.06261400,0.19100000
2018-03-21 00:04:40,0.06261400,0.63300000
2018-03-21 00:04:40,0.06261300,3.26000000
2018-03-21 00:04:40,0.06261400,0.25300000
2018-03-21 00:04:40,0.06261400,0.07000000
2018-03-21 00:04:40,0.06261400,0.26000000
2018-03-21 00:04:41,0.06261400,0.18900000
2018-03-21 00:04:41,0.06261400,0.00100000
2018-03-21 00:04:41,0.06268200,0.12300000
2018-03-21 00:04:42,0.06268100,0.06000000
2018-03-21 00:04:42,0.06268100,0.05300000
2018-03-21 00:04:42,0.06261400,0.16400000
2018-03-21 00:04:44,0.06261400,0.02600000
2018-03-21 00:04:44,0.06261400,0.00100000
2018-03-21 00:04:44,0.06268000,0.02400000
2018-03-21 00:04:44,0.06264600,0.26100000
2018-03-21 00:04:44,0.06268000,0.05000000
2018-03-21 00:04:44,0.06268000,0.06500000
2018-03-21 00:04:44,0.06268000,0.02300000
2018-03-21 00:04:45,0.06261300,1.75100000
2018-03-21 00:04:45,0.06267900,0.03500000
2018-03-21 00:04:46,0.06267700,0.01900000
2018-03-21 00:04:46,0.06261000,0.08000000
2018-03-21 00:04:46,0.06260500,0.29300000
2018-03-21 00:04:46,0.06260500,0.16000000
2018-03-21 00:04:47,0.06260500,0.16000000
2018-03-21 00:04:47,0.06260500,0.16000000
2018-03-21 00:04:47,0.06261000,0.04500000
2018-03-21 00:04:47,0.06260500,0.19800000
2018-03-21 00:04:47,0.06261000,0.11500000
2018-03-21 00:04:47,0.06267700,0.04400000
2018-03-21 00:04:48,0.06260600,0.13200000
2018-03-21 00:04:48,0.06267700,0.60100000
2018-03-21 00:04:48,0.06267900,0.10000000
2018-03-21 00:04:48,0.06268000,0.08400000
2018-03-21 00:04:48,0.06268100,0.40000000
2018-03-21 00:04:48,0.06268200,0.35200000
2018-03-21 00:04:48,0.06260600,0.01700000
2018-03-21 00:04:48,0.06260600,3.16800000
2018-03-21 00:04:48,0.06260500,1.14600000
2018-03-21 00:04:48,0.06260300,1.42900000
2018-03-21 00:04:48,0.06260000,1.43600000
2018-03-21 00:04:48,0.06260000,1.07000000
2018-03-21 00:04:48,0.06259900,0.13900000
2018-03-21 00:04:48,0.06257700,1.16100000
2018-03-21 00:04:48,0.06255400,0.39100000
2018-03-21 00:04:48,0.06254000,5.04700000
2018-03-21 00:04:49,0.06260700,0.02000000
2018-03-21 00:04:50,0.06263400,0.90000000
2018-03-21 00:04:50,0.06263400,0.39200000
2018-03-21 00:04:50,0.06261000,0.02000000
2018-03-21 00:04:52,0.06266600,0.20100000
2018-03-21 00:04:52,0.06266700,0.33000000
2018-03-21 00:04:52,0.06266800,0.43900000
2018-03-21 00:04:53,0.06266700,0.33000000
2018-03-21 00:04:53,0.06266800,0.67000000
2018-03-21 00:04:53,0.06257200,0.19200000
2018-03-21 00:04:55,0.06265900,0.11100000
2018-03-21 00:04:55,0.06257600,0.23000000
2018-03-21 00:04:55,0.06257500,0.16400000
2018-03-21 00:04:57,0.06265700,0.17700000
2018-03-21 00:04:57,0.06258000,0.06000000
2018-03-21 00:04:57,0.06257900,0.40300000
2018-03-21 00:04:57,0.06257900,0.65000000
2018-03-21 00:04:57,0.06258000,0.05900000
2018-03-21 00:04:57,0.06258000,0.00100000
2018-03-21 00:04:57,0.06265700,0.04800000
2018-03-21 00:04:57,0.06265700,0.05900000
2018-03-21 00:04:57,0.06258100,0.19900000
2018-03-21 00:04:58,0.06258000,0.01700000
2018-03-21 00:04:58,0.06258100,0.18300000
2018-03-21 00:04:59,0.06258100,0.19300000
2018-03-21 00:04:59,0.06258100,0.09900000
2018-03-21 00:04:59,0.06258100,0.05100000
2018-03-21 00:04:59,0.06265000,0.01900000
2018-03-21 00:04:59,0.06258100,0.18500000
2018-03-21 00:05:02,0.06264800,0.04500000
2018-03-21 00:05:02,0.06264700,0.02400000
2018-03-21 00:05:03,0.06261400,0.13600000
2018-03-21 00:05:04,0.06258100,0.01700000
2018-03-21 00:05:04,0.06258100,0.00100000
2018-03-21 00:05:04,0.06258000,0.02000000
2018-03-21 00:05:04,0.06257600,0.03200000
2018-03-21 00:05:04,0.06257600,0.05300000
2018-03-21 00:05:05,0.06258100,0.01700000
2018-03-21 00:05:06,0.06258100,0.00100000
2018-03-21 00:05:06,0.06261700,0.02000000
2018-03-21 00:05:06,0.06260000,0.01900000
2018-03-21 00:05:06,0.06260000,0.14000000
2018-03-21 00:05:07,0.06260000,0.02000000
2018-03-21 00:05:08,0.06260000,0.01600000
2018-03-21 00:05:08,0.06260000,0.11000000
2018-03-21 00:05:08,0.06260000,0.16300000
2018-03-21 00:05:09,0.06263900,0.30700000
2018-03-21 00:05:09,0.06263900,0.00100000
2018-03-21 00:05:09,0.06263900,0.25800000
2018-03-21 00:05:09,0.06260000,8.07900000
2018-03-21 00:05:11,0.06260100,0.05200000
2018-03-21 00:05:12,0.06264000,0.09000000
2018-03-21 00:05:12,0.06264000,0.05000000
2018-03-21 00:05:12,0.06264000,0.17900000
2018-03-21 00:05:12,0.06264000,0.00100000
2018-03-21 00:05:12,0.06260100,0.01900000
2018-03-21 00:05:13,0.06260100,0.57600000
2018-03-21 00:05:15,0.06260100,1.52300000
2018-03-21 00:05:15,0.06260100,0.49800000
2018-03-21 00:05:17,0.06260100,0.06400000
2018-03-21 00:05:17,0.06260000,2.09100000
2018-03-21 00:05:18,0.06260000,0.04900000
2018-03-21 00:05:19,0.06260000,0.11400000
2018-03-21 00:05:20,0.06260000,0.20600000
2018-03-21 00:05:20,0.06260000,0.39900000
2018-03-21 00:05:21,0.06260000,0.06200000
2018-03-21 00:05:21,0.06264400,0.02800000
2018-03-21 00:05:21,0.06260000,0.08700000
2018-03-21 00:05:23,0.06264400,0.05600000
2018-03-21 00:05:23,0.06260100,0.08300000
2018-03-21 00:05:23,0.06260100,0.23400000
2018-03-21 00:05:24,0.06263100,0.28000000
2018-03-21 00:05:24,0.06263100,0.26000000
2018-03-21 00:05:24,0.06260100,0.02100000
2018-03-21 00:05:24,0.06260100,0.00600000
2018-03-21 00:05:24,0.06263100,0.02000000
2018-03-21 00:05:24,0.06263100,0.02600000
2018-03-21 00:05:24,0.06263100,0.41400000
2018-03-21 00:05:25,0.06260000,0.17200000
2018-03-21 00:05:25,0.06260000,0.50000000
2018-03-21 00:05:26,0.06260000,1.59600000
2018-03-21 00:05:26,0.06260000,1.59900000
2018-03-21 00:05:26,0.06260000,1.60400000
2018-03-21 00:05:26,0.06260000,1.87300000
2018-03-21 00:05:26,0.06260000,0.35600000
2018-03-21 00:05:27,0.06260000,1.59600000
2018-03-21 00:05:27,0.06260000,7.19700000
2018-03-21 00:05:27,0.06257500,0.06300000
2018-03-21 00:05:27,0.06256500,0.13000000
2018-03-21 00:05:27,0.06252200,0.00700000
2018-03-21 00:05:29,0.06254000,0.11000000
2018-03-21 00:05:30,0.06254100,0.01700000
2018-03-21 00:05:30,0.06261800,0.19900000
2018-03-21 00:05:30,0.06261900,0.61500000
2018-03-21 00:05:30,0.06261900,0.18500000
2018-03-21 00:05:30,0.06254200,0.01000000
2018-03-21 00:05:32,0.06261700,0.13300000
2018-03-21 00:05:32,0.06261700,0.98200000
2018-03-21 00:05:33,0.06254500,0.09000000
2018-03-21 00:05:34,0.06255100,0.11000000
2018-03-21 00:05:34,0.06255000,0.09000000
2018-03-21 00:05:34,0.06254500,0.06400000
2018-03-21 00:05:34,0.06254500,0.19600000
2018-03-21 00:05:34,0.06254400,0.10100000
2018-03-21 00:05:34,0.06258000,0.04700000
2018-03-21 00:05:35,0.06258000,0.09000000
2018-03-21 00:05:35,0.06258000,0.00100000
2018-03-21 00:05:35,0.06261500,0.08400000
2018-03-21 00:05:35,0.06261500,0.04300000
2018-03-21 00:05:35,0.06261500,0.04300000
2018-03-21 00:05:35,0.06261500,0.07200000
2018-03-21 00:05:37,0.06254200,0.76600000
2018-03-21 00:05:38,0.06261400,0.07400000
2018-03-21 00:05:41,0.06254300,0.07400000
2018-03-21 00:05:41,0.06254200,0.06300000
2018-03-21 00:05:41,0.06254000,0.17800000
2018-03-21 00:05:43,0.06261300,1.44200000
2018-03-21 00:05:44,0.06261200,0.15200000
2018-03-21 00:05:44,0.06261100,1.11100000
2018-03-21 00:05:50,0.06261100,0.04800000
2018-03-21 00:05:50,0.06261100,0.10000000
2018-03-21 00:05:52,0.06261200,1.82700000
2018-03-21 00:05:52,0.06261300,0.34900000
2018-03-21 00:05:52,0.06261400,0.18700000
2018-03-21 00:05:52,0.06261500,0.17700000
2018-03-21 00:05:52,0.06261500,0.06300000
2018-03-21 00:05:52,0.06261500,0.01400000
2018-03-21 00:05:52,0.06261900,0.01500000
2018-03-21 00:05:52,0.06262700,0.10300000
2018-03-21 00:05:54,0.06262500,0.31700000
2018-03-21 00:05:54,0.06262500,0.05300000
2018-03-21 00:05:54,0.06262500,0.10000000
2018-03-21 00:05:54,0.06262600,0.24800000
2018-03-21 00:05:54,0.06262100,0.81500000
2018-03-21 00:05:54,0.06262500,0.10000000
2018-03-21 00:05:54,0.06262600,0.20400000
2018-03-21 00:05:55,0.06262600,0.13300000
2018-03-21 00:05:55,0.06255200,0.27000000
2018-03-21 00:05:55,0.06255200,0.19200000
2018-03-21 00:05:56,0.06255200,0.26100000
2018-03-21 00:05:56,0.06255300,0.17500000
2018-03-21 00:05:56,0.06261500,0.03500000
2018-03-21 00:05:56,0.06262600,0.46400000
2018-03-21 00:05:57,0.06262500,0.84700000
2018-03-21 00:05:57,0.06262600,0.85900000
2018-03-21 00:05:57,0.06262600,0.17100000
2018-03-21 00:05:57,0.06262600,0.13900000
2018-03-21 00:05:58,0.06262600,1.04100000
2018-03-21 00:05:58,0.06255400,0.85200000
2018-03-21 00:05:58,0.06255400,0.15800000
2018-03-21 00:05:58,0.06262500,0.04000000
2018-03-21 00:05:58,0.06262700,0.07000000
2018-03-21 00:06:01,0.06262500,0.20000000
2018-03-21 00:06:01,0.06262500,0.04500000
2018-03-21 00:06:02,0.06257700,0.01900000
2018-03-21 00:06:03,0.06262400,0.01800000
2018-03-21 00:06:03,0.06257700,0.20700000
2018-03-21 00:06:04,0.06257700,0.22400000
2018-03-21 00:06:04,0.06254700,0.33000000
2018-03-21 00:06:04,0.06254700,0.00200000
2018-03-21 00:06:04,0.06254700,0.12200000
2018-03-21 00:06:04,0.06254200,0.03800000
2018-03-21 00:06:06,0.06262400,0.00100000
2018-03-21 00:06:07,0.06262400,0.00200000
2018-03-21 00:06:07,0.06262300,0.32500000
2018-03-21 00:06:13,0.06262300,1.03100000
2018-03-21 00:06:13,0.06255500,0.01000000
2018-03-21 00:06:13,0.06255500,0.24400000
2018-03-21 00:06:13,0.06254700,0.00900000
2018-03-21 00:06:13,0.06254800,0.09000000
2018-03-21 00:06:13,0.06255600,0.15900000
2018-03-21 00:06:14,0.06255600,0.29100000
2018-03-21 00:06:14,0.06255600,0.00100000
2018-03-21 00:06:14,0.06254800,0.00700000
2018-03-21 00:06:14,0.06262100,0.43400000
2018-03-21 00:06:14,0.06255500,0.04700000
2018-03-21 00:06:14,0.06262100,0.00800000
2018-03-21 00:06:15,0.06261900,0.03200000
2018-03-21 00:06:15,0.06261900,0.15500000
2018-03-21 00:06:15,0.06255000,0.08900000
2018-03-21 00:06:16,0.06255000,0.18700000
2018-03-21 00:06:16,0.06255000,0.05300000
2018-03-21 00:06:17,0.06261100,0.05300000
2018-03-21 00:06:17,0.06255000,0.42400000
2018-03-21 00:06:18,0.06261000,0.08900000
2018-03-21 00:06:18,0.06261000,0.00100000
2018-03-21 00:06:18,0.06261100,0.01500000
2018-03-21 00:06:19,0.06261100,0.19400000
2018-03-21 00:06:20,0.06261100,0.15900000
2018-03-21 00:06:20,0.06261100,0.09100000
2018-03-21 00:06:20,0.06255000,0.03700000
2018-03-21 00:06:20,0.06255000,0.69500000
2018-03-21 00:06:22,0.06255000,0.13300000
2018-03-21 00:06:25,0.06261100,0.17600000
2018-03-21 00:06:25,0.06261100,0.01600000
2018-03-21 00:06:26,0.06261000,0.04700000
2018-03-21 00:06:26,0.06261100,0.19600000
2018-03-21 00:06:26,0.06261600,0.18600000
2018-03-21 00:06:26,0.06261600,0.00100000
2018-03-21 00:06:26,0.06261900,0.26400000
2018-03-21 00:06:26,0.06262200,0.25400000
2018-03-21 00:06:26,0.06262400,0.04400000
2018-03-21 00:06:26,0.06262500,0.10000000
2018-03-21 00:06:26,0.06262600,1.29600000
2018-03-21 00:06:27,0.06262600,0.11700000
2018-03-21 00:06:27,0.06255000,0.01800000
2018-03-21 00:06:27,0.06262600,0.32800000
2018-03-21 00:06:30,0.06262500,0.49500000
2018-03-21 00:06:30,0.06262500,0.14400000
2018-03-21 00:06:31,0.06256000,0.03600000
2018-03-21 00:06:31,0.06256000,0.05400000
2018-03-21 00:06:31,0.06255600,0.80300000
2018-03-21 00:06:31,0.06255600,0.09000000
2018-03-21 00:06:31,0.06255600,0.06700000
2018-03-21 00:06:31,0.06255600,0.02600000
2018-03-21 00:06:32,0.06255600,0.00100000
2018-03-21 00:06:32,0.06261900,0.02500000
2018-03-21 00:06:34,0.06255000,0.44200000
2018-03-21 00:06:34,0.06255000,0.01900000
2018-03-21 00:06:35,0.06261900,0.15500000
2018-03-21 00:06:35,0.06255000,0.04700000
2018-03-21 00:06:35,0.06255000,0.01900000
2018-03-21 00:06:36,0.06255000,0.02900000
2018-03-21 00:06:36,0.06261900,0.19200000
2018-03-21 00:06:36,0.06262000,2.45900000
2018-03-21 00:06:36,0.06262100,0.34900000
2018-03-21 00:06:37,0.06262000,0.06000000
2018-03-21 00:06:37,0.06262100,0.11100000
2018-03-21 00:06:37,0.06255000,0.05600000
2018-03-21 00:06:37,0.06262100,0.04600000
2018-03-21 00:06:37,0.06255000,0.09000000
2018-03-21 00:06:39,0.06262300,0.06300000
2018-03-21 00:06:40,0.06255300,0.16000000
2018-03-21 00:06:41,0.06255300,0.04200000
2018-03-21 00:06:41,0.06261900,0.13300000
2018-03-21 00:06:42,0.06261900,0.04700000
2018-03-21 00:06:43,0.06255400,0.06400000
2018-03-21 00:06:43,0.06258600,0.47500000
2018-03-21 00:06:43,0.06255400,0.34200000
2018-03-21 00:06:43,0.06255400,0.31300000
2018-03-21 00:06:44,0.06261800,0.07900000
2018-03-21 00:06:44,0.06255400,0.01700000
2018-03-21 00:06:44,0.06261800,0.01600000
2018-03-21 00:06:44,0.06261800,1.03000000
2018-03-21 00:06:45,0.06261800,0.02300000
2018-03-21 00:06:50,0.06261700,0.11400000
2018-03-21 00:06:50,0.06255600,0.08400000
2018-03-21 00:06:50,0.06255400,0.00100000
2018-03-21 00:06:50,0.06255000,0.09300000
2018-03-21 00:06:51,0.06261700,0.30300000
2018-03-21 00:06:54,0.06255000,0.08000000
2018-03-21 00:06:54,0.06254700,0.27500000
2018-03-21 00:06:55,0.06261600,0.15500000
2018-03-21 00:06:58,0.06255000,0.07000000
2018-03-21 00:06:58,0.06255000,0.00100000
2018-03-21 00:06:58,0.06254900,0.97700000
2018-03-21 00:06:58,0.06254200,0.30300000
2018-03-21 00:06:58,0.06261500,0.01900000
2018-03-21 00:06:59,0.06261500,0.57600000
2018-03-21 00:07:00,0.06261400,0.01800000
2018-03-21 00:07:00,0.06261400,0.08600000
2018-03-21 00:07:02,0.06261300,0.10000000
2018-03-21 00:07:02,0.06254600,0.14600000
2018-03-21 00:07:02,0.06254200,0.10300000
2018-03-21 00:07:02,0.06254200,0.24900000
2018-03-21 00:07:02,0.06254400,0.04000000
2018-03-21 00:07:03,0.06254400,0.97300000
2018-03-21 00:07:03,0.06261300,0.01800000
2018-03-21 00:07:03,0.06255000,0.09000000
2018-03-21 00:07:03,0.06254500,0.42500000
2018-03-21 00:07:04,0.06261000,0.08900000
2018-03-21 00:07:05,0.06254200,0.20500000
2018-03-21 00:07:07,0.06254300,0.10000000
2018-03-21 00:07:08,0.06254200,0.07700000
2018-03-21 00:07:08,0.06254200,0.03400000
2018-03-21 00:07:08,0.06261100,0.26100000
2018-03-21 00:07:08,0.06261100,1.01300000
2018-03-21 00:07:10,0.06261200,0.42300000
2018-03-21 00:07:10,0.06254300,0.01600000
2018-03-21 00:07:10,0.06261100,0.13300000
2018-03-21 00:07:10,0.06261100,0.23700000
2018-03-21 00:07:10,0.06261100,0.00100000
2018-03-21 00:07:10,0.06261200,0.00200000
2018-03-21 00:07:10,0.06261400,0.05600000
2018-03-21 00:07:10,0.06261500,0.17200000
2018-03-21 00:07:11,0.06261500,0.80100000
2018-03-21 00:07:11,0.06254400,0.44900000
2018-03-21 00:07:11,0.06254400,0.00100000
2018-03-21 00:07:11,0.06254300,0.05300000
2018-03-21 00:07:12,0.06254500,0.05400000
2018-03-21 00:07:12,0.06255000,0.02800000
2018-03-21 00:07:12,0.06260200,0.99900000
2018-03-21 00:07:13,0.06255000,0.06100000
2018-03-21 00:07:14,0.06254700,0.62500000
2018-03-21 00:07:14,0.06257400,1.11700000
2018-03-21 00:07:14,0.06254700,0.00100000
2018-03-21 00:07:14,0.06260000,0.06900000
2018-03-21 00:07:14,0.06260000,0.00100000
2018-03-21 00:07:14,0.06260200,0.00100000
2018-03-21 00:07:14,0.06261200,0.25200000
2018-03-21 00:07:15,0.06260000,0.01900000
2018-03-21 00:07:16,0.06254300,0.19900000
2018-03-21 00:07:16,0.06254300,1.12500000
2018-03-21 00:07:16,0.06254300,0.11000000
2018-03-21 00:07:16,0.06254200,0.00600000
2018-03-21 00:07:16,0.06254100,0.13000000
2018-03-21 00:07:17,0.06254200,0.69300000
2018-03-21 00:07:17,0.06254200,0.80700000
2018-03-21 00:07:17,0.06254200,0.80700000
2018-03-21 00:07:19,0.06254200,0.17600000
2018-03-21 00:07:19,0.06261100,0.43300000
2018-03-21 00:07:19,0.06254200,1.62100000
2018-03-21 00:07:19,0.06261100,0.43300000
2018-03-21 00:07:19,0.06261000,0.19900000
2018-03-21 00:07:19,0.06261000,0.19300000
2018-03-21 00:07:20,0.06260500,0.03900000
2018-03-21 00:07:21,0.06260500,0.12000000
2018-03-21 00:07:22,0.06254300,0.02500000
2018-03-21 00:07:25,0.06260500,0.00100000
2018-03-21 00:07:26,0.06260500,0.06300000
2018-03-21 00:07:26,0.06254300,0.06200000
2018-03-21 00:07:26,0.06254300,0.06200000
2018-03-21 00:07:27,0.06254300,0.06200000
2018-03-21 00:07:27,0.06254200,0.89600000
2018-03-21 00:07:27,0.06254000,0.38400000
2018-03-21 00:07:27,0.06254000,0.43400000
2018-03-21 00:07:28,0.06261000,0.45000000
2018-03-21 00:07:29,0.06254300,0.01300000
2018-03-21 00:07:33,0.06254300,0.08800000
2018-03-21 00:07:33,0.06254300,0.88300000
2018-03-21 00:07:33,0.06254300,0.09600000
2018-03-21 00:07:33,0.06254300,0.51800000
2018-03-21 00:07:33,0.06254300,0.09600000
2018-03-21 00:07:33,0.06254300,1.70200000
2018-03-21 00:07:34,0.06254300,0.07700000
2018-03-21 00:07:34,0.06254300,1.59700000
2018-03-21 00:07:34,0.06254300,0.24800000
2018-03-21 00:07:34,0.06254300,0.01700000
2018-03-21 00:07:34,0.06254300,0.65800000
2018-03-21 00:07:34,0.06254300,0.54100000
2018-03-21 00:07:34,0.06254300,0.02000000
2018-03-21 00:07:34,0.06254300,0.11400000
2018-03-21 00:07:34,0.06254300,0.20000000
2018-03-21 00:07:34,0.06254300,0.04900000
2018-03-21 00:07:35,0.06254300,0.10000000
2018-03-21 00:07:35,0.06254300,0.11700000
2018-03-21 00:07:35,0.06254300,0.14900000
2018-03-21 00:07:35,0.06254300,0.07500000
2018-03-21 00:07:35,0.06254300,0.09900000
2018-03-21 00:07:35,0.06254300,0.04400000
2018-03-21 00:07:36,0.06254300,0.88400000
2018-03-21 00:07:36,0.06254300,0.53800000
2018-03-21 00:07:37,0.06254400,0.06300000
2018-03-21 00:07:38,0.06254400,0.00100000
2018-03-21 00:07:38,0.06261000,0.00100000
2018-03-21 00:07:38,0.06261100,0.06100000
2018-03-21 00:07:38,0.06254300,0.02900000
2018-03-21 00:07:39,0.06261000,0.19500000
2018-03-21 00:07:39,0.06261000,0.19500000
2018-03-21 00:07:39,0.06261000,0.66800000
2018-03-21 00:07:39,0.06261000,0.22300000
2018-03-21 00:07:39,0.06261000,0.14400000
2018-03-21 00:07:39,0.06261000,0.06000000
2018-03-21 00:07:39,0.06261000,0.15700000
2018-03-21 00:07:39,0.06261000,0.02900000
2018-03-21 00:07:40,0.06261000,0.19800000
2018-03-21 00:07:40,0.06261000,0.09700000
2018-03-21 00:07:40,0.06254400,0.01700000
2018-03-21 00:07:40,0.06254400,0.04600000
2018-03-21 00:07:41,0.06254500,0.05100000
2018-03-21 00:07:43,0.06261000,0.02000000
2018-03-21 00:07:43,0.06261000,0.17800000
2018-03-21 00:07:44,0.06261100,0.06100000
2018-03-21 00:07:44,0.06261100,0.42800000
2018-03-21 00:07:44,0.06261000,0.18500000
2018-03-21 00:07:45,0.06260400,0.03200000
2018-03-21 00:07:47,0.06254700,0.41800000
2018-03-21 00:07:50,0.06261100,0.00100000
2018-03-21 00:07:50,0.06261200,0.06300000
2018-03-21 00:07:53,0.06254500,0.06200000
2018-03-21 00:07:54,0.06261100,0.07300000
2018-03-21 00:07:54,0.06254500,0.02900000
2018-03-21 00:07:55,0.06254700,0.30000000
2018-03-21 00:07:55,0.06254700,0.02100000
2018-03-21 00:07:55,0.06254700,0.21100000
2018-03-21 00:07:55,0.06261100,0.02000000
2018-03-21 00:07:55,0.06256000,0.08000000
2018-03-21 00:07:55,0.06258500,0.48000000
2018-03-21 00:07:55,0.06261100,0.12300000
2018-03-21 00:07:56,0.06261200,0.00900000
2018-03-21 00:07:56,0.06261200,0.03600000
2018-03-21 00:07:58,0.06261200,0.10500000
2018-03-21 00:07:58,0.06256000,0.09000000
2018-03-21 00:07:58,0.06261100,0.64800000
2018-03-21 00:07:59,0.06261100,0.05200000
2018-03-21 00:08:00,0.06256000,0.03000000
2018-03-21 00:08:00,0.06255000,0.05000000
2018-03-21 00:08:00,0.06255000,0.31300000
2018-03-21 00:08:00,0.06255000,0.19200000
2018-03-21 00:08:02,0.06261100,0.26200000
2018-03-21 00:08:03,0.06261100,1.09700000
2018-03-21 00:08:03,0.06261100,0.00100000
2018-03-21 00:08:03,0.06261200,0.00400000
2018-03-21 00:08:05,0.06261200,0.18200000
2018-03-21 00:08:09,0.06258000,0.26800000
2018-03-21 00:08:09,0.06261100,0.04200000
2018-03-21 00:08:09,0.06261100,0.11100000
2018-03-21 00:08:11,0.06261200,0.23300000
2018-03-21 00:08:12,0.06261200,0.30200000
2018-03-21 00:08:15,0.06261200,0.00100000
2018-03-21 00:08:15,0.06261400,0.52700000
2018-03-21 00:08:15,0.06261500,0.00800000
2018-03-21 00:08:15,0.06255000,0.06700000
2018-03-21 00:08:15,0.06254500,0.19800000
2018-03-21 00:08:16,0.06261300,0.00400000
2018-03-21 00:08:17,0.06254600,0.33600000
2018-03-21 00:08:17,0.06261300,0.26200000
2018-03-21 00:08:17,0.06254400,0.15400000
2018-03-21 00:08:18,0.06261200,0.28700000
2018-03-21 00:08:20,0.06261100,0.95000000
2018-03-21 00:08:20,0.06254600,0.37300000
2018-03-21 00:08:21,0.06261100,1.01400000
2018-03-21 00:08:21,0.06261100,1.26600000
2018-03-21 00:08:21,0.06261100,0.06100000
2018-03-21 00:08:21,0.06261100,0.03000000
2018-03-21 00:08:21,0.06261100,0.16000000
2018-03-21 00:08:21,0.06261100,0.03200000
2018-03-21 00:08:22,0.06261100,0.94200000
2018-03-21 00:08:22,0.06261100,0.00100000
2018-03-21 00:08:22,0.06254400,0.58400000
2018-03-21 00:08:22,0.06254300,0.35700000
2018-03-21 00:08:23,0.06260400,0.15200000
2018-03-21 00:08:24,0.06260400,0.07900000
2018-03-21 00:08:25,0.06260400,0.10500000
2018-03-21 00:08:26,0.06254600,0.02900000
2018-03-21 00:08:27,0.06254700,0.15900000
2018-03-21 00:08:28,0.06254800,0.30500000
2018-03-21 00:08:29,0.06254800,0.00100000
2018-03-21 00:08:29,0.06261100,0.30400000
2018-03-21 00:08:29,0.06261100,0.30300000
2018-03-21 00:08:29,0.06261100,1.18300000
2018-03-21 00:08:31,0.06261100,1.46400000
2018-03-21 00:08:31,0.06261200,0.15400000
2018-03-21 00:08:31,0.06261300,0.00100000
2018-03-21 00:08:31,0.06261500,0.58000000
2018-03-21 00:08:31,0.06254800,0.30300000
2018-03-21 00:08:34,0.06254800,0.04800000
2018-03-21 00:08:34,0.06254500,2.20000000
2018-03-21 00:08:34,0.06254300,1.59800000
2018-03-21 00:08:34,0.06254300,5.47200000
2018-03-21 00:08:35,0.06254400,0.11000000
2018-03-21 00:08:35,0.06254400,0.34900000
2018-03-21 00:08:36,0.06254500,0.61900000
2018-03-21 00:08:37,0.06261200,0.26900000
2018-03-21 00:08:38,0.06261200,0.22700000
2018-03-21 00:08:38,0.06254300,0.00100000
2018-03-21 00:08:38,0.06254100,0.55500000
2018-03-21 00:08:38,0.06254000,0.68400000
2018-03-21 00:08:38,0.06261100,0.11100000
2018-03-21 00:08:38,0.06261100,2.42800000
2018-03-21 00:08:44,0.06254100,0.03400000
2018-03-21 00:08:44,0.06260900,1.29700000
2018-03-21 00:08:44,0.06261000,0.45400000
2018-03-21 00:08:45,0.06254300,0.05000000
2018-03-21 00:08:46,0.06260900,0.00100000
2018-03-21 00:08:48,0.06260900,0.04800000
2018-03-21 00:08:50,0.06257500,0.57600000
2018-03-21 00:08:50,0.06257400,0.07500000
2018-03-21 00:08:50,0.06257400,0.17800000
2018-03-21 00:08:50,0.06257400,0.08800000
2018-03-21 00:08:50,0.06257400,0.96200000
2018-03-21 00:08:50,0.06257400,0.25800000
2018-03-21 00:08:51,0.06257400,0.42600000
2018-03-21 00:08:51,0.06257400,0.02700000
2018-03-21 00:08:51,0.06257400,0.02900000
2018-03-21 00:08:51,0.06257400,0.13300000
2018-03-21 00:08:51,0.06255800,1.59400000
2018-03-21 00:08:51,0.06257400,0.30700000
2018-03-21 00:08:52,0.06254300,0.03100000
2018-03-21 00:08:52,0.06254000,0.83800000
2018-03-21 00:08:52,0.06257500,0.00300000
2018-03-21 00:08:53,0.06254200,0.99900000
2018-03-21 00:08:53,0.06254200,0.00100000
2018-03-21 00:08:54,0.06256000,0.19900000
2018-03-21 00:08:54,0.06254000,0.00100000
2018-03-21 00:08:54,0.06253500,0.03900000
2018-03-21 00:08:56,0.06253500,0.78400000
2018-03-21 00:08:56,0.06254300,0.07300000
2018-03-21 00:08:56,0.06254300,0.88700000
2018-03-21 00:08:57,0.06254300,0.01800000
2018-03-21 00:08:59,0.06257500,0.25500000
2018-03-21 00:09:02,0.06254300,0.00100000
2018-03-21 00:09:02,0.06253500,0.16800000
2018-03-21 00:09:02,0.06253000,1.09600000
2018-03-21 00:09:02,0.06253000,0.05700000
2018-03-21 00:09:02,0.06257500,0.02000000
2018-03-21 00:09:03,0.06257500,0.09600000
2018-03-21 00:09:03,0.06257500,0.01800000
2018-03-21 00:09:05,0.06257500,0.11500000
2018-03-21 00:09:11,0.06252400,0.33000000
2018-03-21 00:09:11,0.06252400,0.33000000
2018-03-21 00:09:11,0.06257500,0.65600000
2018-03-21 00:09:11,0.06257500,0.34000000
2018-03-21 00:09:14,0.06252300,0.32900000
2018-03-21 00:09:14,0.06252300,0.09200000
2018-03-21 00:09:14,0.06257500,0.00100000
2018-03-21 00:09:15,0.06257500,0.07600000
2018-03-21 00:09:15,0.06259900,0.09600000
2018-03-21 00:09:15,0.06257500,0.00800000
2018-03-21 00:09:15,0.06252300,0.00900000
2018-03-21 00:09:15,0.06252200,0.02900000
2018-03-21 00:09:15,0.06252200,0.08300000
2018-03-21 00:09:15,0.06252300,0.07500000
2018-03-21 00:09:16,0.06252500,0.01400000
2018-03-21 00:09:17,0.06252500,0.07100000
2018-03-21 00:09:18,0.06253000,0.08900000
2018-03-21 00:09:18,0.06253000,0.00100000
2018-03-21 00:09:18,0.06252600,0.08100000
2018-03-21 00:09:18,0.06252600,0.73700000
2018-03-21 00:09:18,0.06252600,0.02400000
2018-03-21 00:09:18,0.06252400,0.04000000
2018-03-21 00:09:19,0.06253100,0.46000000
2018-03-21 00:09:19,0.06252400,0.20000000
2018-03-21 00:09:20,0.06252500,0.50300000
2018-03-21 00:09:20,0.06252400,2.56500000
2018-03-21 00:09:20,0.06259700,0.16900000
2018-03-21 00:09:21,0.06259700,0.23000000
2018-03-21 00:09:21,0.06252200,0.02000000
2018-03-21 00:09:22,0.06252200,0.02800000
2018-03-21 00:09:22,0.06259000,0.09000000
2018-03-21 00:09:22,0.06259700,0.14700000
2018-03-21 00:09:22,0.06258900,0.20000000
2018-03-21 00:09:22,0.06259500,0.75200000
2018-03-21 00:09:23,0.06252300,0.14300000
2018-03-21 00:09:23,0.06252300,4.88100000
2018-03-21 00:09:25,0.06259500,0.02800000
2018-03-21 00:09:26,0.06259300,0.47900000
2018-03-21 00:09:26,0.06254300,0.11600000
2018-03-21 00:09:26,0.06254300,0.01900000
2018-03-21 00:09:27,0.06254300,0.20000000
2018-03-21 00:09:27,0.06256800,4.50000000
2018-03-21 00:09:27,0.06259300,3.71700000
2018-03-21 00:09:27,0.06259300,1.86500000
2018-03-21 00:09:27,0.06259300,0.40000000
2018-03-21 00:09:27,0.06259300,0.07700000
2018-03-21 00:09:28,0.06254300,0.45500000
2018-03-21 00:09:28,0.06252200,1.54200000
2018-03-21 00:09:28,0.06252200,0.16400000
2018-03-21 00:09:28,0.06251800,0.05500000
2018-03-21 00:09:28,0.06254000,0.10800000
2018-03-21 00:09:28,0.06254000,0.00100000
2018-03-21 00:09:28,0.06259100,0.10700000
2018-03-21 00:09:29,0.06259100,0.04100000
2018-03-21 00:09:29,0.06259100,0.04200000
2018-03-21 00:09:30,0.06252300,0.05500000
2018-03-21 00:09:32,0.06252100,0.14600000
2018-03-21 00:09:32,0.06258700,0.04700000
2018-03-21 00:09:33,0.06251800,0.10100000
2018-03-21 00:09:33,0.06251400,0.03000000
2018-03-21 00:09:34,0.06251200,2.12600000
2018-03-21 00:09:35,0.06258500,0.14100000
2018-03-21 00:09:35,0.06258600,0.16700000
2018-03-21 00:09:35,0.06258500,0.23500000
2018-03-21 00:09:40,0.06251900,0.25400000
2018-03-21 00:09:40,0.06251900,1.53500000
2018-03-21 00:09:42,0.06258200,0.30400000
2018-03-21 00:09:43,0.06256900,0.13900000
2018-03-21 00:09:43,0.06256900,0.45200000
2018-03-21 00:09:43,0.06252500,0.05700000
2018-03-21 00:09:44,0.06252500,0.44600000
2018-03-21 00:09:44,0.06256900,0.22700000
2018-03-21 00:09:44,0.06251900,2.19800000
2018-03-21 00:09:45,0.06251900,0.16000000
2018-03-21 00:09:45,0.06256900,0.08700000
2018-03-21 00:09:45,0.06256900,0.09400000
2018-03-21 00:09:46,0.06251900,0.39100000
2018-03-21 00:09:46,0.06251900,0.15000000
2018-03-21 00:09:48,0.06251900,0.18600000
2018-03-21 00:09:49,0.06251900,2.19900000
2018-03-21 00:09:49,0.06251900,0.86900000
2018-03-21 00:09:49,0.06251900,2.19400000
2018-03-21 00:09:50,0.06251900,0.20600000
2018-03-21 00:09:50,0.06252500,0.05200000
2018-03-21 00:09:50,0.06251900,1.63000000
2018-03-21 00:09:51,0.06252500,0.69000000
2018-03-21 00:09:51,0.06252500,0.01700000
2018-03-21 00:09:51,0.06252500,0.02200000
2018-03-21 00:09:51,0.06252500,0.48300000
2018-03-21 00:09:51,0.06256900,0.00100000
2018-03-21 00:09:51,0.06258100,0.20000000
2018-03-21 00:09:51,0.06258300,0.23100000
2018-03-21 00:09:51,0.06258300,0.03100000
2018-03-21 00:09:51,0.06258400,0.96300000
2018-03-21 00:09:51,0.06258500,0.21700000
2018-03-21 00:09:51,0.06258500,0.07200000
2018-03-21 00:09:51,0.06258500,0.03400000
2018-03-21 00:09:51,0.06258500,0.02900000
2018-03-21 00:09:51,0.06258000,0.03500000
2018-03-21 00:09:51,0.06258000,0.07900000
2018-03-21 00:09:52,0.06252500,0.04500000
2018-03-21 00:09:52,0.06258000,0.14300000
2018-03-21 00:09:54,0.06252500,0.07100000
2018-03-21 00:09:55,0.06252500,0.10500000
2018-03-21 00:09:55,0.06258000,0.01700000
2018-03-21 00:09:56,0.06258000,0.00200000
2018-03-21 00:09:57,0.06258000,0.29600000
2018-03-21 00:09:58,0.06257900,0.08200000
2018-03-21 00:09:58,0.06257900,0.00100000
2018-03-21 00:09:58,0.06258000,0.00300000
2018-03-21 00:09:59,0.06252500,0.02100000
2018-03-21 00:09:59,0.06252500,0.48600000
2018-03-21 00:09:59,0.06252500,0.00100000
2018-03-21 00:09:59,0.06251900,0.01700000
2018-03-21 00:09:59,0.06257800,0.02000000
2018-03-21 00:09:59,0.06252600,2.80800000
2018-03-21 00:09:59,0.06251900,5.51300000
2018-03-21 00:10:00,0.06251900,0.07000000
2018-03-21 00:10:00,0.06251900,0.21600000
2018-03-21 00:10:00,0.06251900,0.87200000
2018-03-21 00:10:00,0.06250700,0.20700000
2018-03-21 00:10:04,0.06250700,0.02900000
2018-03-21 00:10:05,0.06250700,0.02900000
2018-03-21 00:10:05,0.06251900,0.00100000
2018-03-21 00:10:05,0.06257800,0.14400000
2018-03-21 00:10:05,0.06257700,0.33000000
2018-03-21 00:10:05,0.06257800,2.85600000
2018-03-21 00:10:05,0.06257900,4.76200000
2018-03-21 00:10:06,0.06257700,0.11800000
2018-03-21 00:10:06,0.06257600,0.14600000
2018-03-21 00:10:06,0.06257700,3.16500000
2018-03-21 00:10:06,0.06257900,0.23000000
2018-03-21 00:10:06,0.06258000,1.32800000
2018-03-21 00:10:06,0.06258600,0.02700000
2018-03-21 00:10:06,0.06259900,0.04000000
2018-03-21 00:10:06,0.06261000,0.86400000
2018-03-21 00:10:06,0.06261100,0.20000000
2018-03-21 00:10:06,0.06261200,0.05100000
2018-03-21 00:10:06,0.06261700,0.00100000
2018-03-21 00:10:06,0.06262700,0.10000000
2018-03-21 00:10:06,0.06263000,0.07200000
2018-03-21 00:10:06,0.06263200,0.19800000
2018-03-21 00:10:06,0.06263500,0.39100000
2018-03-21 00:10:06,0.06264800,0.10000000
2018-03-21 00:10:06,0.06265700,0.10000000
2018-03-21 00:10:06,0.06266000,0.93600000
2018-03-21 00:10:06,0.06257900,0.23000000
2018-03-21 00:10:06,0.06266000,0.33300000
2018-03-21 00:10:07,0.06251000,0.10000000
2018-03-21 00:10:08,0.06251400,0.09900000
2018-03-21 00:10:09,0.06257900,3.26400000
2018-03-21 00:10:09,0.06258000,0.04900000
2018-03-21 00:10:09,0.06265700,0.71800000
2018-03-21 00:10:09,0.06265800,0.11700000
2018-03-21 00:10:09,0.06265900,3.80000000
2018-03-21 00:10:09,0.06251400,0.00100000
2018-03-21 00:10:09,0.06251200,0.29100000
2018-03-21 00:10:10,0.06251500,0.23400000
2018-03-21 00:10:11,0.06258600,0.71900000
2018-03-21 00:10:11,0.06258700,0.04000000
2018-03-21 00:10:11,0.06265700,4.11900000
2018-03-21 00:10:11,0.06265800,0.10000000
2018-03-21 00:10:11,0.06265900,2.97100000
2018-03-21 00:10:11,0.06252400,0.06700000
2018-03-21 00:10:12,0.06258500,0.07100000
2018-03-21 00:10:14,0.06258000,0.04200000
2018-03-21 00:10:15,0.06257900,3.06500000
2018-03-21 00:10:16,0.06253900,0.28200000
2018-03-21 00:10:16,0.06253900,1.31500000
2018-03-21 00:10:17,0.06254600,0.87100000
2018-03-21 00:10:17,0.06254600,0.72700000
2018-03-21 00:10:17,0.06254200,0.08500000
2018-03-21 00:10:18,0.06255100,0.23900000
2018-03-21 00:10:18,0.06255100,0.00100000
2018-03-21 00:10:18,0.06255000,0.03800000
2018-03-21 00:10:18,0.06255000,0.03900000
2018-03-21 00:10:18,0.06262100,0.11000000
2018-03-21 00:10:19,0.06255300,0.33000000
2018-03-21 00:10:19,0.06255300,0.33000000
2018-03-21 00:10:19,0.06255400,0.23400000
2018-03-21 00:10:20,0.06255400,0.04800000
2018-03-21 00:10:20,0.06255400,0.51700000
2018-03-21 00:10:20,0.06254900,0.20000000
2018-03-21 00:10:20,0.06260900,0.78300000
2018-03-21 00:10:21,0.06255500,0.19500000
2018-03-21 00:10:21,0.06255500,0.14300000
2018-03-21 00:10:21,0.06255500,0.13100000
2018-03-21 00:10:22,0.06255500,0.35300000
2018-03-21 00:10:23,0.06255600,0.11000000
2018-03-21 00:10:23,0.06260800,0.13200000
2018-03-21 00:10:24,0.06257900,0.42800000
2018-03-21 00:10:24,0.06255600,0.34300000
2018-03-21 00:10:24,0.06255600,0.35500000
2018-03-21 00:10:26,0.06255700,0.08900000
2018-03-21 00:10:26,0.06255700,2.82200000
2018-03-21 00:10:26,0.06259500,0.86800000
2018-03-21 00:10:26,0.06259500,0.32200000
2018-03-21 00:10:27,0.06255600,0.12600000
2018-03-21 00:10:28,0.06258500,0.32200000
2018-03-21 00:10:28,0.06258500,0.01700000
2018-03-21 00:10:29,0.06257500,0.07000000
2018-03-21 00:10:29,0.06257500,0.06100000
2018-03-21 00:10:29,0.06257500,0.15000000
2018-03-21 00:10:30,0.06257500,0.51700000
2018-03-21 00:10:31,0.06257000,0.06900000
2018-03-21 00:10:31,0.06257000,0.00100000
2018-03-21 00:10:32,0.06258300,0.73600000
2018-03-21 00:10:33,0.06258400,0.02800000
2018-03-21 00:10:34,0.06258300,0.00100000
2018-03-21 00:10:35,0.06257500,0.32700000
2018-03-21 00:10:35,0.06258300,0.06100000
2018-03-21 00:10:35,0.06257500,0.00100000
2018-03-21 00:10:35,0.06255800,0.10000000
2018-03-21 00:10:35,0.06255700,0.04700000
2018-03-21 00:10:35,0.06258300,0.00100000
2018-03-21 00:10:35,0.06260800,0.05200000
2018-03-21 00:10:35,0.06255700,0.01900000
2018-03-21 00:10:35,0.06255700,2.86100000
2018-03-21 00:10:35,0.06260800,0.09200000
2018-03-21 00:10:35,0.06262600,0.04000000
2018-03-21 00:10:35,0.06264500,0.11500000
2018-03-21 00:10:35,0.06264800,0.10200000
2018-03-21 00:10:35,0.06264900,0.33000000
2018-03-21 00:10:35,0.06265000,0.02400000
2018-03-21 00:10:35,0.06266100,0.50000000
2018-03-21 00:10:35,0.06266600,0.38400000
2018-03-21 00:10:36,0.06255800,1.59800000
2018-03-21 00:10:36,0.06257700,4.00000000
2018-03-21 00:10:36,0.06264900,0.23200000
2018-03-21 00:10:36,0.06256100,0.01700000
2018-03-21 00:10:39,0.06262000,0.27600000
2018-03-21 00:10:39,0.06264400,0.33000000
2018-03-21 00:10:39,0.06264500,1.85300000
2018-03-21 00:10:39,0.06264600,2.91100000
2018-03-21 00:10:39,0.06264700,0.54400000
2018-03-21 00:10:39,0.06266500,0.50000000
2018-03-21 00:10:39,0.06266700,1.54600000
2018-03-21 00:10:40,0.06257000,0.28400000
2018-03-21 00:10:40,0.06257000,0.36200000
2018-03-21 00:10:40,0.06265100,0.23000000
2018-03-21 00:10:40,0.06265400,1.00000000
2018-03-21 00:10:40,0.06266000,0.10000000
2018-03-21 00:10:40,0.06266500,0.34000000
2018-03-21 00:10:41,0.06257200,0.09900000
2018-03-21 00:10:41,0.06257400,0.06600000
2018-03-21 00:10:41,0.06257500,0.11000000
2018-03-21 00:10:42,0.06265000,1.90400000
2018-03-21 00:10:43,0.06257700,0.09100000
2018-03-21 00:10:45,0.06258100,0.22100000
2018-03-21 00:10:45,0.06258300,0.05300000
2018-03-21 00:10:47,0.06258600,0.04700000
2018-03-21 00:10:48,0.06259900,0.09300000
2018-03-21 00:10:48,0.06259900,0.06800000
2018-03-21 00:10:48,0.06259900,0.68100000
2018-03-21 00:10:48,0.06259900,0.31000000
2018-03-21 00:10:49,0.06266200,0.42200000
2018-03-21 00:10:49,0.06266200,0.05900000
2018-03-21 00:10:49,0.06266300,0.05300000
2018-03-21 00:10:49,0.06266400,0.02400000
2018-03-21 00:10:50,0.06259900,0.19200000
2018-03-21 00:10:50,0.06260000,0.13700000
2018-03-21 00:10:50,0.06259900,0.82200000
2018-03-21 00:10:53,0.06259100,0.25300000
2018-03-21 00:10:53,0.06259100,0.03700000
2018-03-21 00:10:54,0.06259100,1.01900000
2018-03-21 00:10:58,0.06259300,0.02900000
2018-03-21 00:10:59,0.06262500,0.61000000
2018-03-21 00:10:59,0.06259300,0.34800000
2018-03-21 00:10:59,0.06259300,0.32200000
2018-03-21 00:11:02,0.06259200,0.00100000
2018-03-21 00:11:02,0.06259200,0.15400000
2018-03-21 00:11:02,0.06259200,0.41300000
2018-03-21 00:11:02,0.06259200,1.73300000
2018-03-21 00:11:02,0.06259200,0.27300000
2018-03-21 00:11:02,0.06259200,0.10200000
2018-03-21 00:11:04,0.06259300,0.01700000
2018-03-21 00:11:05,0.06259300,0.00100000
2018-03-21 00:11:05,0.06259200,0.17400000
2018-03-21 00:11:05,0.06259200,0.39400000
2018-03-21 00:11:05,0.06265700,0.07000000
2018-03-21 00:11:06,0.06259300,0.11000000
2018-03-21 00:11:07,0.06259200,0.01000000
2018-03-21 00:11:07,0.06259100,0.02000000
2018-03-21 00:11:08,0.06259200,0.01600000
2018-03-21 00:11:12,0.06259300,0.45100000
2018-03-21 00:11:14,0.06259300,0.38300000
2018-03-21 00:11:16,0.06265500,0.20300000
2018-03-21 00:11:17,0.06265700,0.05600000
2018-03-21 00:11:19,0.06265700,0.10000000
2018-03-21 00:11:20,0.06265700,0.00200000
2018-03-21 00:11:20,0.06265800,0.16000000
2018-03-21 00:11:20,0.06265800,0.16300000
2018-03-21 00:11:20,0.06265800,0.02900000
2018-03-21 00:11:21,0.06265800,0.09700000
2018-03-21 00:11:21,0.06265700,0.05900000
2018-03-21 00:11:21,0.06265700,0.04100000
2018-03-21 00:11:21,0.06265800,0.00100000
2018-03-21 00:11:21,0.06265900,0.60000000
2018-03-21 00:11:21,0.06266200,5.00000000
2018-03-21 00:11:21,0.06266400,0.19700000
2018-03-21 00:11:21,0.06266500,0.30000000
2018-03-21 00:11:21,0.06266700,0.19900000
2018-03-21 00:11:21,0.06267500,0.16000000
2018-03-21 00:11:21,0.06267700,0.10000000
2018-03-21 00:11:21,0.06267900,0.57300000
2018-03-21 00:11:21,0.06268000,0.29200000
2018-03-21 00:11:21,0.06268200,0.23100000
2018-03-21 00:11:21,0.06268700,0.05000000
2018-03-21 00:11:21,0.06269300,0.06200000
2018-03-21 00:11:21,0.06269400,0.25600000
2018-03-21 00:11:21,0.06269500,0.10000000
2018-03-21 00:11:21,0.06270000,0.54100000
2018-03-21 00:11:22,0.06259900,0.01800000
2018-03-21 00:11:23,0.06260300,0.03500000
2018-03-21 00:11:25,0.06260500,0.86100000
2018-03-21 00:11:25,0.06261000,0.07900000
2018-03-21 00:11:25,0.06261000,0.00100000
2018-03-21 00:11:25,0.06260500,0.03900000
2018-03-21 00:11:26,0.06260600,0.50700000
2018-03-21 00:11:26,0.06260600,0.07100000
2018-03-21 00:11:28,0.06260700,0.02700000
2018-03-21 00:11:29,0.06267700,0.02200000
2018-03-21 00:11:30,0.06267700,0.02200000
2018-03-21 00:11:30,0.06267600,0.27800000
2018-03-21 00:11:30,0.06267700,0.01600000
2018-03-21 00:11:31,0.06267700,0.01100000
2018-03-21 00:11:31,0.06267800,0.17400000
2018-03-21 00:11:36,0.06267700,0.10000000
2018-03-21 00:11:36,0.06261300,0.84300000
2018-03-21 00:11:36,0.06261200,2.15300000
2018-03-21 00:11:36,0.06260700,5.00000000
2018-03-21 00:11:36,0.06260600,0.39100000
2018-03-21 00:11:36,0.06260400,0.33000000
2018-03-21 00:11:36,0.06259100,0.01000000
2018-03-21 00:11:36,0.06258800,0.20000000
2018-03-21 00:11:37,0.06261300,0.09400000
2018-03-21 00:11:37,0.06261300,0.74800000
2018-03-21 00:11:37,0.06261300,0.02700000
2018-03-21 00:11:38,0.06261000,0.07900000
2018-03-21 00:11:39,0.06261000,0.00100000
2018-03-21 00:11:39,0.06261300,0.00200000
2018-03-21 00:11:39,0.06267800,0.38000000
2018-03-21 00:11:39,0.06268000,0.86200000
2018-03-21 00:11:39,0.06268600,0.33000000
2018-03-21 00:11:39,0.06269900,0.66700000
2018-03-21 00:11:40,0.06266100,0.02900000
2018-03-21 00:11:41,0.06259700,0.26300000
2018-03-21 00:11:41,0.06259700,0.17400000
2018-03-21 00:11:42,0.06266000,0.19900000
2018-03-21 00:11:43,0.06266100,0.00100000
2018-03-21 00:11:43,0.06268700,0.33000000
2018-03-21 00:11:43,0.06269900,0.38200000
2018-03-21 00:11:43,0.06268700,0.22600000
2018-03-21 00:11:43,0.06261800,0.42600000
2018-03-21 00:11:44,0.06267300,0.11400000
2018-03-21 00:11:44,0.06262000,0.07800000
2018-03-21 00:11:44,0.06262000,0.00200000
2018-03-21 00:11:44,0.06261800,0.00100000
2018-03-21 00:11:44,0.06260300,0.07600000
2018-03-21 00:11:44,0.06267300,0.51500000
2018-03-21 00:11:45,0.06267000,0.07900000
2018-03-21 00:11:46,0.06260500,1.49700000
2018-03-21 00:11:47,0.06260500,0.79700000
2018-03-21 00:11:47,0.06260500,0.62900000
2018-03-21 00:11:48,0.06260600,0.19900000
2018-03-21 00:11:48,0.06260400,0.14800000
2018-03-21 00:11:48,0.06260400,0.14800000
2018-03-21 00:11:48,0.06267300,2.00800000
2018-03-21 00:11:49,0.06260400,0.02300000
2018-03-21 00:11:49,0.06267400,0.41500000
2018-03-21 00:11:50,0.06261000,0.07800000
2018-03-21 00:11:50,0.06267400,0.03100000
2018-03-21 00:11:51,0.06260500,0.23000000
2018-03-21 00:11:51,0.06260500,0.22700000
2018-03-21 00:11:51,0.06260500,0.34600000
2018-03-21 00:11:51,0.06260500,0.34500000
2018-03-21 00:11:52,0.06260500,0.29200000
2018-03-21 00:11:52,0.06260500,0.10200000
2018-03-21 00:11:52,0.06260400,0.03400000
2018-03-21 00:11:52,0.06260500,0.10100000
2018-03-21 00:11:52,0.06260500,0.23700000
2018-03-21 00:11:53,0.06260500,0.29100000
2018-03-21 00:11:53,0.06267000,0.08000000
2018-03-21 00:11:53,0.06267200,0.96200000
2018-03-21 00:11:53,0.06267300,0.79300000
2018-03-21 00:11:54,0.06260300,0.09800000
2018-03-21 00:11:54,0.06260300,0.20000000
2018-03-21 00:11:54,0.06260500,0.03000000
2018-03-21 00:11:54,0.06260300,0.17200000
2018-03-21 00:11:55,0.06260300,0.31400000
2018-03-21 00:11:55,0.06260200,0.05300000
2018-03-21 00:11:55,0.06260300,0.23000000
2018-03-21 00:11:55,0.06260200,1.59300000
2018-03-21 00:11:56,0.06260400,0.05800000
2018-03-21 00:11:56,0.06260400,0.02200000
2018-03-21 00:11:56,0.06267100,0.21900000
2018-03-21 00:11:56,0.06267100,0.06500000
2018-03-21 00:11:56,0.06260400,0.02900000
2018-03-21 00:11:57,0.06267000,0.36200000
2018-03-21 00:11:57,0.06260300,0.02200000
2018-03-21 00:11:57,0.06260300,0.02900000
2018-03-21 00:11:58,0.06260700,0.02000000
2018-03-21 00:11:58,0.06266900,0.36200000
2018-03-21 00:11:58,0.06260700,0.12000000
2018-03-21 00:11:58,0.06260300,0.02900000
2018-03-21 00:11:58,0.06263600,0.84100000
2018-03-21 00:11:58,0.06260300,0.30300000
2018-03-21 00:11:58,0.06260300,0.08000000
2018-03-21 00:11:58,0.06266900,0.00100000
2018-03-21 00:11:58,0.06267000,0.03000000
2018-03-21 00:11:58,0.06267100,0.78800000
2018-03-21 00:11:59,0.06267100,0.07500000
2018-03-21 00:12:02,0.06260500,0.01600000
2018-03-21 00:12:02,0.06260300,0.45400000
2018-03-21 00:12:02,0.06260300,0.00100000
2018-03-21 00:12:02,0.06260200,0.01600000
2018-03-21 00:12:02,0.06260200,0.21300000
2018-03-21 00:12:03,0.06260500,0.00100000
2018-03-21 00:12:03,0.06267100,0.01700000
2018-03-21 00:12:03,0.06260200,0.00200000
2018-03-21 00:12:03,0.06260100,0.01400000
2018-03-21 00:12:03,0.06260100,0.01600000
2018-03-21 00:12:03,0.06260100,0.01600000
2018-03-21 00:12:03,0.06260100,0.01600000
2018-03-21 00:12:04,0.06260100,0.66400000
2018-03-21 00:12:04,0.06267000,0.05300000
2018-03-21 00:12:04,0.06267100,0.45500000
2018-03-21 00:12:04,0.06267200,0.72700000
2018-03-21 00:12:04,0.06267300,0.23000000
2018-03-21 00:12:04,0.06267400,0.28500000
2018-03-21 00:12:04,0.06260200,0.50000000
2018-03-21 00:12:07,0.06267000,0.10700000
2018-03-21 00:12:07,0.06267000,0.05300000
2018-03-21 00:12:07,0.06267000,1.06400000
2018-03-21 00:12:07,0.06267100,0.19500000
2018-03-21 00:12:07,0.06260300,0.10900000
2018-03-21 00:12:07,0.06259200,0.03900000
2018-03-21 00:12:07,0.06267100,0.30500000
2018-03-21 00:12:07,0.06267400,0.23800000
2018-03-21 00:12:09,0.06266800,0.04700000
2018-03-21 00:12:09,0.06260000,0.07900000
2018-03-21 00:12:10,0.06266800,0.03500000
2018-03-21 00:12:10,0.06260000,0.10100000
2018-03-21 00:12:10,0.06259700,2.51800000
2018-03-21 00:12:10,0.06266800,0.10200000
2018-03-21 00:12:10,0.06260000,0.03200000
2018-03-21 00:12:10,0.06267000,0.08000000
2018-03-21 00:12:10,0.06267100,0.79100000
2018-03-21 00:12:11,0.06267100,0.14100000
2018-03-21 00:12:11,0.06267100,0.14100000
2018-03-21 00:12:11,0.06267100,0.17700000
2018-03-21 00:12:11,0.06267100,0.00100000
2018-03-21 00:12:11,0.06261300,0.17600000
2018-03-21 00:12:11,0.06267400,0.03000000
2018-03-21 00:12:11,0.06261300,0.17700000
2018-03-21 00:12:11,0.06261300,0.02000000
2018-03-21 00:12:12,0.06267000,0.04700000
2018-03-21 00:12:12,0.06267000,7.34000000
2018-03-21 00:12:13,0.06267300,0.23800000
2018-03-21 00:12:14,0.06267300,1.58500000
2018-03-21 00:12:14,0.06267300,3.23500000
2018-03-21 00:12:14,0.06261400,0.22900000
2018-03-21 00:12:15,0.06261300,0.10300000
2018-03-21 00:12:16,0.06261400,0.05900000
2018-03-21 00:12:16,0.06261400,0.38800000
2018-03-21 00:12:16,0.06261400,0.05800000
2018-03-21 00:12:20,0.06261400,0.00100000
2018-03-21 00:12:20,0.06261400,0.01900000
2018-03-21 00:12:22,0.06267000,0.97700000
2018-03-21 00:12:22,0.06267000,0.14600000
2018-03-21 00:12:22,0.06267100,0.03100000
2018-03-21 00:12:22,0.06267100,0.26200000
2018-03-21 00:12:23,0.06261500,0.02900000
2018-03-21 00:12:23,0.06261600,0.37700000
2018-03-21 00:12:26,0.06267100,0.02200000
2018-03-21 00:12:27,0.06261400,0.04700000
2018-03-21 00:12:28,0.06267100,0.02200000
2018-03-21 00:12:29,0.06267100,1.16400000
2018-03-21 00:12:29,0.06267400,0.00100000
2018-03-21 00:12:29,0.06267500,0.24300000
2018-03-21 00:12:29,0.06267500,0.38800000
2018-03-21 00:12:29,0.06267500,0.08300000
2018-03-21 00:12:29,0.06267500,0.39000000
2018-03-21 00:12:29,0.06268000,0.02200000
2018-03-21 00:12:30,0.06267500,0.44600000
2018-03-21 00:12:30,0.06267500,3.00000000
2018-03-21 00:12:30,0.06268000,0.02400000
2018-03-21 00:12:30,0.06267500,0.13000000
2018-03-21 00:12:30,0.06267500,0.26300000
2018-03-21 00:12:30,0.06267500,0.85700000
2018-03-21 00:12:30,0.06267500,0.39400000
2018-03-21 00:12:31,0.06267500,0.11400000
2018-03-21 00:12:31,0.06267500,0.36600000
2018-03-21 00:12:31,0.06267500,0.02700000
2018-03-21 00:12:31,0.06267500,0.30100000
2018-03-21 00:12:31,0.06268000,0.06300000
2018-03-21 00:12:32,0.06267600,1.59400000
2018-03-21 00:12:32,0.06267600,0.28100000
2018-03-21 00:12:32,0.06267500,0.16100000
2018-03-21 00:12:32,0.06267500,0.28000000
2018-03-21 00:12:32,0.06267500,0.05300000
2018-03-21 00:12:32,0.06267500,0.40500000
2018-03-21 00:12:33,0.06267500,1.59400000
2018-03-21 00:12:33,0.06267500,0.45500000
2018-03-21 00:12:33,0.06267500,1.29600000
2018-03-21 00:12:33,0.06267500,1.53700000
2018-03-21 00:12:33,0.06267500,1.59600000
2018-03-21 00:12:33,0.06267500,0.50200000
2018-03-21 00:12:34,0.06267500,1.43600000
2018-03-21 00:12:35,0.06267500,0.00100000
2018-03-21 00:12:36,0.06267400,1.59500000
2018-03-21 00:12:36,0.06261300,0.24500000
2018-03-21 00:12:36,0.06267400,1.21000000
2018-03-21 00:12:40,0.06267400,0.10000000
2018-03-21 00:12:40,0.06267400,0.19800000
2018-03-21 00:12:41,0.06261500,0.02800000
2018-03-21 00:12:43,0.06267500,0.04400000
2018-03-21 00:12:45,0.06267500,0.20000000
2018-03-21 00:12:46,0.06267500,7.75600000
2018-03-21 00:12:48,0.06261500,0.01700000
2018-03-21 00:12:49,0.06268100,0.36200000
2018-03-21 00:12:51,0.06268100,0.02100000
2018-03-21 00:12:52,0.06261600,1.59600000
2018-03-21 00:12:52,0.06261600,1.59600000
2018-03-21 00:12:53,0.06261600,0.06100000
2018-03-21 00:12:56,0.06261600,0.03000000
2018-03-21 00:12:56,0.06261600,0.00100000
2018-03-21 00:12:56,0.06261300,0.02900000
2018-03-21 00:12:56,0.06261300,0.55100000
2018-03-21 00:12:57,0.06261300,0.86900000
2018-03-21 00:12:57,0.06261300,0.82900000
2018-03-21 00:12:57,0.06267900,0.10100000
2018-03-21 00:12:58,0.06261400,0.44700000
2018-03-21 00:12:58,0.06261400,0.04100000
2018-03-21 00:13:00,0.06261300,0.00100000
2018-03-21 00:13:00,0.06261200,3.25400000
2018-03-21 00:13:00,0.06261100,0.81400000
2018-03-21 00:13:00,0.06260400,0.20000000
2018-03-21 00:13:00,0.06260200,0.23000000
2018-03-21 00:13:00,0.06260000,1.41700000
2018-03-21 00:13:00,0.06260200,0.20000000
2018-03-21 00:13:00,0.06260000,1.62000000
2018-03-21 00:13:00,0.06267700,1.80100000
2018-03-21 00:13:01,0.06260000,0.36700000
2018-03-21 00:13:01,0.06267700,0.01700000
2018-03-21 00:13:01,0.06264600,0.42700000
2018-03-21 00:13:01,0.06267700,0.79700000
2018-03-21 00:13:01,0.06268000,0.81100000
2018-03-21 00:13:01,0.06268000,0.17000000
2018-03-21 00:13:02,0.06260100,1.59600000
2018-03-21 00:13:02,0.06260100,1.42300000
2018-03-21 00:13:02,0.06260200,0.13100000
2018-03-21 00:13:02,0.06260200,0.01600000
2018-03-21 00:13:03,0.06260300,0.86200000
2018-03-21 00:13:03,0.06267400,0.01800000
2018-03-21 00:13:03,0.06267400,0.18200000
2018-03-21 00:13:04,0.06260300,1.59600000
2018-03-21 00:13:05,0.06267300,0.20000000
2018-03-21 00:13:05,0.06267400,0.38100000
2018-03-21 00:13:05,0.06262000,0.07700000
2018-03-21 00:13:06,0.06267400,0.99300000
2018-03-21 00:13:06,0.06267600,0.81400000
2018-03-21 00:13:06,0.06268000,0.30800000
2018-03-21 00:13:07,0.06262100,0.20000000
2018-03-21 00:13:07,0.06262100,0.09700000
2018-03-21 00:13:08,0.06262000,0.22700000
2018-03-21 00:13:08,0.06262000,1.79600000
2018-03-21 00:13:08,0.06262000,1.90000000
2018-03-21 00:13:08,0.06262000,0.18800000
2018-03-21 00:13:08,0.06262000,0.94600000
2018-03-21 00:13:08,0.06261200,0.23700000
2018-03-21 00:13:08,0.06262000,0.20000000
2018-03-21 00:13:08,0.06262000,0.26200000
2018-03-21 00:13:08,0.06262000,0.20000000
2018-03-21 00:13:08,0.06262000,0.00500000
2018-03-21 00:13:08,0.06264000,0.19700000
2018-03-21 00:13:08,0.06264000,0.00800000
2018-03-21 00:13:08,0.06261200,0.18900000
2018-03-21 00:13:09,0.06261200,0.19700000
2018-03-21 00:13:09,0.06267200,0.14700000
2018-03-21 00:13:09,0.06268000,0.69700000
2018-03-21 00:13:09,0.06268100,0.95700000
2018-03-21 00:13:09,0.06261300,0.09400000
2018-03-21 00:13:10,0.06261300,0.26300000
2018-03-21 00:13:10,0.06261200,0.19100000
2018-03-21 00:13:10,0.06261000,0.08000000
2018-03-21 00:13:10,0.06259000,0.05900000
2018-03-21 00:13:10,0.06260400,0.04400000
2018-03-21 00:13:10,0.06260400,0.25800000
2018-03-21 00:13:10,0.06268000,0.04100000
2018-03-21 00:13:10,0.06268000,0.27200000
2018-03-21 00:13:10,0.06268000,0.01700000
2018-03-21 00:13:10,0.06268100,0.09000000
2018-03-21 00:13:11,0.06260000,0.07400000
2018-03-21 00:13:11,0.06260000,0.00600000
2018-03-21 00:13:11,0.06262000,0.07400000
2018-03-21 00:13:13,0.06260100,0.50400000
2018-03-21 00:13:13,0.06260100,0.86300000
2018-03-21 00:13:14,0.06260200,1.59600000
2018-03-21 00:13:14,0.06260200,4.55100000
2018-03-21 00:13:15,0.06260200,1.59600000
2018-03-21 00:13:15,0.06260200,1.23100000
2018-03-21 00:13:15,0.06267000,0.05000000
2018-03-21 00:13:16,0.06266900,0.25500000
2018-03-21 00:13:16,0.06260100,1.59600000
2018-03-21 00:13:16,0.06260100,0.97400000
2018-03-21 00:13:16,0.06260200,0.05000000
2018-03-21 00:13:17,0.06260000,0.08000000
2018-03-21 00:13:17,0.06266900,0.53000000
2018-03-21 00:13:17,0.06266900,0.23000000
2018-03-21 00:13:17,0.06266800,0.02600000
2018-03-21 00:13:18,0.06260100,0.45500000
2018-03-21 00:13:22,0.06259500,0.16300000
2018-03-21 00:13:23,0.06262700,0.70500000
2018-03-21 00:13:23,0.06259500,0.27200000
2018-03-21 00:13:26,0.06265800,0.09400000
2018-03-21 00:13:28,0.06258800,0.09400000
2018-03-21 00:13:29,0.06258700,0.10600000
2018-03-21 00:13:29,0.06258700,0.09300000
2018-03-21 00:13:31,0.06258400,0.33000000
2018-03-21 00:13:31,0.06258400,0.33000000
2018-03-21 00:13:31,0.06258300,0.26800000
2018-03-21 00:13:34,0.06265000,0.08000000
2018-03-21 00:13:34,0.06265400,0.93400000
2018-03-21 00:13:34,0.06265500,0.14000000
2018-03-21 00:13:35,0.06265400,0.15500000
2018-03-21 00:13:35,0.06258400,0.84100000
2018-03-21 00:13:35,0.06258300,0.17700000
2018-03-21 00:13:37,0.06265300,0.14100000
2018-03-21 00:13:37,0.06265400,0.86300000
2018-03-21 00:13:37,0.06265500,0.51800000
2018-03-21 00:13:37,0.06267100,0.33000000
2018-03-21 00:13:37,0.06267200,0.81400000
2018-03-21 00:13:37,0.06268100,0.02700000
2018-03-21 00:13:37,0.06268500,1.32300000
2018-03-21 00:13:37,0.06258300,0.22400000
2018-03-21 00:13:39,0.06258600,0.28800000
2018-03-21 00:13:40,0.06264600,0.03100000
2018-03-21 00:13:40,0.06264600,0.01600000
2018-03-21 00:13:41,0.06264600,0.21600000
2018-03-21 00:13:42,0.06264600,0.12700000
2018-03-21 00:13:42,0.06264600,0.09200000
2018-03-21 00:13:43,0.06258900,1.30400000
2018-03-21 00:13:43,0.06264600,0.00100000
2018-03-21 00:13:43,0.06264600,0.15000000
2018-03-21 00:13:43,0.06264600,0.28500000
2018-03-21 00:13:43,0.06258900,0.05700000
2018-03-21 00:13:43,0.06258900,0.12800000
2018-03-21 00:13:43,0.06258900,0.05200000
2018-03-21 00:13:44,0.06259000,0.64900000
2018-03-21 00:13:45,0.06262500,0.01800000
2018-03-21 00:13:45,0.06262500,0.09600000
2018-03-21 00:13:45,0.06259200,0.01200000
2018-03-21 00:13:45,0.06259200,0.02900000
2018-03-21 00:13:45,0.06259200,0.11300000
2018-03-21 00:13:45,0.06259200,0.05900000
2018-03-21 00:13:45,0.06259200,0.09500000
2018-03-21 00:13:47,0.06266600,0.13300000
2018-03-21 00:13:48,0.06259400,0.56800000
2018-03-21 00:13:49,0.06259400,0.03400000
2018-03-21 00:13:50,0.06260000,0.08000000
2018-03-21 00:13:50,0.06259600,0.21500000
2018-03-21 00:13:50,0.06259500,0.35500000
2018-03-21 00:13:50,0.06259500,0.43000000
2018-03-21 00:13:50,0.06259500,0.22000000
2018-03-21 00:13:50,0.06259500,0.12800000
2018-03-21 00:13:50,0.06259500,0.18800000
2018-03-21 00:13:50,0.06259400,0.42200000
2018-03-21 00:13:50,0.06259200,0.36000000
2018-03-21 00:13:50,0.06258000,3.00000000
2018-03-21 00:13:50,0.06257500,0.50000000
2018-03-21 00:13:50,0.06256100,0.02300000
2018-03-21 00:13:50,0.06254900,0.45800000
2018-03-21 00:13:50,0.06253800,0.05600000
2018-03-21 00:13:50,0.06253500,0.31300000
2018-03-21 00:13:50,0.06253400,2.68000000
2018-03-21 00:13:51,0.06259600,0.14100000
2018-03-21 00:13:51,0.06257500,0.50000000
2018-03-21 00:13:51,0.06257200,0.11300000
2018-03-21 00:13:52,0.06263000,0.08000000
2018-03-21 00:13:52,0.06263600,0.04000000
2018-03-21 00:13:52,0.06265800,0.14100000
2018-03-21 00:13:52,0.06265900,0.01000000
2018-03-21 00:13:53,0.06263500,0.21600000
2018-03-21 00:13:54,0.06259400,0.02500000
2018-03-21 00:13:54,0.06259400,0.19500000
2018-03-21 00:13:54,0.06259400,0.31100000
2018-03-21 00:13:54,0.06259400,0.03900000
2018-03-21 00:13:54,0.06259400,0.34200000
2018-03-21 00:13:54,0.06259400,0.04000000
2018-03-21 00:13:54,0.06263500,0.02700000
2018-03-21 00:13:54,0.06265800,0.31400000
2018-03-21 00:13:55,0.06265800,1.59600000
2018-03-21 00:13:59,0.06262100,0.58800000
2018-03-21 00:13:59,0.06265500,0.36300000
2018-03-21 00:13:59,0.06265500,0.32700000
2018-03-21 00:13:59,0.06258700,0.11200000
2018-03-21 00:13:59,0.06258200,0.09900000
2018-03-21 00:14:02,0.06258200,1.81500000
2018-03-21 00:14:02,0.06265400,0.09200000
2018-03-21 00:14:02,0.06258200,0.48100000
2018-03-21 00:14:03,0.06258200,0.13300000
2018-03-21 00:14:04,0.06258300,0.46100000
2018-03-21 00:14:04,0.06258200,0.24500000
2018-03-21 00:14:04,0.06258000,0.08000000
2018-03-21 00:14:04,0.06257500,0.03000000
2018-03-21 00:14:04,0.06253500,0.56400000
2018-03-21 00:14:05,0.06254200,0.04000000
2018-03-21 00:14:05,0.06254100,1.35800000
2018-03-21 00:14:05,0.06261700,0.03900000
2018-03-21 00:14:07,0.06261600,0.31000000
2018-03-21 00:14:07,0.06261600,0.19500000
2018-03-21 00:14:07,0.06261600,0.30200000
2018-03-21 00:14:07,0.06261600,0.31900000
2018-03-21 00:14:08,0.06261500,0.02500000
2018-03-21 00:14:09,0.06258800,0.07700000
2018-03-21 00:14:09,0.06258800,0.07000000
2018-03-21 00:14:09,0.06261000,0.08000000
2018-03-21 00:14:09,0.06261500,0.51000000
2018-03-21 00:14:09,0.06261500,0.28700000
2018-03-21 00:14:09,0.06261600,0.30200000
2018-03-21 00:14:10,0.06258800,0.00100000
2018-03-21 00:14:10,0.06261600,0.27800000
2018-03-21 00:14:10,0.06261600,0.13900000
2018-03-21 00:14:10,0.06261600,0.12800000
2018-03-21 00:14:10,0.06258700,0.16900000
2018-03-21 00:14:11,0.06261600,0.12800000
2018-03-21 00:14:11,0.06261700,0.00100000
2018-03-21 00:14:11,0.06263500,0.03000000
2018-03-21 00:14:11,0.06264900,0.46600000
2018-03-21 00:14:12,0.06258700,0.00100000
2018-03-21 00:14:12,0.06254100,0.16200000
2018-03-21 00:14:13,0.06254300,0.04000000
2018-03-21 00:14:13,0.06254200,0.54500000
2018-03-21 00:14:14,0.06258700,0.39700000
2018-03-21 00:14:15,0.06258700,0.15200000
2018-03-21 00:14:15,0.06258700,0.18700000
2018-03-21 00:14:15,0.06254400,0.00200000
2018-03-21 00:14:15,0.06254400,0.33800000
2018-03-21 00:14:15,0.06254400,1.31900000
2018-03-21 00:14:16,0.06261600,0.05000000
2018-03-21 00:14:16,0.06254400,0.02900000
2018-03-21 00:14:17,0.06261500,0.47900000
2018-03-21 00:14:17,0.06255000,0.02900000
2018-03-21 00:14:18,0.06254600,0.02900000
2018-03-21 00:14:18,0.06261000,0.02600000
2018-03-21 00:14:19,0.06261000,0.00400000
2018-03-21 00:14:19,0.06261400,0.29700000
2018-03-21 00:14:19,0.06258700,0.05100000
2018-03-21 00:14:19,0.06261400,0.05600000
2018-03-21 00:14:19,0.06261400,0.26200000
2018-03-21 00:14:20,0.06261400,0.08500000
2018-03-21 00:14:20,0.06261400,0.27400000
2018-03-21 00:14:20,0.06261400,0.24600000
2018-03-21 00:14:20,0.06261500,0.02800000
2018-03-21 00:14:20,0.06261400,0.33000000
2018-03-21 00:14:20,0.06261500,0.01800000
2018-03-21 00:14:20,0.06258700,0.00100000
2018-03-21 00:14:20,0.06255000,0.05800000
2018-03-21 00:14:21,0.06261500,0.22400000
2018-03-21 00:14:21,0.06261500,0.10100000
2018-03-21 00:14:22,0.06261500,0.38300000
2018-03-21 00:14:22,0.06261500,0.18600000
2018-03-21 00:14:22,0.06261500,0.18800000
2018-03-21 00:14:23,0.06261500,0.21100000
2018-03-21 00:14:23,0.06261500,0.22600000
2018-03-21 00:14:23,0.06261500,0.20000000
2018-03-21 00:14:23,0.06261600,0.16200000
2018-03-21 00:14:24,0.06261600,0.16100000
2018-03-21 00:14:27,0.06258700,0.15800000
2018-03-21 00:14:27,0.06258700,0.04500000
2018-03-21 00:14:28,0.06258700,0.04400000
2018-03-21 00:14:29,0.06255700,0.22100000
2018-03-21 00:14:29,0.06255700,0.22100000
2018-03-21 00:14:29,0.06258700,0.48800000
2018-03-21 00:14:36,0.06258600,0.05300000
2018-03-21 00:14:37,0.06256000,0.11000000
2018-03-21 00:14:38,0.06257300,0.05000000
2018-03-21 00:14:38,0.06258600,0.00400000
2018-03-21 00:14:38,0.06258600,0.03600000
2018-03-21 00:14:39,0.06258700,0.18300000
2018-03-21 00:14:40,0.06258700,0.50200000
2018-03-21 00:14:40,0.06258700,0.55300000
2018-03-21 00:14:40,0.06258700,2.00300000
2018-03-21 00:14:40,0.06261000,0.08300000
2018-03-21 00:14:41,0.06261000,0.15900000
2018-03-21 00:14:41,0.06261000,0.39800000
2018-03-21 00:14:42,0.06261000,0.36000000
2018-03-21 00:14:42,0.06261600,0.54200000
2018-03-21 00:14:42,0.06261800,0.01400000
2018-03-21 00:14:42,0.06261800,0.02500000
2018-03-21 00:14:44,0.06258600,0.00100000
2018-03-21 00:14:44,0.06258100,0.27200000
2018-03-21 00:14:44,0.06256000,0.14200000
2018-03-21 00:14:44,0.06255000,0.06400000
2018-03-21 00:14:44,0.06254500,0.51900000
2018-03-21 00:14:44,0.06254500,1.00400000
2018-03-21 00:14:45,0.06254500,0.62600000
2018-03-21 00:14:45,0.06261800,0.00100000
2018-03-21 00:14:45,0.06262000,0.94900000
2018-03-21 00:14:45,0.06264600,0.30000000
2018-03-21 00:14:45,0.06264700,0.04500000
2018-03-21 00:14:45,0.06265800,0.02700000
2018-03-21 00:14:45,0.06265900,0.30300000
2018-03-21 00:14:47,0.06258700,0.78700000
2018-03-21 00:14:47,0.06258700,0.06000000
2018-03-21 00:14:47,0.06258700,0.25600000
2018-03-21 00:14:47,0.06255200,0.02900000
2018-03-21 00:14:47,0.06258700,0.20700000
2018-03-21 00:14:48,0.06258700,0.28800000
2018-03-21 00:14:48,0.06258700,0.34400000
2018-03-21 00:14:52,0.06258700,0.92900000
2018-03-21 00:14:52,0.06258700,11.52400000
2018-03-21 00:14:53,0.06258700,2.87500000
2018-03-21 00:14:54,0.06258700,0.11900000
2018-03-21 00:14:55,0.06258700,0.41300000
2018-03-21 00:14:55,0.06258700,0.84800000
2018-03-21 00:14:56,0.06255500,0.40000000
2018-03-21 00:14:56,0.06255500,0.25300000
2018-03-21 00:14:57,0.06255500,0.02600000
2018-03-21 00:14:57,0.06258700,0.18600000
2018-03-21 00:14:57,0.06258700,0.02900000
2018-03-21 00:14:57,0.06255500,0.17300000
2018-03-21 00:14:58,0.06255400,0.14400000
2018-03-21 00:14:58,0.06255400,0.06100000
2018-03-21 00:14:58,0.06258700,1.27800000
2018-03-21 00:14:58,0.06255400,0.06500000
2018-03-21 00:14:58,0.06258700,0.73600000
2018-03-21 00:15:02,0.06258700,0.17100000
2018-03-21 00:15:03,0.06258700,0.11000000
2018-03-21 00:15:04,0.06258700,0.01800000
2018-03-21 00:15:06,0.06258700,0.10600000
2018-03-21 00:15:06,0.06255400,0.02900000
2018-03-21 00:15:06,0.06258700,0.28500000
2018-03-21 00:15:06,0.06255400,0.00100000
2018-03-21 00:15:06,0.06255200,0.10100000
2018-03-21 00:15:06,0.06258700,4.80000000
2018-03-21 00:15:07,0.06258700,5.59200000
2018-03-21 00:15:08,0.06258700,0.02600000
2018-03-21 00:15:08,0.06258700,0.04500000
2018-03-21 00:15:09,0.06258700,1.62700000
2018-03-21 00:15:09,0.06255300,0.07300000
2018-03-21 00:15:09,0.06255300,0.28400000
2018-03-21 00:15:11,0.06255300,0.04600000
2018-03-21 00:15:11,0.06258700,11.54700000
2018-03-21 00:15:12,0.06258700,1.75700000
2018-03-21 00:15:12,0.06258700,3.28600000
2018-03-21 00:15:12,0.06258700,8.89900000
2018-03-21 00:15:12,0.06264500,0.20000000
2018-03-21 00:15:12,0.06264600,0.20000000
2018-03-21 00:15:12,0.06265900,0.19700000
2018-03-21 00:15:12,0.06267200,1.00000000
2018-03-21 00:15:12,0.06267300,0.45800000
2018-03-21 00:15:12,0.06268500,1.19400000
2018-03-21 00:15:12,0.06268900,0.31300000
2018-03-21 00:15:12,0.06269000,0.94900000
2018-03-21 00:15:12,0.06269400,0.11400000
2018-03-21 00:15:13,0.06255400,0.06300000
2018-03-21 00:15:13,0.06264400,0.02000000
2018-03-21 00:15:14,0.06255500,0.10500000
2018-03-21 00:15:14,0.06262900,0.03100000
2018-03-21 00:15:15,0.06256000,0.08000000
2018-03-21 00:15:15,0.06255700,0.08900000
2018-03-21 00:15:17,0.06262800,0.11700000
2018-03-21 00:15:18,0.06255900,0.11700000
2018-03-21 00:15:18,0.06255900,0.11700000
2018-03-21 00:15:19,0.06262800,0.02300000
2018-03-21 00:15:19,0.06255900,0.35000000
2018-03-21 00:15:20,0.06262700,0.11600000
2018-03-21 00:15:20,0.06262000,0.10700000
2018-03-21 00:15:21,0.06262000,0.16200000
2018-03-21 00:15:21,0.06256000,0.39200000
2018-03-21 00:15:21,0.06256000,0.04700000
2018-03-21 00:15:22,0.06262000,0.08000000
2018-03-21 00:15:23,0.06256000,0.14200000
2018-03-21 00:15:23,0.06262000,0.00100000
2018-03-21 00:15:23,0.06262700,0.35000000
2018-03-21 00:15:23,0.06262800,0.00100000
2018-03-21 00:15:23,0.06262900,0.00900000
2018-03-21 00:15:23,0.06265000,0.06600000
2018-03-21 00:15:23,0.06266400,0.20000000
2018-03-21 00:15:23,0.06266700,0.38500000
2018-03-21 00:15:23,0.06268400,0.47400000
2018-03-21 00:15:23,0.06269400,3.68100000
2018-03-21 00:15:23,0.06269800,0.03300000
2018-03-21 00:15:23,0.06270000,2.74700000
2018-03-21 00:15:24,0.06266300,0.41900000
2018-03-21 00:15:24,0.06266400,0.33000000
2018-03-21 00:15:24,0.06268600,2.90300000
2018-03-21 00:15:24,0.06268700,1.00000000
2018-03-21 00:15:24,0.06270000,2.64900000
2018-03-21 00:15:24,0.06270400,0.64600000
2018-03-21 00:15:24,0.06266300,0.28400000
2018-03-21 00:15:25,0.06256400,0.02500000
2018-03-21 00:15:26,0.06257900,0.81300000
2018-03-21 00:15:27,0.06257900,0.04900000
2018-03-21 00:15:27,0.06257900,0.03200000
2018-03-21 00:15:27,0.06258000,0.04500000
2018-03-21 00:15:27,0.06258100,0.11400000
2018-03-21 00:15:27,0.06258100,0.46900000
2018-03-21 00:15:27,0.06266000,0.19900000
2018-03-21 00:15:28,0.06258400,0.02900000
2018-03-21 00:15:28,0.06258400,0.04700000
2018-03-21 00:15:29,0.06258400,0.50100000
2018-03-21 00:15:30,0.06265500,0.10200000
2018-03-21 00:15:30,0.06265600,0.09700000
2018-03-21 00:15:31,0.06265600,0.10100000
2018-03-21 00:15:32,0.06259000,0.33000000
2018-03-21 00:15:32,0.06259000,0.13000000
2018-03-21 00:15:32,0.06258400,0.13200000
2018-03-21 00:15:32,0.06259000,0.20000000
2018-03-21 00:15:33,0.06262700,0.03000000
2018-03-21 00:15:33,0.06262700,0.14400000
2018-03-21 00:15:33,0.06262700,0.02700000
2018-03-21 00:15:33,0.06262700,0.11000000
2018-03-21 00:15:33,0.06262700,0.05100000
2018-03-21 00:15:33,0.06262700,0.05000000
2018-03-21 00:15:34,0.06264100,0.02800000
2018-03-21 00:15:34,0.06262700,0.05600000
2018-03-21 00:15:34,0.06262700,0.55600000
2018-03-21 00:15:35,0.06259100,0.06800000
2018-03-21 00:15:35,0.06259000,0.06700000
2018-03-21 00:15:35,0.06259000,0.26300000
2018-03-21 00:15:36,0.06259000,0.33000000
2018-03-21 00:15:36,0.06259000,0.15300000
2018-03-21 00:15:37,0.06264100,0.02000000
2018-03-21 00:15:37,0.06265500,0.00300000
2018-03-21 00:15:37,0.06265500,0.01900000
2018-03-21 00:15:39,0.06259100,0.39700000
2018-03-21 00:15:40,0.06259100,0.02400000
2018-03-21 00:15:41,0.06262000,0.15900000
2018-03-21 00:15:41,0.06262000,0.18100000
2018-03-21 00:15:41,0.06262000,0.16600000
2018-03-21 00:15:41,0.06265500,0.27000000
2018-03-21 00:15:42,0.06262000,0.06300000
2018-03-21 00:15:42,0.06265400,0.26200000
2018-03-21 00:15:43,0.06262000,0.29500000
2018-03-21 00:15:43,0.06262000,0.00100000
2018-03-21 00:15:43,0.06259000,0.29300000
2018-03-21 00:15:43,0.06259000,4.60500000
2018-03-21 00:15:43,0.06265300,0.03000000
2018-03-21 00:15:43,0.06265400,0.17100000
2018-03-21 00:15:43,0.06265300,0.03000000
2018-03-21 00:15:43,0.06265400,0.09900000
2018-03-21 00:15:45,0.06259100,0.46800000
2018-03-21 00:15:49,0.06265100,0.23800000
2018-03-21 00:15:56,0.06265000,0.10200000
2018-03-21 00:15:56,0.06265000,0.10200000
2018-03-21 00:15:57,0.06259000,0.03000000
2018-03-21 00:15:57,0.06259000,0.00100000
2018-03-21 00:15:57,0.06257100,0.01700000
2018-03-21 00:15:57,0.06257100,0.02900000
2018-03-21 00:15:59,0.06264800,0.21200000
2018-03-21 00:16:00,0.06258000,0.07900000
2018-03-21 00:16:00,0.06264700,0.36300000
2018-03-21 00:16:00,0.06264800,0.39300000
2018-03-21 00:16:00,0.06264700,0.20100000
2018-03-21 00:16:00,0.06264800,0.16100000
2018-03-21 00:16:00,0.06264800,0.75300000
2018-03-21 00:16:01,0.06261100,0.07600000
2018-03-21 00:16:01,0.06264800,0.20000000
2018-03-21 00:16:01,0.06261100,0.00100000
2018-03-21 00:16:01,0.06258100,0.07400000
2018-03-21 00:16:01,0.06258100,0.02800000
2018-03-21 00:16:01,0.06264800,1.00000000
