DATE,PRICE,VOLUME
2018-03-21 08:00:02,0.06395900,0.05400000
2018-03-21 08:00:02,0.06396100,0.16800000
2018-03-21 08:00:02,0.06396100,0.05300000
2018-03-21 08:00:02,0.06389200,0.14800000
2018-03-21 08:00:02,0.06389200,0.00100000
2018-03-21 08:00:02,0.06389100,0.14700000
2018-03-21 08:00:02,0.06396100,0.03200000
2018-03-21 08:00:02,0.06396100,0.00600000
2018-03-21 08:00:02,0.06396200,0.39400000
2018-03-21 08:00:03,0.06396200,0.05400000
2018-03-21 08:00:03,0.06389200,0.02900000
2018-03-21 08:00:03,0.06389200,0.30000000
2018-03-21 08:00:03,0.06389200,0.15200000
2018-03-21 08:00:04,0.06389300,0.26100000
2018-03-21 08:00:04,0.06389300,0.10600000
2018-03-21 08:00:05,0.06396100,0.14600000
2018-03-21 08:00:05,0.06396100,0.00100000
2018-03-21 08:00:05,0.06396200,0.00100000
2018-03-21 08:00:05,0.06396500,0.04600000
2018-03-21 08:00:05,0.06396600,0.01700000
2018-03-21 08:00:05,0.06398400,0.04000000
2018-03-21 08:00:05,0.06396100,0.13400000
2018-03-21 08:00:06,0.06396100,0.10500000
2018-03-21 08:00:06,0.06396100,0.02300000
2018-03-21 08:00:06,0.06398500,0.00400000
2018-03-21 08:00:06,0.06389500,0.31800000
2018-03-21 08:00:07,0.06397900,0.13000000
2018-03-21 08:00:07,0.06397900,0.12700000
2018-03-21 08:00:07,0.06390000,0.01900000
2018-03-21 08:00:08,0.06397800,0.09900000
2018-03-21 08:00:09,0.06397700,0.01400000
2018-03-21 08:00:10,0.06395500,0.07900000
2018-03-21 08:00:10,0.06397600,0.17000000
2018-03-21 08:00:10,0.06397700,1.00100000
2018-03-21 08:00:11,0.06390400,0.37800000
2018-03-21 08:00:11,0.06390400,0.05100000
2018-03-21 08:00:12,0.06397900,0.02100000
2018-03-21 08:00:12,0.06397900,0.02100000
2018-03-21 08:00:12,0.06397900,0.02000000
2018-03-21 08:00:13,0.06397600,0.02100000
2018-03-21 08:00:13,0.06397600,0.02100000
2018-03-21 08:00:13,0.06391100,0.03000000
2018-03-21 08:00:13,0.06391100,0.15000000
2018-03-21 08:00:13,0.06391100,0.03100000
2018-03-21 08:00:13,0.06391100,0.13600000
2018-03-21 08:00:14,0.06397600,0.10000000
2018-03-21 08:00:14,0.06391100,0.75500000
2018-03-21 08:00:14,0.06397600,0.02100000
2018-03-21 08:00:14,0.06391200,0.21100000
2018-03-21 08:00:14,0.06391200,0.02200000
2018-03-21 08:00:14,0.06391200,0.08600000
2018-03-21 08:00:15,0.06397600,0.26600000
2018-03-21 08:00:15,0.06397900,0.06100000
2018-03-21 08:00:15,0.06398200,0.10500000
2018-03-21 08:00:15,0.06398300,2.95000000
2018-03-21 08:00:15,0.06398700,0.46100000
2018-03-21 08:00:15,0.06398800,2.15700000
2018-03-21 08:00:15,0.06398800,0.02100000
2018-03-21 08:00:16,0.06398800,0.15400000
2018-03-21 08:00:16,0.06391300,0.46900000
2018-03-21 08:00:16,0.06391300,0.06900000
2018-03-21 08:00:16,0.06391300,0.70400000
2018-03-21 08:00:19,0.06391400,0.08000000
2018-03-21 08:00:19,0.06391500,0.01800000
2018-03-21 08:00:20,0.06398600,0.05800000
2018-03-21 08:00:21,0.06391600,0.03800000
2018-03-21 08:00:23,0.06391800,0.10900000
2018-03-21 08:00:23,0.06391800,0.10800000
2018-03-21 08:00:23,0.06391800,0.11200000
2018-03-21 08:00:23,0.06391800,0.03200000
2018-03-21 08:00:23,0.06395200,0.07400000
2018-03-21 08:00:23,0.06395200,0.00100000
2018-03-21 08:00:23,0.06391800,0.07300000
2018-03-21 08:00:24,0.06394900,2.45100000
2018-03-21 08:00:24,0.06391800,15.17200000
2018-03-21 08:00:24,0.06391800,0.84200000
2018-03-21 08:00:24,0.06391800,0.07900000
2018-03-21 08:00:26,0.06391800,0.30700000
2018-03-21 08:00:26,0.06391300,0.84400000
2018-03-21 08:00:26,0.06390200,0.13000000
2018-03-21 08:00:26,0.06390000,0.10000000
2018-03-21 08:00:26,0.06390000,0.03000000
2018-03-21 08:00:26,0.06390000,0.10000000
2018-03-21 08:00:26,0.06390000,0.03000000
2018-03-21 08:00:26,0.06390000,0.10000000
2018-03-21 08:00:26,0.06390000,0.35900000
2018-03-21 08:00:26,0.06398000,0.02000000
2018-03-21 08:00:26,0.06398500,0.24800000
2018-03-21 08:00:26,0.06398500,0.23600000
2018-03-21 08:00:26,0.06398500,0.61800000
2018-03-21 08:00:26,0.06398500,0.11100000
2018-03-21 08:00:26,0.06398500,0.71800000
2018-03-21 08:00:26,0.06398500,0.37300000
2018-03-21 08:00:26,0.06398500,0.47200000
2018-03-21 08:00:26,0.06398600,0.20500000
2018-03-21 08:00:26,0.06398700,0.04100000
2018-03-21 08:00:26,0.06398700,0.19400000
2018-03-21 08:00:26,0.06398800,0.26300000
2018-03-21 08:00:26,0.06398800,0.12800000
2018-03-21 08:00:26,0.06398800,0.19800000
2018-03-21 08:00:26,0.06390400,6.01900000
2018-03-21 08:00:26,0.06390300,10.58900000
2018-03-21 08:00:26,0.06390200,0.10000000
2018-03-21 08:00:26,0.06390000,0.10000000
2018-03-21 08:00:27,0.06390000,0.15400000
2018-03-21 08:00:27,0.06390000,1.44100000
2018-03-21 08:00:27,0.06390000,0.15500000
2018-03-21 08:00:27,0.06390000,1.56400000
2018-03-21 08:00:27,0.06390000,0.37000000
2018-03-21 08:00:27,0.06390000,0.51800000
2018-03-21 08:00:27,0.06390000,1.46800000
2018-03-21 08:00:27,0.06390000,0.26300000
2018-03-21 08:00:27,0.06390000,3.25700000
2018-03-21 08:00:27,0.06390000,0.13000000
2018-03-21 08:00:27,0.06390000,1.20600000
2018-03-21 08:00:27,0.06390000,0.04600000
2018-03-21 08:00:27,0.06390000,0.18000000
2018-03-21 08:00:27,0.06390000,4.84000000
2018-03-21 08:00:27,0.06390000,0.42300000
2018-03-21 08:00:27,0.06390000,0.18900000
2018-03-21 08:00:27,0.06389200,0.02200000
2018-03-21 08:00:27,0.06390000,0.20000000
2018-03-21 08:00:28,0.06390000,0.78000000
2018-03-21 08:00:28,0.06390000,0.45800000
2018-03-21 08:00:28,0.06390000,0.73500000
2018-03-21 08:00:28,0.06390000,0.55900000
2018-03-21 08:00:29,0.06389200,0.03000000
2018-03-21 08:00:29,0.06390000,0.06300000
2018-03-21 08:00:29,0.06390000,0.03300000
2018-03-21 08:00:29,0.06390000,0.78000000
2018-03-21 08:00:29,0.06390000,3.99700000
2018-03-21 08:00:29,0.06390000,0.07800000
2018-03-21 08:00:29,0.06390000,0.03600000
2018-03-21 08:00:31,0.06390000,0.78000000
2018-03-21 08:00:31,0.06390000,1.09500000
2018-03-21 08:00:31,0.06390000,11.02100000
2018-03-21 08:00:31,0.06390000,0.22300000
2018-03-21 08:00:31,0.06390000,0.06300000
2018-03-21 08:00:32,0.06390000,0.07800000
2018-03-21 08:00:32,0.06390000,0.02700000
2018-03-21 08:00:32,0.06390000,0.09000000
2018-03-21 08:00:32,0.06390000,0.02500000
2018-03-21 08:00:32,0.06390000,0.78000000
2018-03-21 08:00:33,0.06390000,7.03000000
2018-03-21 08:00:33,0.06389300,0.39400000
2018-03-21 08:00:34,0.06398100,0.10000000
2018-03-21 08:00:34,0.06398100,0.71800000
2018-03-21 08:00:35,0.06397900,0.10700000
2018-03-21 08:00:39,0.06397600,0.14000000
2018-03-21 08:00:39,0.06397600,0.14000000
2018-03-21 08:00:39,0.06397600,0.14000000
2018-03-21 08:00:41,0.06390500,0.62800000
2018-03-21 08:00:41,0.06390400,0.20100000
2018-03-21 08:00:43,0.06390500,0.16000000
2018-03-21 08:00:43,0.06396800,0.14000000
2018-03-21 08:00:43,0.06396800,0.10600000
2018-03-21 08:00:43,0.06395000,0.30600000
2018-03-21 08:00:44,0.06395000,1.56400000
2018-03-21 08:00:44,0.06395000,0.37200000
2018-03-21 08:00:44,0.06395000,0.14100000
2018-03-21 08:00:44,0.06395000,0.19500000
2018-03-21 08:00:44,0.06395000,2.97600000
2018-03-21 08:00:45,0.06396800,0.07500000
2018-03-21 08:00:45,0.06396800,0.03800000
2018-03-21 08:00:45,0.06397500,0.11200000
2018-03-21 08:00:46,0.06397300,0.09600000
2018-03-21 08:00:46,0.06397300,0.02400000
2018-03-21 08:00:46,0.06397500,0.09500000
2018-03-21 08:00:46,0.06397300,0.12000000
2018-03-21 08:00:47,0.06396800,0.99000000
2018-03-21 08:00:48,0.06396800,0.45600000
2018-03-21 08:00:48,0.06397400,0.21000000
2018-03-21 08:00:48,0.06397400,0.21300000
2018-03-21 08:00:50,0.06396800,0.75200000
2018-03-21 08:00:50,0.06396800,1.15500000
2018-03-21 08:00:50,0.06396800,1.57300000
2018-03-21 08:00:50,0.06396800,0.17700000
2018-03-21 08:00:50,0.06396800,2.15200000
2018-03-21 08:00:51,0.06396900,0.11000000
2018-03-21 08:00:51,0.06396900,0.26300000
2018-03-21 08:00:51,0.06397500,0.30600000
2018-03-21 08:00:51,0.06397500,0.22000000
2018-03-21 08:00:51,0.06397600,0.08500000
2018-03-21 08:00:51,0.06397600,0.30600000
2018-03-21 08:00:52,0.06397500,0.02900000
2018-03-21 08:00:52,0.06397600,1.56200000
2018-03-21 08:00:52,0.06397500,0.06900000
2018-03-21 08:00:52,0.06397500,0.01400000
2018-03-21 08:00:52,0.06397000,0.09700000
2018-03-21 08:00:52,0.06397600,8.77300000
2018-03-21 08:00:52,0.06397000,1.33800000
2018-03-21 08:00:52,0.06397100,0.41700000
2018-03-21 08:00:53,0.06397100,0.01600000
2018-03-21 08:00:53,0.06397100,1.16400000
2018-03-21 08:00:53,0.06397100,3.23700000
2018-03-21 08:00:53,0.06396800,0.00100000
2018-03-21 08:00:53,0.06391100,0.08200000
2018-03-21 08:00:53,0.06390400,0.48300000
2018-03-21 08:00:54,0.06397300,0.88000000
2018-03-21 08:00:54,0.06397300,0.48700000
2018-03-21 08:00:54,0.06397300,1.03100000
2018-03-21 08:00:54,0.06397400,1.51700000
2018-03-21 08:00:55,0.06397600,0.00100000
2018-03-21 08:00:55,0.06398200,0.09900000
2018-03-21 08:00:55,0.06390700,0.08600000
2018-03-21 08:00:56,0.06391000,0.17900000
2018-03-21 08:00:57,0.06391000,0.10000000
2018-03-21 08:00:57,0.06398000,0.17000000
2018-03-21 08:00:57,0.06398200,0.16400000
2018-03-21 08:00:57,0.06398700,0.10500000
2018-03-21 08:00:57,0.06398800,1.82600000
2018-03-21 08:00:58,0.06398800,0.07900000
2018-03-21 08:00:58,0.06391000,0.35500000
2018-03-21 08:01:00,0.06398400,0.06900000
2018-03-21 08:01:01,0.06394900,3.05400000
2018-03-21 08:01:01,0.06398400,2.35400000
2018-03-21 08:01:01,0.06398400,0.06800000
2018-03-21 08:01:01,0.06398400,0.00100000
2018-03-21 08:01:01,0.06391400,0.06300000
2018-03-21 08:01:02,0.06398600,0.01100000
2018-03-21 08:01:02,0.06398400,0.11800000
2018-03-21 08:01:02,0.06398600,0.18600000
2018-03-21 08:01:05,0.06397800,0.04100000
2018-03-21 08:01:05,0.06391700,0.10000000
2018-03-21 08:01:05,0.06397800,0.22200000
2018-03-21 08:01:05,0.06397800,0.76800000
2018-03-21 08:01:05,0.06397800,0.72500000
2018-03-21 08:01:06,0.06391700,0.40300000
2018-03-21 08:01:07,0.06398500,0.06300000
2018-03-21 08:01:08,0.06398600,0.01700000
2018-03-21 08:01:08,0.06398700,0.04000000
2018-03-21 08:01:08,0.06398700,0.36600000
2018-03-21 08:01:08,0.06398800,0.24800000
2018-03-21 08:01:10,0.06398800,0.80100000
2018-03-21 08:01:10,0.06398800,0.03200000
2018-03-21 08:01:10,0.06398500,0.01200000
2018-03-21 08:01:10,0.06398500,0.11800000
2018-03-21 08:01:11,0.06398500,1.18100000
2018-03-21 08:01:14,0.06391400,0.10300000
2018-03-21 08:01:15,0.06398200,0.06000000
2018-03-21 08:01:15,0.06394700,0.08300000
2018-03-21 08:01:15,0.06398200,0.01700000
2018-03-21 08:01:15,0.06398200,0.47600000
2018-03-21 08:01:15,0.06398200,0.29000000
2018-03-21 08:01:15,0.06394700,0.08300000
2018-03-21 08:01:15,0.06391600,1.42300000
2018-03-21 08:01:16,0.06394900,6.16100000
2018-03-21 08:01:16,0.06398200,17.38400000
2018-03-21 08:01:16,0.06398200,4.96900000
2018-03-21 08:01:16,0.06398200,0.02400000
2018-03-21 08:01:16,0.06398200,0.81900000
2018-03-21 08:01:16,0.06391600,0.02300000
2018-03-21 08:01:16,0.06391600,0.17700000
2018-03-21 08:01:16,0.06391400,0.04600000
2018-03-21 08:01:16,0.06398300,0.02700000
2018-03-21 08:01:16,0.06391600,0.05000000
2018-03-21 08:01:16,0.06391400,0.02000000
2018-03-21 08:01:17,0.06398300,0.36800000
2018-03-21 08:01:17,0.06398400,0.10000000
2018-03-21 08:01:17,0.06398500,0.11500000
2018-03-21 08:01:18,0.06398500,0.04100000
2018-03-21 08:01:19,0.06398500,0.14000000
2018-03-21 08:01:19,0.06398400,0.06000000
2018-03-21 08:01:19,0.06398400,0.31400000
2018-03-21 08:01:19,0.06398500,1.32900000
2018-03-21 08:01:19,0.06398800,2.09300000
2018-03-21 08:01:20,0.06391800,0.05000000
2018-03-21 08:01:20,0.06398800,1.16500000
2018-03-21 08:01:20,0.06391200,0.60500000
2018-03-21 08:01:20,0.06391200,0.86800000
2018-03-21 08:01:20,0.06398700,0.06000000
2018-03-21 08:01:21,0.06391400,0.43100000
2018-03-21 08:01:21,0.06391300,0.10300000
2018-03-21 08:01:21,0.06391400,0.44600000
2018-03-21 08:01:21,0.06398700,0.06000000
2018-03-21 08:01:21,0.06391400,0.38600000
2018-03-21 08:01:21,0.06391300,0.72100000
2018-03-21 08:01:22,0.06398600,0.28500000
2018-03-21 08:01:22,0.06391300,0.51600000
2018-03-21 08:01:22,0.06398600,0.02200000
2018-03-21 08:01:22,0.06398600,0.07500000
2018-03-21 08:01:22,0.06398600,0.06000000
2018-03-21 08:01:23,0.06391300,0.04600000
2018-03-21 08:01:23,0.06398300,0.19200000
2018-03-21 08:01:24,0.06398300,0.22600000
2018-03-21 08:01:24,0.06391400,0.04600000
2018-03-21 08:01:24,0.06391400,0.11400000
2018-03-21 08:01:24,0.06398300,0.00500000
2018-03-21 08:01:24,0.06398500,0.09500000
2018-03-21 08:01:24,0.06391400,0.10400000
2018-03-21 08:01:24,0.06391300,0.14500000
2018-03-21 08:01:25,0.06391500,0.02500000
2018-03-21 08:01:25,0.06398200,0.15600000
2018-03-21 08:01:25,0.06391500,0.07000000
2018-03-21 08:01:25,0.06391300,0.02100000
2018-03-21 08:01:25,0.06391100,0.35400000
2018-03-21 08:01:25,0.06391100,0.80200000
2018-03-21 08:01:26,0.06391200,0.15500000
2018-03-21 08:01:27,0.06391200,0.34200000
2018-03-21 08:01:27,0.06391200,0.08300000
2018-03-21 08:01:27,0.06398000,0.21000000
2018-03-21 08:01:27,0.06391100,0.96400000
2018-03-21 08:01:28,0.06397900,0.37200000
2018-03-21 08:01:28,0.06391100,0.20200000
2018-03-21 08:01:28,0.06391100,0.65500000
2018-03-21 08:01:28,0.06391100,0.53800000
2018-03-21 08:01:28,0.06390700,0.10000000
2018-03-21 08:01:28,0.06390500,0.56500000
2018-03-21 08:01:29,0.06390700,0.05000000
2018-03-21 08:01:29,0.06391100,0.20000000
2018-03-21 08:01:29,0.06396200,0.07500000
2018-03-21 08:01:30,0.06396200,0.77300000
2018-03-21 08:01:30,0.06390000,0.66500000
2018-03-21 08:01:30,0.06390000,0.07900000
2018-03-21 08:01:31,0.06390000,0.31200000
2018-03-21 08:01:31,0.06390000,0.03900000
2018-03-21 08:01:31,0.06390000,0.06800000
2018-03-21 08:01:32,0.06390300,0.08200000
2018-03-21 08:01:32,0.06390300,0.00100000
2018-03-21 08:01:32,0.06396100,0.07900000
2018-03-21 08:01:32,0.06396100,0.08200000
2018-03-21 08:01:32,0.06396100,0.08200000
2018-03-21 08:01:32,0.06396100,0.08200000
2018-03-21 08:01:32,0.06396100,0.08100000
2018-03-21 08:01:32,0.06396100,0.15800000
2018-03-21 08:01:33,0.06396200,1.25200000
2018-03-21 08:01:34,0.06390000,0.42400000
2018-03-21 08:01:34,0.06390000,0.42600000
2018-03-21 08:01:34,0.06390000,2.00000000
2018-03-21 08:01:35,0.06390100,0.39000000
2018-03-21 08:01:35,0.06390100,0.14600000
2018-03-21 08:01:35,0.06390200,7.00400000
2018-03-21 08:01:35,0.06390200,4.79600000
2018-03-21 08:01:35,0.06390100,3.06600000
2018-03-21 08:01:35,0.06390000,12.12600000
2018-03-21 08:01:35,0.06389600,0.02000000
2018-03-21 08:01:35,0.06389200,0.02000000
2018-03-21 08:01:35,0.06389000,1.56500000
2018-03-21 08:01:35,0.06388500,0.01400000
2018-03-21 08:01:35,0.06384100,0.25800000
2018-03-21 08:01:36,0.06390100,0.54300000
2018-03-21 08:01:36,0.06390100,1.55900000
2018-03-21 08:01:36,0.06390100,0.35800000
2018-03-21 08:01:36,0.06390100,0.08700000
2018-03-21 08:01:36,0.06390100,0.14400000
2018-03-21 08:01:36,0.06390100,0.35100000
2018-03-21 08:01:36,0.06392700,0.04800000
2018-03-21 08:01:36,0.06397400,0.52000000
2018-03-21 08:01:36,0.06397400,0.57700000
2018-03-21 08:01:36,0.06397400,0.58100000
2018-03-21 08:01:36,0.06389500,0.10000000
2018-03-21 08:01:36,0.06389500,0.47000000
2018-03-21 08:01:36,0.06397400,0.09900000
2018-03-21 08:01:36,0.06390100,0.02000000
2018-03-21 08:01:36,0.06390100,0.18000000
2018-03-21 08:01:37,0.06388300,0.04300000
2018-03-21 08:01:37,0.06388300,0.15300000
2018-03-21 08:01:37,0.06388300,0.36600000
2018-03-21 08:01:37,0.06388300,0.12400000
2018-03-21 08:01:37,0.06384300,0.45300000
2018-03-21 08:01:37,0.06384300,0.02900000
2018-03-21 08:01:38,0.06388300,0.00400000
2018-03-21 08:01:38,0.06390000,0.07600000
2018-03-21 08:01:38,0.06390000,0.07800000
2018-03-21 08:01:38,0.06390000,0.51800000
2018-03-21 08:01:39,0.06388000,0.17900000
2018-03-21 08:01:39,0.06388000,0.00100000
2018-03-21 08:01:39,0.06397400,0.17800000
2018-03-21 08:01:40,0.06385000,1.12700000
2018-03-21 08:01:40,0.06385000,0.49900000
2018-03-21 08:01:41,0.06385600,0.50000000
2018-03-21 08:01:41,0.06385500,0.32500000
2018-03-21 08:01:41,0.06385100,0.93800000
2018-03-21 08:01:41,0.06385100,4.13900000
2018-03-21 08:01:41,0.06385000,6.43000000
2018-03-21 08:01:41,0.06384300,0.20000000
2018-03-21 08:01:41,0.06384100,0.75900000
2018-03-21 08:01:41,0.06385500,0.40000000
2018-03-21 08:01:41,0.06385300,0.50000000
2018-03-21 08:01:41,0.06382400,0.02000000
2018-03-21 08:01:41,0.06382100,0.29100000
2018-03-21 08:01:41,0.06382000,3.21400000
2018-03-21 08:01:41,0.06386000,0.18000000
2018-03-21 08:01:41,0.06382000,5.79600000
2018-03-21 08:01:42,0.06385600,0.88200000
2018-03-21 08:01:42,0.06394300,0.50000000
2018-03-21 08:01:42,0.06385600,0.02200000
2018-03-21 08:01:43,0.06385600,0.16300000
2018-03-21 08:01:43,0.06385600,0.17700000
2018-03-21 08:01:44,0.06385600,0.08700000
2018-03-21 08:01:45,0.06385600,1.56600000
2018-03-21 08:01:45,0.06385600,0.50000000
2018-03-21 08:01:45,0.06385600,0.02200000
2018-03-21 08:01:45,0.06385700,0.60900000
2018-03-21 08:01:45,0.06385600,0.21200000
2018-03-21 08:01:46,0.06385600,0.22600000
2018-03-21 08:01:46,0.06385700,0.37800000
2018-03-21 08:01:46,0.06382100,2.32400000
2018-03-21 08:01:47,0.06385600,0.20000000
2018-03-21 08:01:47,0.06382000,0.19900000
2018-03-21 08:01:47,0.06382000,0.02100000
2018-03-21 08:01:48,0.06382000,0.06000000
2018-03-21 08:01:48,0.06384500,0.12100000
2018-03-21 08:01:48,0.06391900,1.05300000
2018-03-21 08:01:48,0.06384500,0.00100000
2018-03-21 08:01:48,0.06382000,0.70200000
2018-03-21 08:01:48,0.06382000,0.70500000
2018-03-21 08:01:49,0.06382800,0.08200000
2018-03-21 08:01:49,0.06382800,0.00100000
2018-03-21 08:01:49,0.06391800,0.02100000
2018-03-21 08:01:49,0.06391800,0.07400000
2018-03-21 08:01:49,0.06391800,0.08200000
2018-03-21 08:01:49,0.06391800,0.08200000
2018-03-21 08:01:49,0.06391800,0.08200000
2018-03-21 08:01:49,0.06382000,0.06500000
2018-03-21 08:01:49,0.06382000,0.02100000
2018-03-21 08:01:49,0.06382100,0.06000000
2018-03-21 08:01:52,0.06382100,0.10100000
2018-03-21 08:01:52,0.06382100,0.98700000
2018-03-21 08:01:52,0.06390800,0.09900000
2018-03-21 08:01:53,0.06382100,0.22600000
2018-03-21 08:01:53,0.06390800,0.00200000
2018-03-21 08:01:53,0.06390900,0.68600000
2018-03-21 08:01:54,0.06382100,0.11200000
2018-03-21 08:01:54,0.06390700,0.13000000
2018-03-21 08:01:54,0.06390800,0.53900000
2018-03-21 08:01:54,0.06390700,0.02900000
2018-03-21 08:01:54,0.06390700,0.51400000
2018-03-21 08:01:54,0.06382100,0.21800000
2018-03-21 08:01:54,0.06382100,0.00100000
2018-03-21 08:01:54,0.06382000,0.13600000
2018-03-21 08:01:54,0.06382000,0.88100000
2018-03-21 08:01:54,0.06382100,0.01900000
2018-03-21 08:01:54,0.06382100,0.02900000
2018-03-21 08:01:54,0.06390700,0.01800000
2018-03-21 08:01:54,0.06390700,0.04700000
2018-03-21 08:01:54,0.06390700,0.04700000
2018-03-21 08:01:54,0.06390700,0.02800000
2018-03-21 08:01:54,0.06390700,0.02800000
2018-03-21 08:01:56,0.06388200,0.04600000
2018-03-21 08:01:56,0.06382100,0.62800000
2018-03-21 08:01:56,0.06382100,0.06300000
2018-03-21 08:01:56,0.06382100,0.57000000
2018-03-21 08:01:56,0.06388100,0.07800000
2018-03-21 08:01:56,0.06388100,0.54900000
2018-03-21 08:01:56,0.06388200,0.23100000
2018-03-21 08:01:56,0.06388200,0.27500000
2018-03-21 08:01:56,0.06390600,1.17500000
2018-03-21 08:01:57,0.06390600,0.10000000
2018-03-21 08:01:57,0.06382100,0.13800000
2018-03-21 08:01:57,0.06390100,0.08800000
2018-03-21 08:01:57,0.06390100,0.28000000
2018-03-21 08:01:57,0.06382100,0.08800000
2018-03-21 08:01:58,0.06389900,0.08900000
2018-03-21 08:01:59,0.06382300,0.18000000
2018-03-21 08:01:59,0.06382300,1.01500000
2018-03-21 08:01:59,0.06382200,1.70400000
2018-03-21 08:01:59,0.06382100,0.57200000
2018-03-21 08:01:59,0.06382000,4.11300000
2018-03-21 08:01:59,0.06382000,1.32600000
2018-03-21 08:01:59,0.06389800,0.07800000
2018-03-21 08:01:59,0.06389800,0.78000000
2018-03-21 08:01:59,0.06389800,0.04400000
2018-03-21 08:02:00,0.06385600,1.02000000
2018-03-21 08:02:00,0.06382100,0.03100000
2018-03-21 08:02:00,0.06385600,0.00100000
2018-03-21 08:02:00,0.06385600,0.06200000
2018-03-21 08:02:01,0.06385000,0.11700000
2018-03-21 08:02:01,0.06385000,0.00100000
2018-03-21 08:02:01,0.06389200,0.07800000
2018-03-21 08:02:01,0.06389700,0.70100000
2018-03-21 08:02:02,0.06389400,0.21500000
2018-03-21 08:02:02,0.06389400,0.07800000
2018-03-21 08:02:02,0.06382100,0.05300000
2018-03-21 08:02:02,0.06382100,0.06700000
2018-03-21 08:02:02,0.06382100,0.58200000
2018-03-21 08:02:02,0.06382000,0.11900000
2018-03-21 08:02:02,0.06389400,0.78000000
2018-03-21 08:02:02,0.06382000,0.04100000
2018-03-21 08:02:02,0.06382000,0.38200000
2018-03-21 08:02:03,0.06382100,0.04800000
2018-03-21 08:02:03,0.06389400,0.09500000
2018-03-21 08:02:03,0.06389500,0.09500000
2018-03-21 08:02:03,0.06389500,0.04700000
2018-03-21 08:02:03,0.06389500,0.04700000
2018-03-21 08:02:03,0.06389500,0.04700000
2018-03-21 08:02:03,0.06389300,0.44900000
2018-03-21 08:02:03,0.06389800,0.33000000
2018-03-21 08:02:03,0.06389900,2.35000000
2018-03-21 08:02:03,0.06390000,0.29400000
2018-03-21 08:02:03,0.06390100,0.26300000
2018-03-21 08:02:03,0.06390200,1.76200000
2018-03-21 08:02:03,0.06390600,0.23600000
2018-03-21 08:02:03,0.06391600,1.09800000
2018-03-21 08:02:03,0.06382200,0.12200000
2018-03-21 08:02:03,0.06382100,0.26300000
2018-03-21 08:02:03,0.06382100,0.17100000
2018-03-21 08:02:03,0.06389700,3.39300000
2018-03-21 08:02:03,0.06389700,0.17000000
2018-03-21 08:02:04,0.06389700,0.02500000
2018-03-21 08:02:04,0.06382100,0.24500000
2018-03-21 08:02:04,0.06389700,0.78000000
2018-03-21 08:02:04,0.06382100,0.02300000
2018-03-21 08:02:04,0.06382100,0.14800000
2018-03-21 08:02:04,0.06382100,0.17700000
2018-03-21 08:02:04,0.06382100,1.60400000
2018-03-21 08:02:04,0.06382100,0.14100000
2018-03-21 08:02:04,0.06382000,2.96500000
2018-03-21 08:02:04,0.06381900,0.03800000
2018-03-21 08:02:04,0.06381800,0.12000000
2018-03-21 08:02:04,0.06380700,0.02600000
2018-03-21 08:02:04,0.06380200,5.62400000
2018-03-21 08:02:04,0.06389400,0.06200000
2018-03-21 08:02:05,0.06389400,0.03100000
2018-03-21 08:02:05,0.06389500,0.02100000
2018-03-21 08:02:05,0.06382100,0.05400000
2018-03-21 08:02:05,0.06389300,0.07800000
2018-03-21 08:02:05,0.06389000,0.18000000
2018-03-21 08:02:05,0.06389300,0.60000000
2018-03-21 08:02:05,0.06389300,0.15300000
2018-03-21 08:02:06,0.06382300,0.50900000
2018-03-21 08:02:06,0.06389200,0.20000000
2018-03-21 08:02:06,0.06389300,0.33100000
2018-03-21 08:02:06,0.06389500,2.49900000
2018-03-21 08:02:06,0.06389600,0.07800000
2018-03-21 08:02:06,0.06389700,0.01700000
2018-03-21 08:02:06,0.06390400,3.65600000
2018-03-21 08:02:06,0.06382300,0.38200000
2018-03-21 08:02:07,0.06382300,0.03100000
2018-03-21 08:02:07,0.06382300,0.32000000
2018-03-21 08:02:07,0.06389200,0.26300000
2018-03-21 08:02:07,0.06389200,0.00100000
2018-03-21 08:02:07,0.06390300,0.02500000
2018-03-21 08:02:07,0.06390300,0.02600000
2018-03-21 08:02:07,0.06390300,0.02600000
2018-03-21 08:02:08,0.06382500,1.39300000
2018-03-21 08:02:08,0.06390200,0.23300000
2018-03-21 08:02:08,0.06383000,0.12900000
2018-03-21 08:02:08,0.06390200,0.10000000
2018-03-21 08:02:08,0.06390200,0.22200000
2018-03-21 08:02:08,0.06390200,0.22800000
2018-03-21 08:02:08,0.06390300,0.34700000
2018-03-21 08:02:08,0.06390400,0.34400000
2018-03-21 08:02:08,0.06390500,0.20000000
2018-03-21 08:02:08,0.06390800,0.13000000
2018-03-21 08:02:08,0.06391600,1.50200000
2018-03-21 08:02:09,0.06390000,0.12000000
2018-03-21 08:02:09,0.06390200,0.06700000
2018-03-21 08:02:09,0.06390200,0.16200000
2018-03-21 08:02:09,0.06390200,2.10700000
2018-03-21 08:02:09,0.06390200,0.22000000
2018-03-21 08:02:10,0.06390300,0.20000000
2018-03-21 08:02:10,0.06390200,0.02600000
2018-03-21 08:02:10,0.06383100,0.32700000
2018-03-21 08:02:10,0.06383000,0.33000000
2018-03-21 08:02:10,0.06382600,2.44000000
2018-03-21 08:02:10,0.06382300,1.77600000
2018-03-21 08:02:10,0.06383000,0.02600000
2018-03-21 08:02:10,0.06390200,0.22500000
2018-03-21 08:02:10,0.06390200,0.00100000
2018-03-21 08:02:10,0.06391200,0.33000000
2018-03-21 08:02:10,0.06391600,0.70600000
2018-03-21 08:02:11,0.06383700,1.42900000
2018-03-21 08:02:11,0.06383700,0.55300000
2018-03-21 08:02:11,0.06383200,0.87900000
2018-03-21 08:02:11,0.06383200,0.72800000
2018-03-21 08:02:11,0.06383000,0.30000000
2018-03-21 08:02:11,0.06382100,0.20000000
2018-03-21 08:02:11,0.06380200,1.79900000
2018-03-21 08:02:11,0.06380100,2.18900000
2018-03-21 08:02:11,0.06387100,0.02700000
2018-03-21 08:02:11,0.06387100,0.07800000
2018-03-21 08:02:12,0.06387100,0.05100000
2018-03-21 08:02:12,0.06387100,0.00100000
2018-03-21 08:02:12,0.06389500,0.07900000
2018-03-21 08:02:12,0.06390300,0.12300000
2018-03-21 08:02:12,0.06390100,0.66100000
2018-03-21 08:02:12,0.06387100,0.05200000
2018-03-21 08:02:12,0.06383800,0.04200000
2018-03-21 08:02:13,0.06390100,0.06800000
2018-03-21 08:02:13,0.06390100,0.10300000
2018-03-21 08:02:13,0.06382300,0.32700000
2018-03-21 08:02:14,0.06382400,0.04000000
2018-03-21 08:02:14,0.06390100,0.25800000
2018-03-21 08:02:14,0.06390000,0.07800000
2018-03-21 08:02:14,0.06390000,0.78000000
2018-03-21 08:02:15,0.06389900,0.04600000
2018-03-21 08:02:16,0.06389800,0.50300000
2018-03-21 08:02:16,0.06389800,0.78000000
2018-03-21 08:02:17,0.06383000,0.10700000
2018-03-21 08:02:17,0.06389700,0.07800000
2018-03-21 08:02:17,0.06389700,0.10000000
2018-03-21 08:02:17,0.06383000,0.07200000
2018-03-21 08:02:18,0.06383000,0.00100000
2018-03-21 08:02:18,0.06382500,0.24500000
2018-03-21 08:02:18,0.06382500,0.24700000
2018-03-21 08:02:18,0.06382500,0.02000000
2018-03-21 08:02:18,0.06389200,0.58200000
2018-03-21 08:02:18,0.06390000,0.21000000
2018-03-21 08:02:18,0.06390200,0.13200000
2018-03-21 08:02:18,0.06389800,0.15600000
2018-03-21 08:02:18,0.06389800,0.05700000
2018-03-21 08:02:18,0.06389800,0.06700000
2018-03-21 08:02:19,0.06389800,0.13700000
2018-03-21 08:02:19,0.06389800,1.56400000
2018-03-21 08:02:19,0.06389800,0.90600000
2018-03-21 08:02:19,0.06389800,0.04200000
2018-03-21 08:02:19,0.06389800,0.15600000
2018-03-21 08:02:19,0.06389800,1.43500000
2018-03-21 08:02:19,0.06389800,0.12100000
2018-03-21 08:02:19,0.06389800,0.03900000
2018-03-21 08:02:19,0.06389900,0.25500000
2018-03-21 08:02:19,0.06389900,0.15400000
2018-03-21 08:02:19,0.06389800,0.15600000
2018-03-21 08:02:19,0.06389800,0.06000000
2018-03-21 08:02:19,0.06389800,0.26400000
2018-03-21 08:02:19,0.06389800,3.53000000
2018-03-21 08:02:19,0.06389800,0.72800000
2018-03-21 08:02:20,0.06389700,0.31100000
2018-03-21 08:02:20,0.06383000,0.08100000
2018-03-21 08:02:20,0.06389700,0.07800000
2018-03-21 08:02:20,0.06389700,0.78000000
2018-03-21 08:02:21,0.06389700,0.04000000
2018-03-21 08:02:21,0.06389700,0.30000000
2018-03-21 08:02:21,0.06389700,0.74700000
2018-03-21 08:02:21,0.06389700,0.15800000
2018-03-21 08:02:21,0.06389800,0.02400000
2018-03-21 08:02:22,0.06389800,0.70300000
2018-03-21 08:02:22,0.06389800,0.00100000
2018-03-21 08:02:22,0.06389900,0.23000000
2018-03-21 08:02:22,0.06390000,0.16000000
2018-03-21 08:02:22,0.06390000,0.38900000
2018-03-21 08:02:23,0.06390100,0.03800000
2018-03-21 08:02:25,0.06383200,0.02900000
2018-03-21 08:02:25,0.06383200,0.36600000
2018-03-21 08:02:26,0.06383200,0.13300000
2018-03-21 08:02:26,0.06390100,0.62900000
2018-03-21 08:02:26,0.06382400,0.05700000
2018-03-21 08:02:27,0.06390000,0.33000000
2018-03-21 08:02:27,0.06390000,0.12500000
2018-03-21 08:02:27,0.06383300,0.06900000
2018-03-21 08:02:27,0.06383300,0.02900000
2018-03-21 08:02:27,0.06383300,0.93800000
2018-03-21 08:02:27,0.06383300,0.03700000
2018-03-21 08:02:27,0.06390000,0.04000000
2018-03-21 08:02:27,0.06390000,0.23400000
2018-03-21 08:02:27,0.06390300,1.38500000
2018-03-21 08:02:27,0.06390700,0.33000000
2018-03-21 08:02:27,0.06391600,0.74100000
2018-03-21 08:02:27,0.06391700,0.07000000
2018-03-21 08:02:27,0.06394300,0.97000000
2018-03-21 08:02:27,0.06394700,0.92300000
2018-03-21 08:02:27,0.06395400,0.47400000
2018-03-21 08:02:27,0.06396100,0.43200000
2018-03-21 08:02:27,0.06396500,0.47400000
2018-03-21 08:02:27,0.06396900,1.38600000
2018-03-21 08:02:27,0.06397000,0.50000000
2018-03-21 08:02:27,0.06397400,0.05600000
2018-03-21 08:02:27,0.06397700,2.14300000
2018-03-21 08:02:27,0.06398000,0.65300000
2018-03-21 08:02:27,0.06398700,2.22900000
2018-03-21 08:02:29,0.06383500,0.05600000
2018-03-21 08:02:29,0.06383600,0.10000000
2018-03-21 08:02:29,0.06383600,0.06200000
2018-03-21 08:02:29,0.06398600,0.11800000
2018-03-21 08:02:30,0.06385600,0.17200000
2018-03-21 08:02:31,0.06385600,1.28700000
2018-03-21 08:02:31,0.06385500,0.05700000
2018-03-21 08:02:31,0.06385600,0.31100000
2018-03-21 08:02:31,0.06385600,0.30100000
2018-03-21 08:02:31,0.06384200,0.14700000
2018-03-21 08:02:33,0.06384200,1.15700000
2018-03-21 08:02:33,0.06384400,0.13000000
2018-03-21 08:02:33,0.06384300,0.07900000
2018-03-21 08:02:34,0.06384400,0.31100000
2018-03-21 08:02:34,0.06384400,0.06800000
2018-03-21 08:02:34,0.06385300,0.11400000
2018-03-21 08:02:34,0.06385300,0.65000000
2018-03-21 08:02:34,0.06385300,0.08700000
2018-03-21 08:02:34,0.06384400,0.04700000
2018-03-21 08:02:35,0.06385200,0.07200000
2018-03-21 08:02:35,0.06384100,0.43200000
2018-03-21 08:02:35,0.06385200,0.00700000
2018-03-21 08:02:35,0.06385300,0.07100000
2018-03-21 08:02:35,0.06384100,0.43200000
2018-03-21 08:02:35,0.06384100,0.01900000
2018-03-21 08:02:35,0.06385300,0.87200000
2018-03-21 08:02:35,0.06385300,0.04500000
2018-03-21 08:02:35,0.06385500,0.12700000
2018-03-21 08:02:35,0.06385600,0.00900000
2018-03-21 08:02:35,0.06391100,0.04900000
2018-03-21 08:02:35,0.06398600,0.38200000
2018-03-21 08:02:35,0.06398700,0.30400000
2018-03-21 08:02:35,0.06398700,0.75400000
2018-03-21 08:02:36,0.06384600,1.04800000
2018-03-21 08:02:36,0.06384700,0.24700000
2018-03-21 08:02:36,0.06385200,0.55300000
2018-03-21 08:02:37,0.06385200,0.90300000
2018-03-21 08:02:37,0.06385200,0.08300000
2018-03-21 08:02:37,0.06385200,0.02600000
2018-03-21 08:02:38,0.06385300,0.03600000
2018-03-21 08:02:38,0.06396400,0.10000000
2018-03-21 08:02:38,0.06385300,0.02600000
2018-03-21 08:02:38,0.06385400,0.04800000
2018-03-21 08:02:38,0.06385400,0.02600000
2018-03-21 08:02:38,0.06395900,0.03400000
2018-03-21 08:02:39,0.06385500,6.02500000
2018-03-21 08:02:39,0.06385400,2.79300000
2018-03-21 08:02:39,0.06385400,0.14100000
2018-03-21 08:02:39,0.06385400,0.13900000
2018-03-21 08:02:39,0.06385400,0.06200000
2018-03-21 08:02:40,0.06385500,0.20000000
2018-03-21 08:02:40,0.06385400,0.11700000
2018-03-21 08:02:40,0.06385400,0.31300000
2018-03-21 08:02:40,0.06385500,0.19900000
2018-03-21 08:02:40,0.06385500,0.68800000
2018-03-21 08:02:40,0.06385500,0.52000000
2018-03-21 08:02:40,0.06385500,0.00400000
2018-03-21 08:02:40,0.06385400,0.51900000
2018-03-21 08:02:41,0.06385400,0.61700000
2018-03-21 08:02:41,0.06385400,0.06900000
2018-03-21 08:02:41,0.06385400,0.12000000
2018-03-21 08:02:41,0.06385400,1.24000000
2018-03-21 08:02:41,0.06385500,4.57900000
2018-03-21 08:02:41,0.06385400,1.49200000
2018-03-21 08:02:41,0.06385000,0.18000000
2018-03-21 08:02:41,0.06384200,0.50000000
2018-03-21 08:02:41,0.06384100,0.50600000
2018-03-21 08:02:41,0.06383900,0.22600000
2018-03-21 08:02:42,0.06383500,0.09600000
2018-03-21 08:02:42,0.06383600,1.32800000
2018-03-21 08:02:42,0.06383600,1.14500000
2018-03-21 08:02:42,0.06383600,0.43600000
2018-03-21 08:02:42,0.06394000,0.05000000
2018-03-21 08:02:42,0.06394000,0.18000000
2018-03-21 08:02:42,0.06394300,0.28900000
2018-03-21 08:02:42,0.06394300,1.20600000
2018-03-21 08:02:42,0.06394400,0.52400000
2018-03-21 08:02:42,0.06383600,0.04700000
2018-03-21 08:02:42,0.06393700,0.06600000
2018-03-21 08:02:43,0.06393600,1.56300000
2018-03-21 08:02:43,0.06393600,0.05200000
2018-03-21 08:02:43,0.06393600,2.16400000
2018-03-21 08:02:43,0.06384000,0.18000000
2018-03-21 08:02:43,0.06383700,0.13200000
2018-03-21 08:02:43,0.06383700,0.41100000
2018-03-21 08:02:44,0.06383800,0.04200000
2018-03-21 08:02:44,0.06383800,0.73900000
2018-03-21 08:02:44,0.06383800,0.01600000
2018-03-21 08:02:45,0.06383800,0.05600000
2018-03-21 08:02:45,0.06383700,0.00600000
2018-03-21 08:02:45,0.06382500,0.10000000
2018-03-21 08:02:45,0.06380900,0.47400000
2018-03-21 08:02:45,0.06380500,0.49400000
2018-03-21 08:02:45,0.06380400,0.04700000
2018-03-21 08:02:45,0.06380300,0.98400000
2018-03-21 08:02:45,0.06380100,1.14900000
2018-03-21 08:02:45,0.06392300,0.61600000
2018-03-21 08:02:46,0.06383800,1.00800000
2018-03-21 08:02:46,0.06385600,0.04600000
2018-03-21 08:02:46,0.06385600,0.92800000
2018-03-21 08:02:46,0.06385600,0.00100000
2018-03-21 08:02:46,0.06386000,0.70900000
2018-03-21 08:02:46,0.06386000,0.06400000
2018-03-21 08:02:46,0.06386800,0.15200000
2018-03-21 08:02:46,0.06386000,0.00600000
2018-03-21 08:02:47,0.06385000,0.17300000
2018-03-21 08:02:47,0.06385000,0.00100000
2018-03-21 08:02:47,0.06386800,0.16500000
2018-03-21 08:02:47,0.06386800,0.17000000
2018-03-21 08:02:47,0.06386800,0.17300000
2018-03-21 08:02:47,0.06386800,0.17300000
2018-03-21 08:02:47,0.06387300,0.04700000
2018-03-21 08:02:47,0.06392300,1.82100000
2018-03-21 08:02:47,0.06392300,0.08600000
2018-03-21 08:02:48,0.06383900,0.15200000
2018-03-21 08:02:49,0.06391000,1.11900000
2018-03-21 08:02:49,0.06384000,0.39800000
2018-03-21 08:02:50,0.06384000,1.29500000
2018-03-21 08:02:50,0.06383800,2.57300000
2018-03-21 08:02:50,0.06383800,0.52000000
2018-03-21 08:02:51,0.06389800,0.23400000
2018-03-21 08:02:52,0.06389800,0.34200000
2018-03-21 08:02:52,0.06389800,0.33000000
2018-03-21 08:02:53,0.06389800,0.22300000
2018-03-21 08:02:53,0.06389800,0.23000000
2018-03-21 08:02:53,0.06389800,0.07800000
2018-03-21 08:02:54,0.06389800,0.15200000
2018-03-21 08:02:54,0.06389800,0.66400000
2018-03-21 08:02:54,0.06380200,0.13000000
2018-03-21 08:02:54,0.06380100,0.19400000
2018-03-21 08:02:54,0.06380200,0.02900000
2018-03-21 08:02:54,0.06389700,0.14800000
2018-03-21 08:02:54,0.06380200,0.08400000
2018-03-21 08:02:55,0.06380300,0.11500000
2018-03-21 08:02:56,0.06389400,0.33000000
2018-03-21 08:02:56,0.06389500,0.01300000
2018-03-21 08:02:56,0.06389400,0.07800000
2018-03-21 08:02:56,0.06380400,0.33000000
2018-03-21 08:02:56,0.06380300,0.43600000
2018-03-21 08:02:56,0.06380400,0.33000000
2018-03-21 08:02:56,0.06380300,0.42100000
2018-03-21 08:02:56,0.06380100,0.01600000
2018-03-21 08:02:58,0.06388800,0.10000000
2018-03-21 08:03:00,0.06388500,0.01200000
2018-03-21 08:03:01,0.06388000,0.18000000
2018-03-21 08:03:01,0.06388500,0.96000000
2018-03-21 08:03:02,0.06388500,0.02100000
2018-03-21 08:03:02,0.06388500,0.01000000
2018-03-21 08:03:02,0.06381000,0.04900000
2018-03-21 08:03:03,0.06388500,0.24000000
2018-03-21 08:03:03,0.06388400,0.23900000
2018-03-21 08:03:03,0.06388400,0.24000000
2018-03-21 08:03:04,0.06381000,0.19000000
2018-03-21 08:03:04,0.06380800,1.20500000
2018-03-21 08:03:04,0.06388200,0.49000000
2018-03-21 08:03:04,0.06388200,0.37800000
2018-03-21 08:03:05,0.06387900,0.05500000
2018-03-21 08:03:06,0.06387900,0.03600000
2018-03-21 08:03:06,0.06388000,0.20500000
2018-03-21 08:03:06,0.06388000,0.66900000
2018-03-21 08:03:06,0.06388100,0.21700000
2018-03-21 08:03:06,0.06388100,0.04800000
2018-03-21 08:03:06,0.06388300,0.03200000
2018-03-21 08:03:06,0.06388300,1.74500000
2018-03-21 08:03:06,0.06388300,0.10000000
2018-03-21 08:03:06,0.06388300,0.01700000
2018-03-21 08:03:06,0.06388300,1.02800000
2018-03-21 08:03:06,0.06388500,0.61000000
2018-03-21 08:03:06,0.06389600,0.98000000
2018-03-21 08:03:07,0.06388000,0.10000000
2018-03-21 08:03:07,0.06388000,0.09000000
2018-03-21 08:03:07,0.06388400,0.79100000
2018-03-21 08:03:09,0.06388300,0.06200000
2018-03-21 08:03:09,0.06388300,0.44600000
2018-03-21 08:03:09,0.06384600,0.39100000
2018-03-21 08:03:09,0.06384600,26.94400000
2018-03-21 08:03:09,0.06388300,11.40500000
2018-03-21 08:03:09,0.06388300,0.10000000
2018-03-21 08:03:09,0.06388300,0.07800000
2018-03-21 08:03:10,0.06388300,0.24700000
2018-03-21 08:03:10,0.06388300,0.70500000
2018-03-21 08:03:11,0.06381100,0.15400000
2018-03-21 08:03:11,0.06388300,0.22200000
2018-03-21 08:03:11,0.06388300,0.15800000
2018-03-21 08:03:12,0.06388100,0.15300000
2018-03-21 08:03:12,0.06388100,0.00100000
2018-03-21 08:03:12,0.06388300,0.15700000
2018-03-21 08:03:12,0.06388300,0.31200000
2018-03-21 08:03:13,0.06388300,0.57500000
2018-03-21 08:03:13,0.06388300,0.09600000
2018-03-21 08:03:13,0.06388300,1.21900000
2018-03-21 08:03:13,0.06389100,0.30000000
2018-03-21 08:03:13,0.06389600,3.07100000
2018-03-21 08:03:13,0.06389800,0.22800000
2018-03-21 08:03:13,0.06392200,1.17200000
2018-03-21 08:03:14,0.06383700,0.14700000
2018-03-21 08:03:14,0.06383700,0.05500000
2018-03-21 08:03:15,0.06383700,0.18600000
2018-03-21 08:03:15,0.06389000,0.12400000
2018-03-21 08:03:15,0.06384100,0.30800000
2018-03-21 08:03:15,0.06384100,0.17300000
2018-03-21 08:03:15,0.06384100,0.03900000
2018-03-21 08:03:16,0.06389000,0.74500000
2018-03-21 08:03:16,0.06389500,0.35300000
2018-03-21 08:03:16,0.06384100,0.18000000
2018-03-21 08:03:16,0.06389500,0.16600000
2018-03-21 08:03:19,0.06390300,1.56300000
2018-03-21 08:03:19,0.06390300,0.10000000
2018-03-21 08:03:19,0.06390300,1.00900000
2018-03-21 08:03:19,0.06384100,0.00300000
2018-03-21 08:03:19,0.06383700,0.00400000
2018-03-21 08:03:19,0.06382700,0.78100000
2018-03-21 08:03:20,0.06386500,10.91500000
2018-03-21 08:03:20,0.06390300,0.16400000
2018-03-21 08:03:20,0.06390300,0.98100000
2018-03-21 08:03:20,0.06382800,0.41800000
2018-03-21 08:03:22,0.06383000,1.06700000
2018-03-21 08:03:22,0.06382900,1.65000000
2018-03-21 08:03:23,0.06383100,0.26400000
2018-03-21 08:03:24,0.06383100,0.05000000
2018-03-21 08:03:25,0.06383100,0.87800000
2018-03-21 08:03:25,0.06383100,0.14800000
2018-03-21 08:03:25,0.06383100,0.08600000
2018-03-21 08:03:26,0.06389800,0.13800000
2018-03-21 08:03:26,0.06389800,0.09900000
2018-03-21 08:03:27,0.06383100,0.07200000
2018-03-21 08:03:27,0.06383100,0.03900000
2018-03-21 08:03:27,0.06389800,0.04100000
2018-03-21 08:03:27,0.06383100,0.02300000
2018-03-21 08:03:28,0.06389800,0.26700000
2018-03-21 08:03:29,0.06383300,0.92000000
2018-03-21 08:03:30,0.06383300,0.43600000
2018-03-21 08:03:30,0.06389700,0.03300000
2018-03-21 08:03:31,0.06389700,2.61300000
2018-03-21 08:03:31,0.06389900,0.52800000
2018-03-21 08:03:31,0.06390000,0.19000000
2018-03-21 08:03:31,0.06390500,1.33800000
2018-03-21 08:03:31,0.06392200,0.79100000
2018-03-21 08:03:33,0.06383600,0.02000000
2018-03-21 08:03:34,0.06389600,0.15600000
2018-03-21 08:03:34,0.06386600,16.26700000
2018-03-21 08:03:34,0.06389600,9.76300000
2018-03-21 08:03:34,0.06389700,0.15100000
2018-03-21 08:03:35,0.06389700,0.05200000
2018-03-21 08:03:35,0.06386000,0.02200000
2018-03-21 08:03:35,0.06386000,0.00100000
2018-03-21 08:03:35,0.06383700,0.02100000
2018-03-21 08:03:37,0.06386200,0.19900000
2018-03-21 08:03:38,0.06386300,1.78200000
2018-03-21 08:03:38,0.06386300,0.19900000
2018-03-21 08:03:38,0.06389700,0.12700000
2018-03-21 08:03:39,0.06386500,0.76000000
2018-03-21 08:03:39,0.06389700,0.10000000
2018-03-21 08:03:39,0.06386500,1.25400000
2018-03-21 08:03:39,0.06386300,0.10600000
2018-03-21 08:03:39,0.06386300,2.86000000
2018-03-21 08:03:40,0.06386500,0.69000000
2018-03-21 08:03:40,0.06386500,0.05500000
2018-03-21 08:03:41,0.06386500,0.28000000
2018-03-21 08:03:42,0.06389500,1.06900000
2018-03-21 08:03:42,0.06386500,0.80600000
2018-03-21 08:03:42,0.06389700,0.30100000
2018-03-21 08:03:43,0.06389700,4.26900000
2018-03-21 08:03:43,0.06392200,1.23400000
2018-03-21 08:03:43,0.06386600,0.08900000
2018-03-21 08:03:44,0.06392200,0.60100000
2018-03-21 08:03:44,0.06386600,0.46800000
2018-03-21 08:03:44,0.06386500,0.15100000
2018-03-21 08:03:45,0.06386500,0.39800000
2018-03-21 08:03:45,0.06386600,0.00200000
2018-03-21 08:03:45,0.06392200,0.03400000
2018-03-21 08:03:45,0.06386500,0.12400000
2018-03-21 08:03:45,0.06392200,0.04600000
2018-03-21 08:03:46,0.06392200,0.07800000
2018-03-21 08:03:46,0.06386500,0.03300000
2018-03-21 08:03:47,0.06392200,0.10900000
2018-03-21 08:03:47,0.06386600,0.90000000
2018-03-21 08:03:48,0.06386600,0.01600000
2018-03-21 08:03:48,0.06386600,0.62800000
2018-03-21 08:03:48,0.06392200,0.10900000
2018-03-21 08:03:48,0.06392200,0.03600000
2018-03-21 08:03:49,0.06386600,0.15200000
2018-03-21 08:03:49,0.06392200,0.04600000
2018-03-21 08:03:49,0.06386600,0.94700000
2018-03-21 08:03:50,0.06392100,0.04600000
2018-03-21 08:03:51,0.06386600,0.11200000
2018-03-21 08:03:51,0.06386700,0.16800000
2018-03-21 08:03:51,0.06386700,0.00100000
2018-03-21 08:03:51,0.06386600,0.04400000
2018-03-21 08:03:51,0.06386600,0.13400000
2018-03-21 08:03:51,0.06392100,0.04400000
2018-03-21 08:03:51,0.06389300,18.06800000
2018-03-21 08:03:51,0.06392100,6.09700000
2018-03-21 08:03:52,0.06392100,0.08900000
2018-03-21 08:03:52,0.06392100,0.00100000
2018-03-21 08:03:52,0.06386600,0.04700000
2018-03-21 08:03:52,0.06386600,0.08900000
2018-03-21 08:03:52,0.06386600,0.08000000
2018-03-21 08:03:52,0.06386500,0.00900000
2018-03-21 08:03:52,0.06386500,0.08900000
2018-03-21 08:03:52,0.06386500,0.08900000
2018-03-21 08:03:52,0.06386500,0.28800000
2018-03-21 08:03:52,0.06386400,0.21300000
2018-03-21 08:03:52,0.06386300,0.12200000
2018-03-21 08:03:55,0.06392100,0.02600000
2018-03-21 08:03:56,0.06386300,0.25200000
2018-03-21 08:03:56,0.06386300,2.23300000
2018-03-21 08:03:57,0.06386300,0.13700000
2018-03-21 08:03:57,0.06392100,1.39500000
2018-03-21 08:03:57,0.06392200,6.74400000
2018-03-21 08:03:57,0.06392800,0.84500000
2018-03-21 08:03:57,0.06392900,0.10200000
2018-03-21 08:03:57,0.06393200,0.15500000
2018-03-21 08:03:57,0.06392100,0.89800000
2018-03-21 08:03:58,0.06393200,0.84500000
2018-03-21 08:03:59,0.06386400,0.02700000
2018-03-21 08:03:59,0.06386900,0.02700000
2018-03-21 08:03:59,0.06386900,0.06000000
2018-03-21 08:04:00,0.06393800,0.10000000
2018-03-21 08:04:00,0.06392100,0.18300000
2018-03-21 08:04:01,0.06392100,0.00100000
2018-03-21 08:04:01,0.06386400,0.03000000
2018-03-21 08:04:01,0.06386300,0.03400000
2018-03-21 08:04:01,0.06395300,0.32700000
2018-03-21 08:04:02,0.06386400,0.01700000
2018-03-21 08:04:02,0.06386500,0.61900000
2018-03-21 08:04:02,0.06386500,0.68400000
2018-03-21 08:04:02,0.06386600,0.54800000
2018-03-21 08:04:03,0.06395200,1.51300000
2018-03-21 08:04:03,0.06395400,0.40900000
2018-03-21 08:04:03,0.06395400,0.31900000
2018-03-21 08:04:03,0.06386600,0.01600000
2018-03-21 08:04:03,0.06386700,0.02900000
2018-03-21 08:04:04,0.06387000,0.05600000
2018-03-21 08:04:04,0.06387000,0.13300000
2018-03-21 08:04:04,0.06394900,0.05400000
2018-03-21 08:04:04,0.06387100,0.60100000
2018-03-21 08:04:04,0.06387200,0.01700000
2018-03-21 08:04:04,0.06387200,0.18200000
2018-03-21 08:04:04,0.06394900,0.19800000
2018-03-21 08:04:05,0.06394900,0.18000000
2018-03-21 08:04:05,0.06387100,1.09300000
2018-03-21 08:04:05,0.06387300,0.26300000
2018-03-21 08:04:05,0.06394900,0.18900000
2018-03-21 08:04:05,0.06394900,0.27300000
2018-03-21 08:04:05,0.06395000,1.43300000
2018-03-21 08:04:05,0.06396500,1.08300000
2018-03-21 08:04:05,0.06398200,0.82800000
2018-03-21 08:04:05,0.06398400,1.60000000
2018-03-21 08:04:05,0.06398600,0.42100000
2018-03-21 08:04:05,0.06398700,0.34700000
2018-03-21 08:04:05,0.06394900,0.30000000
2018-03-21 08:04:05,0.06398700,0.99900000
2018-03-21 08:04:05,0.06398800,2.16600000
2018-03-21 08:04:05,0.06394900,0.27300000
2018-03-21 08:04:05,0.06394900,0.15700000
2018-03-21 08:04:05,0.06398400,0.00500000
2018-03-21 08:04:05,0.06387300,0.00100000
2018-03-21 08:04:05,0.06387200,0.26400000
2018-03-21 08:04:05,0.06387100,0.00100000
2018-03-21 08:04:05,0.06387000,0.33100000
2018-03-21 08:04:05,0.06386600,0.66800000
2018-03-21 08:04:06,0.06394900,0.17100000
2018-03-21 08:04:06,0.06394800,0.11600000
2018-03-21 08:04:06,0.06387400,0.92800000
2018-03-21 08:04:06,0.06394700,0.39200000
2018-03-21 08:04:07,0.06394700,0.25000000
2018-03-21 08:04:08,0.06391600,1.83300000
2018-03-21 08:04:08,0.06394700,1.25500000
2018-03-21 08:04:08,0.06395000,0.06000000
2018-03-21 08:04:09,0.06396600,0.02500000
2018-03-21 08:04:09,0.06396600,0.02800000
2018-03-21 08:04:09,0.06388600,0.02700000
2018-03-21 08:04:09,0.06388600,0.02700000
2018-03-21 08:04:09,0.06388600,0.02700000
2018-03-21 08:04:09,0.06388600,0.02700000
2018-03-21 08:04:11,0.06389000,0.18600000
2018-03-21 08:04:11,0.06396600,4.59900000
2018-03-21 08:04:11,0.06396500,0.02100000
2018-03-21 08:04:11,0.06396500,0.17800000
2018-03-21 08:04:11,0.06396600,2.74800000
2018-03-21 08:04:12,0.06389200,0.16800000
2018-03-21 08:04:14,0.06389300,0.19900000
2018-03-21 08:04:14,0.06389200,0.21800000
2018-03-21 08:04:17,0.06389200,0.06900000
2018-03-21 08:04:17,0.06389200,0.26000000
2018-03-21 08:04:18,0.06389200,0.03500000
2018-03-21 08:04:19,0.06395000,0.28000000
2018-03-21 08:04:19,0.06395000,0.11900000
2018-03-21 08:04:19,0.06389300,0.07900000
2018-03-21 08:04:20,0.06397700,0.10000000
2018-03-21 08:04:22,0.06390000,0.15700000
2018-03-21 08:04:22,0.06390000,0.02300000
2018-03-21 08:04:22,0.06389600,0.15600000
2018-03-21 08:04:25,0.06389900,0.12600000
2018-03-21 08:04:25,0.06389900,0.23600000
2018-03-21 08:04:26,0.06396900,0.09900000
2018-03-21 08:04:26,0.06397000,0.02900000
2018-03-21 08:04:27,0.06390100,0.33000000
2018-03-21 08:04:27,0.06390000,0.56200000
2018-03-21 08:04:27,0.06390100,0.19900000
2018-03-21 08:04:28,0.06390800,0.19900000
2018-03-21 08:04:29,0.06390700,0.83700000
2018-03-21 08:04:31,0.06390700,0.00100000
2018-03-21 08:04:31,0.06390100,0.20100000
2018-03-21 08:04:31,0.06390100,0.10000000
2018-03-21 08:04:31,0.06390100,0.10000000
2018-03-21 08:04:31,0.06390100,0.10000000
2018-03-21 08:04:31,0.06390100,0.10000000
2018-03-21 08:04:31,0.06390100,0.10000000
2018-03-21 08:04:31,0.06390100,0.03000000
2018-03-21 08:04:32,0.06390000,0.05100000
2018-03-21 08:04:32,0.06390000,0.09900000
2018-03-21 08:04:33,0.06389900,0.05000000
2018-03-21 08:04:34,0.06396900,0.11000000
2018-03-21 08:04:35,0.06390800,0.40200000
2018-03-21 08:04:36,0.06390800,0.05000000
2018-03-21 08:04:36,0.06393800,41.34000000
2018-03-21 08:04:36,0.06396800,16.27400000
2018-03-21 08:04:37,0.06396800,3.14400000
2018-03-21 08:04:37,0.06396900,0.22300000
2018-03-21 08:04:37,0.06397300,0.03200000
2018-03-21 08:04:37,0.06398300,0.33000000
2018-03-21 08:04:37,0.06398800,3.88000000
2018-03-21 08:04:38,0.06390900,0.25300000
2018-03-21 08:04:39,0.06396800,0.78300000
2018-03-21 08:04:39,0.06396800,0.00100000
2018-03-21 08:04:39,0.06391000,0.13100000
2018-03-21 08:04:39,0.06391000,0.18400000
2018-03-21 08:04:39,0.06398200,0.25700000
2018-03-21 08:04:39,0.06399500,0.13000000
2018-03-21 08:04:39,0.06399600,0.15500000
2018-03-21 08:04:39,0.06399600,0.14500000
2018-03-21 08:04:39,0.06399700,0.14000000
2018-03-21 08:04:39,0.06401000,0.25500000
2018-03-21 08:04:39,0.06391000,0.90400000
2018-03-21 08:04:39,0.06391100,0.32800000
2018-03-21 08:04:40,0.06391200,0.10000000
2018-03-21 08:04:41,0.06399300,0.10000000
2018-03-21 08:04:41,0.06399200,0.15600000
2018-03-21 08:04:44,0.06392000,0.17800000
2018-03-21 08:04:44,0.06392100,0.12900000
2018-03-21 08:04:44,0.06392100,0.13500000
2018-03-21 08:04:44,0.06392000,0.33000000
2018-03-21 08:04:44,0.06391700,0.65400000
2018-03-21 08:04:44,0.06391700,0.13500000
2018-03-21 08:04:44,0.06391700,0.35900000
2018-03-21 08:04:44,0.06391600,2.00200000
2018-03-21 08:04:44,0.06392000,0.29800000
2018-03-21 08:04:44,0.06392000,0.20100000
2018-03-21 08:04:44,0.06399000,0.04300000
2018-03-21 08:04:44,0.06399100,0.15600000
2018-03-21 08:04:44,0.06400500,0.09800000
2018-03-21 08:04:45,0.06392000,0.21500000
2018-03-21 08:04:45,0.06398900,0.26400000
2018-03-21 08:04:45,0.06392000,0.22300000
2018-03-21 08:04:47,0.06392100,0.03300000
2018-03-21 08:04:48,0.06392300,0.36600000
2018-03-21 08:04:48,0.06392300,0.36300000
2018-03-21 08:04:48,0.06392300,0.17200000
2018-03-21 08:04:48,0.06398800,0.26400000
2018-03-21 08:04:48,0.06398900,0.00100000
2018-03-21 08:04:48,0.06399000,0.08100000
2018-03-21 08:04:48,0.06399000,0.09900000
2018-03-21 08:04:48,0.06400800,0.33000000
2018-03-21 08:04:48,0.06401000,0.49500000
2018-03-21 08:04:48,0.06401200,0.19500000
2018-03-21 08:04:48,0.06402400,0.02000000
2018-03-21 08:04:49,0.06392500,0.54900000
2018-03-21 08:04:49,0.06392500,0.23100000
2018-03-21 08:04:49,0.06393100,0.48700000
2018-03-21 08:04:50,0.06393100,0.35600000
2018-03-21 08:04:50,0.06393200,0.16600000
2018-03-21 08:04:50,0.06400700,0.62800000
2018-03-21 08:04:50,0.06400700,2.33200000
2018-03-21 08:04:50,0.06393200,0.52900000
2018-03-21 08:04:51,0.06393200,0.06200000
2018-03-21 08:04:51,0.06393200,0.10000000
2018-03-21 08:04:51,0.06393200,0.46800000
2018-03-21 08:04:51,0.06393100,0.16100000
2018-03-21 08:04:51,0.06398800,0.02000000
2018-03-21 08:04:51,0.06393100,0.03000000
2018-03-21 08:04:51,0.06393100,0.01900000
2018-03-21 08:04:51,0.06393300,0.01900000
2018-03-21 08:04:51,0.06393300,0.01900000
2018-03-21 08:04:51,0.06393300,0.01900000
2018-03-21 08:04:51,0.06393300,0.01900000
2018-03-21 08:04:51,0.06393300,0.01900000
2018-03-21 08:04:51,0.06393300,0.15500000
2018-03-21 08:04:51,0.06393300,0.01900000
2018-03-21 08:04:52,0.06393300,0.24700000
2018-03-21 08:04:52,0.06393300,0.07900000
2018-03-21 08:04:52,0.06393300,0.28700000
2018-03-21 08:04:53,0.06393400,0.47400000
2018-03-21 08:04:53,0.06393400,0.08400000
2018-03-21 08:04:53,0.06393400,0.07000000
2018-03-21 08:04:53,0.06400400,0.09600000
2018-03-21 08:04:55,0.06393600,0.41300000
2018-03-21 08:04:55,0.06393800,0.09500000
2018-03-21 08:04:55,0.06393800,0.06200000
2018-03-21 08:04:55,0.06393800,1.14500000
2018-03-21 08:04:56,0.06393800,0.15200000
2018-03-21 08:04:56,0.06393800,0.14600000
2018-03-21 08:04:56,0.06393800,0.31200000
2018-03-21 08:04:57,0.06393800,0.54700000
2018-03-21 08:04:58,0.06400200,1.56100000
2018-03-21 08:04:58,0.06397000,19.08100000
2018-03-21 08:04:58,0.06400200,13.68200000
2018-03-21 08:04:59,0.06400200,12.07000000
2018-03-21 08:04:59,0.06400200,0.03000000
2018-03-21 08:04:59,0.06400200,0.51300000
2018-03-21 08:04:59,0.06400200,1.01700000
2018-03-21 08:04:59,0.06393900,0.54200000
2018-03-21 08:04:59,0.06393900,0.17400000
2018-03-21 08:04:59,0.06393900,0.71200000
2018-03-21 08:04:59,0.06393900,0.22600000
2018-03-21 08:04:59,0.06393900,0.17400000
2018-03-21 08:05:00,0.06394000,5.03000000
2018-03-21 08:05:01,0.06400100,0.10000000
2018-03-21 08:05:02,0.06394100,0.04600000
2018-03-21 08:05:02,0.06400100,3.04200000
2018-03-21 08:05:02,0.06400400,0.20200000
2018-03-21 08:05:02,0.06394100,0.36500000
2018-03-21 08:05:02,0.06400400,9.55700000
2018-03-21 08:05:03,0.06394200,0.57000000
2018-03-21 08:05:03,0.06394200,0.02300000
2018-03-21 08:05:03,0.06394200,0.04400000
2018-03-21 08:05:03,0.06400500,0.22100000
2018-03-21 08:05:03,0.06400000,0.56900000
2018-03-21 08:05:04,0.06394200,0.01800000
2018-03-21 08:05:05,0.06394200,0.31300000
2018-03-21 08:05:05,0.06394200,0.03000000
2018-03-21 08:05:05,0.06394200,0.14500000
2018-03-21 08:05:06,0.06394200,0.15600000
2018-03-21 08:05:07,0.06394200,0.08200000
2018-03-21 08:05:07,0.06400000,0.49600000
2018-03-21 08:05:07,0.06400000,0.63300000
2018-03-21 08:05:08,0.06394300,0.19900000
2018-03-21 08:05:08,0.06394300,0.03900000
2018-03-21 08:05:08,0.06394300,0.23100000
2018-03-21 08:05:09,0.06394500,0.79900000
2018-03-21 08:05:09,0.06400000,1.44400000
2018-03-21 08:05:09,0.06400100,0.01700000
2018-03-21 08:05:09,0.06400500,1.14200000
2018-03-21 08:05:09,0.06401900,0.33000000
2018-03-21 08:05:09,0.06402600,0.47000000
2018-03-21 08:05:09,0.06402900,0.10000000
2018-03-21 08:05:09,0.06403100,0.06600000
2018-03-21 08:05:09,0.06403500,0.52800000
2018-03-21 08:05:09,0.06404500,0.60000000
2018-03-21 08:05:09,0.06405000,2.24000000
2018-03-21 08:05:10,0.06394600,0.18800000
2018-03-21 08:05:11,0.06394800,0.17900000
2018-03-21 08:05:11,0.06394800,0.05200000
2018-03-21 08:05:11,0.06401800,15.42300000
2018-03-21 08:05:11,0.06398300,26.15600000
2018-03-21 08:05:11,0.06401800,16.79500000
2018-03-21 08:05:11,0.06401800,3.28800000
2018-03-21 08:05:11,0.06401900,0.13000000
2018-03-21 08:05:11,0.06402000,0.09300000
2018-03-21 08:05:11,0.06401800,0.66300000
2018-03-21 08:05:11,0.06401800,0.15000000
2018-03-21 08:05:11,0.06401800,0.15100000
2018-03-21 08:05:11,0.06401800,0.65200000
2018-03-21 08:05:11,0.06401800,0.05900000
2018-03-21 08:05:12,0.06401800,0.39800000
2018-03-21 08:05:12,0.06401800,0.76300000
2018-03-21 08:05:12,0.06401800,0.11000000
2018-03-21 08:05:12,0.06401800,0.10800000
2018-03-21 08:05:12,0.06401800,0.07000000
2018-03-21 08:05:12,0.06401800,0.22400000
2018-03-21 08:05:12,0.06401800,0.07500000
2018-03-21 08:05:12,0.06401800,0.15300000
2018-03-21 08:05:12,0.06401800,0.63100000
2018-03-21 08:05:12,0.06401800,0.10000000
2018-03-21 08:05:12,0.06401800,0.06400000
2018-03-21 08:05:12,0.06401800,0.84900000
2018-03-21 08:05:12,0.06401800,0.39900000
2018-03-21 08:05:13,0.06401800,0.73300000
2018-03-21 08:05:13,0.06401800,3.06700000
2018-03-21 08:05:13,0.06401800,0.19300000
2018-03-21 08:05:13,0.06401900,0.03400000
2018-03-21 08:05:13,0.06401900,0.03900000
2018-03-21 08:05:13,0.06401900,0.09800000
2018-03-21 08:05:13,0.06401900,0.04800000
2018-03-21 08:05:14,0.06401800,1.00800000
2018-03-21 08:05:14,0.06401800,1.56600000
2018-03-21 08:05:14,0.06401800,2.86600000
2018-03-21 08:05:14,0.06405000,0.24200000
2018-03-21 08:05:14,0.06406400,0.56200000
2018-03-21 08:05:14,0.06405000,0.33000000
2018-03-21 08:05:14,0.06405000,0.03000000
2018-03-21 08:05:14,0.06405000,0.10000000
2018-03-21 08:05:14,0.06405000,0.02700000
2018-03-21 08:05:14,0.06401800,0.00100000
2018-03-21 08:05:14,0.06394700,0.15500000
2018-03-21 08:05:15,0.06404900,2.91800000
2018-03-21 08:05:16,0.06395000,0.06400000
2018-03-21 08:05:17,0.06395100,0.06000000
2018-03-21 08:05:17,0.06404700,0.35200000
2018-03-21 08:05:17,0.06404600,0.19900000
2018-03-21 08:05:17,0.06404700,0.10100000
2018-03-21 08:05:17,0.06404800,1.38000000
2018-03-21 08:05:17,0.06405300,0.50000000
2018-03-21 08:05:17,0.06406400,0.29300000
2018-03-21 08:05:17,0.06406500,3.14000000
2018-03-21 08:05:18,0.06404700,0.19000000
2018-03-21 08:05:18,0.06404700,0.11000000
2018-03-21 08:05:18,0.06405300,0.50000000
2018-03-21 08:05:18,0.06404700,0.29900000
2018-03-21 08:05:18,0.06404700,0.20100000
2018-03-21 08:05:18,0.06404600,1.49300000
2018-03-21 08:05:18,0.06400000,0.03200000
2018-03-21 08:05:19,0.06400000,0.06700000
2018-03-21 08:05:19,0.06404500,0.02500000
2018-03-21 08:05:20,0.06404000,0.06900000
2018-03-21 08:05:20,0.06404000,0.00100000
2018-03-21 08:05:20,0.06404500,0.09700000
2018-03-21 08:05:20,0.06404500,0.27800000
2018-03-21 08:05:20,0.06404600,0.74500000
2018-03-21 08:05:20,0.06400000,0.00100000
2018-03-21 08:05:20,0.06395800,0.20000000
2018-03-21 08:05:20,0.06395700,0.99000000
2018-03-21 08:05:20,0.06395600,0.65600000
2018-03-21 08:05:21,0.06395700,0.12700000
2018-03-21 08:05:21,0.06395800,0.23000000
2018-03-21 08:05:21,0.06395700,0.39500000
2018-03-21 08:05:21,0.06395800,0.46900000
2018-03-21 08:05:21,0.06395800,1.00900000
2018-03-21 08:05:21,0.06404500,0.30500000
2018-03-21 08:05:21,0.06404600,0.88100000
2018-03-21 08:05:22,0.06404500,0.30000000
2018-03-21 08:05:22,0.06404600,0.02100000
2018-03-21 08:05:22,0.06406400,0.07800000
2018-03-21 08:05:22,0.06404500,0.20000000
2018-03-21 08:05:22,0.06406400,0.05600000
2018-03-21 08:05:22,0.06406600,0.01800000
2018-03-21 08:05:22,0.06408000,0.71900000
2018-03-21 08:05:22,0.06408000,0.10000000
2018-03-21 08:05:22,0.06408000,0.04000000
2018-03-21 08:05:22,0.06408000,0.05900000
2018-03-21 08:05:22,0.06395900,0.13900000
2018-03-21 08:05:22,0.06409700,0.10000000
2018-03-21 08:05:22,0.06407900,0.26100000
2018-03-21 08:05:22,0.06404500,1.43600000
2018-03-21 08:05:22,0.06407800,1.82100000
2018-03-21 08:05:24,0.06404500,0.00100000
2018-03-21 08:05:24,0.06396800,0.03600000
2018-03-21 08:05:25,0.06396800,0.30000000
2018-03-21 08:05:26,0.06404500,0.02300000
2018-03-21 08:05:26,0.06404500,0.00100000
2018-03-21 08:05:26,0.06407700,0.02300000
2018-03-21 08:05:26,0.06407700,0.11600000
2018-03-21 08:05:26,0.06410000,0.11500000
2018-03-21 08:05:26,0.06411200,1.64700000
2018-03-21 08:05:27,0.06411600,5.19900000
2018-03-21 08:05:27,0.06412300,0.15900000
2018-03-21 08:05:27,0.06412500,0.15900000
2018-03-21 08:05:27,0.06412800,0.02300000
2018-03-21 08:05:29,0.06412700,0.49900000
2018-03-21 08:05:29,0.06411100,0.04900000
2018-03-21 08:05:29,0.06400500,0.16500000
2018-03-21 08:05:30,0.06400500,0.01800000
2018-03-21 08:05:30,0.06400500,0.06700000
2018-03-21 08:05:30,0.06410800,0.01900000
2018-03-21 08:05:30,0.06410800,0.00100000
2018-03-21 08:05:30,0.06410800,0.15400000
2018-03-21 08:05:30,0.06410900,0.04200000
2018-03-21 08:05:30,0.06410900,0.15500000
2018-03-21 08:05:30,0.06410900,0.11300000
2018-03-21 08:05:30,0.06400600,0.07300000
2018-03-21 08:05:30,0.06400600,0.26600000
2018-03-21 08:05:30,0.06400600,0.26700000
2018-03-21 08:05:30,0.06400600,0.26700000
2018-03-21 08:05:30,0.06400600,0.19000000
2018-03-21 08:05:31,0.06410700,0.25100000
2018-03-21 08:05:31,0.06410800,0.13600000
2018-03-21 08:05:31,0.06411100,0.00100000
2018-03-21 08:05:31,0.06412700,0.36600000
2018-03-21 08:05:31,0.06412800,2.18100000
2018-03-21 08:05:31,0.06412800,0.11600000
2018-03-21 08:05:31,0.06412800,0.25900000
2018-03-21 08:05:31,0.06412800,0.58400000
2018-03-21 08:05:31,0.06412800,0.34200000
2018-03-21 08:05:31,0.06412800,0.50000000
2018-03-21 08:05:31,0.06412800,0.17700000
2018-03-21 08:05:31,0.06412800,0.15500000
2018-03-21 08:05:31,0.06412800,0.15500000
2018-03-21 08:05:31,0.06412800,0.06000000
2018-03-21 08:05:31,0.06412800,0.15500000
2018-03-21 08:05:31,0.06412800,0.10100000
2018-03-21 08:05:32,0.06401000,0.01700000
2018-03-21 08:05:32,0.06401000,0.05800000
2018-03-21 08:05:32,0.06409900,0.92000000
2018-03-21 08:05:32,0.06410000,1.34700000
2018-03-21 08:05:32,0.06410500,0.96200000
2018-03-21 08:05:32,0.06412700,0.33400000
2018-03-21 08:05:32,0.06412800,0.29100000
2018-03-21 08:05:32,0.06413000,0.50000000
2018-03-21 08:05:32,0.06413300,0.10000000
2018-03-21 08:05:32,0.06414200,0.25300000
2018-03-21 08:05:32,0.06415600,0.83000000
2018-03-21 08:05:32,0.06401100,0.26500000
2018-03-21 08:05:32,0.06401100,0.14700000
2018-03-21 08:05:32,0.06409900,0.26500000
2018-03-21 08:05:32,0.06409900,0.06500000
2018-03-21 08:05:32,0.06415600,0.12000000
2018-03-21 08:05:32,0.06415600,0.18500000
2018-03-21 08:05:33,0.06401600,0.11800000
2018-03-21 08:05:33,0.06410000,0.07000000
2018-03-21 08:05:35,0.06402300,0.83700000
2018-03-21 08:05:35,0.06402200,0.35600000
2018-03-21 08:05:36,0.06402400,2.99900000
2018-03-21 08:05:36,0.06409900,0.08900000
2018-03-21 08:05:36,0.06402500,0.33000000
2018-03-21 08:05:36,0.06402500,0.33000000
2018-03-21 08:05:37,0.06402500,0.33000000
2018-03-21 08:05:37,0.06402400,2.32100000
2018-03-21 08:05:37,0.06402600,1.70600000
2018-03-21 08:05:37,0.06402500,0.33000000
2018-03-21 08:05:37,0.06402500,0.30000000
2018-03-21 08:05:37,0.06402500,0.30000000
2018-03-21 08:05:37,0.06402400,0.16900000
2018-03-21 08:05:37,0.06402300,2.08300000
2018-03-21 08:05:38,0.06403000,0.01900000
2018-03-21 08:05:38,0.06403000,0.09100000
2018-03-21 08:05:38,0.06402500,0.01800000
2018-03-21 08:05:38,0.06402200,0.02300000
2018-03-21 08:05:39,0.06403000,0.02700000
2018-03-21 08:05:39,0.06403000,0.82700000
2018-03-21 08:05:40,0.06403000,0.04400000
2018-03-21 08:05:40,0.06403000,0.11100000
2018-03-21 08:05:40,0.06403000,0.00100000
2018-03-21 08:05:40,0.06402400,0.26500000
2018-03-21 08:05:40,0.06402300,0.26400000
2018-03-21 08:05:40,0.06402200,1.97700000
2018-03-21 08:05:40,0.06402000,0.30000000
2018-03-21 08:05:40,0.06400800,0.50000000
2018-03-21 08:05:40,0.06400600,0.15800000
2018-03-21 08:05:40,0.06399300,0.07800000
2018-03-21 08:05:40,0.06399200,0.67800000
2018-03-21 08:05:40,0.06399100,0.15400000
2018-03-21 08:05:40,0.06399100,0.67400000
2018-03-21 08:05:40,0.06396800,0.24400000
2018-03-21 08:05:40,0.06396800,0.10000000
2018-03-21 08:05:40,0.06396800,0.10000000
2018-03-21 08:05:40,0.06396800,0.10000000
2018-03-21 08:05:40,0.06396800,0.50000000
2018-03-21 08:05:40,0.06396800,0.10000000
2018-03-21 08:05:40,0.06396800,0.10000000
2018-03-21 08:05:40,0.06396800,2.20500000
2018-03-21 08:05:40,0.06402400,0.10000000
2018-03-21 08:05:40,0.06395900,2.67800000
2018-03-21 08:05:40,0.06402400,0.15000000
2018-03-21 08:05:41,0.06395900,1.49300000
2018-03-21 08:05:41,0.06402000,0.92100000
2018-03-21 08:05:41,0.06402000,0.10900000
2018-03-21 08:05:41,0.06402000,0.15000000
2018-03-21 08:05:41,0.06402000,1.48000000
2018-03-21 08:05:41,0.06402400,2.33200000
2018-03-21 08:05:41,0.06402900,0.06100000
2018-03-21 08:05:41,0.06405500,0.52300000
2018-03-21 08:05:41,0.06405500,0.60400000
2018-03-21 08:05:41,0.06405500,0.60800000
2018-03-21 08:05:41,0.06405500,4.55000000
2018-03-21 08:05:41,0.06405500,0.29200000
2018-03-21 08:05:41,0.06405500,0.12900000
2018-03-21 08:05:41,0.06405500,0.15000000
2018-03-21 08:05:41,0.06405500,0.64500000
2018-03-21 08:05:41,0.06405500,0.13100000
2018-03-21 08:05:41,0.06408800,0.35300000
2018-03-21 08:05:41,0.06405500,0.07700000
2018-03-21 08:05:41,0.06405500,0.52200000
2018-03-21 08:05:41,0.06408800,1.60800000
2018-03-21 08:05:42,0.06405500,0.83500000
2018-03-21 08:05:42,0.06405500,1.55300000
2018-03-21 08:05:42,0.06405500,1.56400000
2018-03-21 08:05:42,0.06405500,0.14800000
2018-03-21 08:05:42,0.06405500,1.23700000
2018-03-21 08:05:42,0.06408700,0.10000000
2018-03-21 08:05:43,0.06408700,2.90000000
2018-03-21 08:05:43,0.06408800,0.00100000
2018-03-21 08:05:43,0.06409300,1.03100000
2018-03-21 08:05:43,0.06405500,0.93600000
2018-03-21 08:05:43,0.06405500,1.22100000
2018-03-21 08:05:44,0.06405500,0.07800000
2018-03-21 08:05:44,0.06409000,0.11000000
2018-03-21 08:05:44,0.06409300,0.46800000
2018-03-21 08:05:45,0.06405500,0.04100000
2018-03-21 08:05:45,0.06408700,0.29000000
2018-03-21 08:05:45,0.06408700,0.12200000
2018-03-21 08:05:45,0.06408700,0.51200000
2018-03-21 08:05:45,0.06408700,0.18000000
2018-03-21 08:05:45,0.06408700,0.45700000
2018-03-21 08:05:45,0.06408700,0.01700000
2018-03-21 08:05:45,0.06408700,0.12100000
2018-03-21 08:05:45,0.06408700,0.02700000
2018-03-21 08:05:45,0.06408700,1.01000000
2018-03-21 08:05:45,0.06408700,1.18400000
2018-03-21 08:05:45,0.06405500,0.96300000
2018-03-21 08:05:45,0.06405500,0.27800000
2018-03-21 08:05:45,0.06405500,0.18600000
2018-03-21 08:05:45,0.06405500,0.02000000
2018-03-21 08:05:45,0.06405500,0.01900000
2018-03-21 08:05:45,0.06405500,0.15800000
2018-03-21 08:05:45,0.06405500,0.37500000
2018-03-21 08:05:46,0.06408800,0.07700000
2018-03-21 08:05:46,0.06405500,0.05800000
2018-03-21 08:05:46,0.06405500,0.53000000
2018-03-21 08:05:46,0.06408800,0.12300000
2018-03-21 08:05:47,0.06408800,0.00100000
2018-03-21 08:05:47,0.06409300,0.14300000
2018-03-21 08:05:47,0.06405500,0.48900000
2018-03-21 08:05:47,0.06409300,1.03600000
2018-03-21 08:05:47,0.06409800,0.14400000
2018-03-21 08:05:47,0.06405500,3.99800000
2018-03-21 08:05:48,0.06409800,3.64500000
2018-03-21 08:05:48,0.06411000,0.28300000
2018-03-21 08:05:48,0.06411000,1.42400000
2018-03-21 08:05:48,0.06411000,1.27700000
2018-03-21 08:05:48,0.06411900,0.15900000
2018-03-21 08:05:48,0.06412400,0.33000000
2018-03-21 08:05:48,0.06415600,1.34900000
2018-03-21 08:05:48,0.06418200,0.55200000
2018-03-21 08:05:48,0.06419900,0.13400000
2018-03-21 08:05:48,0.06420000,0.09400000
2018-03-21 08:05:48,0.06420800,1.05000000
2018-03-21 08:05:48,0.06420900,4.44800000
2018-03-21 08:05:48,0.06421100,0.04100000
2018-03-21 08:05:48,0.06421400,4.37900000
2018-03-21 08:05:48,0.06421600,0.16300000
2018-03-21 08:05:48,0.06421900,1.11300000
2018-03-21 08:05:48,0.06422100,1.03000000
2018-03-21 08:05:48,0.06422200,3.42200000
2018-03-21 08:05:48,0.06422500,1.28900000
2018-03-21 08:05:48,0.06422900,0.58400000
2018-03-21 08:05:48,0.06423700,0.05600000
2018-03-21 08:05:48,0.06423800,0.46900000
2018-03-21 08:05:48,0.06424100,0.45900000
2018-03-21 08:05:48,0.06424300,0.42100000
2018-03-21 08:05:48,0.06424500,0.47400000
2018-03-21 08:05:48,0.06424600,0.43200000
2018-03-21 08:05:48,0.06425000,0.46100000
2018-03-21 08:05:48,0.06425500,0.46700000
2018-03-21 08:05:48,0.06425600,0.50700000
2018-03-21 08:05:48,0.06426200,0.55200000
2018-03-21 08:05:48,0.06426600,3.00000000
2018-03-21 08:05:48,0.06426900,0.05600000
2018-03-21 08:05:48,0.06427400,4.23200000
2018-03-21 08:05:49,0.06409300,0.15100000
2018-03-21 08:05:49,0.06409300,0.01600000
2018-03-21 08:05:49,0.06409300,0.05100000
2018-03-21 08:05:49,0.06409300,0.64600000
2018-03-21 08:05:49,0.06409300,0.12600000
2018-03-21 08:05:49,0.06409300,0.86300000
2018-03-21 08:05:49,0.06409400,0.06100000
2018-03-21 08:05:49,0.06409400,0.23300000
2018-03-21 08:05:49,0.06409400,1.34400000
2018-03-21 08:05:49,0.06409400,0.06600000
2018-03-21 08:05:49,0.06409400,0.57500000
2018-03-21 08:05:50,0.06410000,0.02500000
2018-03-21 08:05:50,0.06410000,0.00100000
2018-03-21 08:05:50,0.06410100,0.03300000
2018-03-21 08:05:50,0.06410100,1.51000000
2018-03-21 08:05:50,0.06410100,0.26900000
2018-03-21 08:05:50,0.06410700,0.83000000
2018-03-21 08:05:50,0.06410600,1.55700000
2018-03-21 08:05:50,0.06410100,4.02200000
2018-03-21 08:05:50,0.06410800,0.50200000
2018-03-21 08:05:50,0.06410800,0.30400000
2018-03-21 08:05:51,0.06410800,0.08700000
2018-03-21 08:05:51,0.06410800,0.27900000
2018-03-21 08:05:51,0.06411000,0.12600000
2018-03-21 08:05:51,0.06411000,0.17100000
2018-03-21 08:05:52,0.06411000,0.08700000
2018-03-21 08:05:52,0.06411000,0.19600000
2018-03-21 08:05:52,0.06410900,0.08600000
2018-03-21 08:05:52,0.06411000,0.09800000
2018-03-21 08:05:52,0.06411000,0.00200000
2018-03-21 08:05:52,0.06410900,0.02800000
2018-03-21 08:05:52,0.06411000,0.00200000
2018-03-21 08:05:52,0.06411000,0.02800000
2018-03-21 08:05:52,0.06421800,0.04800000
2018-03-21 08:05:52,0.06411000,0.08800000
2018-03-21 08:05:56,0.06411400,0.20000000
2018-03-21 08:05:56,0.06418800,2.27900000
2018-03-21 08:05:56,0.06418900,1.55700000
2018-03-21 08:05:56,0.06419400,1.12100000
2018-03-21 08:05:56,0.06420300,0.33000000
2018-03-21 08:05:56,0.06420400,1.74200000
2018-03-21 08:05:56,0.06420400,1.40000000
2018-03-21 08:05:56,0.06419400,0.20000000
2018-03-21 08:05:56,0.06419400,0.10000000
2018-03-21 08:05:56,0.06419400,0.03000000
2018-03-21 08:05:56,0.06419400,0.10000000
2018-03-21 08:05:56,0.06419400,0.10000000
2018-03-21 08:05:56,0.06419400,0.03000000
2018-03-21 08:05:56,0.06419400,0.10000000
2018-03-21 08:05:56,0.06419400,0.10000000
2018-03-21 08:05:56,0.06419400,0.03000000
2018-03-21 08:05:56,0.06419400,0.10000000
2018-03-21 08:05:56,0.06419400,0.10000000
2018-03-21 08:05:56,0.06419400,0.03000000
2018-03-21 08:05:56,0.06419400,0.18000000
2018-03-21 08:05:56,0.06419400,0.62500000
2018-03-21 08:05:56,0.06419400,0.10000000
2018-03-21 08:05:56,0.06419400,0.10000000
2018-03-21 08:05:56,0.06419400,0.26300000
2018-03-21 08:05:56,0.06419400,0.02900000
2018-03-21 08:05:56,0.06419400,0.79300000
2018-03-21 08:05:56,0.06419400,0.82600000
2018-03-21 08:05:56,0.06419400,0.14200000
2018-03-21 08:05:56,0.06419400,0.46300000
2018-03-21 08:05:56,0.06419400,0.41600000
2018-03-21 08:05:56,0.06411500,1.02100000
2018-03-21 08:05:56,0.06411400,0.19200000
2018-03-21 08:05:56,0.06411400,2.56400000
2018-03-21 08:05:56,0.06411300,1.04900000
2018-03-21 08:05:56,0.06411100,0.43200000
2018-03-21 08:05:56,0.06411000,0.35100000
2018-03-21 08:05:56,0.06411000,0.10800000
2018-03-21 08:05:56,0.06410300,0.50000000
2018-03-21 08:05:56,0.06410100,0.20000000
2018-03-21 08:05:56,0.06409700,0.32300000
2018-03-21 08:05:56,0.06409700,0.05500000
2018-03-21 08:05:56,0.06409700,1.01300000
2018-03-21 08:05:56,0.06409500,1.63900000
2018-03-21 08:05:56,0.06409400,1.48700000
2018-03-21 08:05:56,0.06409300,0.12600000
2018-03-21 08:05:56,0.06409300,0.03000000
2018-03-21 08:05:56,0.06409300,0.07700000
2018-03-21 08:05:56,0.06409300,0.18000000
2018-03-21 08:05:56,0.06409300,1.43300000
2018-03-21 08:05:56,0.06409300,0.06700000
2018-03-21 08:05:56,0.06409300,0.03600000
2018-03-21 08:05:56,0.06409300,0.33700000
2018-03-21 08:05:56,0.06409300,0.11000000
2018-03-21 08:05:56,0.06411300,0.01900000
2018-03-21 08:05:56,0.06411300,0.02300000
2018-03-21 08:05:57,0.06411000,0.60900000
2018-03-21 08:05:57,0.06411000,0.17700000
2018-03-21 08:05:57,0.06411000,1.09100000
2018-03-21 08:05:58,0.06411000,0.07000000
2018-03-21 08:05:58,0.06411000,0.65500000
2018-03-21 08:05:58,0.06414000,0.10300000
2018-03-21 08:05:59,0.06414000,0.07000000
2018-03-21 08:05:59,0.06414000,0.03200000
2018-03-21 08:06:00,0.06411000,0.10000000
2018-03-21 08:06:00,0.06410000,0.01200000
2018-03-21 08:06:01,0.06410000,2.24900000
2018-03-21 08:06:01,0.06410000,5.44000000
2018-03-21 08:06:01,0.06410000,0.30200000
2018-03-21 08:06:01,0.06410000,1.26700000
2018-03-21 08:06:01,0.06410000,0.05900000
2018-03-21 08:06:01,0.06410000,0.01800000
2018-03-21 08:06:01,0.06410100,1.32900000
2018-03-21 08:06:01,0.06410000,0.85300000
2018-03-21 08:06:02,0.06410100,0.05900000
2018-03-21 08:06:02,0.06410100,0.12400000
2018-03-21 08:06:03,0.06411600,0.47800000
2018-03-21 08:06:03,0.06411600,0.00100000
2018-03-21 08:06:03,0.06410100,0.27700000
2018-03-21 08:06:03,0.06410000,0.20000000
2018-03-21 08:06:03,0.06414600,0.10000000
2018-03-21 08:06:03,0.06410100,0.26900000
2018-03-21 08:06:03,0.06410100,0.16400000
2018-03-21 08:06:03,0.06410100,0.02500000
2018-03-21 08:06:03,0.06410100,0.02600000
2018-03-21 08:06:04,0.06410100,0.05700000
2018-03-21 08:06:05,0.06410100,0.01700000
2018-03-21 08:06:05,0.06410100,0.05700000
2018-03-21 08:06:05,0.06410100,0.06800000
2018-03-21 08:06:05,0.06414600,0.20000000
2018-03-21 08:06:05,0.06419300,7.63000000
2018-03-21 08:06:05,0.06411200,0.07500000
2018-03-21 08:06:06,0.06411200,0.14600000
2018-03-21 08:06:06,0.06419400,0.08800000
2018-03-21 08:06:06,0.06411200,0.05900000
2018-03-21 08:06:06,0.06411300,0.05800000
2018-03-21 08:06:06,0.06419100,0.05800000
2018-03-21 08:06:07,0.06411300,0.05800000
2018-03-21 08:06:10,0.06411300,0.01500000
2018-03-21 08:06:11,0.06418800,0.24900000
2018-03-21 08:06:11,0.06418800,0.00100000
2018-03-21 08:06:11,0.06418900,0.33000000
2018-03-21 08:06:11,0.06419000,0.06900000
2018-03-21 08:06:11,0.06418900,0.32900000
2018-03-21 08:06:12,0.06411400,0.99900000
2018-03-21 08:06:12,0.06411300,0.61400000
2018-03-21 08:06:12,0.06411000,0.18000000
2018-03-21 08:06:12,0.06410100,0.14300000
2018-03-21 08:06:12,0.06410000,0.29900000
2018-03-21 08:06:12,0.06410000,0.29900000
2018-03-21 08:06:12,0.06411000,0.20100000
2018-03-21 08:06:12,0.06410000,0.26900000
2018-03-21 08:06:12,0.06411000,0.20100000
2018-03-21 08:06:12,0.06411000,1.39400000
2018-03-21 08:06:12,0.06410000,0.01700000
2018-03-21 08:06:12,0.06410000,0.18700000
2018-03-21 08:06:12,0.06410000,0.03600000
2018-03-21 08:06:12,0.06410000,0.05100000
2018-03-21 08:06:12,0.06410000,0.15000000
2018-03-21 08:06:12,0.06410200,0.33000000
2018-03-21 08:06:12,0.06410100,1.07400000
2018-03-21 08:06:13,0.06410200,0.01900000
2018-03-21 08:06:14,0.06411000,0.18100000
2018-03-21 08:06:14,0.06418500,1.07400000
2018-03-21 08:06:14,0.06418600,1.53600000
2018-03-21 08:06:14,0.06418600,0.17000000
2018-03-21 08:06:14,0.06418900,0.23100000
2018-03-21 08:06:14,0.06419000,2.01400000
2018-03-21 08:06:14,0.06419200,0.26500000
2018-03-21 08:06:14,0.06419400,0.11100000
2018-03-21 08:06:14,0.06410900,0.07800000
2018-03-21 08:06:14,0.06418800,0.21700000
2018-03-21 08:06:14,0.06419000,0.33000000
2018-03-21 08:06:14,0.06419400,2.82100000
2018-03-21 08:06:14,0.06419800,0.26400000
2018-03-21 08:06:14,0.06420000,0.12000000
2018-03-21 08:06:14,0.06420000,0.10000000
2018-03-21 08:06:14,0.06420000,0.10000000
2018-03-21 08:06:14,0.06420000,0.03000000
2018-03-21 08:06:14,0.06420000,0.02700000
2018-03-21 08:06:14,0.06420000,0.10000000
2018-03-21 08:06:14,0.06420000,0.10000000
2018-03-21 08:06:14,0.06420000,0.10000000
2018-03-21 08:06:14,0.06420000,0.03000000
2018-03-21 08:06:14,0.06420000,0.10000000
2018-03-21 08:06:14,0.06420000,0.10000000
2018-03-21 08:06:14,0.06420000,0.10000000
2018-03-21 08:06:15,0.06420000,0.10000000
2018-03-21 08:06:15,0.06420000,0.10000000
2018-03-21 08:06:15,0.06420000,0.10000000
2018-03-21 08:06:15,0.06420000,1.61100000
2018-03-21 08:06:15,0.06410600,0.52800000
2018-03-21 08:06:15,0.06410500,1.68200000
2018-03-21 08:06:15,0.06418700,0.03100000
2018-03-21 08:06:15,0.06418600,0.09800000
2018-03-21 08:06:15,0.06418500,1.33000000
2018-03-21 08:06:16,0.06411100,0.03900000
2018-03-21 08:06:16,0.06411100,0.02100000
2018-03-21 08:06:16,0.06418500,0.15300000
2018-03-21 08:06:18,0.06411300,0.20300000
2018-03-21 08:06:18,0.06411400,1.25300000
2018-03-21 08:06:19,0.06411500,0.03900000
2018-03-21 08:06:19,0.06411500,0.12200000
2018-03-21 08:06:19,0.06411500,0.64900000
2018-03-21 08:06:19,0.06411600,0.13000000
2018-03-21 08:06:19,0.06411500,0.05500000
2018-03-21 08:06:19,0.06418500,0.24900000
2018-03-21 08:06:20,0.06421100,0.32900000
2018-03-21 08:06:20,0.06420900,0.42200000
2018-03-21 08:06:20,0.06420800,0.30200000
2018-03-21 08:06:21,0.06420900,0.33000000
2018-03-21 08:06:21,0.06412000,0.17800000
2018-03-21 08:06:21,0.06412800,0.10200000
2018-03-21 08:06:21,0.06413100,0.29200000
2018-03-21 08:06:22,0.06413100,0.14900000
2018-03-21 08:06:22,0.06413100,0.14300000
2018-03-21 08:06:22,0.06412800,0.14800000
2018-03-21 08:06:22,0.06412800,0.12600000
2018-03-21 08:06:22,0.06420600,0.19900000
2018-03-21 08:06:22,0.06420500,3.47600000
2018-03-21 08:06:22,0.06413200,0.05800000
2018-03-21 08:06:22,0.06420500,0.33100000
2018-03-21 08:06:22,0.06420700,2.44800000
2018-03-21 08:06:22,0.06421000,0.18000000
2018-03-21 08:06:22,0.06422700,1.86800000
2018-03-21 08:06:22,0.06422900,0.20000000
2018-03-21 08:06:22,0.06427200,0.23000000
2018-03-21 08:06:22,0.06422900,0.09800000
2018-03-21 08:06:22,0.06413200,0.02800000
2018-03-21 08:06:22,0.06420500,0.23200000
2018-03-21 08:06:22,0.06427200,0.09800000
2018-03-21 08:06:22,0.06413200,0.08900000
2018-03-21 08:06:22,0.06413200,0.04500000
2018-03-21 08:06:22,0.06413200,0.09700000
2018-03-21 08:06:22,0.06413200,0.09700000
2018-03-21 08:06:22,0.06420500,0.29900000
2018-03-21 08:06:23,0.06413200,1.25800000
2018-03-21 08:06:23,0.06413200,0.14400000
2018-03-21 08:06:23,0.06420500,0.19500000
2018-03-21 08:06:23,0.06420500,0.11400000
2018-03-21 08:06:23,0.06420500,0.03900000
2018-03-21 08:06:23,0.06420500,0.30300000
2018-03-21 08:06:23,0.06420500,0.07800000
2018-03-21 08:06:23,0.06420500,0.15100000
2018-03-21 08:06:23,0.06420500,0.03500000
2018-03-21 08:06:23,0.06420500,1.14200000
2018-03-21 08:06:23,0.06420500,0.10600000
2018-03-21 08:06:23,0.06422600,0.10000000
2018-03-21 08:06:23,0.06420500,0.07800000
2018-03-21 08:06:23,0.06420500,0.53400000
2018-03-21 08:06:24,0.06420500,0.03100000
2018-03-21 08:06:24,0.06420500,0.09500000
2018-03-21 08:06:24,0.06420500,0.23900000
2018-03-21 08:06:24,0.06420500,0.03100000
2018-03-21 08:06:24,0.06420500,0.07300000
2018-03-21 08:06:24,0.06420500,0.31600000
2018-03-21 08:06:24,0.06420500,0.11300000
2018-03-21 08:06:24,0.06420500,0.15200000
2018-03-21 08:06:24,0.06420500,1.05100000
2018-03-21 08:06:24,0.06420500,0.31500000
2018-03-21 08:06:24,0.06420500,1.02900000
2018-03-21 08:06:24,0.06420500,0.49100000
2018-03-21 08:06:24,0.06420500,0.02900000
2018-03-21 08:06:24,0.06420500,0.66300000
2018-03-21 08:06:24,0.06420500,0.04600000
2018-03-21 08:06:24,0.06420500,0.16000000
2018-03-21 08:06:24,0.06413300,0.83000000
2018-03-21 08:06:24,0.06413100,0.17600000
2018-03-21 08:06:24,0.06413300,0.83000000
2018-03-21 08:06:24,0.06413100,0.32700000
2018-03-21 08:06:24,0.06413100,0.02700000
2018-03-21 08:06:24,0.06413000,0.18000000
2018-03-21 08:06:24,0.06412000,0.00200000
2018-03-21 08:06:24,0.06411500,0.06600000
2018-03-21 08:06:24,0.06411500,0.17000000
2018-03-21 08:06:24,0.06413300,0.15900000
2018-03-21 08:06:25,0.06418600,3.04400000
2018-03-21 08:06:26,0.06413600,0.18600000
2018-03-21 08:06:26,0.06413600,0.09500000
2018-03-21 08:06:27,0.06413800,0.13000000
2018-03-21 08:06:27,0.06413700,0.26400000
2018-03-21 08:06:27,0.06413700,0.31500000
2018-03-21 08:06:27,0.06413700,0.39500000
2018-03-21 08:06:28,0.06413800,0.05800000
2018-03-21 08:06:28,0.06413800,0.04200000
2018-03-21 08:06:28,0.06413700,0.04700000
2018-03-21 08:06:28,0.06413900,0.02400000
2018-03-21 08:06:29,0.06413900,0.34700000
2018-03-21 08:06:29,0.06413900,0.00800000
2018-03-21 08:06:30,0.06414100,4.92400000
2018-03-21 08:06:30,0.06413900,2.85600000
2018-03-21 08:06:30,0.06413600,0.24900000
2018-03-21 08:06:30,0.06411900,0.97800000
2018-03-21 08:06:30,0.06420800,0.84900000
2018-03-21 08:06:31,0.06414300,0.62500000
2018-03-21 08:06:31,0.06414300,0.36400000
2018-03-21 08:06:31,0.06414300,0.24800000
2018-03-21 08:06:31,0.06414300,0.09600000
2018-03-21 08:06:32,0.06414300,1.64200000
2018-03-21 08:06:32,0.06412600,0.30000000
2018-03-21 08:06:32,0.06411900,3.03200000
2018-03-21 08:06:32,0.06414400,0.05600000
2018-03-21 08:06:32,0.06414200,2.01800000
2018-03-21 08:06:33,0.06414200,1.38900000
2018-03-21 08:06:33,0.06412600,0.30000000
2018-03-21 08:06:33,0.06411900,0.39500000
2018-03-21 08:06:33,0.06420400,0.07700000
2018-03-21 08:06:33,0.06412600,0.20000000
2018-03-21 08:06:33,0.06411900,0.26700000
2018-03-21 08:06:33,0.06412100,0.10000000
2018-03-21 08:06:33,0.06411900,0.43800000
2018-03-21 08:06:34,0.06419800,0.33500000
2018-03-21 08:06:35,0.06414400,2.06400000
2018-03-21 08:06:35,0.06414400,0.00100000
2018-03-21 08:06:35,0.06419800,0.15000000
2018-03-21 08:06:35,0.06419800,0.60300000
2018-03-21 08:06:35,0.06419900,0.29500000
2018-03-21 08:06:35,0.06412700,0.08500000
2018-03-21 08:06:35,0.06412700,0.11600000
2018-03-21 08:06:35,0.06412600,0.02300000
2018-03-21 08:06:36,0.06412200,0.06800000
2018-03-21 08:06:36,0.06412600,0.01900000
2018-03-21 08:06:36,0.06412600,0.16100000
2018-03-21 08:06:36,0.06412600,0.00100000
2018-03-21 08:06:36,0.06414000,0.05700000
2018-03-21 08:06:36,0.06412100,0.19800000
2018-03-21 08:06:36,0.06412000,0.19800000
2018-03-21 08:06:37,0.06415100,1.55700000
2018-03-21 08:06:37,0.06412000,0.00200000
2018-03-21 08:06:37,0.06411900,0.17300000
2018-03-21 08:06:37,0.06415100,0.70300000
2018-03-21 08:06:37,0.06412000,0.09900000
2018-03-21 08:06:37,0.06412000,0.05900000
2018-03-21 08:06:37,0.06412500,0.74700000
2018-03-21 08:06:37,0.06412500,0.38900000
2018-03-21 08:06:37,0.06412100,2.08300000
2018-03-21 08:06:38,0.06412500,0.00900000
2018-03-21 08:06:38,0.06412500,0.52000000
2018-03-21 08:06:38,0.06419800,0.10400000
2018-03-21 08:06:38,0.06412200,0.06000000
2018-03-21 08:06:38,0.06412200,2.19400000
2018-03-21 08:06:39,0.06419700,0.19500000
2018-03-21 08:06:39,0.06419600,0.06800000
2018-03-21 08:06:39,0.06419700,0.16400000
2018-03-21 08:06:39,0.06419700,0.13400000
2018-03-21 08:06:39,0.06419600,0.03400000
2018-03-21 08:06:39,0.06412300,0.03200000
2018-03-21 08:06:39,0.06412300,0.03300000
2018-03-21 08:06:39,0.06412300,0.03300000
2018-03-21 08:06:39,0.06412300,0.02800000
2018-03-21 08:06:39,0.06412300,0.03300000
2018-03-21 08:06:40,0.06412300,0.05700000
2018-03-21 08:06:40,0.06419600,0.05000000
2018-03-21 08:06:40,0.06419700,0.30300000
2018-03-21 08:06:40,0.06412300,0.31300000
2018-03-21 08:06:40,0.06412300,0.00100000
2018-03-21 08:06:40,0.06412200,0.00100000
2018-03-21 08:06:40,0.06412000,0.06000000
2018-03-21 08:06:40,0.06411900,0.25100000
2018-03-21 08:06:40,0.06411900,0.31200000
2018-03-21 08:06:40,0.06411900,1.40400000
2018-03-21 08:06:40,0.06419600,0.04400000
2018-03-21 08:06:40,0.06411900,0.04900000
2018-03-21 08:06:40,0.06411500,0.37600000
2018-03-21 08:06:41,0.06411500,0.06600000
2018-03-21 08:06:41,0.06419500,1.68700000
2018-03-21 08:06:41,0.06411600,0.30300000
2018-03-21 08:06:41,0.06411500,0.00300000
2018-03-21 08:06:41,0.06411000,0.08000000
2018-03-21 08:06:41,0.06419400,0.14200000
2018-03-21 08:06:42,0.06411100,0.25100000
2018-03-21 08:06:42,0.06411200,0.04200000
2018-03-21 08:06:42,0.06419300,0.33000000
2018-03-21 08:06:42,0.06419400,2.52500000
2018-03-21 08:06:42,0.06419500,1.55400000
2018-03-21 08:06:43,0.06411300,0.36200000
2018-03-21 08:06:43,0.06419000,0.18000000
2018-03-21 08:06:43,0.06419300,0.33000000
2018-03-21 08:06:43,0.06419600,0.23100000
2018-03-21 08:06:43,0.06419300,0.33000000
2018-03-21 08:06:43,0.06419400,0.10000000
2018-03-21 08:06:43,0.06419400,0.10000000
2018-03-21 08:06:43,0.06419400,0.10000000
2018-03-21 08:06:43,0.06419400,0.03000000
2018-03-21 08:06:43,0.06419600,0.44000000
2018-03-21 08:06:43,0.06419400,0.10000000
2018-03-21 08:06:43,0.06419400,0.10000000
2018-03-21 08:06:43,0.06419400,0.10000000
2018-03-21 08:06:43,0.06419400,0.05000000
2018-03-21 08:06:43,0.06419400,0.03000000
2018-03-21 08:06:43,0.06419400,0.10000000
2018-03-21 08:06:43,0.06419400,0.10000000
2018-03-21 08:06:43,0.06419400,0.10000000
2018-03-21 08:06:43,0.06419400,0.00100000
2018-03-21 08:06:43,0.06411300,0.71100000
2018-03-21 08:06:43,0.06419400,0.00500000
2018-03-21 08:06:43,0.06411400,0.33000000
2018-03-21 08:06:43,0.06411300,1.25300000
2018-03-21 08:06:43,0.06411100,1.64700000
2018-03-21 08:06:43,0.06411000,0.30200000
2018-03-21 08:06:43,0.06410300,2.65800000
2018-03-21 08:06:43,0.06410100,0.45200000
2018-03-21 08:06:43,0.06410000,0.51100000
2018-03-21 08:06:43,0.06411400,0.33000000
2018-03-21 08:06:43,0.06410000,0.89400000
2018-03-21 08:06:44,0.06419400,0.10000000
2018-03-21 08:06:44,0.06412000,0.17900000
2018-03-21 08:06:44,0.06412000,0.00100000
2018-03-21 08:06:44,0.06411600,0.05700000
2018-03-21 08:06:45,0.06411600,0.51700000
2018-03-21 08:06:45,0.06411600,1.21900000
2018-03-21 08:06:45,0.06419200,0.91500000
2018-03-21 08:06:45,0.06419200,0.91200000
2018-03-21 08:06:45,0.06419200,0.91200000
2018-03-21 08:06:45,0.06411600,0.01900000
2018-03-21 08:06:46,0.06411700,0.28700000
2018-03-21 08:06:46,0.06411600,0.96400000
2018-03-21 08:06:46,0.06411500,0.27900000
2018-03-21 08:06:46,0.06411700,0.10400000
2018-03-21 08:06:47,0.06418700,0.33000000
2018-03-21 08:06:47,0.06418700,0.10000000
2018-03-21 08:06:47,0.06418700,0.10000000
2018-03-21 08:06:47,0.06418700,0.10000000
2018-03-21 08:06:47,0.06418700,0.03000000
2018-03-21 08:06:47,0.06418700,0.10000000
2018-03-21 08:06:47,0.06418700,0.10000000
2018-03-21 08:06:47,0.06418700,0.10000000
2018-03-21 08:06:47,0.06418700,0.17300000
2018-03-21 08:06:47,0.06418700,0.10000000
2018-03-21 08:06:47,0.06418700,0.10000000
2018-03-21 08:06:47,0.06418700,0.10000000
2018-03-21 08:06:47,0.06418700,0.10000000
2018-03-21 08:06:47,0.06418700,0.25200000
2018-03-21 08:06:47,0.06418700,0.10000000
2018-03-21 08:06:47,0.06418700,0.10000000
2018-03-21 08:06:47,0.06418700,0.10000000
2018-03-21 08:06:47,0.06418700,0.10000000
2018-03-21 08:06:47,0.06418700,0.10000000
2018-03-21 08:06:47,0.06418700,0.05000000
2018-03-21 08:06:47,0.06418700,0.02900000
2018-03-21 08:06:47,0.06418700,0.31100000
2018-03-21 08:06:47,0.06418700,0.10000000
2018-03-21 08:06:47,0.06418700,0.08400000
2018-03-21 08:06:47,0.06418700,0.48800000
2018-03-21 08:06:47,0.06411700,0.00100000
2018-03-21 08:06:47,0.06411600,0.45000000
2018-03-21 08:06:47,0.06410700,0.33000000
2018-03-21 08:06:47,0.06410000,0.19200000
2018-03-21 08:06:47,0.06418700,0.32900000
2018-03-21 08:06:48,0.06418600,1.55700000
2018-03-21 08:06:48,0.06418500,2.15200000
2018-03-21 08:06:49,0.06418000,0.18000000
2018-03-21 08:06:49,0.06418400,0.20400000
2018-03-21 08:06:50,0.06411900,0.10000000
2018-03-21 08:06:50,0.06411900,0.12200000
2018-03-21 08:06:52,0.06411000,0.17500000
2018-03-21 08:06:52,0.06410700,0.55600000
2018-03-21 08:06:53,0.06410100,0.03900000
2018-03-21 08:06:53,0.06410800,0.80200000
2018-03-21 08:06:53,0.06410800,0.08900000
2018-03-21 08:06:53,0.06410800,0.09000000
2018-03-21 08:06:54,0.06410800,0.20700000
2018-03-21 08:06:54,0.06410700,0.08300000
2018-03-21 08:06:54,0.06410700,0.33000000
2018-03-21 08:06:54,0.06410700,0.33100000
2018-03-21 08:06:54,0.06410100,0.03900000
2018-03-21 08:06:54,0.06410700,1.01600000
2018-03-21 08:06:54,0.06410100,0.00100000
2018-03-21 08:06:54,0.06410000,0.02400000
2018-03-21 08:06:54,0.06410000,1.11300000
2018-03-21 08:06:55,0.06410000,0.16900000
2018-03-21 08:06:55,0.06410600,0.09900000
2018-03-21 08:06:55,0.06410600,0.15300000
2018-03-21 08:06:55,0.06410600,2.01700000
2018-03-21 08:06:55,0.06410000,0.62600000
2018-03-21 08:06:55,0.06410600,0.13900000
2018-03-21 08:06:55,0.06410700,0.11600000
2018-03-21 08:06:55,0.06410700,0.25500000
2018-03-21 08:06:56,0.06410700,1.56000000
2018-03-21 08:06:56,0.06410000,0.17500000
2018-03-21 08:06:56,0.06410700,1.55900000
2018-03-21 08:06:56,0.06410700,4.63900000
2018-03-21 08:06:56,0.06414000,0.62700000
2018-03-21 08:06:56,0.06417700,0.45000000
2018-03-21 08:06:56,0.06417800,0.42500000
2018-03-21 08:06:56,0.06418700,0.25900000
2018-03-21 08:06:56,0.06411800,0.17500000
2018-03-21 08:06:56,0.06410000,0.18000000
2018-03-21 08:06:57,0.06410600,0.05000000
2018-03-21 08:06:57,0.06410000,0.07400000
2018-03-21 08:06:57,0.06411800,0.04900000
2018-03-21 08:06:57,0.06411800,2.07700000
2018-03-21 08:06:57,0.06411800,0.00100000
2018-03-21 08:06:57,0.06418700,0.00700000
2018-03-21 08:06:57,0.06418800,0.14700000
2018-03-21 08:06:57,0.06410000,0.12500000
2018-03-21 08:06:57,0.06410200,3.08300000
2018-03-21 08:06:59,0.06410400,0.19700000
2018-03-21 08:06:59,0.06410500,0.19900000
2018-03-21 08:07:00,0.06410500,0.10000000
2018-03-21 08:07:00,0.06410500,0.10000000
2018-03-21 08:07:01,0.06410500,0.02300000
2018-03-21 08:07:02,0.06417900,1.55800000
2018-03-21 08:07:02,0.06417900,0.44800000
2018-03-21 08:07:02,0.06411000,0.06000000
2018-03-21 08:07:02,0.06411000,0.13000000
2018-03-21 08:07:02,0.06410700,0.05900000
2018-03-21 08:07:02,0.06410700,0.39100000
2018-03-21 08:07:02,0.06410600,0.09000000
2018-03-21 08:07:02,0.06410600,0.39000000
2018-03-21 08:07:02,0.06410600,1.09800000
2018-03-21 08:07:03,0.06410700,0.26500000
2018-03-21 08:07:03,0.06417900,1.30600000
2018-03-21 08:07:03,0.06417900,0.12000000
2018-03-21 08:07:03,0.06417900,0.20100000
2018-03-21 08:07:03,0.06417900,0.08800000
2018-03-21 08:07:04,0.06410800,0.01700000
2018-03-21 08:07:04,0.06417800,0.02500000
2018-03-21 08:07:04,0.06410800,0.26600000
2018-03-21 08:07:04,0.06410800,0.87700000
2018-03-21 08:07:04,0.06410800,0.87400000
2018-03-21 08:07:04,0.06417800,0.10000000
2018-03-21 08:07:05,0.06411000,0.25600000
2018-03-21 08:07:05,0.06417700,2.10000000
2018-03-21 08:07:05,0.06417700,0.03000000
2018-03-21 08:07:08,0.06416800,0.44200000
2018-03-21 08:07:08,0.06416800,0.03100000
2018-03-21 08:07:08,0.06416800,0.46400000
2018-03-21 08:07:08,0.06416900,0.44000000
2018-03-21 08:07:08,0.06416900,0.81100000
2018-03-21 08:07:09,0.06411000,0.14600000
2018-03-21 08:07:09,0.06411000,0.89600000
2018-03-21 08:07:09,0.06411000,0.14600000
2018-03-21 08:07:09,0.06411000,0.24400000
2018-03-21 08:07:09,0.06411000,0.03000000
2018-03-21 08:07:09,0.06416700,0.31500000
2018-03-21 08:07:11,0.06411300,0.51400000
2018-03-21 08:07:11,0.06411200,0.10900000
2018-03-21 08:07:11,0.06417000,0.18900000
2018-03-21 08:07:11,0.06417000,0.00100000
2018-03-21 08:07:11,0.06417400,1.08300000
2018-03-21 08:07:11,0.06417800,0.26500000
2018-03-21 08:07:11,0.06418000,1.28400000
2018-03-21 08:07:11,0.06418300,0.45000000
2018-03-21 08:07:11,0.06418500,2.08200000
2018-03-21 08:07:11,0.06418500,0.00100000
2018-03-21 08:07:11,0.06418800,0.11700000
2018-03-21 08:07:11,0.06420000,0.06500000
2018-03-21 08:07:11,0.06420500,0.11800000
2018-03-21 08:07:11,0.06411400,0.31100000
2018-03-21 08:07:12,0.06411600,0.12300000
2018-03-21 08:07:12,0.06411700,0.31100000
2018-03-21 08:07:13,0.06411700,0.35800000
2018-03-21 08:07:14,0.06420100,0.08700000
2018-03-21 08:07:15,0.06420000,0.02600000
2018-03-21 08:07:15,0.06420000,0.30300000
2018-03-21 08:07:16,0.06412300,0.02700000
2018-03-21 08:07:17,0.06412400,0.38100000
2018-03-21 08:07:17,0.06419800,0.01700000
2018-03-21 08:07:17,0.06419800,0.01700000
2018-03-21 08:07:17,0.06412400,0.04800000
2018-03-21 08:07:18,0.06416900,0.60900000
2018-03-21 08:07:18,0.06413000,0.02600000
2018-03-21 08:07:18,0.06416900,0.01800000
2018-03-21 08:07:18,0.06413000,0.16400000
2018-03-21 08:07:18,0.06412600,0.02500000
2018-03-21 08:07:18,0.06416900,0.15500000
2018-03-21 08:07:18,0.06412600,0.49900000
2018-03-21 08:07:18,0.06412600,0.20000000
2018-03-21 08:07:19,0.06416900,0.34400000
2018-03-21 08:07:19,0.06412800,1.40300000
2018-03-21 08:07:19,0.06413000,1.11100000
2018-03-21 08:07:21,0.06413000,0.50700000
2018-03-21 08:07:22,0.06416900,0.00100000
2018-03-21 08:07:22,0.06416900,0.08500000
2018-03-21 08:07:22,0.06416900,0.84200000
2018-03-21 08:07:22,0.06416900,0.08800000
2018-03-21 08:07:22,0.06417000,0.15000000
2018-03-21 08:07:22,0.06416900,0.15000000
2018-03-21 08:07:23,0.06417000,0.04000000
2018-03-21 08:07:23,0.06419600,2.75000000
2018-03-21 08:07:23,0.06416900,0.03600000
2018-03-21 08:07:23,0.06416900,0.43900000
2018-03-21 08:07:23,0.06416900,0.02900000
2018-03-21 08:07:23,0.06416900,0.04100000
2018-03-21 08:07:23,0.06416900,0.19800000
2018-03-21 08:07:23,0.06416900,0.14100000
2018-03-21 08:07:23,0.06416900,0.35500000
2018-03-21 08:07:23,0.06416900,0.93400000
2018-03-21 08:07:23,0.06416900,0.55400000
2018-03-21 08:07:23,0.06416900,0.15600000
2018-03-21 08:07:23,0.06416900,0.15500000
2018-03-21 08:07:23,0.06416900,0.15600000
2018-03-21 08:07:24,0.06416900,1.55900000
2018-03-21 08:07:24,0.06416900,0.04100000
2018-03-21 08:07:24,0.06419500,1.02900000
2018-03-21 08:07:24,0.06416900,1.70600000
2018-03-21 08:07:24,0.06416500,0.33300000
2018-03-21 08:07:25,0.06416500,0.10000000
2018-03-21 08:07:26,0.06416500,0.42800000
2018-03-21 08:07:26,0.06416500,0.41300000
2018-03-21 08:07:26,0.06416900,0.04700000
2018-03-21 08:07:26,0.06413200,0.08900000
2018-03-21 08:07:26,0.06413200,0.14500000
2018-03-21 08:07:26,0.06416900,2.55200000
2018-03-21 08:07:26,0.06416900,0.92500000
2018-03-21 08:07:27,0.06413300,0.72400000
2018-03-21 08:07:27,0.06413200,0.21100000
2018-03-21 08:07:27,0.06413200,0.40100000
2018-03-21 08:07:27,0.06416900,0.00100000
2018-03-21 08:07:27,0.06419800,0.42900000
2018-03-21 08:07:27,0.06420000,0.16300000
2018-03-21 08:07:28,0.06420000,0.03600000
2018-03-21 08:07:28,0.06413200,1.05400000
2018-03-21 08:07:28,0.06413200,0.05400000
2018-03-21 08:07:28,0.06413200,0.05400000
2018-03-21 08:07:28,0.06413200,0.10400000
2018-03-21 08:07:28,0.06410900,0.00700000
2018-03-21 08:07:28,0.06410900,0.16200000
2018-03-21 08:07:28,0.06419900,0.31200000
2018-03-21 08:07:28,0.06419900,0.75200000
2018-03-21 08:07:28,0.06420000,0.31300000
2018-03-21 08:07:28,0.06420500,0.10400000
2018-03-21 08:07:28,0.06420700,1.33900000
2018-03-21 08:07:28,0.06420800,0.47100000
2018-03-21 08:07:28,0.06423500,0.50000000
2018-03-21 08:07:28,0.06424300,0.40000000
2018-03-21 08:07:28,0.06424600,0.32200000
2018-03-21 08:07:29,0.06411000,0.01800000
2018-03-21 08:07:29,0.06420000,0.08500000
2018-03-21 08:07:29,0.06419900,7.42300000
2018-03-21 08:07:29,0.06419900,0.84000000
2018-03-21 08:07:29,0.06419900,0.05800000
2018-03-21 08:07:29,0.06411100,0.16600000
2018-03-21 08:07:29,0.06411100,0.96900000
2018-03-21 08:07:29,0.06411100,0.19800000
2018-03-21 08:07:29,0.06411100,0.06400000
2018-03-21 08:07:29,0.06419800,1.24600000
2018-03-21 08:07:29,0.06411200,0.33000000
2018-03-21 08:07:29,0.06411100,0.23700000
2018-03-21 08:07:29,0.06411200,0.33000000
2018-03-21 08:07:30,0.06419800,0.47300000
2018-03-21 08:07:30,0.06419800,0.44900000
2018-03-21 08:07:30,0.06419900,0.85800000
2018-03-21 08:07:30,0.06419900,0.38800000
2018-03-21 08:07:30,0.06420000,0.08500000
2018-03-21 08:07:30,0.06419800,0.05600000
2018-03-21 08:07:30,0.06419800,0.09900000
2018-03-21 08:07:30,0.06419800,0.10000000
2018-03-21 08:07:31,0.06419800,0.07500000
2018-03-21 08:07:31,0.06420000,0.04000000
2018-03-21 08:07:31,0.06419800,0.19900000
2018-03-21 08:07:32,0.06419800,0.00100000
2018-03-21 08:07:32,0.06420000,0.07500000
2018-03-21 08:07:32,0.06420000,0.07600000
2018-03-21 08:07:32,0.06411700,1.04500000
2018-03-21 08:07:32,0.06411600,0.43800000
2018-03-21 08:07:32,0.06411600,0.07500000
2018-03-21 08:07:32,0.06411600,0.07500000
2018-03-21 08:07:32,0.06411600,0.07500000
2018-03-21 08:07:32,0.06411600,0.07500000
2018-03-21 08:07:32,0.06411600,0.07500000
2018-03-21 08:07:34,0.06424100,2.06600000
2018-03-21 08:07:34,0.06424200,2.81800000
2018-03-21 08:07:34,0.06424200,0.22100000
2018-03-21 08:07:34,0.06424400,0.40000000
2018-03-21 08:07:34,0.06424600,0.00200000
2018-03-21 08:07:34,0.06427100,0.40000000
2018-03-21 08:07:34,0.06427300,0.60000000
2018-03-21 08:07:34,0.06429300,0.05600000
2018-03-21 08:07:34,0.06429400,0.38600000
2018-03-21 08:07:34,0.06424000,1.32100000
2018-03-21 08:07:35,0.06424000,2.21800000
2018-03-21 08:07:35,0.06413500,0.04900000
2018-03-21 08:07:35,0.06424000,4.39600000
2018-03-21 08:07:35,0.06424000,0.06200000
2018-03-21 08:07:35,0.06413100,0.16000000
2018-03-21 08:07:35,0.06424400,0.40000000
2018-03-21 08:07:36,0.06426800,0.04800000
2018-03-21 08:07:37,0.06424000,0.15500000
2018-03-21 08:07:37,0.06414100,0.20800000
2018-03-21 08:07:37,0.06424000,0.04500000
2018-03-21 08:07:37,0.06424400,0.40000000
2018-03-21 08:07:37,0.06425300,0.66000000
2018-03-21 08:07:37,0.06425400,0.04700000
2018-03-21 08:07:37,0.06425300,0.50000000
2018-03-21 08:07:37,0.06425400,1.38100000
2018-03-21 08:07:37,0.06427100,0.09100000
2018-03-21 08:07:37,0.06427100,0.62100000
2018-03-21 08:07:37,0.06424000,0.10200000
2018-03-21 08:07:37,0.06424000,0.01700000
2018-03-21 08:07:37,0.06425400,0.50000000
2018-03-21 08:07:37,0.06425400,0.00100000
2018-03-21 08:07:37,0.06427000,0.06200000
2018-03-21 08:07:37,0.06427600,0.40000000
2018-03-21 08:07:37,0.06429300,0.60000000
2018-03-21 08:07:37,0.06429400,0.82800000
2018-03-21 08:07:37,0.06429600,10.63200000
2018-03-21 08:07:37,0.06429600,0.49900000
2018-03-21 08:07:37,0.06425400,0.15300000
2018-03-21 08:07:37,0.06425400,0.03600000
2018-03-21 08:07:37,0.06425400,0.31000000
2018-03-21 08:07:37,0.06424000,0.00100000
2018-03-21 08:07:37,0.06414200,0.49700000
2018-03-21 08:07:37,0.06414200,0.49800000
2018-03-21 08:07:37,0.06414200,0.11400000
2018-03-21 08:07:37,0.06414200,0.25400000
2018-03-21 08:07:37,0.06414200,0.17400000
2018-03-21 08:07:37,0.06414200,0.49800000
2018-03-21 08:07:37,0.06414200,0.49700000
2018-03-21 08:07:37,0.06423500,0.53000000
2018-03-21 08:07:37,0.06425400,0.26200000
2018-03-21 08:07:37,0.06423900,0.04000000
2018-03-21 08:07:37,0.06425400,0.00100000
2018-03-21 08:07:37,0.06429300,0.48800000
2018-03-21 08:07:38,0.06423400,0.02200000
2018-03-21 08:07:38,0.06423400,0.01800000
2018-03-21 08:07:38,0.06424100,0.41400000
2018-03-21 08:07:38,0.06414200,0.03300000
2018-03-21 08:07:38,0.06414200,0.06700000
2018-03-21 08:07:38,0.06414200,0.11500000
2018-03-21 08:07:38,0.06414200,0.35900000
2018-03-21 08:07:38,0.06429300,0.01700000
2018-03-21 08:07:38,0.06424400,0.17700000
2018-03-21 08:07:38,0.06424400,0.22300000
2018-03-21 08:07:38,0.06429300,0.09500000
2018-03-21 08:07:38,0.06429500,0.12700000
2018-03-21 08:07:38,0.06425400,0.11300000
2018-03-21 08:07:38,0.06425400,0.11300000
2018-03-21 08:07:39,0.06425400,8.33900000
2018-03-21 08:07:39,0.06425400,0.42600000
2018-03-21 08:07:39,0.06429400,0.23100000
2018-03-21 08:07:39,0.06425400,0.17200000
2018-03-21 08:07:39,0.06425400,0.04600000
2018-03-21 08:07:39,0.06425400,0.03100000
2018-03-21 08:07:39,0.06425400,0.05700000
2018-03-21 08:07:39,0.06425400,0.19200000
2018-03-21 08:07:39,0.06425400,0.08800000
2018-03-21 08:07:39,0.06425400,0.04700000
2018-03-21 08:07:39,0.06425400,0.01700000
2018-03-21 08:07:39,0.06425400,0.09700000
2018-03-21 08:07:39,0.06425400,0.21300000
2018-03-21 08:07:39,0.06425400,1.55800000
2018-03-21 08:07:39,0.06429400,0.36900000
2018-03-21 08:07:39,0.06429500,1.41000000
2018-03-21 08:07:39,0.06425400,0.04600000
2018-03-21 08:07:39,0.06425400,0.20000000
2018-03-21 08:07:39,0.06425400,0.33400000
2018-03-21 08:07:39,0.06425400,0.11000000
2018-03-21 08:07:39,0.06425400,0.04600000
2018-03-21 08:07:39,0.06425400,0.03000000
2018-03-21 08:07:39,0.06414900,0.72600000
2018-03-21 08:07:39,0.06414900,0.62300000
2018-03-21 08:07:40,0.06424200,0.20100000
2018-03-21 08:07:40,0.06424200,0.15500000
2018-03-21 08:07:41,0.06424200,0.39400000
2018-03-21 08:07:41,0.06424400,0.40000000
2018-03-21 08:07:41,0.06427600,0.40000000
2018-03-21 08:07:41,0.06429300,3.61400000
2018-03-21 08:07:41,0.06429300,2.31700000
2018-03-21 08:07:41,0.06417600,0.13000000
2018-03-21 08:07:41,0.06417500,0.27000000
2018-03-21 08:07:41,0.06424200,0.20000000
2018-03-21 08:07:41,0.06429200,0.41100000
2018-03-21 08:07:42,0.06424300,0.22300000
2018-03-21 08:07:42,0.06424300,1.55600000
2018-03-21 08:07:42,0.06424300,1.55800000
2018-03-21 08:07:42,0.06424300,0.48500000
2018-03-21 08:07:42,0.06424300,0.00100000
2018-03-21 08:07:42,0.06417600,0.05700000
2018-03-21 08:07:42,0.06417700,0.40000000
2018-03-21 08:07:43,0.06417700,0.76000000
2018-03-21 08:07:43,0.06417600,0.12700000
2018-03-21 08:07:43,0.06417700,0.40000000
2018-03-21 08:07:43,0.06422300,0.05400000
2018-03-21 08:07:44,0.06417800,0.02300000
2018-03-21 08:07:45,0.06422300,0.03300000
2018-03-21 08:07:45,0.06422300,0.43400000
2018-03-21 08:07:45,0.06422800,0.00600000
2018-03-21 08:07:45,0.06417800,0.59900000
2018-03-21 08:07:45,0.06417800,0.05300000
2018-03-21 08:07:45,0.06417800,0.04000000
2018-03-21 08:07:45,0.06417800,0.10000000
2018-03-21 08:07:46,0.06417800,0.16000000
2018-03-21 08:07:47,0.06417700,3.12600000
2018-03-21 08:07:47,0.06417400,0.33000000
2018-03-21 08:07:47,0.06416900,2.97700000
2018-03-21 08:07:47,0.06416800,0.24500000
2018-03-21 08:07:47,0.06417700,2.30500000
2018-03-21 08:07:49,0.06417700,0.00100000
2018-03-21 08:07:49,0.06417800,0.00100000
2018-03-21 08:07:49,0.06420000,0.13400000
2018-03-21 08:07:49,0.06422400,2.02400000
2018-03-21 08:07:49,0.06422800,0.50300000
2018-03-21 08:07:49,0.06424300,0.81900000
2018-03-21 08:07:49,0.06424400,0.40000000
2018-03-21 08:07:49,0.06427600,0.40000000
2018-03-21 08:07:49,0.06429200,0.68000000
2018-03-21 08:07:49,0.06429300,0.50000000
2018-03-21 08:07:49,0.06430000,0.01700000
2018-03-21 08:07:49,0.06430500,0.60000000
2018-03-21 08:07:49,0.06431400,2.33100000
2018-03-21 08:07:49,0.06431600,5.00000000
2018-03-21 08:07:49,0.06431700,0.43200000
2018-03-21 08:07:49,0.06431900,0.46900000
2018-03-21 08:07:49,0.06433100,0.37700000
2018-03-21 08:07:49,0.06434000,0.50700000
2018-03-21 08:07:49,0.06434100,0.45400000
2018-03-21 08:07:49,0.06434300,0.21000000
2018-03-21 08:07:49,0.06434500,0.10000000
2018-03-21 08:07:49,0.06434800,3.14000000
2018-03-21 08:07:49,0.06434900,2.50000000
2018-03-21 08:07:49,0.06435300,0.63600000
2018-03-21 08:07:49,0.06435400,1.39100000
2018-03-21 08:07:49,0.06435500,0.95200000
2018-03-21 08:07:49,0.06436200,0.58400000
2018-03-21 08:07:49,0.06436700,0.74200000
2018-03-21 08:07:49,0.06436800,0.04700000
2018-03-21 08:07:49,0.06437000,0.04900000
2018-03-21 08:07:49,0.06416800,0.77900000
2018-03-21 08:07:49,0.06416900,0.06500000
2018-03-21 08:07:49,0.06417000,0.01600000
2018-03-21 08:07:49,0.06419600,0.88200000
2018-03-21 08:07:49,0.06419600,0.70200000
2018-03-21 08:07:50,0.06427900,0.70100000
2018-03-21 08:07:50,0.06419600,0.03400000
2018-03-21 08:07:50,0.06419600,0.36700000
2018-03-21 08:07:50,0.06424400,0.40000000
2018-03-21 08:07:50,0.06419700,2.18300000
2018-03-21 08:07:50,0.06419700,0.10000000
2018-03-21 08:07:50,0.06427600,0.40000000
2018-03-21 08:07:50,0.06427900,3.50700000
2018-03-21 08:07:50,0.06419700,0.27500000
2018-03-21 08:07:50,0.06419800,0.01800000
2018-03-21 08:07:51,0.06420000,0.19000000
2018-03-21 08:07:51,0.06419900,0.41000000
2018-03-21 08:07:51,0.06419900,0.04100000
2018-03-21 08:07:51,0.06419900,0.60800000
2018-03-21 08:07:51,0.06420000,0.12300000
2018-03-21 08:07:51,0.06420000,0.29800000
2018-03-21 08:07:51,0.06420000,0.00400000
2018-03-21 08:07:51,0.06419900,0.19600000
2018-03-21 08:07:52,0.06420000,0.19000000
2018-03-21 08:07:52,0.06420000,0.16800000
2018-03-21 08:07:52,0.06424400,0.39900000
2018-03-21 08:07:53,0.06420100,0.09100000
2018-03-21 08:07:53,0.06424000,0.19000000
2018-03-21 08:07:53,0.06424400,0.05100000
2018-03-21 08:07:53,0.06427600,0.48900000
2018-03-21 08:07:53,0.06420200,0.28400000
2018-03-21 08:07:53,0.06420200,0.16000000
2018-03-21 08:07:54,0.06423900,0.06400000
2018-03-21 08:07:54,0.06420200,0.04300000
2018-03-21 08:07:54,0.06423900,0.00100000
2018-03-21 08:07:54,0.06427600,0.13600000
2018-03-21 08:07:54,0.06427700,0.31200000
2018-03-21 08:07:54,0.06424400,0.06400000
2018-03-21 08:07:54,0.06424400,0.33600000
2018-03-21 08:07:54,0.06427700,0.06300000
2018-03-21 08:07:54,0.06424400,0.11900000
2018-03-21 08:07:54,0.06420200,0.08100000
2018-03-21 08:07:54,0.06427700,0.33500000
2018-03-21 08:07:54,0.06427700,0.11900000
2018-03-21 08:07:54,0.06423900,0.06300000
2018-03-21 08:07:54,0.06423900,0.08000000
2018-03-21 08:07:54,0.06423900,0.08000000
2018-03-21 08:07:54,0.06423900,0.60600000
2018-03-21 08:07:54,0.06427700,0.32200000
2018-03-21 08:07:54,0.06423900,0.51200000
2018-03-21 08:07:54,0.06423900,1.12600000
2018-03-21 08:07:54,0.06423900,0.02300000
2018-03-21 08:07:54,0.06427800,0.31200000
2018-03-21 08:07:55,0.06423900,1.55600000
2018-03-21 08:07:55,0.06423900,1.55700000
2018-03-21 08:07:55,0.06424400,0.39900000
2018-03-21 08:07:55,0.06423900,1.02500000
