DATE,PRICE,VOLUME
2018-02-22 18:00:05,0.00212370,21.98000000
2018-02-22 18:00:06,0.00212370,14.50000000
2018-02-22 18:00:09,0.00212370,48.82000000
2018-02-22 18:00:32,0.00212370,47.09000000
2018-02-22 18:00:50,0.00212370,6.70000000
2018-02-22 18:00:52,0.00212490,3.61000000
2018-02-22 18:00:55,0.00212370,2.10000000
2018-02-22 18:01:03,0.00212370,8.87000000
2018-02-22 18:01:07,0.00212490,0.90000000
2018-02-22 18:01:24,0.00212500,0.50000000
2018-02-22 18:01:48,0.00212500,1.00000000
2018-02-22 18:01:52,0.00212500,239.24000000
2018-02-22 18:02:34,0.00212370,13.55000000
2018-02-22 18:02:53,0.00212500,2.02000000
2018-02-22 18:03:49,0.00212500,2.25000000
2018-02-22 18:04:09,0.00212500,4.02000000
2018-02-22 18:04:12,0.00212500,3.12000000
2018-02-22 18:04:15,0.00212500,50.10000000
2018-02-22 18:04:55,0.00212500,1.34000000
2018-02-22 18:05:00,0.00212500,2.00000000
2018-02-22 18:05:01,0.00212370,27.77000000
2018-02-22 18:05:04,0.00212370,14.11000000
2018-02-22 18:05:04,0.00212370,14.11000000
2018-02-22 18:05:07,0.00212360,42.43000000
2018-02-22 18:05:18,0.00212370,20.44000000
2018-02-22 18:05:32,0.00212370,0.69000000
2018-02-22 18:05:39,0.00212500,4.02000000
2018-02-22 18:05:44,0.00212370,2.50000000
2018-02-22 18:06:07,0.00212370,12.81000000
2018-02-22 18:06:23,0.00212360,3.19000000
2018-02-22 18:06:31,0.00212360,14.11000000
2018-02-22 18:06:31,0.00212360,25.21000000
2018-02-22 18:06:33,0.00212360,10.60000000
2018-02-22 18:07:28,0.00212350,13.35000000
2018-02-22 18:07:33,0.00212320,7.49000000
2018-02-22 18:07:36,0.00212320,50.00000000
2018-02-22 18:07:48,0.00212320,2.00000000
2018-02-22 18:08:37,0.00212320,18.40000000
2018-02-22 18:08:41,0.00212260,1.23000000
2018-02-22 18:08:46,0.00212150,6.22000000
2018-02-22 18:08:46,0.00212100,23.58000000
2018-02-22 18:08:46,0.00212010,21.89000000
2018-02-22 18:08:46,0.00212000,14.06000000
2018-02-22 18:08:48,0.00212010,5.11000000
2018-02-22 18:08:48,0.00212000,47.52000000
2018-02-22 18:08:56,0.00212000,5.11000000
2018-02-22 18:09:01,0.00211720,1.47000000
2018-02-22 18:09:16,0.00211770,17.00000000
2018-02-22 18:09:43,0.00211930,1.83000000
2018-02-22 18:09:43,0.00211940,4.95000000
2018-02-22 18:09:44,0.00211720,0.16000000
2018-02-22 18:09:47,0.00212290,1.39000000
2018-02-22 18:09:58,0.00212270,3.73000000
2018-02-22 18:10:10,0.00211880,1.98000000
2018-02-22 18:10:25,0.00212000,14.14000000
2018-02-22 18:10:32,0.00211760,11.45000000
2018-02-22 18:10:32,0.00211760,9.54000000
2018-02-22 18:10:32,0.00211760,9.42000000
2018-02-22 18:10:32,0.00211760,9.54000000
2018-02-22 18:10:33,0.00211760,25.45000000
2018-02-22 18:10:38,0.00211730,1.98000000
2018-02-22 18:10:38,0.00211740,14.21000000
2018-02-22 18:10:38,0.00211760,4.38000000
2018-02-22 18:10:40,0.00211720,15.84000000
2018-02-22 18:10:40,0.00211710,14.31000000
2018-02-22 18:11:06,0.00211690,3.01000000
2018-02-22 18:11:16,0.00211690,8.39000000
2018-02-22 18:11:25,0.00211640,32.14000000
2018-02-22 18:11:28,0.00211680,2.36000000
2018-02-22 18:11:29,0.00211680,5.66000000
2018-02-22 18:11:29,0.00211690,2.36000000
2018-02-22 18:11:35,0.00211430,2.11000000
2018-02-22 18:11:35,0.00211430,0.30000000
2018-02-22 18:11:38,0.00211370,16.08000000
2018-02-22 18:11:38,0.00211300,17.78000000
2018-02-22 18:11:44,0.00211310,5.22000000
2018-02-22 18:11:44,0.00211300,35.41000000
2018-02-22 18:11:44,0.00211300,4.22000000
2018-02-22 18:11:45,0.00211300,5.25000000
2018-02-22 18:11:46,0.00211170,0.52000000
2018-02-22 18:11:46,0.00210970,1.88000000
2018-02-22 18:11:46,0.00211000,12.99000000
2018-02-22 18:11:46,0.00211000,0.01000000
2018-02-22 18:11:46,0.00211000,10.53000000
2018-02-22 18:11:46,0.00211300,13.00000000
2018-02-22 18:11:48,0.00211660,13.00000000
2018-02-22 18:11:54,0.00211630,0.12000000
2018-02-22 18:11:56,0.00211620,1.19000000
2018-02-22 18:11:56,0.00211630,2.45000000
2018-02-22 18:11:59,0.00211120,47.38000000
2018-02-22 18:12:06,0.00211550,7.42000000
2018-02-22 18:12:07,0.00211540,2.65000000
2018-02-22 18:12:07,0.00211550,6.66000000
2018-02-22 18:12:08,0.00211580,4.09000000
2018-02-22 18:12:08,0.00211680,26.49000000
2018-02-22 18:12:13,0.00211570,2.36000000
2018-02-22 18:12:17,0.00211570,0.32000000
2018-02-22 18:12:24,0.00211570,1.11000000
2018-02-22 18:12:39,0.00211570,4.73000000
2018-02-22 18:12:44,0.00211570,0.23000000
2018-02-22 18:12:44,0.00211690,17.59000000
2018-02-22 18:12:44,0.00211760,57.25000000
2018-02-22 18:12:48,0.00211760,1.18000000
2018-02-22 18:12:50,0.00211760,5.71000000
2018-02-22 18:12:58,0.00211760,1.07000000
2018-02-22 18:12:59,0.00211760,1.83000000
2018-02-22 18:12:59,0.00211760,7.46000000
2018-02-22 18:13:02,0.00211370,3.98000000
2018-02-22 18:13:31,0.00211750,2.09000000
2018-02-22 18:13:53,0.00211430,19.64000000
2018-02-22 18:14:07,0.00211380,5.22000000
2018-02-22 18:14:07,0.00211370,36.00000000
2018-02-22 18:14:27,0.00211670,1.00000000
2018-02-22 18:14:27,0.00211670,1.00000000
2018-02-22 18:14:27,0.00211370,1.00000000
2018-02-22 18:14:32,0.00211370,2.00000000
2018-02-22 18:14:42,0.00211370,8.31000000
2018-02-22 18:14:42,0.00210990,17.79000000
2018-02-22 18:14:42,0.00210810,47.45000000
2018-02-22 18:14:42,0.00210760,3.45000000
2018-02-22 18:14:45,0.00211370,2.00000000
2018-02-22 18:14:46,0.00211360,1.16000000
2018-02-22 18:14:48,0.00211340,11.13000000
2018-02-22 18:14:48,0.00211350,6.67000000
2018-02-22 18:14:48,0.00211370,0.18000000
2018-02-22 18:14:49,0.00211370,0.01000000
2018-02-22 18:15:00,0.00211370,4.45000000
2018-02-22 18:15:07,0.00211370,0.80000000
2018-02-22 18:15:07,0.00211370,0.80000000
2018-02-22 18:15:09,0.00211000,4.73000000
2018-02-22 18:15:09,0.00211000,5.62000000
2018-02-22 18:15:10,0.00211000,4.83000000
2018-02-22 18:15:12,0.00211000,4.83000000
2018-02-22 18:15:15,0.00211000,47.39000000
2018-02-22 18:15:27,0.00211000,11.85000000
2018-02-22 18:15:27,0.00211000,9.48000000
2018-02-22 18:15:27,0.00211000,21.44000000
2018-02-22 18:15:29,0.00211000,3.48000000
2018-02-22 18:15:34,0.00211000,5.21000000
2018-02-22 18:15:51,0.00210730,14.23000000
2018-02-22 18:15:51,0.00210730,1.78000000
2018-02-22 18:15:52,0.00211000,14.20000000
2018-02-22 18:15:52,0.00211000,18.52000000
2018-02-22 18:15:53,0.00211000,19.67000000
2018-02-22 18:15:54,0.00211000,76.97000000
2018-02-22 18:15:55,0.00211000,1.76000000
2018-02-22 18:15:57,0.00211000,14.21000000
2018-02-22 18:15:57,0.00211000,14.21000000
2018-02-22 18:15:57,0.00211000,10.88000000
2018-02-22 18:16:01,0.00211000,11.84000000
2018-02-22 18:16:21,0.00210820,2.37000000
2018-02-22 18:16:21,0.00210800,4.86000000
2018-02-22 18:16:21,0.00210790,11.36000000
2018-02-22 18:16:25,0.00210790,21.14000000
2018-02-22 18:16:25,0.00210720,1.63000000
2018-02-22 18:16:25,0.00210670,54.20000000
2018-02-22 18:16:27,0.00210990,1.55000000
2018-02-22 18:16:30,0.00210990,1.18000000
2018-02-22 18:16:46,0.00210720,47.44000000
2018-02-22 18:16:46,0.00210710,5.27000000
2018-02-22 18:16:46,0.00210690,42.37000000
2018-02-22 18:16:46,0.00210680,53.45000000
2018-02-22 18:16:46,0.00210660,23.00000000
2018-02-22 18:16:47,0.00210660,4.70000000
2018-02-22 18:16:47,0.00210660,11.39000000
2018-02-22 18:16:47,0.00210660,8.11000000
2018-02-22 18:16:47,0.00210660,0.24000000
2018-02-22 18:16:47,0.00210670,3.96000000
2018-02-22 18:16:48,0.00210670,0.70000000
2018-02-22 18:16:49,0.00210670,4.20000000
2018-02-22 18:16:49,0.00210670,11.39000000
2018-02-22 18:16:49,0.00210670,8.11000000
2018-02-22 18:16:50,0.00210670,0.95000000
2018-02-22 18:16:50,0.00210670,5.76000000
2018-02-22 18:16:50,0.00211270,0.84000000
2018-02-22 18:16:55,0.00211150,1.16000000
2018-02-22 18:16:55,0.00211150,1.18000000
2018-02-22 18:16:57,0.00211140,1.03000000
2018-02-22 18:16:57,0.00211140,1.42000000
2018-02-22 18:16:57,0.00211140,0.94000000
2018-02-22 18:16:58,0.00211130,8.06000000
2018-02-22 18:17:13,0.00210770,4.04000000
2018-02-22 18:17:18,0.00211020,2.78000000
2018-02-22 18:17:44,0.00210770,3.24000000
2018-02-22 18:17:47,0.00210770,14.14000000
2018-02-22 18:17:50,0.00210770,2.37000000
2018-02-22 18:17:51,0.00210770,2.17000000
2018-02-22 18:17:51,0.00210910,1.00000000
2018-02-22 18:17:52,0.00210770,5.27000000
2018-02-22 18:18:14,0.00210750,1.66000000
2018-02-22 18:18:15,0.00210750,28.47000000
2018-02-22 18:18:19,0.00210610,14.64000000
2018-02-22 18:18:21,0.00210760,1.89000000
2018-02-22 18:18:21,0.00210610,3.00000000
2018-02-22 18:18:24,0.00210760,0.60000000
2018-02-22 18:18:24,0.00210770,23.93000000
2018-02-22 18:18:59,0.00210770,0.70000000
2018-02-22 18:19:22,0.00210610,1.10000000
2018-02-22 18:19:24,0.00210610,5.00000000
2018-02-22 18:19:29,0.00210560,1.97000000
2018-02-22 18:19:34,0.00210760,2.37000000
2018-02-22 18:19:50,0.00210500,19.83000000
2018-02-22 18:19:51,0.00210500,3.52000000
2018-02-22 18:19:52,0.00210500,11.61000000
2018-02-22 18:19:56,0.00210500,1.52000000
2018-02-22 18:19:57,0.00210500,1.38000000
2018-02-22 18:20:05,0.00210500,1.19000000
2018-02-22 18:20:06,0.00210500,3.76000000
2018-02-22 18:20:44,0.00210500,11.85000000
2018-02-22 18:20:46,0.00210750,0.55000000
2018-02-22 18:20:48,0.00210750,1.82000000
2018-02-22 18:20:48,0.00210750,1.17000000
2018-02-22 18:21:29,0.00210740,0.84000000
2018-02-22 18:21:29,0.00210750,136.63000000
2018-02-22 18:21:36,0.00210500,1.99000000
2018-02-22 18:21:43,0.00210730,23.72000000
2018-02-22 18:21:45,0.00210500,41.41000000
2018-02-22 18:21:52,0.00210500,78.64000000
2018-02-22 18:21:54,0.00210480,0.10000000
2018-02-22 18:22:12,0.00210480,1.00000000
2018-02-22 18:22:44,0.00210480,2.10000000
2018-02-22 18:22:44,0.00210500,148.40000000
2018-02-22 18:22:53,0.00210350,1.86000000
2018-02-22 18:23:27,0.00210400,5.00000000
2018-02-22 18:23:37,0.00210400,2.00000000
2018-02-22 18:23:44,0.00210390,1.86000000
2018-02-22 18:23:44,0.00210400,2.73000000
2018-02-22 18:23:44,0.00210490,20.00000000
2018-02-22 18:23:51,0.00210500,0.06000000
2018-02-22 18:24:17,0.00210500,0.95000000
2018-02-22 18:24:25,0.00210500,4.75000000
2018-02-22 18:24:45,0.00210730,2.11000000
2018-02-22 18:24:46,0.00210730,1.19000000
2018-02-22 18:24:48,0.00210500,3.80000000
2018-02-22 18:24:50,0.00210360,4.62000000
2018-02-22 18:24:50,0.00210340,3.72000000
2018-02-22 18:24:50,0.00210340,4.62000000
2018-02-22 18:24:54,0.00210500,42.44000000
2018-02-22 18:24:59,0.00210500,0.67000000
2018-02-22 18:25:05,0.00210500,9.82000000
2018-02-22 18:25:13,0.00210500,0.84000000
2018-02-22 18:25:15,0.00210500,0.51000000
2018-02-22 18:25:52,0.00210340,1.00000000
2018-02-22 18:26:16,0.00210350,40.00000000
2018-02-22 18:26:16,0.00210340,126.24000000
2018-02-22 18:26:21,0.00210340,0.62000000
2018-02-22 18:26:31,0.00210330,0.52000000
2018-02-22 18:26:31,0.00210340,23.68000000
2018-02-22 18:26:52,0.00210340,11.52000000
2018-02-22 18:26:54,0.00210340,36.99000000
2018-02-22 18:26:54,0.00210340,28.30000000
2018-02-22 18:26:54,0.00210340,4.05000000
2018-02-22 18:26:54,0.00210500,0.35000000
2018-02-22 18:27:03,0.00210490,9.43000000
2018-02-22 18:27:03,0.00210500,9.82000000
2018-02-22 18:27:07,0.00210500,7.98000000
2018-02-22 18:27:07,0.00210500,10.79000000
2018-02-22 18:27:09,0.00210210,4.85000000
2018-02-22 18:27:09,0.00210170,14.27000000
2018-02-22 18:27:09,0.00210050,20.02000000
2018-02-22 18:27:11,0.00210490,1.16000000
2018-02-22 18:27:13,0.00210490,3.85000000
2018-02-22 18:27:14,0.00210490,7.98000000
2018-02-22 18:27:18,0.00210120,4.75000000
2018-02-22 18:27:23,0.00210480,4.73000000
2018-02-22 18:27:30,0.00210130,11.67000000
2018-02-22 18:27:30,0.00210120,36.41000000
2018-02-22 18:27:39,0.00210470,1.00000000
2018-02-22 18:27:39,0.00210470,10.67000000
2018-02-22 18:27:39,0.00210480,0.02000000
2018-02-22 18:27:39,0.00210490,1.28000000
2018-02-22 18:27:39,0.00210500,11.60000000
2018-02-22 18:27:43,0.00210500,2.35000000
2018-02-22 18:27:57,0.00210500,1.43000000
2018-02-22 18:28:11,0.00210500,2.35000000
2018-02-22 18:28:11,0.00210500,7.13000000
2018-02-22 18:28:18,0.00210500,17.13000000
2018-02-22 18:28:24,0.00210500,41.95000000
2018-02-22 18:28:28,0.00210170,14.27000000
2018-02-22 18:28:28,0.00210120,58.77000000
2018-02-22 18:28:28,0.00210040,14.35000000
2018-02-22 18:28:28,0.00210010,2.05000000
2018-02-22 18:28:28,0.00210000,4.65000000
2018-02-22 18:28:28,0.00210000,4.25000000
2018-02-22 18:28:28,0.00210000,5.44000000
2018-02-22 18:28:34,0.00210490,10.10000000
2018-02-22 18:28:37,0.00209860,47.88000000
2018-02-22 18:28:39,0.00210480,47.65000000
2018-02-22 18:28:39,0.00210490,4.17000000
2018-02-22 18:28:39,0.00210500,297.04000000
2018-02-22 18:28:52,0.00210480,4.98000000
2018-02-22 18:29:07,0.00210490,4.48000000
2018-02-22 18:29:14,0.00210480,19.21000000
2018-02-22 18:29:17,0.00210480,4.28000000
2018-02-22 18:29:23,0.00210480,15.49000000
2018-02-22 18:29:32,0.00210480,8.28000000
2018-02-22 18:29:38,0.00210480,58.47000000
2018-02-22 18:29:38,0.00210480,23.68000000
2018-02-22 18:29:56,0.00210120,14.27000000
2018-02-22 18:29:56,0.00210110,0.80000000
2018-02-22 18:30:11,0.00210420,0.71000000
2018-02-22 18:30:15,0.00209970,0.09000000
2018-02-22 18:30:19,0.00210380,2.00000000
2018-02-22 18:30:22,0.00210360,11.01000000
2018-02-22 18:30:27,0.00210360,1.26000000
2018-02-22 18:30:27,0.00210370,2.38000000
2018-02-22 18:30:27,0.00210390,10.25000000
2018-02-22 18:30:27,0.00210390,7.87000000
2018-02-22 18:30:27,0.00210080,10.25000000
2018-02-22 18:30:27,0.00210110,4.87000000
2018-02-22 18:30:27,0.00210110,4.06000000
2018-02-22 18:30:27,0.00210110,0.45000000
2018-02-22 18:30:32,0.00210390,29.31000000
2018-02-22 18:30:33,0.00210390,1.19000000
2018-02-22 18:30:37,0.00210380,1.04000000
2018-02-22 18:30:38,0.00210380,13.06000000
2018-02-22 18:30:38,0.00210390,1.38000000
2018-02-22 18:30:38,0.00210480,42.56000000
2018-02-22 18:30:43,0.00210480,6.58000000
2018-02-22 18:30:45,0.00210380,1.19000000
2018-02-22 18:30:46,0.00210380,1.00000000
2018-02-22 18:30:47,0.00210380,1.19000000
2018-02-22 18:30:53,0.00210380,18.35000000
2018-02-22 18:31:22,0.00210380,5.24000000
2018-02-22 18:31:41,0.00210380,21.73000000
2018-02-22 18:31:41,0.00210380,0.57000000
2018-02-22 18:31:43,0.00210380,11.49000000
2018-02-22 18:31:59,0.00210350,1.00000000
2018-02-22 18:31:59,0.00210380,17.86000000
2018-02-22 18:31:59,0.00210380,11.02000000
2018-02-22 18:31:59,0.00210380,24.93000000
2018-02-22 18:31:59,0.00210010,5.79000000
2018-02-22 18:31:59,0.00210020,8.26000000
2018-02-22 18:32:04,0.00210420,0.86000000
2018-02-22 18:32:08,0.00210080,4.40000000
2018-02-22 18:32:08,0.00210000,11.28000000
2018-02-22 18:32:08,0.00209480,79.50000000
2018-02-22 18:32:15,0.00210330,0.02000000
2018-02-22 18:32:44,0.00209920,8.24000000
2018-02-22 18:33:11,0.00210000,21.44000000
2018-02-22 18:33:12,0.00210000,1.68000000
2018-02-22 18:33:19,0.00210000,7.14000000
2018-02-22 18:33:29,0.00210000,13.50000000
2018-02-22 18:33:29,0.00210000,9.78000000
2018-02-22 18:33:34,0.00210200,3.15000000
2018-02-22 18:33:36,0.00210200,12.66000000
2018-02-22 18:33:38,0.00210200,63.69000000
2018-02-22 18:33:38,0.00210210,9.33000000
2018-02-22 18:33:38,0.00210470,43.98000000
2018-02-22 18:33:41,0.00210470,4.21000000
2018-02-22 18:33:42,0.00210470,4.75000000
2018-02-22 18:33:42,0.00210470,0.37000000
2018-02-22 18:33:42,0.00210470,1.19000000
2018-02-22 18:33:48,0.00210470,1.05000000
2018-02-22 18:33:53,0.00210470,1.19000000
2018-02-22 18:33:56,0.00210380,0.57000000
2018-02-22 18:33:57,0.00210380,11.13000000
2018-02-22 18:34:14,0.00210110,1.00000000
2018-02-22 18:34:16,0.00210380,1.19000000
2018-02-22 18:34:19,0.00210380,17.82000000
2018-02-22 18:34:22,0.00210380,1.51000000
2018-02-22 18:34:23,0.00210380,5.00000000
2018-02-22 18:34:48,0.00210370,20.00000000
2018-02-22 18:34:54,0.00210370,0.95000000
2018-02-22 18:35:00,0.00210370,0.95000000
2018-02-22 18:35:04,0.00210370,0.95000000
2018-02-22 18:35:09,0.00210370,1.19000000
2018-02-22 18:35:20,0.00210120,0.60000000
2018-02-22 18:35:38,0.00210160,8.44000000
2018-02-22 18:35:41,0.00210160,2.14000000
2018-02-22 18:35:55,0.00210120,2.00000000
2018-02-22 18:36:05,0.00210120,0.14000000
2018-02-22 18:36:09,0.00210120,1.40000000
2018-02-22 18:36:10,0.00210120,1.17000000
2018-02-22 18:36:11,0.00210110,6.00000000
2018-02-22 18:36:11,0.00210010,14.28000000
2018-02-22 18:36:11,0.00210000,85.46000000
2018-02-22 18:36:12,0.00210000,4.58000000
2018-02-22 18:36:50,0.00209990,14.23000000
2018-02-22 18:37:26,0.00209690,0.01000000
2018-02-22 18:37:27,0.00209700,0.01000000
2018-02-22 18:37:32,0.00209700,0.80000000
2018-02-22 18:37:32,0.00209690,31.20000000
2018-02-22 18:37:34,0.00209990,0.01000000
2018-02-22 18:37:38,0.00209690,0.01000000
2018-02-22 18:37:42,0.00209990,0.01000000
2018-02-22 18:37:52,0.00209990,0.01000000
2018-02-22 18:37:56,0.00209700,0.01000000
2018-02-22 18:38:00,0.00209990,26.46000000
2018-02-22 18:38:00,0.00210000,3.06000000
2018-02-22 18:38:01,0.00209700,0.01000000
2018-02-22 18:38:11,0.00210000,0.77000000
2018-02-22 18:38:13,0.00210000,11.14000000
2018-02-22 18:38:15,0.00210000,0.01000000
2018-02-22 18:38:17,0.00210000,0.01000000
2018-02-22 18:38:21,0.00209700,0.02000000
2018-02-22 18:38:22,0.00210000,15.94000000
2018-02-22 18:38:22,0.00210000,14.16000000
2018-02-22 18:38:22,0.00210000,6.90000000
2018-02-22 18:38:23,0.00210010,7.26000000
2018-02-22 18:38:28,0.00210000,3.22000000
2018-02-22 18:38:33,0.00210000,20.42000000
2018-02-22 18:38:33,0.00210000,3.11000000
2018-02-22 18:38:33,0.00210000,3.69000000
2018-02-22 18:38:33,0.00210000,4.06000000
2018-02-22 18:38:33,0.00210000,3.11000000
2018-02-22 18:38:33,0.00210000,3.73000000
2018-02-22 18:38:34,0.00210000,0.56000000
2018-02-22 18:38:38,0.00209700,1.00000000
2018-02-22 18:38:41,0.00210000,0.01000000
2018-02-22 18:38:42,0.00210000,3.22000000
2018-02-22 18:38:44,0.00210000,0.01000000
2018-02-22 18:38:47,0.00209700,0.02000000
2018-02-22 18:38:57,0.00210000,0.02000000
2018-02-22 18:39:00,0.00210000,3.22000000
2018-02-22 18:39:00,0.00209700,1.00000000
2018-02-22 18:39:00,0.00209700,0.01000000
2018-02-22 18:39:09,0.00209990,0.01000000
2018-02-22 18:39:12,0.00209700,0.01000000
2018-02-22 18:39:18,0.00209700,0.01000000
2018-02-22 18:39:40,0.00209990,0.01000000
2018-02-22 18:39:42,0.00209990,6.15000000
2018-02-22 18:40:03,0.00209730,10.00000000
2018-02-22 18:40:06,0.00210000,0.07000000
2018-02-22 18:40:12,0.00210000,4.07000000
2018-02-22 18:40:12,0.00210000,4.07000000
2018-02-22 18:40:13,0.00210000,9.49000000
2018-02-22 18:40:29,0.00209990,0.60000000
2018-02-22 18:40:38,0.00209730,0.01000000
2018-02-22 18:40:52,0.00209990,1.48000000
2018-02-22 18:41:04,0.00210000,22.75000000
2018-02-22 18:41:11,0.00210360,2.38000000
2018-02-22 18:41:11,0.00210360,5.67000000
2018-02-22 18:41:11,0.00210380,0.81000000
2018-02-22 18:41:12,0.00210380,187.53000000
2018-02-22 18:41:12,0.00210400,19.67000000
2018-02-22 18:41:12,0.00210470,126.20000000
2018-02-22 18:41:12,0.00210490,227.11000000
2018-02-22 18:41:16,0.00210500,5.02000000
2018-02-22 18:41:23,0.00210500,14.25000000
2018-02-22 18:41:29,0.00210500,9.98000000
2018-02-22 18:41:34,0.00210490,3.77000000
2018-02-22 18:41:34,0.00210490,3.77000000
2018-02-22 18:41:34,0.00210490,3.77000000
2018-02-22 18:41:34,0.00210490,3.75000000
2018-02-22 18:41:37,0.00210500,11.12000000
2018-02-22 18:41:40,0.00210080,4.58000000
2018-02-22 18:41:43,0.00210440,4.58000000
2018-02-22 18:41:43,0.00210450,25.42000000
2018-02-22 18:41:46,0.00210450,3.28000000
2018-02-22 18:41:46,0.00210450,129.80000000
2018-02-22 18:41:46,0.00210500,294.73000000
2018-02-22 18:42:02,0.00210500,5.55000000
2018-02-22 18:42:03,0.00210500,11.29000000
2018-02-22 18:42:07,0.00210500,59.12000000
2018-02-22 18:42:20,0.00210500,1.75000000
2018-02-22 18:42:40,0.00210170,0.87000000
2018-02-22 18:42:46,0.00210490,0.87000000
2018-02-22 18:43:02,0.00210500,5.00000000
2018-02-22 18:43:15,0.00210500,2.38000000
2018-02-22 18:43:40,0.00210120,14.27000000
2018-02-22 18:43:40,0.00210110,5.41000000
2018-02-22 18:43:41,0.00210040,14.28000000
2018-02-22 18:43:45,0.00210060,23.44000000
2018-02-22 18:43:55,0.00210000,1.58000000
2018-02-22 18:44:07,0.00210220,11.65000000
2018-02-22 18:44:12,0.00210170,1.43000000
2018-02-22 18:44:29,0.00210140,1.19000000
2018-02-22 18:44:48,0.00210140,15.00000000
2018-02-22 18:44:49,0.00210140,9.88000000
2018-02-22 18:44:49,0.00210150,10.12000000
2018-02-22 18:45:01,0.00210150,8.13000000
2018-02-22 18:45:01,0.00210170,16.59000000
2018-02-22 18:45:01,0.00210500,887.63000000
2018-02-22 18:45:03,0.00210500,3.80000000
2018-02-22 18:45:14,0.00210500,5.92000000
2018-02-22 18:45:18,0.00210500,0.48000000
2018-02-22 18:45:22,0.00210500,1.25000000
2018-02-22 18:45:27,0.00210500,1.64000000
2018-02-22 18:45:29,0.00210500,692.56000000
2018-02-22 18:45:39,0.00210500,4.75000000
2018-02-22 18:45:43,0.00210500,35.16000000
2018-02-22 18:45:45,0.00210170,5.42000000
2018-02-22 18:45:45,0.00210170,0.70000000
2018-02-22 18:45:45,0.00210500,18.30000000
2018-02-22 18:45:54,0.00210490,1.87000000
2018-02-22 18:45:56,0.00210490,0.91000000
2018-02-22 18:46:02,0.00210160,0.81000000
2018-02-22 18:46:37,0.00210300,6.00000000
2018-02-22 18:46:37,0.00210480,0.81000000
2018-02-22 18:46:42,0.00210480,14.25000000
2018-02-22 18:46:42,0.00210480,4.04000000
2018-02-22 18:46:53,0.00210480,12.86000000
2018-02-22 18:46:58,0.00210490,2.64000000
2018-02-22 18:46:58,0.00210500,3.34000000
2018-02-22 18:47:25,0.00210280,0.08000000
2018-02-22 18:47:27,0.00210500,15.80000000
2018-02-22 18:47:29,0.00210500,4.75000000
2018-02-22 18:48:31,0.00210180,23.77000000
2018-02-22 18:48:31,0.00210160,9.00000000
2018-02-22 18:48:31,0.00210150,0.96000000
2018-02-22 18:48:36,0.00210150,5.00000000
2018-02-22 18:48:38,0.00210150,0.86000000
2018-02-22 18:48:41,0.00210150,10.00000000
2018-02-22 18:48:46,0.00210150,10.00000000
2018-02-22 18:48:59,0.00210150,10.00000000
2018-02-22 18:49:00,0.00210150,2.38000000
2018-02-22 18:49:10,0.00210150,2.75000000
2018-02-22 18:50:33,0.00210150,89.10000000
2018-02-22 18:50:49,0.00210150,0.56000000
2018-02-22 18:50:50,0.00210490,0.13000000
2018-02-22 18:51:24,0.00210490,0.48000000
2018-02-22 18:52:29,0.00210460,7.85000000
2018-02-22 18:52:37,0.00210460,2.14000000
2018-02-22 18:54:10,0.00210210,0.01000000
2018-02-22 18:54:15,0.00210230,47.55000000
2018-02-22 18:54:15,0.00210230,47.55000000
2018-02-22 18:54:39,0.00210230,38.47000000
2018-02-22 18:54:39,0.00210230,21.74000000
2018-02-22 18:54:52,0.00210210,1.66000000
2018-02-22 18:54:55,0.00210230,0.57000000
2018-02-22 18:54:55,0.00210420,3.69000000
2018-02-22 18:54:55,0.00210460,2.17000000
2018-02-22 18:54:55,0.00210490,10.74000000
2018-02-22 18:54:55,0.00210500,252.83000000
2018-02-22 18:54:57,0.00210210,10.22000000
2018-02-22 18:54:59,0.00210500,1.43000000
2018-02-22 18:57:17,0.00210120,0.94000000
2018-02-22 18:57:34,0.00210470,0.94000000
2018-02-22 18:57:34,0.00210480,0.01000000
2018-02-22 18:58:22,0.00210480,17.15000000
2018-02-22 18:58:22,0.00210480,2.04000000
2018-02-22 18:58:23,0.00210480,2.02000000
2018-02-22 18:58:24,0.00210480,5.00000000
2018-02-22 18:58:32,0.00210480,2.05000000
2018-02-22 18:58:50,0.00210490,2.38000000
2018-02-22 18:58:56,0.00209820,2.89000000
2018-02-22 18:58:59,0.00210490,2.09000000
2018-02-22 18:59:00,0.00210480,2.89000000
2018-02-22 18:59:04,0.00210480,4.47000000
2018-02-22 18:59:05,0.00210480,4.47000000
2018-02-22 18:59:06,0.00210490,35.29000000
2018-02-22 18:59:07,0.00210490,32.27000000
2018-02-22 18:59:08,0.00210480,38.39000000
2018-02-22 18:59:14,0.00210480,1.00000000
2018-02-22 18:59:15,0.00210480,46.79000000
2018-02-22 18:59:18,0.00210480,4.26000000
2018-02-22 18:59:41,0.00210160,8.29000000
2018-02-22 18:59:47,0.00210140,1.00000000
2018-02-22 18:59:47,0.00210160,41.73000000
2018-02-22 18:59:47,0.00210480,0.15000000
