DATE,PRICE,VOLUME
2018-02-24 10:00:35,0.00208090,2.23000000
2018-02-24 10:01:07,0.00207950,2.00000000
2018-02-24 10:01:09,0.00207530,7.00000000
2018-02-24 10:01:17,0.00207840,4.33000000
2018-02-24 10:01:19,0.00207800,2.66000000
2018-02-24 10:01:20,0.00207790,1.10000000
2018-02-24 10:01:26,0.00207570,33.37000000
2018-02-24 10:01:27,0.00207580,5.30000000
2018-02-24 10:01:27,0.00207510,6.63000000
2018-02-24 10:01:27,0.00207500,203.05000000
2018-02-24 10:01:27,0.00207500,2.40000000
2018-02-24 10:01:28,0.00207500,5.57000000
2018-02-24 10:01:28,0.00207500,2.70000000
2018-02-24 10:01:28,0.00207500,0.85000000
2018-02-24 10:01:31,0.00207490,33.38000000
2018-02-24 10:01:31,0.00207600,1.43000000
2018-02-24 10:01:31,0.00207960,5.30000000
2018-02-24 10:01:31,0.00207980,2.40000000
2018-02-24 10:01:31,0.00207990,4.80000000
2018-02-24 10:01:31,0.00208000,19.94000000
2018-02-24 10:01:31,0.00208220,82.75000000
2018-02-24 10:01:41,0.00207790,1.06000000
2018-02-24 10:01:42,0.00207790,1.06000000
2018-02-24 10:02:07,0.00207380,0.50000000
2018-02-24 10:02:17,0.00207720,2.12000000
2018-02-24 10:02:17,0.00207730,0.50000000
2018-02-24 10:02:17,0.00207790,42.69000000
2018-02-24 10:02:17,0.00208220,435.46000000
2018-02-24 10:02:30,0.00208190,3.93000000
2018-02-24 10:02:30,0.00208190,0.70000000
2018-02-24 10:02:30,0.00208220,1.31000000
2018-02-24 10:02:31,0.00208220,3.20000000
2018-02-24 10:02:31,0.00208220,5.23000000
2018-02-24 10:02:31,0.00208220,14.39000000
2018-02-24 10:02:31,0.00208220,1.58000000
2018-02-24 10:02:31,0.00208220,8.07000000
2018-02-24 10:02:31,0.00208220,14.49000000
2018-02-24 10:02:31,0.00208220,14.39000000
2018-02-24 10:02:32,0.00208220,5.14000000
2018-02-24 10:02:32,0.00208190,5.14000000
2018-02-24 10:02:34,0.00208190,2.40000000
2018-02-24 10:02:36,0.00208200,2.99000000
2018-02-24 10:02:44,0.00208200,0.20000000
2018-02-24 10:02:50,0.00208190,9.02000000
2018-02-24 10:03:09,0.00208220,0.10000000
2018-02-24 10:03:31,0.00208200,0.21000000
2018-02-24 10:03:41,0.00208200,2.78000000
2018-02-24 10:03:44,0.00208210,0.24000000
2018-02-24 10:03:55,0.00208200,0.98000000
2018-02-24 10:03:56,0.00208200,0.50000000
2018-02-24 10:04:12,0.00208200,2.12000000
2018-02-24 10:04:18,0.00208200,1.76000000
2018-02-24 10:04:27,0.00208200,1.46000000
2018-02-24 10:04:30,0.00208200,8.02000000
2018-02-24 10:04:32,0.00207790,1.00000000
2018-02-24 10:04:43,0.00208190,0.65000000
2018-02-24 10:04:48,0.00208190,0.35000000
2018-02-24 10:04:48,0.00208200,47.77000000
2018-02-24 10:04:59,0.00207790,5.19000000
2018-02-24 10:04:59,0.00207770,2.40000000
2018-02-24 10:04:59,0.00207540,24.18000000
2018-02-24 10:04:59,0.00207490,4.80000000
2018-02-24 10:04:59,0.00207480,19.01000000
2018-02-24 10:04:59,0.00207360,4.88000000
2018-02-24 10:04:59,0.00207340,4.87000000
2018-02-24 10:05:02,0.00208180,2.40000000
2018-02-24 10:05:02,0.00208190,45.73000000
2018-02-24 10:05:38,0.00208220,16.36000000
2018-02-24 10:05:41,0.00207760,0.20000000
2018-02-24 10:05:49,0.00207770,11.65000000
2018-02-24 10:05:53,0.00208140,3.20000000
2018-02-24 10:05:55,0.00208140,8.45000000
2018-02-24 10:05:55,0.00208170,0.32000000
2018-02-24 10:06:15,0.00208160,23.23000000
2018-02-24 10:06:29,0.00208150,0.49000000
2018-02-24 10:06:34,0.00208150,3.99000000
2018-02-24 10:06:34,0.00208160,44.18000000
2018-02-24 10:06:51,0.00208100,5.00000000
2018-02-24 10:07:00,0.00207800,19.17000000
2018-02-24 10:07:00,0.00207710,2.40000000
2018-02-24 10:07:00,0.00207700,2.52000000
2018-02-24 10:07:03,0.00208100,41.43000000
2018-02-24 10:07:03,0.00208100,15.21000000
2018-02-24 10:07:04,0.00208100,0.65000000
2018-02-24 10:07:04,0.00208110,2.40000000
2018-02-24 10:07:04,0.00208150,12.16000000
2018-02-24 10:07:13,0.00208150,48.06000000
2018-02-24 10:07:17,0.00208150,30.81000000
2018-02-24 10:07:23,0.00208130,6.17000000
2018-02-24 10:07:48,0.00208100,30.00000000
2018-02-24 10:08:02,0.00208090,0.49000000
2018-02-24 10:08:06,0.00207750,5.37000000
2018-02-24 10:08:06,0.00207740,5.97000000
2018-02-24 10:08:06,0.00207740,11.00000000
2018-02-24 10:08:08,0.00207730,2.40000000
2018-02-24 10:08:10,0.00207700,0.57000000
2018-02-24 10:08:17,0.00207590,14.77000000
2018-02-24 10:08:17,0.00207600,3.48000000
2018-02-24 10:08:22,0.00207620,6.79000000
2018-02-24 10:08:22,0.00207240,2.56000000
2018-02-24 10:08:22,0.00207210,4.81000000
2018-02-24 10:08:22,0.00207200,5.00000000
2018-02-24 10:08:22,0.00207700,25.04000000
2018-02-24 10:08:22,0.00207190,48.25000000
2018-02-24 10:08:22,0.00207180,23.64000000
2018-02-24 10:08:22,0.00207170,327.75000000
2018-02-24 10:08:24,0.00207650,0.49000000
2018-02-24 10:08:26,0.00207650,12.90000000
2018-02-24 10:08:26,0.00207650,5.33000000
2018-02-24 10:08:30,0.00207620,0.96000000
2018-02-24 10:08:30,0.00207190,2.41000000
2018-02-24 10:08:30,0.00207170,1.53000000
2018-02-24 10:08:31,0.00207170,8.84000000
2018-02-24 10:08:31,0.00207170,4.30000000
2018-02-24 10:08:31,0.00207160,48.26000000
2018-02-24 10:08:35,0.00207110,1.09000000
2018-02-24 10:08:37,0.00207590,2.00000000
2018-02-24 10:08:38,0.00207570,1.00000000
2018-02-24 10:08:39,0.00207570,1.00000000
2018-02-24 10:08:39,0.00207560,1.00000000
2018-02-24 10:08:41,0.00207530,1.00000000
2018-02-24 10:08:41,0.00207530,2.50000000
2018-02-24 10:09:06,0.00207290,22.03000000
2018-02-24 10:09:22,0.00207110,40.87000000
2018-02-24 10:09:27,0.00207280,1.00000000
2018-02-24 10:09:28,0.00207280,1.00000000
2018-02-24 10:09:28,0.00207280,1.00000000
2018-02-24 10:09:28,0.00207010,1.00000000
2018-02-24 10:09:39,0.00207010,2.21000000
2018-02-24 10:10:03,0.00207010,9.99000000
2018-02-24 10:10:33,0.00207010,618.56000000
2018-02-24 10:10:33,0.00207000,45.22000000
2018-02-24 10:10:35,0.00206990,1.37000000
2018-02-24 10:10:35,0.00206990,1.91000000
2018-02-24 10:10:40,0.00206990,36.86000000
2018-02-24 10:10:43,0.00206990,46.51000000
2018-02-24 10:10:43,0.00206990,14.49000000
2018-02-24 10:10:43,0.00206990,14.49000000
2018-02-24 10:10:43,0.00206990,12.49000000
2018-02-24 10:10:51,0.00207000,841.34000000
2018-02-24 10:11:09,0.00207000,6.18000000
2018-02-24 10:11:11,0.00207000,1.17000000
2018-02-24 10:11:33,0.00206970,2.16000000
2018-02-24 10:11:33,0.00206900,8.01000000
2018-02-24 10:11:39,0.00206900,1.99000000
2018-02-24 10:11:40,0.00206900,6.50000000
2018-02-24 10:11:47,0.00206890,0.92000000
2018-02-24 10:11:48,0.00206900,9.67000000
2018-02-24 10:11:49,0.00206880,5.46000000
2018-02-24 10:12:13,0.00206890,0.57000000
2018-02-24 10:12:15,0.00206790,34.54000000
2018-02-24 10:12:18,0.00206880,1.00000000
2018-02-24 10:12:19,0.00206790,2.04000000
2018-02-24 10:12:19,0.00206480,158.59000000
2018-02-24 10:12:19,0.00206360,6.80000000
2018-02-24 10:12:19,0.00206220,2.67000000
2018-02-24 10:12:19,0.00206210,1.45000000
2018-02-24 10:12:19,0.00206180,137.21000000
2018-02-24 10:12:19,0.00206180,0.49000000
2018-02-24 10:12:19,0.00206180,14.52000000
2018-02-24 10:12:19,0.00206180,16.97000000
2018-02-24 10:12:19,0.00206180,20.36000000
2018-02-24 10:12:19,0.00206180,16.97000000
2018-02-24 10:12:19,0.00206180,12.88000000
2018-02-24 10:12:19,0.00206180,14.53000000
2018-02-24 10:12:19,0.00206180,0.50000000
2018-02-24 10:12:19,0.00206180,3.20000000
2018-02-24 10:12:19,0.00206180,2.79000000
2018-02-24 10:12:19,0.00206180,14.53000000
2018-02-24 10:12:19,0.00206180,1.76000000
2018-02-24 10:12:19,0.00206170,7.31000000
2018-02-24 10:12:19,0.00206180,14.53000000
2018-02-24 10:12:19,0.00206180,13.53000000
2018-02-24 10:12:19,0.00206180,13.53000000
2018-02-24 10:12:19,0.00206180,14.53000000
2018-02-24 10:12:19,0.00206110,4.87000000
2018-02-24 10:12:19,0.00206180,13.52000000
2018-02-24 10:12:19,0.00206180,13.53000000
2018-02-24 10:12:19,0.00206180,13.53000000
2018-02-24 10:12:20,0.00206180,7.46000000
2018-02-24 10:12:20,0.00206100,13.53000000
2018-02-24 10:12:20,0.00206180,7.46000000
2018-02-24 10:12:20,0.00206180,7.46000000
2018-02-24 10:12:20,0.00206180,3.59000000
2018-02-24 10:12:20,0.00206180,14.53000000
2018-02-24 10:12:20,0.00206180,10.17000000
2018-02-24 10:12:20,0.00206180,10.17000000
2018-02-24 10:12:20,0.00206180,4.97000000
2018-02-24 10:12:20,0.00206180,14.53000000
2018-02-24 10:12:20,0.00206180,1.10000000
2018-02-24 10:12:20,0.00206180,1.10000000
2018-02-24 10:12:20,0.00206180,14.53000000
2018-02-24 10:12:20,0.00206100,4.09000000
2018-02-24 10:12:20,0.00206180,4.03000000
2018-02-24 10:12:20,0.00206180,14.53000000
2018-02-24 10:12:20,0.00206180,100.00000000
2018-02-24 10:12:20,0.00206180,1.90000000
2018-02-24 10:12:20,0.00206180,11.74000000
2018-02-24 10:12:20,0.00206180,3.20000000
2018-02-24 10:12:20,0.00206180,7.98000000
2018-02-24 10:12:20,0.00206020,0.50000000
2018-02-24 10:12:20,0.00206180,2.00000000
2018-02-24 10:12:21,0.00206020,4.38000000
2018-02-24 10:12:21,0.00206020,1.21000000
2018-02-24 10:12:21,0.00206020,1.97000000
2018-02-24 10:12:22,0.00206020,5.97000000
2018-02-24 10:12:22,0.00206170,17.56000000
2018-02-24 10:12:22,0.00206170,2.96000000
2018-02-24 10:12:23,0.00206170,0.49000000
2018-02-24 10:12:23,0.00206120,13.52000000
2018-02-24 10:12:23,0.00206170,4.75000000
2018-02-24 10:12:24,0.00206170,2.96000000
2018-02-24 10:12:24,0.00206170,12.90000000
2018-02-24 10:12:24,0.00206170,14.31000000
2018-02-24 10:12:25,0.00206170,2.00000000
2018-02-24 10:12:25,0.00206170,1.00000000
2018-02-24 10:12:25,0.00206170,2.43000000
2018-02-24 10:12:25,0.00206130,3.87000000
2018-02-24 10:12:25,0.00206170,1.52000000
2018-02-24 10:12:25,0.00206170,1.21000000
2018-02-24 10:12:26,0.00206130,7.24000000
2018-02-24 10:12:26,0.00206130,6.29000000
2018-02-24 10:12:26,0.00206170,53.71000000
2018-02-24 10:12:27,0.00206170,1.46000000
2018-02-24 10:12:27,0.00206170,1.21000000
2018-02-24 10:12:27,0.00206170,40.00000000
2018-02-24 10:12:27,0.00206170,9.70000000
2018-02-24 10:12:27,0.00206170,30.06000000
2018-02-24 10:12:27,0.00206170,30.06000000
2018-02-24 10:12:28,0.00206170,12.72000000
2018-02-24 10:12:28,0.00206170,14.55000000
2018-02-24 10:12:29,0.00206130,3.59000000
2018-02-24 10:12:30,0.00206170,40.00000000
2018-02-24 10:12:30,0.00206170,6.01000000
2018-02-24 10:12:36,0.00206120,3.88000000
2018-02-24 10:12:37,0.00206120,1.21000000
2018-02-24 10:12:38,0.00206010,13.77000000
2018-02-24 10:12:38,0.00206000,186.23000000
2018-02-24 10:12:40,0.00206120,15.93000000
2018-02-24 10:12:40,0.00206170,10.00000000
2018-02-24 10:12:43,0.00206170,1.21000000
2018-02-24 10:12:44,0.00206170,14.21000000
2018-02-24 10:12:45,0.00206170,0.02000000
2018-02-24 10:12:47,0.00206170,1.14000000
2018-02-24 10:12:51,0.00206170,41.15000000
2018-02-24 10:12:51,0.00206180,47.97000000
2018-02-24 10:12:56,0.00206180,96.78000000
2018-02-24 10:12:57,0.00206180,40.00000000
2018-02-24 10:12:58,0.00206180,13.50000000
2018-02-24 10:12:59,0.00206180,0.57000000
2018-02-24 10:13:02,0.00206180,66.00000000
2018-02-24 10:13:03,0.00206180,9.69000000
2018-02-24 10:13:07,0.00206180,8.17000000
2018-02-24 10:13:12,0.00206180,12.54000000
2018-02-24 10:13:12,0.00206180,0.29000000
2018-02-24 10:13:14,0.00206180,1.56000000
2018-02-24 10:13:18,0.00206180,0.97000000
2018-02-24 10:13:18,0.00206180,5.57000000
2018-02-24 10:13:19,0.00206020,10.00000000
2018-02-24 10:13:19,0.00206020,15.82000000
2018-02-24 10:13:19,0.00206000,100.20000000
2018-02-24 10:13:19,0.00205990,28.30000000
2018-02-24 10:13:36,0.00205990,85.14000000
2018-02-24 10:13:37,0.00205990,3.29000000
2018-02-24 10:13:38,0.00205990,1.39000000
2018-02-24 10:13:40,0.00205990,5.05000000
2018-02-24 10:13:40,0.00205990,28.54000000
2018-02-24 10:13:40,0.00205990,167.05000000
2018-02-24 10:13:40,0.00206180,781.50000000
2018-02-24 10:13:41,0.00205990,1.55000000
2018-02-24 10:13:44,0.00206180,2.28000000
2018-02-24 10:13:44,0.00206180,1.17000000
2018-02-24 10:13:44,0.00206180,1.17000000
2018-02-24 10:13:44,0.00206180,3.90000000
2018-02-24 10:13:45,0.00206180,0.93000000
2018-02-24 10:13:45,0.00206180,4.91000000
2018-02-24 10:13:46,0.00206180,1.64000000
2018-02-24 10:13:46,0.00206180,4.16000000
2018-02-24 10:13:46,0.00206180,2.08000000
2018-02-24 10:13:46,0.00206180,4.67000000
2018-02-24 10:13:46,0.00206180,4.63000000
2018-02-24 10:13:46,0.00206180,1.88000000
2018-02-24 10:13:47,0.00206180,112.24000000
2018-02-24 10:13:47,0.00206180,30.06000000
2018-02-24 10:13:47,0.00206180,0.56000000
2018-02-24 10:13:47,0.00206180,12.45000000
2018-02-24 10:13:48,0.00206180,5.88000000
2018-02-24 10:13:49,0.00206180,2.52000000
2018-02-24 10:13:49,0.00206180,2.04000000
2018-02-24 10:13:50,0.00206180,10.96000000
2018-02-24 10:13:50,0.00206180,4.04000000
2018-02-24 10:13:53,0.00205950,9.66000000
2018-02-24 10:13:53,0.00205950,12.83000000
2018-02-24 10:13:55,0.00206180,1.17000000
2018-02-24 10:13:56,0.00206180,10.55000000
2018-02-24 10:13:58,0.00206180,2.40000000
2018-02-24 10:14:04,0.00206170,0.97000000
2018-02-24 10:14:04,0.00206170,1.00000000
2018-02-24 10:14:05,0.00206170,91.35000000
2018-02-24 10:14:08,0.00206170,65.11000000
2018-02-24 10:14:08,0.00206180,0.89000000
2018-02-24 10:14:13,0.00205940,0.55000000
2018-02-24 10:14:13,0.00205800,5.00000000
2018-02-24 10:14:13,0.00205750,2.70000000
2018-02-24 10:14:13,0.00205740,1.92000000
2018-02-24 10:14:13,0.00205680,0.49000000
2018-02-24 10:14:18,0.00206170,1.21000000
2018-02-24 10:14:19,0.00206170,0.87000000
2018-02-24 10:14:21,0.00205770,5.42000000
2018-02-24 10:14:23,0.00206160,4.32000000
2018-02-24 10:14:24,0.00206160,1.10000000
2018-02-24 10:14:24,0.00205780,2.14000000
2018-02-24 10:14:25,0.00205770,1.59000000
2018-02-24 10:14:26,0.00206160,2.14000000
2018-02-24 10:14:26,0.00206160,14.54000000
2018-02-24 10:14:26,0.00206160,5.46000000
2018-02-24 10:14:26,0.00206160,1.59000000
2018-02-24 10:14:39,0.00205810,4.61000000
2018-02-24 10:14:44,0.00206160,0.73000000
2018-02-24 10:14:44,0.00206160,3.88000000
2018-02-24 10:15:01,0.00206340,1.82000000
2018-02-24 10:15:01,0.00206500,19.01000000
2018-02-24 10:15:04,0.00206640,0.94000000
2018-02-24 10:15:07,0.00206640,0.49000000
2018-02-24 10:15:08,0.00206170,68.57000000
2018-02-24 10:15:08,0.00206160,24.68000000
2018-02-24 10:15:08,0.00206120,2.09000000
2018-02-24 10:15:08,0.00206000,0.78000000
2018-02-24 10:15:08,0.00205830,62.00000000
2018-02-24 10:15:08,0.00205820,19.07000000
2018-02-24 10:15:08,0.00205790,242.85000000
2018-02-24 10:15:08,0.00205680,12.19000000
2018-02-24 10:15:08,0.00205620,190.00000000
2018-02-24 10:15:08,0.00205610,158.70000000
2018-02-24 10:15:08,0.00205600,1061.00000000
2018-02-24 10:15:08,0.00205600,7.00000000
2018-02-24 10:15:08,0.00205600,7.00000000
2018-02-24 10:15:08,0.00205600,6.99000000
2018-02-24 10:15:08,0.00205600,464.97000000
2018-02-24 10:15:08,0.00205600,5.83000000
2018-02-24 10:15:08,0.00205600,46.41000000
2018-02-24 10:15:08,0.00205600,7.00000000
2018-02-24 10:15:08,0.00205590,7.01000000
2018-02-24 10:15:08,0.00205590,0.66000000
2018-02-24 10:15:08,0.00205590,2.18000000
2018-02-24 10:15:08,0.00205590,38.72000000
2018-02-24 10:15:08,0.00205600,20.51000000
2018-02-24 10:15:08,0.00205590,1.28000000
2018-02-24 10:15:08,0.00205590,6.77000000
2018-02-24 10:15:08,0.00205590,5.31000000
2018-02-24 10:15:09,0.00205590,3.72000000
2018-02-24 10:15:09,0.00205590,7.60000000
2018-02-24 10:15:09,0.00205600,3.72000000
2018-02-24 10:15:09,0.00205600,1.39000000
2018-02-24 10:15:09,0.00205600,1.45000000
2018-02-24 10:15:10,0.00205600,48.00000000
2018-02-24 10:15:10,0.00205600,131.72000000
2018-02-24 10:15:10,0.00205600,0.88000000
2018-02-24 10:15:10,0.00205600,2.47000000
2018-02-24 10:15:10,0.00205600,3.26000000
2018-02-24 10:15:11,0.00205600,30.06000000
2018-02-24 10:15:11,0.00205600,40.00000000
2018-02-24 10:15:11,0.00205600,4.52000000
2018-02-24 10:15:11,0.00205330,0.55000000
2018-02-24 10:15:13,0.00205600,6.86000000
2018-02-24 10:15:13,0.00205600,123.47000000
2018-02-24 10:15:13,0.00205600,3.16000000
2018-02-24 10:15:14,0.00205600,40.00000000
2018-02-24 10:15:14,0.00205600,2.64000000
2018-02-24 10:15:14,0.00205600,1.55000000
2018-02-24 10:15:14,0.00205600,2.43000000
2018-02-24 10:15:15,0.00205600,6.80000000
2018-02-24 10:15:15,0.00205600,1.07000000
2018-02-24 10:15:15,0.00205600,5.46000000
2018-02-24 10:15:15,0.00205600,49.00000000
2018-02-24 10:15:15,0.00205600,1.41000000
2018-02-24 10:15:16,0.00205600,2.43000000
2018-02-24 10:15:16,0.00205600,40.00000000
2018-02-24 10:15:16,0.00205600,1.07000000
2018-02-24 10:15:17,0.00205600,1000.00000000
2018-02-24 10:15:17,0.00205600,2.68000000
2018-02-24 10:15:17,0.00205600,4.08000000
2018-02-24 10:15:18,0.00205600,5.16000000
2018-02-24 10:15:19,0.00205600,40.00000000
2018-02-24 10:15:20,0.00205600,49.00000000
2018-02-24 10:15:21,0.00205600,0.16000000
2018-02-24 10:15:21,0.00205600,7.08000000
2018-02-24 10:15:21,0.00205600,3.00000000
2018-02-24 10:15:21,0.00205600,70.07000000
2018-02-24 10:15:21,0.00205600,1.44000000
2018-02-24 10:15:21,0.00205600,20.00000000
2018-02-24 10:15:22,0.00205600,42.78000000
2018-02-24 10:15:22,0.00205600,1.85000000
2018-02-24 10:15:23,0.00205600,42.74000000
2018-02-24 10:15:23,0.00205600,30.06000000
2018-02-24 10:15:24,0.00205600,0.02000000
2018-02-24 10:15:24,0.00205600,100.00000000
2018-02-24 10:15:24,0.00205600,1.85000000
2018-02-24 10:15:24,0.00205600,188.38000000
2018-02-24 10:15:25,0.00205600,49.00000000
2018-02-24 10:15:27,0.00205600,3.42000000
2018-02-24 10:15:28,0.00205600,47.09000000
2018-02-24 10:15:29,0.00205600,42.74000000
2018-02-24 10:15:29,0.00205600,4.17000000
2018-02-24 10:15:30,0.00205600,47.09000000
2018-02-24 10:15:30,0.00205600,49.00000000
2018-02-24 10:15:30,0.00205600,2.98000000
2018-02-24 10:15:30,0.00205600,14.58000000
2018-02-24 10:15:30,0.00205600,2.43000000
2018-02-24 10:15:30,0.00205600,14.58000000
2018-02-24 10:15:31,0.00205600,12.56000000
2018-02-24 10:15:32,0.00205600,24.00000000
2018-02-24 10:15:33,0.00205590,73.09000000
2018-02-24 10:15:33,0.00205590,19.20000000
2018-02-24 10:15:33,0.00205590,28.42000000
2018-02-24 10:15:34,0.00205590,0.59000000
2018-02-24 10:15:35,0.00205590,37.24000000
2018-02-24 10:15:35,0.00205600,11.76000000
2018-02-24 10:15:37,0.00205600,9.84000000
2018-02-24 10:15:40,0.00205590,0.67000000
2018-02-24 10:15:40,0.00205590,4.64000000
2018-02-24 10:15:40,0.00205600,6.08000000
2018-02-24 10:15:40,0.00205600,3.82000000
2018-02-24 10:15:41,0.00205600,1.51000000
2018-02-24 10:15:41,0.00205600,6.00000000
2018-02-24 10:15:42,0.00205600,6.00000000
2018-02-24 10:15:43,0.00205400,5.36000000
2018-02-24 10:15:46,0.00205600,0.60000000
2018-02-24 10:15:49,0.00205600,1.95000000
2018-02-24 10:15:50,0.00205600,100.20000000
2018-02-24 10:15:53,0.00205600,29.62000000
2018-02-24 10:15:54,0.00205600,25.00000000
2018-02-24 10:15:54,0.00205600,4.86000000
2018-02-24 10:16:04,0.00205600,1.56000000
2018-02-24 10:16:05,0.00205600,200.19000000
2018-02-24 10:16:07,0.00205440,0.55000000
2018-02-24 10:16:12,0.00205600,1.50000000
2018-02-24 10:16:17,0.00205600,69.17000000
2018-02-24 10:16:19,0.00205600,5.19000000
2018-02-24 10:16:19,0.00205600,14.58000000
2018-02-24 10:16:19,0.00205600,3.20000000
2018-02-24 10:16:19,0.00205600,7.14000000
2018-02-24 10:16:19,0.00205600,14.58000000
2018-02-24 10:16:19,0.00205600,9.88000000
2018-02-24 10:16:20,0.00205600,14.58000000
2018-02-24 10:16:21,0.00205600,6.00000000
2018-02-24 10:16:25,0.00205600,0.28000000
2018-02-24 10:16:28,0.00205600,1.83000000
2018-02-24 10:16:30,0.00205600,8.68000000
2018-02-24 10:16:32,0.00205600,5.20000000
2018-02-24 10:16:32,0.00205600,1.41000000
2018-02-24 10:16:33,0.00205600,172.38000000
2018-02-24 10:16:34,0.00205600,12.08000000
2018-02-24 10:16:34,0.00205600,8.48000000
2018-02-24 10:16:35,0.00205600,1.62000000
2018-02-24 10:16:35,0.00205600,15.00000000
2018-02-24 10:16:36,0.00205600,4.87000000
2018-02-24 10:16:36,0.00205600,64.23000000
2018-02-24 10:16:36,0.00205600,5.87000000
2018-02-24 10:16:37,0.00205600,41.56000000
2018-02-24 10:16:48,0.00205600,1.52000000
2018-02-24 10:16:49,0.00205600,1.22000000
2018-02-24 10:16:49,0.00205600,1.45000000
2018-02-24 10:16:52,0.00205600,1.26000000
2018-02-24 10:16:53,0.00205600,70.68000000
2018-02-24 10:16:54,0.00205600,88.96000000
2018-02-24 10:16:56,0.00205600,8.06000000
2018-02-24 10:16:56,0.00205550,6.00000000
2018-02-24 10:17:02,0.00205600,24.31000000
2018-02-24 10:17:05,0.00205560,2.10000000
2018-02-24 10:17:08,0.00205600,2.68000000
2018-02-24 10:17:08,0.00205600,4.00000000
2018-02-24 10:17:10,0.00205600,42.06000000
2018-02-24 10:17:11,0.00205560,13.00000000
2018-02-24 10:17:21,0.00205600,29.00000000
2018-02-24 10:17:21,0.00205600,42.06000000
2018-02-24 10:17:22,0.00205600,33.54000000
2018-02-24 10:17:24,0.00205600,22.16000000
2018-02-24 10:17:25,0.00205600,23.29000000
2018-02-24 10:17:25,0.00205600,9.72000000
2018-02-24 10:17:25,0.00205600,4.26000000
2018-02-24 10:17:26,0.00205600,2.60000000
2018-02-24 10:17:26,0.00205600,0.60000000
2018-02-24 10:17:27,0.00205600,23.00000000
2018-02-24 10:17:27,0.00205600,2.47000000
2018-02-24 10:17:29,0.00205600,4.00000000
2018-02-24 10:17:30,0.00205600,42.06000000
2018-02-24 10:17:32,0.00205600,3.61000000
2018-02-24 10:17:32,0.00205600,18.06000000
2018-02-24 10:17:32,0.00205600,55.70000000
2018-02-24 10:17:35,0.00205600,19.99000000
2018-02-24 10:17:35,0.00205600,24.92000000
2018-02-24 10:17:40,0.00205650,0.49000000
2018-02-24 10:17:40,0.00205650,1.51000000
2018-02-24 10:17:46,0.00205650,0.50000000
2018-02-24 10:17:48,0.00205650,3.82000000
2018-02-24 10:17:50,0.00205600,1.07000000
2018-02-24 10:17:51,0.00205600,4.09000000
2018-02-24 10:17:52,0.00205600,8.17000000
2018-02-24 10:17:53,0.00205600,26.67000000
2018-02-24 10:17:53,0.00205650,7.60000000
2018-02-24 10:17:53,0.00205740,2.42000000
2018-02-24 10:17:53,0.00206090,19.07000000
2018-02-24 10:17:53,0.00206580,13.32000000
2018-02-24 10:17:54,0.00206700,2.12000000
2018-02-24 10:17:55,0.00206670,1.87000000
2018-02-24 10:17:56,0.00206660,6.48000000
2018-02-24 10:17:56,0.00206650,9.48000000
2018-02-24 10:17:57,0.00206650,7.23000000
2018-02-24 10:17:57,0.00206650,1.42000000
2018-02-24 10:17:57,0.00206660,1.14000000
2018-02-24 10:17:57,0.00206660,0.57000000
2018-02-24 10:17:57,0.00206660,2.32000000
2018-02-24 10:17:57,0.00206660,1.40000000
2018-02-24 10:17:58,0.00206660,1.17000000
2018-02-24 10:17:58,0.00206660,1.21000000
2018-02-24 10:17:58,0.00206660,2.32000000
2018-02-24 10:17:59,0.00206650,4.80000000
2018-02-24 10:17:59,0.00206680,29.75000000
2018-02-24 10:18:00,0.00206650,7.21000000
2018-02-24 10:18:03,0.00206650,4.11000000
2018-02-24 10:18:05,0.00206650,13.88000000
2018-02-24 10:18:05,0.00206650,0.97000000
2018-02-24 10:18:05,0.00206650,1.21000000
2018-02-24 10:18:06,0.00206650,1.04000000
2018-02-24 10:18:06,0.00206570,2.42000000
2018-02-24 10:18:06,0.00206650,15.92000000
2018-02-24 10:18:07,0.00206650,0.94000000
2018-02-24 10:18:10,0.00206650,1.08000000
2018-02-24 10:18:14,0.00206630,4.33000000
2018-02-24 10:18:16,0.00206630,2.03000000
2018-02-24 10:18:16,0.00206630,4.95000000
2018-02-24 10:18:16,0.00206640,140.23000000
2018-02-24 10:18:34,0.00206620,20.02000000
2018-02-24 10:18:34,0.00206630,20.00000000
2018-02-24 10:18:36,0.00206630,51.46000000
2018-02-24 10:18:36,0.00206640,1.00000000
2018-02-24 10:18:36,0.00206790,1.45000000
2018-02-24 10:18:36,0.00206800,6.61000000
2018-02-24 10:18:36,0.00206890,10.96000000
2018-02-24 10:18:36,0.00206900,82.44000000
2018-02-24 10:18:42,0.00206900,2.73000000
2018-02-24 10:18:45,0.00206900,2.42000000
2018-02-24 10:18:46,0.00206640,1.55000000
2018-02-24 10:18:46,0.00206640,0.81000000
2018-02-24 10:18:54,0.00206900,4.91000000
2018-02-24 10:19:01,0.00206900,1.69000000
2018-02-24 10:19:03,0.00206900,100.21000000
2018-02-24 10:19:04,0.00206640,0.97000000
2018-02-24 10:19:07,0.00206900,1.38000000
2018-02-24 10:19:10,0.00206900,42.11000000
2018-02-24 10:19:20,0.00206900,15.12000000
2018-02-24 10:19:22,0.00206750,20.00000000
2018-02-24 10:19:22,0.00206640,18.27000000
2018-02-24 10:19:22,0.00206600,21.80000000
2018-02-24 10:19:22,0.00206560,4.82000000
2018-02-24 10:19:22,0.00206550,16.87000000
2018-02-24 10:19:22,0.00206360,17.92000000
2018-02-24 10:19:22,0.00206320,24.87000000
2018-02-24 10:19:22,0.00206310,19.05000000
2018-02-24 10:19:22,0.00206170,1.45000000
2018-02-24 10:19:22,0.00205810,8.54000000
2018-02-24 10:19:22,0.00205560,18.55000000
2018-02-24 10:19:22,0.00205500,4.62000000
2018-02-24 10:19:22,0.00205350,1.51000000
2018-02-24 10:19:22,0.00205320,6.00000000
2018-02-24 10:19:22,0.00205310,190.00000000
2018-02-24 10:19:22,0.00205300,13.33000000
2018-02-24 10:19:22,0.00205270,25.60000000
2018-02-24 10:19:22,0.00205170,20.00000000
2018-02-24 10:19:22,0.00205160,25.87000000
2018-02-24 10:19:22,0.00205150,583.26000000
2018-02-24 10:19:22,0.00205140,15.00000000
2018-02-24 10:19:22,0.00205100,62.60000000
2018-02-24 10:19:22,0.00205010,14.26000000
2018-02-24 10:19:22,0.00205000,289.61000000
2018-02-24 10:19:22,0.00204950,4.28000000
2018-02-24 10:19:22,0.00205000,11.21000000
2018-02-24 10:19:22,0.00205000,9.72000000
2018-02-24 10:19:22,0.00205000,17.66000000
2018-02-24 10:19:22,0.00205000,90.81000000
2018-02-24 10:19:22,0.00205000,9.57000000
2018-02-24 10:19:23,0.00205000,4.00000000
2018-02-24 10:19:23,0.00205000,20.43000000
2018-02-24 10:19:23,0.00205000,20.43000000
2018-02-24 10:19:23,0.00205000,4.00000000
2018-02-24 10:19:23,0.00205000,15.00000000
2018-02-24 10:19:23,0.00205000,10.65000000
2018-02-24 10:19:23,0.00205000,33.63000000
2018-02-24 10:19:23,0.00205000,18.23000000
2018-02-24 10:19:23,0.00205000,54.28000000
2018-02-24 10:19:23,0.00205000,5.21000000
2018-02-24 10:19:23,0.00205000,15.71000000
2018-02-24 10:19:23,0.00205000,33.85000000
2018-02-24 10:19:23,0.00205000,33.85000000
2018-02-24 10:19:23,0.00205000,30.14000000
2018-02-24 10:19:23,0.00205000,7.68000000
2018-02-24 10:19:23,0.00205000,6.58000000
2018-02-24 10:19:23,0.00205000,18.84000000
2018-02-24 10:19:23,0.00205000,87.91000000
2018-02-24 10:19:23,0.00205000,0.62000000
2018-02-24 10:19:23,0.00205000,7.10000000
2018-02-24 10:19:23,0.00205000,18.62000000
2018-02-24 10:19:23,0.00205000,18.85000000
2018-02-24 10:19:23,0.00205000,7.13000000
2018-02-24 10:19:23,0.00205000,7.13000000
2018-02-24 10:19:23,0.00205000,7.10000000
2018-02-24 10:19:23,0.00205000,4.00000000
2018-02-24 10:19:23,0.00205000,5.21000000
2018-02-24 10:19:23,0.00205000,100.00000000
2018-02-24 10:19:23,0.00205000,3.29000000
2018-02-24 10:19:23,0.00205000,33.92000000
2018-02-24 10:19:23,0.00205000,1.65000000
2018-02-24 10:19:23,0.00205000,35.03000000
2018-02-24 10:19:24,0.00205000,20.00000000
2018-02-24 10:19:25,0.00204970,3.00000000
2018-02-24 10:19:27,0.00205000,25.91000000
2018-02-24 10:19:27,0.00205000,135.82000000
2018-02-24 10:19:28,0.00205000,24.31000000
2018-02-24 10:19:28,0.00205000,2.93000000
2018-02-24 10:19:28,0.00205000,1.22000000
2018-02-24 10:19:28,0.00205000,1.76000000
2018-02-24 10:19:29,0.00205000,30.00000000
2018-02-24 10:19:29,0.00204970,0.58000000
2018-02-24 10:19:29,0.00205000,1.07000000
2018-02-24 10:19:29,0.00205000,1.80000000
2018-02-24 10:19:30,0.00205000,1.46000000
2018-02-24 10:19:30,0.00205000,0.49000000
2018-02-24 10:19:30,0.00205000,3.66000000
2018-02-24 10:19:30,0.00205000,9.76000000
2018-02-24 10:19:31,0.00205000,193.11000000
2018-02-24 10:19:32,0.00205000,5.00000000
2018-02-24 10:19:32,0.00205000,49.00000000
2018-02-24 10:19:32,0.00205000,15.00000000
2018-02-24 10:19:33,0.00205000,24.31000000
2018-02-24 10:19:33,0.00205000,146.00000000
2018-02-24 10:19:33,0.00205000,100.00000000
2018-02-24 10:19:34,0.00205000,4.87000000
2018-02-24 10:19:34,0.00205000,1.22000000
2018-02-24 10:19:35,0.00205000,0.92000000
2018-02-24 10:19:36,0.00205000,20.00000000
2018-02-24 10:19:36,0.00205000,42.42000000
2018-02-24 10:19:37,0.00205000,16.82000000
2018-02-24 10:19:38,0.00205000,49.00000000
2018-02-24 10:19:38,0.00205000,10.39000000
2018-02-24 10:19:38,0.00205000,7.98000000
2018-02-24 10:19:38,0.00205000,30.06000000
2018-02-24 10:19:39,0.00205000,5.61000000
2018-02-24 10:19:39,0.00205000,30.06000000
2018-02-24 10:19:39,0.00205000,24.32000000
2018-02-24 10:19:40,0.00205000,21.60000000
2018-02-24 10:19:41,0.00204990,0.72000000
2018-02-24 10:19:41,0.00204990,22.72000000
2018-02-24 10:19:41,0.00205000,16.45000000
2018-02-24 10:19:41,0.00205000,1.97000000
2018-02-24 10:19:42,0.00205000,23.01000000
2018-02-24 10:19:43,0.00204990,0.29000000
2018-02-24 10:19:43,0.00204990,0.33000000
2018-02-24 10:19:43,0.00205000,48.67000000
2018-02-24 10:19:43,0.00204970,6.10000000
2018-02-24 10:19:43,0.00204970,14.63000000
2018-02-24 10:19:43,0.00205000,184.22000000
2018-02-24 10:19:43,0.00204970,5.84000000
2018-02-24 10:19:44,0.00205000,4.48000000
2018-02-24 10:19:45,0.00205000,1.07000000
2018-02-24 10:19:45,0.00205000,33.68000000
2018-02-24 10:19:46,0.00205000,17.60000000
2018-02-24 10:19:46,0.00205000,5.85000000
2018-02-24 10:19:47,0.00205000,24.32000000
2018-02-24 10:19:47,0.00205000,23.46000000
2018-02-24 10:19:48,0.00205000,2.00000000
2018-02-24 10:19:48,0.00205000,0.72000000
2018-02-24 10:19:49,0.00205000,2.75000000
2018-02-24 10:19:49,0.00205000,0.49000000
2018-02-24 10:19:49,0.00205000,7.78000000
2018-02-24 10:19:49,0.00204990,0.72000000
2018-02-24 10:19:49,0.00204980,0.28000000
2018-02-24 10:19:50,0.00205000,2.00000000
2018-02-24 10:19:50,0.00205000,12.20000000
2018-02-24 10:19:50,0.00205000,9.23000000
2018-02-24 10:19:52,0.00205000,3.02000000
2018-02-24 10:19:52,0.00204980,11.42000000
2018-02-24 10:19:52,0.00204980,35.03000000
2018-02-24 10:19:53,0.00204970,4.43000000
2018-02-24 10:19:53,0.00204970,24.32000000
2018-02-24 10:19:53,0.00204970,5.10000000
2018-02-24 10:19:53,0.00204980,3.82000000
2018-02-24 10:19:53,0.00204980,22.00000000
2018-02-24 10:19:54,0.00204980,1.84000000
2018-02-24 10:19:54,0.00204980,1.81000000
2018-02-24 10:19:54,0.00204980,11.99000000
2018-02-24 10:19:55,0.00204980,1.81000000
2018-02-24 10:19:55,0.00204900,12.31000000
2018-02-24 10:19:55,0.00204890,1.85000000
2018-02-24 10:19:55,0.00204860,1.10000000
2018-02-24 10:19:55,0.00205000,35.03000000
2018-02-24 10:19:56,0.00205000,42.41000000
2018-02-24 10:19:56,0.00204980,3.41000000
2018-02-24 10:19:56,0.00204980,2.34000000
2018-02-24 10:19:57,0.00204990,4.43000000
2018-02-24 10:19:57,0.00204980,52.99000000
2018-02-24 10:19:58,0.00204990,20.44000000
2018-02-24 10:19:58,0.00205000,63.34000000
2018-02-24 10:19:58,0.00205000,35.03000000
2018-02-24 10:19:59,0.00205000,2.31000000
2018-02-24 10:19:59,0.00205000,2.44000000
2018-02-24 10:20:01,0.00205000,27.12000000
2018-02-24 10:20:03,0.00204990,4.86000000
2018-02-24 10:20:05,0.00205000,20.00000000
2018-02-24 10:20:06,0.00205000,4.48000000
2018-02-24 10:20:06,0.00205000,53.90000000
2018-02-24 10:20:06,0.00205000,24.18000000
2018-02-24 10:20:07,0.00205000,13.64000000
2018-02-24 10:20:08,0.00205000,10.00000000
2018-02-24 10:20:08,0.00205000,19.95000000
2018-02-24 10:20:09,0.00205000,14.63000000
2018-02-24 10:20:09,0.00205000,1.12000000
2018-02-24 10:20:10,0.00205000,1.71000000
2018-02-24 10:20:10,0.00205000,27.00000000
2018-02-24 10:20:10,0.00205000,4.74000000
2018-02-24 10:20:11,0.00205000,1.51000000
2018-02-24 10:20:11,0.00205000,2.84000000
2018-02-24 10:20:13,0.00205000,26.58000000
2018-02-24 10:20:13,0.00205000,26.55000000
2018-02-24 10:20:15,0.00205000,19.95000000
2018-02-24 10:20:15,0.00205000,2.02000000
2018-02-24 10:20:17,0.00205000,6.00000000
2018-02-24 10:20:17,0.00205000,1.32000000
2018-02-24 10:20:17,0.00205000,4.24000000
2018-02-24 10:20:17,0.00205000,139.06000000
2018-02-24 10:20:18,0.00205000,1.46000000
2018-02-24 10:20:18,0.00205000,4.84000000
2018-02-24 10:20:18,0.00205000,2.93000000
2018-02-24 10:20:20,0.00205000,4.49000000
2018-02-24 10:20:21,0.00205000,2.93000000
2018-02-24 10:20:21,0.00205000,7.20000000
2018-02-24 10:20:22,0.00205000,3.90000000
2018-02-24 10:20:23,0.00205000,79.97000000
2018-02-24 10:20:23,0.00205000,42.43000000
2018-02-24 10:20:24,0.00205000,2.89000000
2018-02-24 10:20:24,0.00204990,73.61000000
2018-02-24 10:20:26,0.00205000,1.71000000
2018-02-24 10:20:27,0.00205000,6.22000000
2018-02-24 10:20:28,0.00205000,30.57000000
2018-02-24 10:20:28,0.00205000,5.66000000
2018-02-24 10:20:30,0.00205000,64.00000000
2018-02-24 10:20:31,0.00205000,19.61000000
2018-02-24 10:20:32,0.00205000,2.49000000
2018-02-24 10:20:32,0.00205000,17.00000000
2018-02-24 10:20:33,0.00205000,24.32000000
2018-02-24 10:20:34,0.00205000,1.22000000
2018-02-24 10:20:35,0.00205000,42.43000000
2018-02-24 10:20:35,0.00205000,2.02000000
2018-02-24 10:20:35,0.00205000,12.06000000
2018-02-24 10:20:36,0.00205000,3.41000000
2018-02-24 10:20:37,0.00205000,6.16000000
2018-02-24 10:20:38,0.00205000,70.40000000
2018-02-24 10:20:38,0.00205000,26.75000000
2018-02-24 10:20:38,0.00205000,97.13000000
2018-02-24 10:20:38,0.00205000,4.00000000
2018-02-24 10:20:41,0.00205000,0.56000000
2018-02-24 10:20:42,0.00205000,26.23000000
2018-02-24 10:20:43,0.00205000,722.91000000
2018-02-24 10:20:43,0.00205000,2.02000000
2018-02-24 10:20:44,0.00205000,4.19000000
2018-02-24 10:20:46,0.00205000,5.92000000
2018-02-24 10:20:46,0.00205000,0.61000000
2018-02-24 10:20:47,0.00205000,24.32000000
2018-02-24 10:20:47,0.00205000,5.00000000
2018-02-24 10:20:47,0.00205000,2.02000000
2018-02-24 10:20:48,0.00205000,5.38000000
2018-02-24 10:20:48,0.00205000,15.00000000
2018-02-24 10:20:48,0.00205000,8.00000000
2018-02-24 10:20:48,0.00205000,730.97000000
2018-02-24 10:20:50,0.00205000,5.38000000
2018-02-24 10:20:50,0.00205000,47.68000000
2018-02-24 10:20:50,0.00205000,9.68000000
2018-02-24 10:20:51,0.00205000,19.02000000
2018-02-24 10:20:54,0.00205000,91.07000000
2018-02-24 10:20:54,0.00205000,9.00000000
2018-02-24 10:20:54,0.00205000,14.53000000
2018-02-24 10:20:55,0.00205000,2.66000000
2018-02-24 10:20:55,0.00205000,6.00000000
2018-02-24 10:20:56,0.00205000,2.13000000
2018-02-24 10:20:58,0.00205000,97.13000000
2018-02-24 10:21:00,0.00205000,6.35000000
2018-02-24 10:21:03,0.00205000,1.22000000
2018-02-24 10:21:03,0.00205000,19.20000000
2018-02-24 10:21:03,0.00205000,1.46000000
2018-02-24 10:21:04,0.00205000,1.46000000
2018-02-24 10:21:04,0.00205000,138.20000000
2018-02-24 10:21:04,0.00205310,30.69000000
2018-02-24 10:21:05,0.00205490,13.33000000
2018-02-24 10:21:06,0.00205500,2.34000000
2018-02-24 10:21:07,0.00205490,1.10000000
2018-02-24 10:21:07,0.00205490,1.32000000
2018-02-24 10:21:07,0.00205500,12.66000000
2018-02-24 10:21:07,0.00205500,0.84000000
2018-02-24 10:21:07,0.00205500,1.18000000
2018-02-24 10:21:07,0.00205500,2.03000000
2018-02-24 10:21:07,0.00206000,3.41000000
2018-02-24 10:21:08,0.00206040,3.28000000
2018-02-24 10:21:08,0.00206060,0.02000000
2018-02-24 10:21:08,0.00205050,1.00000000
2018-02-24 10:21:10,0.00206220,2.34000000
2018-02-24 10:21:10,0.00206210,1.00000000
2018-02-24 10:21:10,0.00206220,0.21000000
2018-02-24 10:21:11,0.00206210,1.95000000
2018-02-24 10:21:11,0.00206210,0.02000000
2018-02-24 10:21:11,0.00205550,1.94000000
2018-02-24 10:21:12,0.00206220,2.26000000
2018-02-24 10:21:13,0.00205990,0.57000000
2018-02-24 10:21:14,0.00205990,1.21000000
2018-02-24 10:21:14,0.00205990,0.16000000
2018-02-24 10:21:14,0.00206000,1.04000000
2018-02-24 10:21:14,0.00206000,1.21000000
2018-02-24 10:21:15,0.00206000,1.16000000
2018-02-24 10:21:16,0.00205990,3.40000000
2018-02-24 10:21:16,0.00206220,3.46000000
2018-02-24 10:21:16,0.00206220,1.17000000
2018-02-24 10:21:16,0.00206220,7.38000000
2018-02-24 10:21:17,0.00206220,6.11000000
2018-02-24 10:21:18,0.00206220,1.16000000
2018-02-24 10:21:20,0.00205710,8.61000000
2018-02-24 10:21:21,0.00206220,1.04000000
2018-02-24 10:21:24,0.00206220,2.32000000
2018-02-24 10:21:25,0.00206220,1.65000000
2018-02-24 10:21:28,0.00206220,0.03000000
2018-02-24 10:21:32,0.00206230,1.21000000
2018-02-24 10:21:32,0.00206230,0.25000000
2018-02-24 10:21:36,0.00206190,1.21000000
2018-02-24 10:21:37,0.00206190,2.76000000
2018-02-24 10:21:37,0.00206190,1.21000000
2018-02-24 10:21:38,0.00206190,2.72000000
2018-02-24 10:21:39,0.00206190,0.71000000
2018-02-24 10:21:39,0.00206200,3.02000000
2018-02-24 10:21:39,0.00206180,4.83000000
2018-02-24 10:21:39,0.00206200,2.66000000
2018-02-24 10:21:46,0.00206200,4.80000000
2018-02-24 10:21:46,0.00206200,31.82000000
2018-02-24 10:21:46,0.00206200,0.97000000
2018-02-24 10:21:52,0.00206190,0.70000000
2018-02-24 10:21:55,0.00206190,42.34000000
2018-02-24 10:22:00,0.00206180,1.21000000
2018-02-24 10:22:01,0.00206180,8.46000000
2018-02-24 10:22:04,0.00206180,18.69000000
2018-02-24 10:22:07,0.00206180,0.56000000
2018-02-24 10:22:10,0.00206170,1.99000000
2018-02-24 10:22:13,0.00206170,1.07000000
2018-02-24 10:22:15,0.00206170,2.26000000
2018-02-24 10:22:15,0.00206170,9.32000000
2018-02-24 10:22:19,0.00206170,4.12000000
2018-02-24 10:22:19,0.00206170,1.08000000
2018-02-24 10:22:20,0.00206170,42.43000000
2018-02-24 10:22:20,0.00206170,3.16000000
2018-02-24 10:22:23,0.00206170,1.43000000
2018-02-24 10:22:23,0.00206170,0.63000000
2018-02-24 10:22:26,0.00206160,1.40000000
2018-02-24 10:22:28,0.00206160,1.70000000
2018-02-24 10:22:35,0.00206160,30.24000000
2018-02-24 10:22:43,0.00206160,1.07000000
2018-02-24 10:22:43,0.00206160,4.85000000
2018-02-24 10:22:49,0.00206140,1.70000000
2018-02-24 10:22:52,0.00205820,1.25000000
2018-02-24 10:23:07,0.00206140,1.70000000
2018-02-24 10:23:12,0.00206130,1.18000000
2018-02-24 10:23:21,0.00206130,2.76000000
2018-02-24 10:23:25,0.00206130,1.26000000
2018-02-24 10:23:40,0.00206110,12.66000000
2018-02-24 10:23:40,0.00206110,1.17000000
2018-02-24 10:23:47,0.00206110,0.97000000
2018-02-24 10:23:51,0.00206090,1.21000000
2018-02-24 10:23:51,0.00206090,18.85000000
2018-02-24 10:23:51,0.00206100,1.09000000
2018-02-24 10:23:53,0.00206090,6.80000000
2018-02-24 10:23:53,0.00206110,16.70000000
2018-02-24 10:23:59,0.00206090,7.52000000
2018-02-24 10:24:01,0.00206090,4.22000000
2018-02-24 10:24:03,0.00205830,4.85000000
2018-02-24 10:24:03,0.00205820,24.42000000
2018-02-24 10:24:04,0.00206090,54.69000000
2018-02-24 10:24:10,0.00206090,26.09000000
2018-02-24 10:24:16,0.00205870,6.29000000
2018-02-24 10:24:16,0.00205820,48.58000000
2018-02-24 10:24:16,0.00205770,2.42000000
2018-02-24 10:24:16,0.00205460,19.05000000
2018-02-24 10:24:16,0.00205070,32.08000000
2018-02-24 10:24:16,0.00205060,24.47000000
2018-02-24 10:24:22,0.00206010,0.92000000
2018-02-24 10:24:24,0.00206010,1.50000000
2018-02-24 10:24:26,0.00205990,0.96000000
2018-02-24 10:24:26,0.00205990,2.94000000
2018-02-24 10:24:26,0.00205460,2.94000000
2018-02-24 10:24:26,0.00205990,1.97000000
2018-02-24 10:24:26,0.00205990,0.68000000
2018-02-24 10:24:26,0.00205990,1.26000000
2018-02-24 10:24:28,0.00205480,3.66000000
2018-02-24 10:24:31,0.00205990,0.90000000
2018-02-24 10:24:34,0.00205980,3.84000000
2018-02-24 10:24:37,0.00205970,1.17000000
2018-02-24 10:24:44,0.00205950,7.06000000
2018-02-24 10:24:52,0.00205940,1.21000000
2018-02-24 10:24:54,0.00205920,1.21000000
2018-02-24 10:24:55,0.00205920,1.21000000
2018-02-24 10:24:58,0.00205900,0.97000000
2018-02-24 10:25:05,0.00205200,2.43000000
2018-02-24 10:25:05,0.00205190,0.07000000
2018-02-24 10:25:10,0.00205870,1.87000000
2018-02-24 10:25:10,0.00205860,2.43000000
2018-02-24 10:25:11,0.00205890,2.33000000
2018-02-24 10:25:11,0.00205900,4.90000000
2018-02-24 10:25:11,0.00205890,0.97000000
2018-02-24 10:25:13,0.00205390,12.18000000
2018-02-24 10:25:13,0.00205380,17.81000000
2018-02-24 10:25:15,0.00205890,0.13000000
2018-02-24 10:25:15,0.00205900,6.64000000
2018-02-24 10:25:26,0.00205890,7.27000000
2018-02-24 10:25:26,0.00205890,0.67000000
2018-02-24 10:25:38,0.00205860,6.36000000
2018-02-24 10:25:39,0.00205860,3.22000000
2018-02-24 10:25:43,0.00205850,4.84000000
2018-02-24 10:25:43,0.00205860,3.93000000
2018-02-24 10:25:46,0.00205860,0.04000000
2018-02-24 10:25:55,0.00205840,6.03000000
2018-02-24 10:26:00,0.00205840,1.17000000
2018-02-24 10:26:00,0.00205840,6.96000000
2018-02-24 10:26:00,0.00205860,2.89000000
2018-02-24 10:26:13,0.00205840,6.36000000
2018-02-24 10:26:17,0.00205840,121.68000000
2018-02-24 10:26:17,0.00205860,3.44000000
2018-02-24 10:26:20,0.00205860,29.92000000
2018-02-24 10:26:24,0.00205860,29.92000000
2018-02-24 10:26:25,0.00205860,0.01000000
2018-02-24 10:26:32,0.00205860,4.41000000
2018-02-24 10:26:39,0.00205860,25.84000000
2018-02-24 10:26:39,0.00205980,3.37000000
2018-02-24 10:26:39,0.00206160,62.34000000
2018-02-24 10:26:39,0.00206240,2.31000000
2018-02-24 10:26:39,0.00206520,4.88000000
2018-02-24 10:26:39,0.00206650,9.75000000
2018-02-24 10:26:39,0.00206660,20.00000000
2018-02-24 10:26:39,0.00206740,191.51000000
2018-02-24 10:26:41,0.00206180,2.23000000
2018-02-24 10:26:57,0.00206640,1.21000000
2018-02-24 10:27:10,0.00206220,3.72000000
2018-02-24 10:27:11,0.00206750,16.32000000
2018-02-24 10:27:16,0.00206260,2.60000000
2018-02-24 10:27:18,0.00206740,0.58000000
2018-02-24 10:27:25,0.00206740,7.96000000
2018-02-24 10:27:25,0.00206750,7.21000000
2018-02-24 10:27:31,0.00206900,42.32000000
2018-02-24 10:27:33,0.00206400,6.00000000
2018-02-24 10:27:34,0.00206400,1.14000000
2018-02-24 10:27:35,0.00206400,1.76000000
2018-02-24 10:27:43,0.00206830,4.83000000
2018-02-24 10:27:58,0.00206830,7.44000000
2018-02-24 10:27:58,0.00206900,6.07000000
2018-02-24 10:28:07,0.00206900,12.65000000
2018-02-24 10:28:10,0.00206900,27.70000000
2018-02-24 10:28:25,0.00206900,8.23000000
2018-02-24 10:28:59,0.00206900,21.62000000
2018-02-24 10:29:06,0.00206900,100.21000000
2018-02-24 10:29:08,0.00206900,0.07000000
2018-02-24 10:29:08,0.00206900,25.66000000
2018-02-24 10:29:08,0.00206940,2.64000000
2018-02-24 10:29:08,0.00207000,0.60000000
2018-02-24 10:29:08,0.00207020,3.40000000
2018-02-24 10:29:08,0.00207120,3.07000000
2018-02-24 10:29:14,0.00207120,6.63000000
2018-02-24 10:29:15,0.00207150,3.06000000
2018-02-24 10:29:21,0.00207160,390.91000000
2018-02-24 10:29:22,0.00206660,0.90000000
2018-02-24 10:29:24,0.00207210,1.00000000
2018-02-24 10:29:24,0.00207250,6.94000000
2018-02-24 10:29:24,0.00207340,0.55000000
2018-02-24 10:29:24,0.00207390,5.97000000
2018-02-24 10:29:30,0.00206890,16.12000000
2018-02-24 10:29:30,0.00206900,8.79000000
2018-02-24 10:29:35,0.00206540,8.22000000
2018-02-24 10:29:37,0.00206490,2.00000000
2018-02-24 10:29:39,0.00206900,8.77000000
2018-02-24 10:29:46,0.00206490,1.22000000
2018-02-24 10:29:47,0.00206900,14.49000000
2018-02-24 10:29:49,0.00206490,1.54000000
2018-02-24 10:30:12,0.00206490,4.61000000
2018-02-24 10:30:16,0.00206900,0.49000000
2018-02-24 10:30:21,0.00206900,1.99000000
2018-02-24 10:30:34,0.00206900,3.07000000
2018-02-24 10:30:45,0.00206490,4.62000000
2018-02-24 10:30:57,0.00206890,0.05000000
2018-02-24 10:31:04,0.00206850,13.99000000
2018-02-24 10:31:04,0.00206860,22.08000000
2018-02-24 10:31:04,0.00206890,6.31000000
2018-02-24 10:31:05,0.00206490,4.95000000
2018-02-24 10:31:10,0.00206890,1.25000000
2018-02-24 10:31:10,0.00206500,4.64000000
2018-02-24 10:31:10,0.00206890,1.01000000
2018-02-24 10:31:22,0.00206880,14.43000000
2018-02-24 10:31:22,0.00206880,5.91000000
2018-02-24 10:31:22,0.00206880,13.50000000
2018-02-24 10:31:31,0.00206880,2.80000000
2018-02-24 10:31:31,0.00206890,21.97000000
2018-02-24 10:31:31,0.00206510,4.82000000
2018-02-24 10:31:31,0.00206510,4.70000000
2018-02-24 10:31:41,0.00206510,10.52000000
2018-02-24 10:31:45,0.00206500,5.04000000
2018-02-24 10:31:57,0.00206490,2.37000000
2018-02-24 10:32:02,0.00206490,0.01000000
2018-02-24 10:32:02,0.00206480,2.42000000
2018-02-24 10:32:02,0.00206400,18.92000000
2018-02-24 10:32:02,0.00206080,1.45000000
2018-02-24 10:32:02,0.00205900,4.88000000
2018-02-24 10:32:02,0.00205890,0.97000000
2018-02-24 10:32:02,0.00205870,5.85000000
2018-02-24 10:32:02,0.00205860,1.69000000
2018-02-24 10:32:02,0.00205820,23.87000000
2018-02-24 10:32:02,0.00205500,1.55000000
2018-02-24 10:32:02,0.00205500,51.53000000
2018-02-24 10:32:02,0.00205500,14.53000000
2018-02-24 10:32:02,0.00205500,1.55000000
2018-02-24 10:32:02,0.00205500,9.99000000
2018-02-24 10:32:02,0.00205500,45.47000000
2018-02-24 10:32:02,0.00206510,2.02000000
2018-02-24 10:32:02,0.00205510,14.53000000
2018-02-24 10:32:05,0.00205580,0.49000000
2018-02-24 10:32:09,0.00206460,19.95000000
2018-02-24 10:32:22,0.00205950,34.08000000
2018-02-24 10:32:22,0.00205940,19.46000000
2018-02-24 10:32:22,0.00205900,178.71000000
2018-02-24 10:32:22,0.00205770,24.73000000
2018-02-24 10:32:22,0.00205720,27.50000000
2018-02-24 10:32:22,0.00205500,30.00000000
2018-02-24 10:32:22,0.00205250,5.26000000
2018-02-24 10:32:29,0.00205490,3.97000000
2018-02-24 10:32:29,0.00205480,2.43000000
2018-02-24 10:32:29,0.00205400,1.12000000
2018-02-24 10:32:30,0.00205390,1.24000000
2018-02-24 10:32:30,0.00205390,14.59000000
2018-02-24 10:32:30,0.00205380,14.59000000
2018-02-24 10:32:30,0.00205380,14.59000000
2018-02-24 10:32:30,0.00205380,11.66000000
2018-02-24 10:32:30,0.00205380,7.77000000
2018-02-24 10:32:30,0.00205390,8.97000000
2018-02-24 10:32:31,0.00205400,0.01000000
2018-02-24 10:32:38,0.00205580,6.22000000
2018-02-24 10:32:39,0.00205580,0.49000000
2018-02-24 10:32:57,0.00206210,2.42000000
2018-02-24 10:32:57,0.00206220,6.80000000
2018-02-24 10:32:57,0.00206450,19.07000000
2018-02-24 10:32:57,0.00206760,4.83000000
2018-02-24 10:32:57,0.00206770,23.39000000
2018-02-24 10:32:57,0.00206840,190.00000000
2018-02-24 10:32:57,0.00206850,236.57000000
2018-02-24 10:33:02,0.00205790,41.93000000
2018-02-24 10:33:02,0.00205780,159.00000000
2018-02-24 10:33:05,0.00206840,2.41000000
2018-02-24 10:33:10,0.00206440,1.07000000
2018-02-24 10:33:11,0.00206440,18.93000000
2018-02-24 10:33:11,0.00206450,20.97000000
2018-02-24 10:33:20,0.00206380,20.00000000
2018-02-24 10:33:20,0.00206390,2.13000000
2018-02-24 10:33:20,0.00206420,3.06000000
2018-02-24 10:33:26,0.00205730,5.66000000
2018-02-24 10:33:38,0.00206290,7.33000000
2018-02-24 10:33:45,0.00206240,7.18000000
2018-02-24 10:34:00,0.00205890,14.34000000
2018-02-24 10:34:00,0.00205880,66.32000000
2018-02-24 10:34:00,0.00205870,61.48000000
2018-02-24 10:34:00,0.00205860,0.93000000
2018-02-24 10:34:00,0.00205850,4.95000000
2018-02-24 10:34:19,0.00205970,4.22000000
2018-02-24 10:34:20,0.00205950,6.53000000
2018-02-24 10:34:20,0.00205960,0.07000000
2018-02-24 10:34:20,0.00205860,1.33000000
2018-02-24 10:34:21,0.00205960,1.89000000
2018-02-24 10:34:26,0.00205950,1.21000000
2018-02-24 10:34:27,0.00205860,5.46000000
2018-02-24 10:34:38,0.00205950,3.04000000
2018-02-24 10:34:50,0.00206490,0.24000000
2018-02-24 10:35:07,0.00206480,9.00000000
2018-02-24 10:35:12,0.00206160,8.73000000
2018-02-24 10:35:13,0.00206870,1.96000000
2018-02-24 10:35:23,0.00206360,0.65000000
2018-02-24 10:35:29,0.00206400,39.15000000
2018-02-24 10:35:29,0.00206390,2.42000000
2018-02-24 10:35:30,0.00206350,9.03000000
2018-02-24 10:35:32,0.00205870,15.00000000
2018-02-24 10:35:32,0.00205850,13.40000000
2018-02-24 10:35:33,0.00205850,1.60000000
2018-02-24 10:35:33,0.00205850,1.45000000
2018-02-24 10:35:33,0.00206350,0.49000000
2018-02-24 10:35:39,0.00206310,38.90000000
2018-02-24 10:36:10,0.00206770,1.61000000
2018-02-24 10:36:21,0.00206330,14.53000000
2018-02-24 10:36:21,0.00206330,14.53000000
2018-02-24 10:36:21,0.00206330,14.38000000
2018-02-24 10:36:26,0.00206350,0.49000000
2018-02-24 10:36:30,0.00206350,5.41000000
2018-02-24 10:36:35,0.00206340,26.39000000
2018-02-24 10:36:49,0.00206340,28.14000000
2018-02-24 10:36:53,0.00206300,1.00000000
2018-02-24 10:36:53,0.00205870,1.58000000
2018-02-24 10:36:53,0.00205860,23.68000000
2018-02-24 10:36:54,0.00206340,0.09000000
2018-02-24 10:36:54,0.00206350,4.07000000
2018-02-24 10:37:04,0.00206340,0.80000000
2018-02-24 10:37:04,0.00206350,0.50000000
2018-02-24 10:37:11,0.00206420,48.41000000
2018-02-24 10:37:12,0.00206410,48.41000000
2018-02-24 10:37:12,0.00206420,151.59000000
2018-02-24 10:37:17,0.00206480,48.41000000
2018-02-24 10:37:17,0.00206470,0.80000000
2018-02-24 10:37:18,0.00206450,48.41000000
2018-02-24 10:37:21,0.00206460,3.99000000
2018-02-24 10:37:22,0.00206450,87.66000000
2018-02-24 10:37:26,0.00206450,1.61000000
2018-02-24 10:37:26,0.00206450,2.39000000
2018-02-24 10:37:28,0.00206350,93.27000000
2018-02-24 10:37:30,0.00206450,42.74000000
2018-02-24 10:37:32,0.00206450,4.00000000
2018-02-24 10:37:36,0.00206450,42.74000000
2018-02-24 10:37:41,0.00206350,20.22000000
2018-02-24 10:37:46,0.00206450,42.74000000
2018-02-24 10:37:47,0.00206450,4.84000000
2018-02-24 10:37:48,0.00206450,43.28000000
2018-02-24 10:38:05,0.00206450,18.00000000
2018-02-24 10:38:06,0.00206450,42.74000000
2018-02-24 10:38:08,0.00206350,19.97000000
2018-02-24 10:38:11,0.00206450,7.11000000
2018-02-24 10:38:20,0.00206450,28.03000000
2018-02-24 10:38:30,0.00206450,48.56000000
2018-02-24 10:38:30,0.00206460,146.80000000
2018-02-24 10:38:36,0.00206880,0.80000000
2018-02-24 10:38:36,0.00206890,0.81000000
2018-02-24 10:38:36,0.00206900,11.62000000
2018-02-24 10:38:37,0.00206450,85.43000000
2018-02-24 10:38:37,0.00206440,48.42000000
2018-02-24 10:38:37,0.00206350,254.13000000
2018-02-24 10:38:37,0.00206110,19.10000000
2018-02-24 10:38:37,0.00205870,27.14000000
2018-02-24 10:38:45,0.00206730,42.71000000
2018-02-24 10:39:00,0.00206550,5.69000000
2018-02-24 10:39:31,0.00206030,2.42000000
2018-02-24 10:39:31,0.00205880,66.73000000
2018-02-24 10:39:36,0.00206460,2.42000000
2018-02-24 10:39:36,0.00206470,6.00000000
2018-02-24 10:39:36,0.00206490,1.07000000
2018-02-24 10:39:49,0.00206700,103.30000000
2018-02-24 10:39:49,0.00206720,5.00000000
2018-02-24 10:39:49,0.00206720,13.66000000
2018-02-24 10:39:49,0.00206720,4.98000000
2018-02-24 10:39:49,0.00206720,61.79000000
2018-02-24 10:39:53,0.00206260,2.00000000
2018-02-24 10:40:12,0.00206720,10.64000000
2018-02-24 10:40:16,0.00206300,0.49000000
2018-02-24 10:40:40,0.00206320,12.66000000
2018-02-24 10:40:43,0.00206720,2.93000000
2018-02-24 10:40:43,0.00206720,2.17000000
2018-02-24 10:40:43,0.00206720,2.17000000
2018-02-24 10:40:44,0.00206720,4.07000000
2018-02-24 10:40:56,0.00207200,1.07000000
2018-02-24 10:40:57,0.00207200,1.07000000
2018-02-24 10:40:58,0.00207190,1.07000000
2018-02-24 10:40:59,0.00207190,1.07000000
2018-02-24 10:41:13,0.00207240,2.13000000
2018-02-24 10:41:30,0.00206830,8.90000000
2018-02-24 10:41:35,0.00207240,12.89000000
2018-02-24 10:42:23,0.00206830,24.39000000
2018-02-24 10:42:23,0.00206820,2.41000000
2018-02-24 10:42:23,0.00206620,22.60000000
2018-02-24 10:42:23,0.00206520,1.08000000
2018-02-24 10:42:23,0.00206470,6.00000000
2018-02-24 10:42:23,0.00206320,1.06000000
2018-02-24 10:42:23,0.00206310,36.75000000
2018-02-24 10:42:23,0.00206100,53.71000000
2018-02-24 10:42:25,0.00206830,0.49000000
2018-02-24 10:42:31,0.00207130,16.88000000
2018-02-24 10:42:31,0.00207130,6.93000000
2018-02-24 10:42:40,0.00207070,17.87000000
2018-02-24 10:42:47,0.00207050,6.78000000
2018-02-24 10:42:47,0.00207060,17.79000000
2018-02-24 10:43:13,0.00206830,5.00000000
2018-02-24 10:43:17,0.00206990,28.13000000
2018-02-24 10:43:17,0.00207000,14.43000000
2018-02-24 10:43:33,0.00206970,4.74000000
2018-02-24 10:43:47,0.00206930,22.86000000
2018-02-24 10:44:01,0.00206840,2.41000000
2018-02-24 10:44:01,0.00206830,75.00000000
2018-02-24 10:44:01,0.00206110,85.36000000
2018-02-24 10:44:01,0.00206100,159.15000000
2018-02-24 10:44:01,0.00206080,0.93000000
2018-02-24 10:44:01,0.00206070,5.69000000
2018-02-24 10:44:01,0.00206040,60.08000000
2018-02-24 10:44:01,0.00206010,12.00000000
2018-02-24 10:44:01,0.00206000,0.62000000
2018-02-24 10:44:01,0.00205950,32.50000000
2018-02-24 10:44:01,0.00205930,218.26000000
2018-02-24 10:44:01,0.00205900,727.78000000
2018-02-24 10:44:01,0.00205880,73.00000000
2018-02-24 10:44:01,0.00205850,129.55000000
2018-02-24 10:44:01,0.00205750,6.80000000
2018-02-24 10:44:01,0.00205730,73.00000000
2018-02-24 10:44:01,0.00205580,73.00000000
2018-02-24 10:44:01,0.00205510,0.67000000
2018-02-24 10:44:01,0.00205510,10.00000000
2018-02-24 10:44:01,0.00205510,5.00000000
2018-02-24 10:44:01,0.00205510,5.00000000
2018-02-24 10:44:01,0.00205510,29.25000000
2018-02-24 10:44:01,0.00205510,24.38000000
2018-02-24 10:44:01,0.00205510,29.25000000
2018-02-24 10:44:01,0.00205510,29.25000000
2018-02-24 10:44:01,0.00205510,10.00000000
2018-02-24 10:44:01,0.00205510,15.00000000
2018-02-24 10:44:01,0.00205510,29.25000000
2018-02-24 10:44:01,0.00205510,29.25000000
2018-02-24 10:44:01,0.00205510,5.00000000
2018-02-24 10:44:01,0.00205510,5.00000000
2018-02-24 10:44:01,0.00205510,3.18000000
2018-02-24 10:44:01,0.00205510,8.33000000
2018-02-24 10:44:01,0.00205510,3.18000000
2018-02-24 10:44:01,0.00205510,27.37000000
2018-02-24 10:44:01,0.00205510,29.25000000
2018-02-24 10:44:01,0.00205500,5.02000000
2018-02-24 10:44:01,0.00205500,3.01000000
2018-02-24 10:44:01,0.00205500,5.37000000
2018-02-24 10:44:01,0.00205500,36.52000000
2018-02-24 10:44:01,0.00205500,15.20000000
2018-02-24 10:44:01,0.00205500,11.94000000
2018-02-24 10:44:01,0.00205500,3.01000000
2018-02-24 10:44:01,0.00205500,0.64000000
2018-02-24 10:44:01,0.00205500,3.01000000
2018-02-24 10:44:01,0.00205500,2.23000000
2018-02-24 10:44:01,0.00205510,2.21000000
2018-02-24 10:44:02,0.00205510,3.01000000
2018-02-24 10:44:02,0.00205510,34.13000000
2018-02-24 10:44:02,0.00205510,2.13000000
2018-02-24 10:44:02,0.00205510,33.82000000
2018-02-24 10:44:02,0.00205510,4.68000000
2018-02-24 10:44:02,0.00205510,32.85000000
2018-02-24 10:44:02,0.00205510,2.41000000
2018-02-24 10:44:02,0.00205450,10.00000000
2018-02-24 10:44:03,0.00205460,4.00000000
2018-02-24 10:44:03,0.00205510,2.23000000
2018-02-24 10:44:03,0.00205510,9.99000000
2018-02-24 10:44:05,0.00205460,11.10000000
2018-02-24 10:44:06,0.00205460,8.08000000
2018-02-24 10:44:07,0.00205400,29.25000000
2018-02-24 10:44:07,0.00205460,1.17000000
2018-02-24 10:44:07,0.00205460,1.66000000
2018-02-24 10:44:08,0.00205460,1.34000000
2018-02-24 10:44:08,0.00205460,5.20000000
2018-02-24 10:44:08,0.00205460,2.00000000
2018-02-24 10:44:08,0.00205460,1.00000000
2018-02-24 10:44:09,0.00205460,1.97000000
2018-02-24 10:44:09,0.00205410,8.17000000
2018-02-24 10:44:10,0.00205400,3.01000000
2018-02-24 10:44:11,0.00205410,1.30000000
2018-02-24 10:44:12,0.00205400,3.05000000
2018-02-24 10:44:14,0.00205410,19.78000000
2018-02-24 10:44:20,0.00205430,4.68000000
2018-02-24 10:44:20,0.00205440,2.69000000
2018-02-24 10:44:21,0.00205440,14.59000000
2018-02-24 10:44:21,0.00205440,5.96000000
2018-02-24 10:44:22,0.00205440,63.59000000
2018-02-24 10:44:22,0.00205460,24.98000000
2018-02-24 10:44:22,0.00205500,0.93000000
2018-02-24 10:44:23,0.00205510,52.28000000
2018-02-24 10:44:23,0.00205410,10.00000000
2018-02-24 10:44:31,0.00205500,8.33000000
2018-02-24 10:44:32,0.00205420,1.02000000
2018-02-24 10:44:32,0.00205410,43.22000000
2018-02-24 10:44:32,0.00205400,38.99000000
2018-02-24 10:44:32,0.00205020,87.72000000
2018-02-24 10:44:34,0.00205510,67.31000000
2018-02-24 10:44:35,0.00205510,13.92000000
2018-02-24 10:44:36,0.00205510,96.86000000
2018-02-24 10:44:36,0.00205510,7.50000000
2018-02-24 10:44:38,0.00205510,20.02000000
2018-02-24 10:44:38,0.00205510,9.59000000
2018-02-24 10:44:39,0.00205510,55.74000000
2018-02-24 10:44:39,0.00205510,3.99000000
2018-02-24 10:44:40,0.00205510,1.62000000
2018-02-24 10:44:40,0.00205500,3.57000000
2018-02-24 10:44:50,0.00205510,2.21000000
2018-02-24 10:44:52,0.00205510,1.00000000
2018-02-24 10:44:53,0.00205510,0.54000000
2018-02-24 10:44:56,0.00205990,2.21000000
2018-02-24 10:44:58,0.00205980,1.46000000
2018-02-24 10:44:59,0.00205980,0.95000000
2018-02-24 10:44:59,0.00205990,0.20000000
2018-02-24 10:45:08,0.00206090,1.46000000
2018-02-24 10:45:32,0.00206100,5.00000000
2018-02-24 10:45:44,0.00206100,0.79000000
2018-02-24 10:45:51,0.00205780,1.61000000
2018-02-24 10:46:18,0.00206100,0.21000000
2018-02-24 10:46:22,0.00206300,0.79000000
2018-02-24 10:46:46,0.00206300,1.21000000
2018-02-24 10:46:46,0.00206930,3.73000000
2018-02-24 10:46:46,0.00207190,4.88000000
2018-02-24 10:46:46,0.00207220,4.88000000
2018-02-24 10:46:46,0.00207240,0.05000000
2018-02-24 10:46:46,0.00207280,4.83000000
2018-02-24 10:46:46,0.00207290,9.75000000
2018-02-24 10:46:46,0.00207480,280.67000000
2018-02-24 10:46:48,0.00206160,10.00000000
2018-02-24 10:46:54,0.00206700,15.19000000
2018-02-24 10:46:54,0.00206710,19.11000000
2018-02-24 10:46:54,0.00207450,2.98000000
2018-02-24 10:46:54,0.00207470,6.72000000
2018-02-24 10:46:57,0.00206360,1.98000000
2018-02-24 10:46:58,0.00206390,0.21000000
2018-02-24 10:46:59,0.00206400,38.49000000
2018-02-24 10:46:59,0.00206390,21.75000000
2018-02-24 10:46:59,0.00206370,81.81000000
2018-02-24 10:46:59,0.00207400,0.96000000
2018-02-24 10:47:02,0.00206420,14.53000000
2018-02-24 10:47:02,0.00206420,10.29000000
2018-02-24 10:47:02,0.00206410,6.73000000
2018-02-24 10:47:03,0.00206400,4.47000000
2018-02-24 10:47:03,0.00206410,2.16000000
2018-02-24 10:47:04,0.00206420,2.87000000
2018-02-24 10:47:11,0.00207050,17.48000000
2018-02-24 10:47:17,0.00206880,5.44000000
2018-02-24 10:47:34,0.00206430,14.52000000
2018-02-24 10:47:35,0.00206390,7.54000000
2018-02-24 10:47:40,0.00206300,20.00000000
2018-02-24 10:47:42,0.00206300,15.42000000
2018-02-24 10:47:50,0.00206130,4.83000000
2018-02-24 10:47:51,0.00206120,9.40000000
2018-02-24 10:47:54,0.00206120,2.87000000
2018-02-24 10:48:06,0.00206120,9.07000000
2018-02-24 10:48:06,0.00206100,45.34000000
2018-02-24 10:48:06,0.00205780,5.00000000
2018-02-24 10:48:06,0.00205700,24.30000000
2018-02-24 10:48:06,0.00205690,169.11000000
2018-02-24 10:48:06,0.00205660,4.88000000
2018-02-24 10:48:06,0.00205610,19.21000000
2018-02-24 10:48:06,0.00205090,4.88000000
2018-02-24 10:48:06,0.00205030,9.75000000
2018-02-24 10:48:06,0.00205020,14.63000000
2018-02-24 10:48:06,0.00205010,88.18000000
2018-02-24 10:48:06,0.00205000,8.86000000
2018-02-24 10:48:06,0.00204970,2.64000000
2018-02-24 10:48:06,0.00204910,0.57000000
2018-02-24 10:48:06,0.00204870,33.39000000
2018-02-24 10:48:06,0.00204860,11.41000000
2018-02-24 10:48:06,0.00204860,2.13000000
2018-02-24 10:48:06,0.00204860,4.28000000
2018-02-24 10:48:06,0.00204860,5.14000000
2018-02-24 10:48:06,0.00204860,164.87000000
2018-02-24 10:48:06,0.00204860,1.09000000
2018-02-24 10:48:06,0.00204860,0.85000000
2018-02-24 10:48:06,0.00204860,2.08000000
2018-02-24 10:48:06,0.00204860,0.86000000
2018-02-24 10:48:06,0.00204860,1.84000000
2018-02-24 10:48:06,0.00204860,1.11000000
2018-02-24 10:48:06,0.00204860,7.95000000
2018-02-24 10:48:06,0.00204850,0.66000000
2018-02-24 10:48:06,0.00204860,7.31000000
2018-02-24 10:48:06,0.00204860,3.20000000
2018-02-24 10:48:06,0.00204860,15.00000000
2018-02-24 10:48:06,0.00204860,15.00000000
2018-02-24 10:48:06,0.00204860,4.29000000
2018-02-24 10:48:06,0.00204860,21.00000000
2018-02-24 10:48:06,0.00204860,104.95000000
2018-02-24 10:48:06,0.00204860,161.55000000
2018-02-24 10:48:06,0.00204860,16.30000000
2018-02-24 10:48:06,0.00204860,1.65000000
2018-02-24 10:48:06,0.00204860,2.53000000
2018-02-24 10:48:06,0.00204860,5.16000000
2018-02-24 10:48:07,0.00204860,3.47000000
2018-02-24 10:48:07,0.00204860,14.63000000
2018-02-24 10:48:07,0.00204860,1.95000000
2018-02-24 10:48:07,0.00204860,42.78000000
2018-02-24 10:48:07,0.00204860,6.06000000
2018-02-24 10:48:07,0.00204860,1.97000000
2018-02-24 10:48:07,0.00204860,22.58000000
2018-02-24 10:48:07,0.00204860,3.20000000
2018-02-24 10:48:07,0.00204860,16.89000000
2018-02-24 10:48:07,0.00204860,16.89000000
2018-02-24 10:48:07,0.00204860,14.08000000
2018-02-24 10:48:07,0.00204860,16.89000000
2018-02-24 10:48:07,0.00204850,9.84000000
2018-02-24 10:48:07,0.00204860,7.40000000
2018-02-24 10:48:08,0.00204860,22.58000000
2018-02-24 10:48:08,0.00204860,1.50000000
2018-02-24 10:48:08,0.00204860,7.16000000
2018-02-24 10:48:08,0.00204860,8.00000000
2018-02-24 10:48:08,0.00204860,283.95000000
2018-02-24 10:48:08,0.00204860,5.65000000
2018-02-24 10:48:09,0.00204860,113.98000000
2018-02-24 10:48:09,0.00204860,17.33000000
2018-02-24 10:48:09,0.00204860,32.08000000
2018-02-24 10:48:09,0.00204860,16.46000000
2018-02-24 10:48:09,0.00204860,0.07000000
2018-02-24 10:48:09,0.00204860,17.00000000
2018-02-24 10:48:09,0.00204860,17.33000000
2018-02-24 10:48:09,0.00204860,4.07000000
2018-02-24 10:48:09,0.00204860,103.30000000
2018-02-24 10:48:09,0.00204860,39.23000000
2018-02-24 10:48:10,0.00204860,64.00000000
2018-02-24 10:48:10,0.00204860,86.68000000
2018-02-24 10:48:10,0.00204860,24.31000000
2018-02-24 10:48:11,0.00204860,5.00000000
2018-02-24 10:48:11,0.00204860,3.20000000
2018-02-24 10:48:11,0.00204860,86.98000000
2018-02-24 10:48:11,0.00204860,1.97000000
2018-02-24 10:48:11,0.00204860,11.76000000
2018-02-24 10:48:12,0.00204860,2.44000000
2018-02-24 10:48:13,0.00204860,14.62000000
2018-02-24 10:48:13,0.00204860,0.81000000
2018-02-24 10:48:13,0.00204860,14.62000000
2018-02-24 10:48:13,0.00204860,3.72000000
2018-02-24 10:48:13,0.00204860,24.85000000
2018-02-24 10:48:14,0.00204840,5.00000000
2018-02-24 10:48:14,0.00204860,24.28000000
2018-02-24 10:48:14,0.00204860,6.60000000
2018-02-24 10:48:14,0.00204860,21.44000000
2018-02-24 10:48:15,0.00204860,1.97000000
2018-02-24 10:48:16,0.00204860,14.63000000
2018-02-24 10:48:17,0.00204860,14.54000000
2018-02-24 10:48:17,0.00204860,24.28000000
2018-02-24 10:48:18,0.00204860,4.88000000
2018-02-24 10:48:18,0.00204860,8.89000000
2018-02-24 10:48:19,0.00204860,8.00000000
2018-02-24 10:48:19,0.00204860,1.97000000
2018-02-24 10:48:19,0.00204860,105.18000000
2018-02-24 10:48:20,0.00204860,64.00000000
2018-02-24 10:48:20,0.00204860,3.55000000
2018-02-24 10:48:21,0.00204860,17.81000000
2018-02-24 10:48:22,0.00204860,4.00000000
2018-02-24 10:48:23,0.00204860,1.97000000
2018-02-24 10:48:23,0.00204860,41.00000000
2018-02-24 10:48:26,0.00204860,1.48000000
2018-02-24 10:48:26,0.00205010,3.13000000
2018-02-24 10:48:27,0.00205010,30.36000000
2018-02-24 10:48:27,0.00205010,30.06000000
2018-02-24 10:48:31,0.00205010,16.34000000
2018-02-24 10:48:32,0.00205010,1.46000000
2018-02-24 10:48:33,0.00205010,8.92000000
2018-02-24 10:48:35,0.00205010,46.20000000
2018-02-24 10:48:37,0.00205020,7.20000000
2018-02-24 10:48:37,0.00205430,3.41000000
2018-02-24 10:48:38,0.00205420,1.07000000
2018-02-24 10:48:38,0.00205420,3.46000000
2018-02-24 10:48:38,0.00205420,2.67000000
2018-02-24 10:48:38,0.00205430,17.96000000
2018-02-24 10:48:45,0.00205890,1.76000000
2018-02-24 10:48:45,0.00205890,1.25000000
2018-02-24 10:48:48,0.00205870,5.50000000
2018-02-24 10:48:48,0.00205860,16.30000000
2018-02-24 10:48:48,0.00205870,24.56000000
2018-02-24 10:48:49,0.00205870,40.86000000
2018-02-24 10:48:52,0.00205240,48.76000000
2018-02-24 10:48:52,0.00205230,27.26000000
2018-02-24 10:48:52,0.00205030,5.69000000
2018-02-24 10:48:52,0.00205030,13.56000000
2018-02-24 10:48:52,0.00205010,35.20000000
2018-02-24 10:48:53,0.00205850,1.50000000
2018-02-24 10:48:54,0.00205840,7.28000000
2018-02-24 10:48:57,0.00205100,4.46000000
2018-02-24 10:49:03,0.00205130,0.57000000
2018-02-24 10:49:03,0.00205110,146.26000000
2018-02-24 10:49:03,0.00205100,262.19000000
2018-02-24 10:49:05,0.00205640,1.43000000
2018-02-24 10:49:14,0.00205520,40.05000000
2018-02-24 10:49:14,0.00205530,5.10000000
2018-02-24 10:49:14,0.00205550,1.50000000
2018-02-24 10:49:14,0.00205560,24.83000000
2018-02-24 10:49:14,0.00205840,4.47000000
2018-02-24 10:49:14,0.00205850,19.25000000
2018-02-24 10:49:14,0.00206350,183.28000000
2018-02-24 10:49:14,0.00206350,15.00000000
2018-02-24 10:49:14,0.00206350,3.23000000
2018-02-24 10:49:14,0.00206350,190.00000000
2018-02-24 10:49:14,0.00206350,3.23000000
2018-02-24 10:49:14,0.00206350,3.23000000
2018-02-24 10:49:14,0.00206350,74.31000000
2018-02-24 10:49:14,0.00206350,3.22000000
2018-02-24 10:49:14,0.00206350,15.00000000
2018-02-24 10:49:14,0.00206350,44.78000000
2018-02-24 10:49:14,0.00206350,14.53000000
2018-02-24 10:49:16,0.00206360,2.32000000
2018-02-24 10:49:18,0.00206400,4.88000000
2018-02-24 10:49:18,0.00206430,4.83000000
2018-02-24 10:49:18,0.00206460,3.41000000
2018-02-24 10:49:18,0.00206520,2.72000000
2018-02-24 10:49:18,0.00207000,4.88000000
2018-02-24 10:49:18,0.00207060,4.88000000
2018-02-24 10:49:18,0.00207120,6.98000000
2018-02-24 10:49:23,0.00206460,0.78000000
2018-02-24 10:49:31,0.00206520,21.98000000
2018-02-24 10:49:31,0.00206530,311.13000000
2018-02-24 10:49:40,0.00206770,4.74000000
2018-02-24 10:49:42,0.00206370,40.38000000
2018-02-24 10:49:42,0.00206370,4.16000000
2018-02-24 10:49:54,0.00206680,9.69000000
2018-02-24 10:49:55,0.00206380,3.18000000
2018-02-24 10:49:55,0.00206370,5.40000000
2018-02-24 10:49:58,0.00206370,2.64000000
2018-02-24 10:49:58,0.00206360,3.39000000
2018-02-24 10:50:07,0.00206130,2.42000000
2018-02-24 10:50:08,0.00206070,5.37000000
2018-02-24 10:50:51,0.00205330,53.00000000
2018-02-24 10:50:52,0.00205620,12.17000000
2018-02-24 10:51:03,0.00205500,15.00000000
2018-02-24 10:51:04,0.00205500,3.09000000
2018-02-24 10:51:04,0.00205660,0.21000000
2018-02-24 10:51:06,0.00205490,5.07000000
2018-02-24 10:51:07,0.00205480,0.94000000
2018-02-24 10:51:07,0.00205750,2.42000000
2018-02-24 10:51:07,0.00205870,10.25000000
2018-02-24 10:51:08,0.00205170,0.30000000
2018-02-24 10:51:11,0.00205840,14.57000000
2018-02-24 10:51:11,0.00205840,5.43000000
2018-02-24 10:51:11,0.00205850,2.68000000
2018-02-24 10:51:11,0.00205850,9.83000000
2018-02-24 10:51:11,0.00205850,14.55000000
2018-02-24 10:51:11,0.00205850,14.55000000
2018-02-24 10:51:12,0.00205330,4.65000000
2018-02-24 10:51:13,0.00205850,19.70000000
2018-02-24 10:51:17,0.00205450,15.35000000
2018-02-24 10:51:17,0.00205400,0.94000000
2018-02-24 10:51:17,0.00205390,0.70000000
2018-02-24 10:51:19,0.00205850,10.64000000
2018-02-24 10:51:22,0.00205850,12.30000000
2018-02-24 10:51:24,0.00205850,0.39000000
2018-02-24 10:51:33,0.00205850,3.11000000
2018-02-24 10:51:37,0.00205850,3.95000000
2018-02-24 10:51:47,0.00205850,1.02000000
2018-02-24 10:51:48,0.00205850,25.22000000
2018-02-24 10:52:05,0.00205440,36.39000000
2018-02-24 10:52:05,0.00205440,12.28000000
2018-02-24 10:52:05,0.00205430,2.43000000
2018-02-24 10:52:05,0.00205260,13.61000000
2018-02-24 10:52:07,0.00205830,6.24000000
2018-02-24 10:52:12,0.00205310,14.61000000
2018-02-24 10:52:12,0.00205310,7.02000000
2018-02-24 10:52:12,0.00205290,2.24000000
2018-02-24 10:52:12,0.00205280,14.61000000
2018-02-24 10:52:12,0.00205280,14.61000000
2018-02-24 10:52:13,0.00205280,14.61000000
2018-02-24 10:52:13,0.00205280,14.61000000
2018-02-24 10:52:13,0.00205280,26.53000000
2018-02-24 10:52:13,0.00205280,14.61000000
2018-02-24 10:52:14,0.00205740,0.49000000
2018-02-24 10:52:26,0.00205640,33.50000000
2018-02-24 10:52:32,0.00205070,8.49000000
2018-02-24 10:52:37,0.00205520,14.93000000
2018-02-24 10:52:42,0.00205520,0.05000000
2018-02-24 10:52:47,0.00205140,18.40000000
2018-02-24 10:52:49,0.00205150,0.48000000
2018-02-24 10:52:50,0.00205520,22.43000000
2018-02-24 10:52:50,0.00205530,7.82000000
2018-02-24 10:52:50,0.00205870,19.75000000
2018-02-24 10:52:53,0.00206060,2.80000000
2018-02-24 10:52:53,0.00206050,3.67000000
2018-02-24 10:52:56,0.00206060,1.07000000
2018-02-24 10:52:58,0.00205400,0.90000000
2018-02-24 10:52:59,0.00205400,0.04000000
2018-02-24 10:52:59,0.00206030,8.76000000
2018-02-24 10:52:59,0.00206030,1.07000000
2018-02-24 10:53:02,0.00206000,16.13000000
2018-02-24 10:53:02,0.00206010,14.73000000
2018-02-24 10:53:02,0.00206020,2.73000000
2018-02-24 10:53:02,0.00206030,19.40000000
2018-02-24 10:53:02,0.00206080,4.58000000
2018-02-24 10:53:02,0.00206610,6.23000000
2018-02-24 10:53:05,0.00205410,0.70000000
2018-02-24 10:53:05,0.00206600,0.73000000
2018-02-24 10:53:06,0.00206590,2.66000000
2018-02-24 10:53:08,0.00206590,1.94000000
2018-02-24 10:53:09,0.00206590,1.21000000
2018-02-24 10:53:10,0.00205550,4.63000000
2018-02-24 10:53:10,0.00205550,8.27000000
2018-02-24 10:53:10,0.00205570,4.12000000
2018-02-24 10:53:12,0.00206580,1.07000000
2018-02-24 10:53:12,0.00205610,0.39000000
2018-02-24 10:53:14,0.00206560,2.14000000
2018-02-24 10:53:14,0.00206570,0.70000000
2018-02-24 10:53:14,0.00206590,37.16000000
2018-02-24 10:53:24,0.00206680,1.07000000
2018-02-24 10:53:24,0.00206680,1.07000000
2018-02-24 10:53:27,0.00206670,2.14000000
2018-02-24 10:53:27,0.00206690,2.69000000
2018-02-24 10:53:31,0.00206110,14.55000000
2018-02-24 10:53:31,0.00206110,13.00000000
2018-02-24 10:53:36,0.00206680,17.16000000
2018-02-24 10:53:36,0.00206690,34.84000000
2018-02-24 10:53:45,0.00206690,20.00000000
2018-02-24 10:53:50,0.00206680,4.83000000
2018-02-24 10:53:54,0.00206680,5.90000000
2018-02-24 10:54:02,0.00206680,21.26000000
2018-02-24 10:54:22,0.00206190,4.00000000
2018-02-24 10:54:34,0.00206190,8.69000000
2018-02-24 10:54:34,0.00206190,8.68000000
2018-02-24 10:54:34,0.00206190,10.00000000
2018-02-24 10:54:36,0.00206580,5.12000000
2018-02-24 10:54:48,0.00206540,26.32000000
2018-02-24 10:54:48,0.00206550,2.42000000
2018-02-24 10:54:48,0.00206570,2.42000000
2018-02-24 10:54:48,0.00206580,5.00000000
2018-02-24 10:54:48,0.00206670,2.70000000
2018-02-24 10:54:48,0.00206680,28.13000000
2018-02-24 10:55:01,0.00206680,7.10000000
2018-02-24 10:55:19,0.00206680,14.96000000
2018-02-24 10:55:26,0.00206680,3.32000000
2018-02-24 10:55:27,0.00206680,4.78000000
2018-02-24 10:55:37,0.00206680,35.07000000
2018-02-24 10:55:54,0.00206670,20.00000000
2018-02-24 10:56:08,0.00206670,11.87000000
2018-02-24 10:56:17,0.00206670,12.12000000
2018-02-24 10:56:21,0.00206670,1.45000000
2018-02-24 10:56:38,0.00206670,17.24000000
2018-02-24 10:57:04,0.00206260,10.09000000
2018-02-24 10:57:04,0.00206150,6.00000000
2018-02-24 10:57:04,0.00205980,22.81000000
2018-02-24 10:57:12,0.00206110,2.20000000
2018-02-24 10:57:13,0.00206550,2.41000000
2018-02-24 10:57:22,0.00206540,11.83000000
2018-02-24 10:57:32,0.00206490,2.20000000
2018-02-24 10:57:32,0.00206530,2.78000000
2018-02-24 10:57:37,0.00206480,10.94000000
2018-02-24 10:57:41,0.00206130,4.83000000
2018-02-24 10:57:41,0.00206120,2.40000000
2018-02-24 10:57:41,0.00206110,50.00000000
2018-02-24 10:57:48,0.00206110,58.01000000
2018-02-24 10:57:48,0.00206480,0.04000000
2018-02-24 10:57:48,0.00206480,4.48000000
2018-02-24 10:57:48,0.00206480,14.52000000
2018-02-24 10:57:48,0.00206480,14.52000000
2018-02-24 10:57:50,0.00206480,30.02000000
2018-02-24 10:58:02,0.00206480,44.55000000
2018-02-24 10:58:02,0.00206590,6.00000000
2018-02-24 10:58:03,0.00206660,2.00000000
2018-02-24 10:58:07,0.00206660,5.57000000
2018-02-24 10:58:08,0.00206670,99.00000000
2018-02-24 10:58:10,0.00206660,8.84000000
2018-02-24 10:58:16,0.00206670,2.50000000
2018-02-24 10:58:21,0.00206670,282.79000000
2018-02-24 10:58:26,0.00206660,43.99000000
2018-02-24 10:59:08,0.00206610,2.41000000
2018-02-24 10:59:08,0.00206620,4.83000000
2018-02-24 10:59:08,0.00206660,81.15000000
2018-02-24 10:59:08,0.00206670,21.99000000
2018-02-24 10:59:14,0.00206240,5.00000000
2018-02-24 10:59:24,0.00206670,8.82000000
2018-02-24 10:59:33,0.00206670,115.64000000
2018-02-24 10:59:36,0.00206670,31.58000000
