DATE,PRICE,VOLUME
2018-02-24 19:00:11,0.00210740,5.00000000
2018-02-24 19:00:12,0.00210740,0.32000000
2018-02-24 19:00:28,0.00210740,42.13000000
2018-02-24 19:00:29,0.00210730,6.79000000
2018-02-24 19:00:33,0.00211150,48.76000000
2018-02-24 19:00:33,0.00211150,4.16000000
2018-02-24 19:01:30,0.00211140,39.67000000
2018-02-24 19:01:36,0.00211160,37.51000000
2018-02-24 19:01:37,0.00210730,2.23000000
2018-02-24 19:01:48,0.00210560,2.37000000
2018-02-24 19:02:00,0.00210560,1.24000000
2018-02-24 19:02:02,0.00210560,6.20000000
2018-02-24 19:02:22,0.00210560,0.80000000
2018-02-24 19:02:38,0.00210960,4.74000000
2018-02-24 19:03:05,0.00210940,12.03000000
2018-02-24 19:03:05,0.00210950,6.33000000
2018-02-24 19:03:19,0.00210960,6.75000000
2018-02-24 19:03:31,0.00210950,4.95000000
2018-02-24 19:03:38,0.00210950,0.02000000
2018-02-24 19:03:38,0.00210580,7.08000000
2018-02-24 19:03:43,0.00210580,1.20000000
2018-02-24 19:03:49,0.00210960,23.63000000
2018-02-24 19:03:49,0.00210980,2.00000000
2018-02-24 19:03:49,0.00210980,0.37000000
2018-02-24 19:03:49,0.00210960,1.71000000
2018-02-24 19:03:49,0.00211030,3.00000000
2018-02-24 19:04:02,0.00210960,12.29000000
2018-02-24 19:04:02,0.00210580,1.52000000
2018-02-24 19:04:02,0.00210560,10.53000000
2018-02-24 19:04:15,0.00210610,2.37000000
2018-02-24 19:04:15,0.00210580,1.73000000
2018-02-24 19:04:27,0.00210990,1.99000000
2018-02-24 19:04:35,0.00210990,10.27000000
2018-02-24 19:04:35,0.00211000,23.18000000
2018-02-24 19:04:35,0.00210580,0.73000000
2018-02-24 19:05:02,0.00211000,26.82000000
2018-02-24 19:05:02,0.00211020,4.22000000
2018-02-24 19:05:02,0.00211030,63.84000000
2018-02-24 19:05:02,0.00211200,121.95000000
2018-02-24 19:05:18,0.00210710,3.60000000
2018-02-24 19:05:20,0.00211190,0.03000000
2018-02-24 19:05:44,0.00210770,1.00000000
2018-02-24 19:06:02,0.00210780,1.74000000
2018-02-24 19:06:13,0.00211180,2.50000000
2018-02-24 19:07:04,0.00210760,1.24000000
2018-02-24 19:07:07,0.00210760,1.00000000
2018-02-24 19:07:58,0.00210790,6.73000000
2018-02-24 19:07:58,0.00210780,31.14000000
2018-02-24 19:08:46,0.00210990,0.50000000
2018-02-24 19:09:08,0.00210990,54.99000000
2018-02-24 19:09:23,0.00211000,38.96000000
2018-02-24 19:09:30,0.00210990,14.21000000
2018-02-24 19:09:30,0.00210990,14.21000000
2018-02-24 19:09:31,0.00210990,14.21000000
2018-02-24 19:09:31,0.00210990,13.77000000
2018-02-24 19:09:53,0.00211000,23.94000000
2018-02-24 19:09:54,0.00210990,0.10000000
2018-02-24 19:10:03,0.00211000,0.01000000
2018-02-24 19:10:06,0.00211000,0.93000000
2018-02-24 19:10:06,0.00210990,10.07000000
2018-02-24 19:10:12,0.00210990,2.70000000
2018-02-24 19:11:15,0.00210990,3.30000000
2018-02-24 19:11:44,0.00211170,19.00000000
2018-02-24 19:11:45,0.00211170,0.58000000
2018-02-24 19:11:59,0.00211000,2.32000000
2018-02-24 19:12:00,0.00211170,1.89000000
2018-02-24 19:12:01,0.00211170,1.38000000
2018-02-24 19:12:09,0.00211200,62.57000000
2018-02-24 19:12:16,0.00211200,41.72000000
2018-02-24 19:12:18,0.00211170,3.30000000
2018-02-24 19:12:34,0.00211170,3.00000000
2018-02-24 19:12:42,0.00211170,1.00000000
2018-02-24 19:13:05,0.00211200,118.33000000
2018-02-24 19:13:14,0.00211180,2.50000000
2018-02-24 19:13:24,0.00211190,16.96000000
2018-02-24 19:13:24,0.00211190,3.14000000
2018-02-24 19:13:30,0.00211180,0.30000000
2018-02-24 19:13:37,0.00211180,9.24000000
2018-02-24 19:13:44,0.00210990,0.66000000
2018-02-24 19:14:30,0.00211000,1.00000000
2018-02-24 19:14:47,0.00211000,12.44000000
2018-02-24 19:15:15,0.00211000,12.00000000
2018-02-24 19:15:42,0.00210990,12.79000000
2018-02-24 19:15:52,0.00211000,1.00000000
2018-02-24 19:16:26,0.00211000,4.00000000
2018-02-24 19:16:26,0.00211180,1.53000000
2018-02-24 19:16:34,0.00211000,0.48000000
2018-02-24 19:16:34,0.00211180,100.90000000
2018-02-24 19:16:59,0.00211180,6.47000000
2018-02-24 19:17:06,0.00211180,0.49000000
2018-02-24 19:17:12,0.00211000,0.85000000
2018-02-24 19:17:13,0.00211000,1.60000000
2018-02-24 19:17:54,0.00211000,20.87000000
2018-02-24 19:18:09,0.00211000,1.50000000
2018-02-24 19:18:59,0.00211000,6.25000000
2018-02-24 19:19:09,0.00211000,0.63000000
2018-02-24 19:20:01,0.00211010,0.50000000
2018-02-24 19:20:39,0.00211010,9.56000000
2018-02-24 19:20:40,0.00211000,6.08000000
2018-02-24 19:21:08,0.00211010,28.53000000
2018-02-24 19:21:11,0.00211010,50.00000000
2018-02-24 19:21:36,0.00211010,11.19000000
2018-02-24 19:21:36,0.00211010,0.56000000
2018-02-24 19:21:39,0.00211010,6.58000000
2018-02-24 19:21:40,0.00211010,82.46000000
2018-02-24 19:21:40,0.00211000,28.24000000
2018-02-24 19:21:40,0.00210990,23.46000000
2018-02-24 19:21:40,0.00210760,0.13000000
2018-02-24 19:21:40,0.00210710,39.45000000
2018-02-24 19:21:40,0.00210560,99.99000000
2018-02-24 19:21:40,0.00210580,16.39000000
2018-02-24 19:21:44,0.00210580,1.20000000
2018-02-24 19:21:48,0.00210580,0.58000000
2018-02-24 19:21:54,0.00210580,6.74000000
2018-02-24 19:21:57,0.00211010,0.48000000
2018-02-24 19:22:00,0.00211000,0.30000000
2018-02-24 19:22:04,0.00210580,3.00000000
2018-02-24 19:22:26,0.00210570,5.00000000
2018-02-24 19:22:43,0.00210950,10.88000000
2018-02-24 19:22:43,0.00210950,1.97000000
2018-02-24 19:22:43,0.00210950,20.06000000
2018-02-24 19:22:43,0.00210960,0.83000000
2018-02-24 19:22:43,0.00210990,0.48000000
2018-02-24 19:22:43,0.00211000,12.81000000
2018-02-24 19:22:44,0.00210960,1.14000000
2018-02-24 19:22:44,0.00210950,2.37000000
2018-02-24 19:23:27,0.00210570,0.01000000
2018-02-24 19:24:24,0.00210570,2.74000000
2018-02-24 19:24:41,0.00210570,6.32000000
2018-02-24 19:24:54,0.00210570,14.22000000
2018-02-24 19:24:54,0.00210570,12.23000000
2018-02-24 19:24:54,0.00210570,12.25000000
2018-02-24 19:24:56,0.00210570,0.20000000
2018-02-24 19:25:25,0.00210570,135.74000000
2018-02-24 19:25:25,0.00210750,43.74000000
2018-02-24 19:25:25,0.00210560,2.56000000
2018-02-24 19:25:46,0.00210570,5.62000000
2018-02-24 19:25:46,0.00211000,6.67000000
2018-02-24 19:25:46,0.00211000,1.84000000
2018-02-24 19:25:53,0.00211000,2.37000000
2018-02-24 19:26:11,0.00210990,0.58000000
2018-02-24 19:26:45,0.00210950,0.50000000
2018-02-24 19:26:48,0.00210970,21.08000000
2018-02-24 19:27:12,0.00210980,3.23000000
2018-02-24 19:27:16,0.00210990,18.95000000
2018-02-24 19:27:24,0.00210980,3.77000000
2018-02-24 19:27:24,0.00210970,0.56000000
2018-02-24 19:27:24,0.00210550,2.37000000
2018-02-24 19:27:24,0.00210520,3.30000000
2018-02-24 19:27:34,0.00210980,2.37000000
2018-02-24 19:27:34,0.00210990,14.79000000
2018-02-24 19:28:43,0.00210990,2.87000000
2018-02-24 19:29:00,0.00211000,94.78000000
2018-02-24 19:29:03,0.00210990,12.76000000
2018-02-24 19:29:19,0.00210990,15.51000000
2018-02-24 19:29:25,0.00210990,0.54000000
2018-02-24 19:29:47,0.00210990,2.56000000
2018-02-24 19:30:13,0.00211000,3.08000000
2018-02-24 19:30:16,0.00210990,4.78000000
2018-02-24 19:31:12,0.00210990,2.14000000
2018-02-24 19:31:20,0.00210990,0.58000000
2018-02-24 19:31:34,0.00210990,1.50000000
2018-02-24 19:31:38,0.00210990,30.73000000
2018-02-24 19:32:10,0.00211000,22.07000000
2018-02-24 19:32:33,0.00210990,8.43000000
2018-02-24 19:32:57,0.00210990,2.83000000
2018-02-24 19:33:26,0.00211000,4.00000000
2018-02-24 19:33:33,0.00210990,7.00000000
2018-02-24 19:33:41,0.00211000,59.33000000
2018-02-24 19:34:01,0.00211000,31.01000000
2018-02-24 19:34:01,0.00211000,2.41000000
2018-02-24 19:34:57,0.00211000,0.50000000
2018-02-24 19:35:08,0.00211000,26.10000000
2018-02-24 19:35:08,0.00210990,4.92000000
2018-02-24 19:35:11,0.00210990,21.30000000
2018-02-24 19:35:38,0.00211000,3.52000000
2018-02-24 19:35:41,0.00210990,72.69000000
2018-02-24 19:36:27,0.00210990,1.50000000
2018-02-24 19:37:06,0.00210990,1.47000000
2018-02-24 19:37:08,0.00210990,0.54000000
2018-02-24 19:37:15,0.00210990,2.66000000
2018-02-24 19:37:15,0.00210610,1.50000000
2018-02-24 19:37:15,0.00210580,34.81000000
2018-02-24 19:37:15,0.00210560,2.37000000
2018-02-24 19:37:15,0.00210480,23.28000000
2018-02-24 19:37:15,0.00210470,12.21000000
2018-02-24 19:37:15,0.00210390,1.42000000
2018-02-24 19:37:15,0.00210300,1.46000000
2018-02-24 19:37:15,0.00210270,0.72000000
2018-02-24 19:37:15,0.00210220,11.37000000
2018-02-24 19:37:15,0.00210170,28.51000000
2018-02-24 19:37:15,0.00210160,254.23000000
2018-02-24 19:37:20,0.00210270,2.40000000
2018-02-24 19:37:33,0.00210390,7.84000000
2018-02-24 19:38:14,0.00210390,8.62000000
2018-02-24 19:38:14,0.00210040,1.28000000
2018-02-24 19:38:14,0.00210020,3.97000000
2018-02-24 19:38:14,0.00210000,44.88000000
2018-02-24 19:38:14,0.00210000,58.75000000
2018-02-24 19:38:25,0.00210650,5.07000000
2018-02-24 19:38:26,0.00210650,0.83000000
2018-02-24 19:38:34,0.00210610,1.33000000
2018-02-24 19:38:44,0.00210550,3.01000000
2018-02-24 19:38:44,0.00210560,2.37000000
2018-02-24 19:38:49,0.00210650,1.42000000
2018-02-24 19:38:58,0.00210700,2.00000000
2018-02-24 19:39:59,0.00210700,3.70000000
2018-02-24 19:40:03,0.00210910,0.70000000
2018-02-24 19:40:07,0.00210840,1.00000000
2018-02-24 19:41:12,0.00210910,0.02000000
2018-02-24 19:41:12,0.00210990,1.50000000
2018-02-24 19:41:12,0.00211000,15.68000000
2018-02-24 19:41:12,0.00211160,12.87000000
2018-02-24 19:41:21,0.00211160,3.68000000
2018-02-24 19:42:55,0.00211100,34.80000000
2018-02-24 19:42:55,0.00211100,47.10000000
2018-02-24 19:43:22,0.00211000,5.95000000
2018-02-24 19:43:22,0.00210760,3.79000000
2018-02-24 19:43:22,0.00210730,2.37000000
2018-02-24 19:43:22,0.00210650,23.38000000
2018-02-24 19:43:22,0.00210610,32.44000000
2018-02-24 19:43:22,0.00210160,45.61000000
2018-02-24 19:43:22,0.00210150,106.41000000
2018-02-24 19:43:22,0.00210140,1460.68000000
2018-02-24 19:43:53,0.00211000,9.57000000
2018-02-24 19:43:55,0.00210480,2.37000000
2018-02-24 19:43:55,0.00210470,26.06000000
2018-02-24 19:44:20,0.00210940,31.86000000
2018-02-24 19:44:25,0.00210940,4.00000000
2018-02-24 19:44:35,0.00210510,0.50000000
2018-02-24 19:45:38,0.00210700,0.58000000
2018-02-24 19:45:46,0.00210700,0.48000000
2018-02-24 19:45:49,0.00211110,1.20000000
2018-02-24 19:46:07,0.00210910,5.31000000
2018-02-24 19:46:07,0.00210910,6.37000000
2018-02-24 19:46:07,0.00210910,4.01000000
2018-02-24 19:46:10,0.00210910,0.58000000
2018-02-24 19:46:23,0.00210850,11.33000000
2018-02-24 19:46:33,0.00210850,41.28000000
2018-02-24 19:46:33,0.00210850,6.50000000
2018-02-24 19:47:13,0.00211110,0.01000000
2018-02-24 19:47:17,0.00211100,20.16000000
2018-02-24 19:47:17,0.00211100,1.37000000
2018-02-24 19:47:19,0.00211100,6.52000000
2018-02-24 19:47:19,0.00211100,1.78000000
2018-02-24 19:47:19,0.00211100,6.54000000
2018-02-24 19:47:19,0.00211100,24.03000000
2018-02-24 19:47:24,0.00211100,2.37000000
2018-02-24 19:47:52,0.00211070,1.50000000
2018-02-24 19:48:53,0.00210850,0.48000000
2018-02-24 19:48:53,0.00210670,0.23000000
2018-02-24 19:49:02,0.00211000,0.65000000
2018-02-24 19:49:22,0.00211010,9.83000000
2018-02-24 19:49:27,0.00211010,193.68000000
2018-02-24 19:49:29,0.00211010,53.00000000
2018-02-24 19:49:41,0.00211020,23.31000000
2018-02-24 19:49:43,0.00211010,2.35000000
2018-02-24 19:49:52,0.00211010,75.28000000
2018-02-24 19:50:12,0.00211010,7.00000000
2018-02-24 19:50:15,0.00211010,17.36000000
2018-02-24 19:50:15,0.00210670,6.27000000
2018-02-24 19:50:24,0.00210670,42.61000000
2018-02-24 19:50:24,0.00210670,12.23000000
2018-02-24 19:50:32,0.00211010,13.51000000
2018-02-24 19:50:55,0.00211000,1.50000000
2018-02-24 19:50:55,0.00211010,0.21000000
2018-02-24 19:52:27,0.00211010,0.92000000
2018-02-24 19:53:00,0.00210680,0.90000000
2018-02-24 19:53:23,0.00211010,0.93000000
2018-02-24 19:53:55,0.00211010,0.60000000
2018-02-24 19:54:19,0.00210950,2.09000000
2018-02-24 19:54:59,0.00210680,2.00000000
2018-02-24 19:55:03,0.00210680,11.10000000
2018-02-24 19:55:03,0.00210670,48.88000000
2018-02-24 19:56:00,0.00210680,0.58000000
2018-02-24 19:56:08,0.00210680,23.50000000
2018-02-24 19:56:16,0.00210680,1.69000000
2018-02-24 19:56:18,0.00210680,9.60000000
2018-02-24 19:56:25,0.00210680,7.27000000
2018-02-24 19:56:26,0.00210680,1.87000000
2018-02-24 19:56:26,0.00210680,31.23000000
2018-02-24 19:56:26,0.00210680,8.65000000
2018-02-24 19:56:28,0.00210940,58.57000000
2018-02-24 19:56:30,0.00211000,1.95000000
2018-02-24 19:56:30,0.00211000,1.30000000
2018-02-24 19:56:30,0.00211010,1.96000000
2018-02-24 19:56:30,0.00211010,1.95000000
2018-02-24 19:56:32,0.00211010,3.99000000
2018-02-24 19:56:48,0.00210700,1.27000000
2018-02-24 19:56:48,0.00210700,6.64000000
2018-02-24 19:57:24,0.00210810,1.77000000
2018-02-24 19:57:26,0.00211010,2.16000000
2018-02-24 19:57:37,0.00211010,18.78000000
2018-02-24 19:58:01,0.00210810,1.67000000
2018-02-24 19:58:18,0.00211010,6.77000000
2018-02-24 19:58:18,0.00211010,2.43000000
2018-02-24 19:59:05,0.00210810,1.73000000
2018-02-24 19:59:32,0.00210810,0.58000000
2018-02-24 19:59:37,0.00210810,8.34000000
2018-02-24 19:59:38,0.00210810,0.56000000
2018-02-24 19:59:39,0.00210800,1.06000000
2018-02-24 19:59:39,0.00210670,311.94000000
