DATE,PRICE,VOLUME
2018-02-23 20:00:10,0.00217310,5.36000000
2018-02-23 20:00:13,0.00217660,1.15000000
2018-02-23 20:00:13,0.00217660,4.11000000
2018-02-23 20:00:13,0.00217670,3.50000000
2018-02-23 20:00:15,0.00217340,1.28000000
2018-02-23 20:00:17,0.00217650,6.14000000
2018-02-23 20:00:17,0.00217760,6.13000000
2018-02-23 20:00:18,0.00217750,1.28000000
2018-02-23 20:00:18,0.00217760,1.93000000
2018-02-23 20:00:18,0.00217840,7.29000000
2018-02-23 20:00:24,0.00217650,1.78000000
2018-02-23 20:00:27,0.00217840,15.01000000
2018-02-23 20:00:28,0.00217840,3.18000000
2018-02-23 20:00:41,0.00217650,0.22000000
2018-02-23 20:00:41,0.00217510,8.28000000
2018-02-23 20:00:41,0.00217300,22.91000000
2018-02-23 20:00:41,0.00217270,5.51000000
2018-02-23 20:00:41,0.00217260,8.53000000
2018-02-23 20:00:41,0.00217060,14.32000000
2018-02-23 20:00:41,0.00217000,15.00000000
2018-02-23 20:00:41,0.00216900,17.00000000
2018-02-23 20:00:41,0.00216650,4.50000000
2018-02-23 20:00:41,0.00216580,19.48000000
2018-02-23 20:00:41,0.00216500,5.00000000
2018-02-23 20:00:41,0.00216390,111.84000000
2018-02-23 20:00:41,0.00216360,18.62000000
2018-02-23 20:00:41,0.00216340,18.79000000
2018-02-23 20:00:41,0.00216280,115.29000000
2018-02-23 20:00:41,0.00216250,60.28000000
2018-02-23 20:00:41,0.00216240,692.98000000
2018-02-23 20:00:41,0.00216140,20.94000000
2018-02-23 20:00:41,0.00216120,46.00000000
2018-02-23 20:00:41,0.00215920,17.48000000
2018-02-23 20:00:41,0.00215770,21.43000000
2018-02-23 20:00:41,0.00215760,12.96000000
2018-02-23 20:00:41,0.00215670,0.91000000
2018-02-23 20:00:41,0.00215520,17.58000000
2018-02-23 20:00:41,0.00215510,2.00000000
2018-02-23 20:00:41,0.00215500,39.28000000
2018-02-23 20:00:41,0.00215460,24.72000000
2018-02-23 20:00:41,0.00215440,0.92000000
2018-02-23 20:00:41,0.00215420,15.00000000
2018-02-23 20:00:41,0.00215300,48.45000000
2018-02-23 20:00:41,0.00215290,0.55000000
2018-02-23 20:00:41,0.00215240,17.14000000
2018-02-23 20:00:41,0.00215150,2.64000000
2018-02-23 20:00:41,0.00215090,340.30000000
2018-02-23 20:00:41,0.00215080,24.66000000
2018-02-23 20:00:41,0.00215060,77.66000000
2018-02-23 20:00:41,0.00215020,21.41000000
2018-02-23 20:00:41,0.00215010,119.15000000
2018-02-23 20:00:41,0.00215010,9.57000000
2018-02-23 20:00:41,0.00215000,11.91000000
2018-02-23 20:00:41,0.00215000,23.57000000
2018-02-23 20:00:41,0.00215000,120.00000000
2018-02-23 20:00:41,0.00217000,9.78000000
2018-02-23 20:00:41,0.00217000,13.63000000
2018-02-23 20:00:42,0.00217200,5.85000000
2018-02-23 20:00:42,0.00217300,2.87000000
2018-02-23 20:00:42,0.00216750,0.91000000
2018-02-23 20:00:42,0.00217300,4.27000000
2018-02-23 20:00:42,0.00217350,7.80000000
2018-02-23 20:00:42,0.00216970,0.55000000
2018-02-23 20:00:43,0.00217330,13.79000000
2018-02-23 20:00:43,0.00217340,10.05000000
2018-02-23 20:00:43,0.00217350,15.11000000
2018-02-23 20:00:43,0.00217360,4.32000000
2018-02-23 20:00:43,0.00217420,5.37000000
2018-02-23 20:00:43,0.00217420,0.69000000
2018-02-23 20:00:43,0.00216420,2.49000000
2018-02-23 20:00:44,0.00217420,5.61000000
2018-02-23 20:00:47,0.00217200,1.70000000
2018-02-23 20:00:47,0.00217220,4.50000000
2018-02-23 20:00:47,0.00217470,0.70000000
2018-02-23 20:00:47,0.00217470,1.38000000
2018-02-23 20:00:49,0.00217470,0.07000000
2018-02-23 20:00:56,0.00217390,28.41000000
2018-02-23 20:00:56,0.00217440,2.49000000
2018-02-23 20:00:57,0.00217450,1.56000000
2018-02-23 20:00:58,0.00217450,2.94000000
2018-02-23 20:00:58,0.00217470,0.25000000
2018-02-23 20:01:06,0.00217440,4.25000000
2018-02-23 20:01:09,0.00217440,4.39000000
2018-02-23 20:01:11,0.00217440,4.57000000
2018-02-23 20:01:27,0.00217440,0.19000000
2018-02-23 20:01:27,0.00217440,3.60000000
2018-02-23 20:01:37,0.00217400,4.84000000
2018-02-23 20:01:38,0.00217400,10.00000000
2018-02-23 20:01:44,0.00217400,9.19000000
2018-02-23 20:01:56,0.00217400,3.64000000
2018-02-23 20:01:59,0.00217070,1.85000000
2018-02-23 20:02:01,0.00217160,9.17000000
2018-02-23 20:02:02,0.00217160,1.24000000
2018-02-23 20:02:03,0.00217160,3.34000000
2018-02-23 20:02:04,0.00217150,1.05000000
2018-02-23 20:02:05,0.00217150,2.76000000
2018-02-23 20:02:05,0.00217150,39.77000000
2018-02-23 20:02:08,0.00217140,1.38000000
2018-02-23 20:02:09,0.00217140,0.47000000
2018-02-23 20:02:09,0.00217150,0.68000000
2018-02-23 20:02:16,0.00217150,2.76000000
2018-02-23 20:02:18,0.00217150,3.36000000
2018-02-23 20:02:19,0.00217150,17.08000000
2018-02-23 20:02:23,0.00217050,2.07000000
2018-02-23 20:02:23,0.00217150,0.03000000
2018-02-23 20:02:24,0.00217150,0.64000000
2018-02-23 20:02:24,0.00217150,61.58000000
2018-02-23 20:02:33,0.00217100,0.71000000
2018-02-23 20:02:33,0.00217110,7.70000000
2018-02-23 20:02:34,0.00217130,2.29000000
2018-02-23 20:02:35,0.00216830,5.00000000
2018-02-23 20:02:35,0.00216810,5.18000000
2018-02-23 20:02:35,0.00216800,13.83000000
2018-02-23 20:02:35,0.00216550,6.13000000
2018-02-23 20:02:38,0.00217100,1.03000000
2018-02-23 20:02:40,0.00217060,5.34000000
2018-02-23 20:02:40,0.00217060,7.46000000
2018-02-23 20:02:40,0.00217070,5.18000000
2018-02-23 20:02:40,0.00217090,6.13000000
2018-02-23 20:02:40,0.00217130,0.01000000
2018-02-23 20:02:40,0.00217150,173.01000000
2018-02-23 20:02:44,0.00217070,5.10000000
2018-02-23 20:02:45,0.00217150,91.65000000
2018-02-23 20:02:46,0.00217150,2.73000000
2018-02-23 20:02:47,0.00217140,3.04000000
2018-02-23 20:02:48,0.00217140,11.98000000
2018-02-23 20:02:50,0.00217100,2.83000000
2018-02-23 20:02:53,0.00217070,5.85000000
2018-02-23 20:02:54,0.00217070,1.08000000
2018-02-23 20:02:54,0.00217100,16.72000000
2018-02-23 20:02:58,0.00217100,2.81000000
2018-02-23 20:03:02,0.00217150,4.58000000
2018-02-23 20:03:05,0.00217080,16.08000000
2018-02-23 20:03:07,0.00217070,0.83000000
2018-02-23 20:03:08,0.00217070,61.62000000
2018-02-23 20:03:08,0.00217070,13.50000000
2018-02-23 20:03:11,0.00217050,5.00000000
2018-02-23 20:03:14,0.00217070,10.50000000
2018-02-23 20:03:15,0.00217070,5.25000000
2018-02-23 20:03:15,0.00217070,39.88000000
2018-02-23 20:03:18,0.00217070,8.87000000
2018-02-23 20:03:18,0.00217070,10.22000000
2018-02-23 20:03:22,0.00217070,35.82000000
2018-02-23 20:03:27,0.00217070,15.53000000
2018-02-23 20:03:27,0.00217150,10.22000000
2018-02-23 20:03:27,0.00217160,14.13000000
2018-02-23 20:03:36,0.00217070,3.10000000
2018-02-23 20:03:36,0.00217070,3.10000000
2018-02-23 20:03:37,0.00217070,3.80000000
2018-02-23 20:03:37,0.00217160,36.10000000
2018-02-23 20:03:39,0.00216840,4.92000000
2018-02-23 20:03:39,0.00216830,0.08000000
2018-02-23 20:03:45,0.00217150,4.92000000
2018-02-23 20:03:54,0.00216870,4.92000000
2018-02-23 20:03:54,0.00216860,1.31000000
2018-02-23 20:03:54,0.00216840,3.55000000
2018-02-23 20:03:54,0.00216720,0.22000000
2018-02-23 20:03:55,0.00217120,4.92000000
2018-02-23 20:03:55,0.00217130,2.30000000
2018-02-23 20:03:55,0.00217160,16.06000000
2018-02-23 20:03:57,0.00217160,0.11000000
2018-02-23 20:04:01,0.00217160,28.43000000
2018-02-23 20:04:11,0.00216840,4.93000000
2018-02-23 20:04:11,0.00216830,13.53000000
2018-02-23 20:04:11,0.00216500,23.14000000
2018-02-23 20:04:11,0.00216490,4.50000000
2018-02-23 20:04:11,0.00216190,0.81000000
2018-02-23 20:04:11,0.00216060,2.52000000
2018-02-23 20:04:11,0.00215470,7.23000000
2018-02-23 20:04:13,0.00215600,46.39000000
2018-02-23 20:04:13,0.00215590,0.86000000
2018-02-23 20:04:13,0.00216740,2.41000000
2018-02-23 20:04:14,0.00216730,0.01000000
2018-02-23 20:04:15,0.00216700,0.92000000
2018-02-23 20:04:15,0.00216700,2.31000000
2018-02-23 20:04:17,0.00216670,1.56000000
2018-02-23 20:04:17,0.00216660,1.15000000
2018-02-23 20:04:17,0.00216660,0.01000000
2018-02-23 20:04:18,0.00216660,2.00000000
2018-02-23 20:04:18,0.00216660,3.46000000
2018-02-23 20:04:18,0.00216650,2.31000000
2018-02-23 20:04:18,0.00216640,2.29000000
2018-02-23 20:04:18,0.00216630,1.57000000
2018-02-23 20:04:18,0.00216630,0.83000000
2018-02-23 20:04:19,0.00216620,1.15000000
2018-02-23 20:04:20,0.00216610,1.15000000
2018-02-23 20:04:20,0.00216610,4.83000000
2018-02-23 20:04:21,0.00216590,4.66000000
2018-02-23 20:04:21,0.00216580,1.11000000
2018-02-23 20:04:21,0.00216580,1.15000000
2018-02-23 20:04:22,0.00216580,1.83000000
2018-02-23 20:04:22,0.00216580,9.74000000
2018-02-23 20:04:22,0.00216590,7.14000000
2018-02-23 20:04:22,0.00216590,1.15000000
2018-02-23 20:04:24,0.00216570,0.55000000
2018-02-23 20:04:26,0.00216560,1.15000000
2018-02-23 20:04:26,0.00216550,1.99000000
2018-02-23 20:04:26,0.00216550,0.10000000
2018-02-23 20:04:26,0.00216560,1.28000000
2018-02-23 20:04:27,0.00216750,4.50000000
2018-02-23 20:04:27,0.00216840,8.58000000
2018-02-23 20:04:28,0.00216830,1.71000000
2018-02-23 20:04:29,0.00216220,2.77000000
2018-02-23 20:04:29,0.00216170,4.94000000
2018-02-23 20:04:29,0.00216160,2.76000000
2018-02-23 20:04:30,0.00216770,0.55000000
2018-02-23 20:04:30,0.00216770,1.38000000
2018-02-23 20:04:31,0.00216770,0.55000000
2018-02-23 20:04:33,0.00216750,3.41000000
2018-02-23 20:04:33,0.00216740,5.00000000
2018-02-23 20:04:34,0.00216730,0.47000000
2018-02-23 20:04:36,0.00216690,1.15000000
2018-02-23 20:04:36,0.00216690,1.01000000
2018-02-23 20:04:38,0.00216670,0.86000000
2018-02-23 20:04:39,0.00216650,1.15000000
2018-02-23 20:04:40,0.00216640,1.15000000
2018-02-23 20:04:41,0.00216640,2.08000000
2018-02-23 20:04:41,0.00216640,1.71000000
2018-02-23 20:04:41,0.00216740,4.67000000
2018-02-23 20:04:45,0.00216740,0.78000000
2018-02-23 20:04:45,0.00216740,9.32000000
2018-02-23 20:04:46,0.00216500,4.88000000
2018-02-23 20:04:47,0.00216500,0.97000000
2018-02-23 20:04:47,0.00216500,1.15000000
2018-02-23 20:04:48,0.00216500,2.76000000
2018-02-23 20:04:48,0.00216500,8.62000000
2018-02-23 20:04:49,0.00216500,2.31000000
2018-02-23 20:04:50,0.00216500,1.15000000
2018-02-23 20:04:53,0.00216500,1.83000000
2018-02-23 20:04:55,0.00216500,6.93000000
2018-02-23 20:04:55,0.00216500,2.12000000
2018-02-23 20:04:56,0.00216500,2.31000000
2018-02-23 20:04:56,0.00216500,1.15000000
2018-02-23 20:04:57,0.00216500,3.34000000
2018-02-23 20:05:00,0.00216500,0.68000000
2018-02-23 20:05:03,0.00216740,4.15000000
2018-02-23 20:05:03,0.00216740,2.04000000
2018-02-23 20:05:04,0.00216740,1.38000000
2018-02-23 20:05:05,0.00216740,2.30000000
2018-02-23 20:05:05,0.00216740,1.15000000
2018-02-23 20:05:05,0.00216510,6.04000000
2018-02-23 20:05:05,0.00216500,1.32000000
2018-02-23 20:05:06,0.00216480,1.38000000
2018-02-23 20:05:06,0.00216480,4.66000000
2018-02-23 20:05:06,0.00216490,9.37000000
2018-02-23 20:05:07,0.00216490,2.02000000
2018-02-23 20:05:07,0.00216500,6.92000000
2018-02-23 20:05:08,0.00216500,5.00000000
2018-02-23 20:05:08,0.00216190,4.50000000
2018-02-23 20:05:08,0.00216170,0.50000000
2018-02-23 20:05:08,0.00216500,5.00000000
2018-02-23 20:05:08,0.00216500,1.85000000
2018-02-23 20:05:08,0.00216500,1.83000000
2018-02-23 20:05:08,0.00216740,0.85000000
2018-02-23 20:05:09,0.00216740,2.54000000
2018-02-23 20:05:10,0.00216720,1.15000000
2018-02-23 20:05:11,0.00216710,0.50000000
2018-02-23 20:05:11,0.00216720,0.19000000
2018-02-23 20:05:14,0.00216740,4.61000000
2018-02-23 20:05:15,0.00216740,1.04000000
2018-02-23 20:05:17,0.00216740,0.65000000
2018-02-23 20:05:17,0.00216740,1.15000000
2018-02-23 20:05:17,0.00216740,1.38000000
2018-02-23 20:05:22,0.00216740,2.57000000
2018-02-23 20:05:23,0.00217060,2.21000000
2018-02-23 20:05:24,0.00217060,4.61000000
2018-02-23 20:05:24,0.00217060,1.06000000
2018-02-23 20:05:25,0.00217060,1.93000000
2018-02-23 20:05:25,0.00217060,0.97000000
2018-02-23 20:05:25,0.00217060,0.60000000
2018-02-23 20:05:25,0.00217060,1.61000000
2018-02-23 20:05:25,0.00217060,1.15000000
2018-02-23 20:05:25,0.00217060,4.15000000
2018-02-23 20:05:25,0.00217060,0.37000000
2018-02-23 20:05:27,0.00217160,1.01000000
2018-02-23 20:05:28,0.00217160,2.53000000
2018-02-23 20:05:28,0.00217160,2.30000000
2018-02-23 20:05:28,0.00217160,1.15000000
2018-02-23 20:05:28,0.00217160,1.15000000
2018-02-23 20:05:29,0.00217160,69.07000000
2018-02-23 20:05:29,0.00217160,1.11000000
2018-02-23 20:05:29,0.00216700,5.04000000
2018-02-23 20:05:30,0.00217160,1.01000000
2018-02-23 20:05:30,0.00217160,1.66000000
2018-02-23 20:05:30,0.00217160,1.15000000
2018-02-23 20:05:30,0.00217160,36.84000000
2018-02-23 20:05:30,0.00217150,0.68000000
2018-02-23 20:05:31,0.00217150,1.84000000
2018-02-23 20:05:31,0.00217150,2.30000000
2018-02-23 20:05:31,0.00217160,4.60000000
2018-02-23 20:05:32,0.00217160,4.60000000
2018-02-23 20:05:32,0.00217140,2.33000000
2018-02-23 20:05:32,0.00217160,1.68000000
2018-02-23 20:05:32,0.00217130,0.58000000
2018-02-23 20:05:32,0.00217130,1.01000000
2018-02-23 20:05:32,0.00217130,3.99000000
2018-02-23 20:05:32,0.00217160,0.61000000
2018-02-23 20:05:32,0.00217160,4.60000000
2018-02-23 20:05:32,0.00217150,2.30000000
2018-02-23 20:05:32,0.00217150,0.03000000
2018-02-23 20:05:32,0.00217160,1.35000000
2018-02-23 20:05:32,0.00217160,1.15000000
2018-02-23 20:05:33,0.00217160,0.69000000
2018-02-23 20:05:33,0.00217160,1.61000000
2018-02-23 20:05:33,0.00217160,4.60000000
2018-02-23 20:05:33,0.00217160,0.83000000
2018-02-23 20:05:33,0.00217160,1.15000000
2018-02-23 20:05:33,0.00217160,1.38000000
2018-02-23 20:05:33,0.00217160,5.25000000
2018-02-23 20:05:33,0.00217160,0.55000000
2018-02-23 20:05:33,0.00217160,1.38000000
2018-02-23 20:05:34,0.00217160,1.15000000
2018-02-23 20:05:34,0.00217160,7.40000000
2018-02-23 20:05:34,0.00217160,1.15000000
2018-02-23 20:05:34,0.00217160,1.84000000
2018-02-23 20:05:34,0.00217160,1.15000000
2018-02-23 20:05:34,0.00217160,0.92000000
2018-02-23 20:05:35,0.00217160,1.38000000
2018-02-23 20:05:35,0.00217160,3.22000000
2018-02-23 20:05:35,0.00217160,4.60000000
2018-02-23 20:05:35,0.00217160,1.15000000
2018-02-23 20:05:37,0.00217160,1.15000000
2018-02-23 20:05:39,0.00217160,9.21000000
2018-02-23 20:05:39,0.00217150,1.15000000
2018-02-23 20:05:39,0.00217150,1.29000000
2018-02-23 20:05:40,0.00217150,1.06000000
2018-02-23 20:05:40,0.00217150,2.30000000
2018-02-23 20:05:41,0.00217150,1.15000000
2018-02-23 20:05:42,0.00217150,1.15000000
2018-02-23 20:05:43,0.00217150,0.69000000
2018-02-23 20:05:45,0.00217150,2.07000000
2018-02-23 20:05:46,0.00216820,9.19000000
2018-02-23 20:05:50,0.00217140,2.91000000
2018-02-23 20:05:50,0.00217150,4.18000000
2018-02-23 20:05:56,0.00217150,3.68000000
2018-02-23 20:05:57,0.00217150,1.15000000
2018-02-23 20:06:04,0.00217150,0.69000000
2018-02-23 20:06:10,0.00217150,0.47000000
2018-02-23 20:06:16,0.00217150,5.53000000
2018-02-23 20:06:20,0.00217150,0.70000000
2018-02-23 20:06:20,0.00217150,15.00000000
2018-02-23 20:06:23,0.00217150,5.08000000
2018-02-23 20:06:25,0.00217150,2.30000000
2018-02-23 20:06:30,0.00217150,3.16000000
2018-02-23 20:06:31,0.00217150,1.15000000
2018-02-23 20:06:32,0.00217150,0.92000000
2018-02-23 20:06:32,0.00217150,0.92000000
2018-02-23 20:06:33,0.00217150,1.15000000
2018-02-23 20:06:33,0.00217150,2.24000000
2018-02-23 20:06:34,0.00217150,3.45000000
2018-02-23 20:06:35,0.00217150,3.45000000
2018-02-23 20:06:36,0.00217150,1.15000000
2018-02-23 20:06:36,0.00217150,0.92000000
2018-02-23 20:06:37,0.00217150,1.15000000
2018-02-23 20:06:38,0.00217150,1.15000000
2018-02-23 20:06:38,0.00217150,1.38000000
2018-02-23 20:06:38,0.00217150,1.20000000
2018-02-23 20:06:38,0.00217150,1.61000000
2018-02-23 20:06:41,0.00217150,1.15000000
2018-02-23 20:06:44,0.00217150,1.15000000
2018-02-23 20:06:45,0.00217150,0.60000000
2018-02-23 20:06:46,0.00217150,1.15000000
2018-02-23 20:06:46,0.00217150,2.11000000
2018-02-23 20:06:55,0.00217150,10.00000000
2018-02-23 20:07:21,0.00217120,0.93000000
2018-02-23 20:07:21,0.00217130,0.21000000
2018-02-23 20:07:21,0.00217000,6.00000000
2018-02-23 20:07:25,0.00216870,10.81000000
2018-02-23 20:07:30,0.00216620,10.50000000
2018-02-23 20:07:35,0.00216990,1.01000000
2018-02-23 20:07:36,0.00216990,9.49000000
2018-02-23 20:07:36,0.00217000,9.04000000
2018-02-23 20:07:39,0.00217000,3.23000000
2018-02-23 20:07:41,0.00217000,1.62000000
2018-02-23 20:08:06,0.00217000,1.61000000
2018-02-23 20:08:11,0.00217000,0.51000000
2018-02-23 20:08:17,0.00217000,70.42000000
2018-02-23 20:08:17,0.00217000,2.11000000
2018-02-23 20:08:18,0.00217000,3.39000000
2018-02-23 20:08:24,0.00217130,1.77000000
2018-02-23 20:08:24,0.00217150,1.07000000
2018-02-23 20:08:33,0.00217000,672.78000000
2018-02-23 20:08:35,0.00217150,1.84000000
2018-02-23 20:08:41,0.00217150,14.57000000
2018-02-23 20:08:41,0.00217010,17.55000000
2018-02-23 20:08:42,0.00217150,78.24000000
2018-02-23 20:08:42,0.00217160,3.15000000
2018-02-23 20:08:57,0.00217160,2.95000000
2018-02-23 20:08:59,0.00217160,38.68000000
2018-02-23 20:09:04,0.00217160,0.50000000
2018-02-23 20:09:11,0.00217030,10.00000000
2018-02-23 20:09:22,0.00217160,23.00000000
2018-02-23 20:09:22,0.00217030,27.41000000
2018-02-23 20:09:38,0.00217160,1.86000000
2018-02-23 20:09:41,0.00217160,1.27000000
2018-02-23 20:09:42,0.00217160,1.15000000
2018-02-23 20:09:48,0.00217160,1.27000000
2018-02-23 20:09:50,0.00217160,1.15000000
2018-02-23 20:09:52,0.00217160,1.87000000
2018-02-23 20:10:06,0.00217040,0.68000000
2018-02-23 20:10:19,0.00217160,5.32000000
2018-02-23 20:10:22,0.00217080,5.00000000
2018-02-23 20:10:22,0.00217070,5.03000000
2018-02-23 20:10:23,0.00217400,2.76000000
2018-02-23 20:10:25,0.00217390,2.16000000
2018-02-23 20:10:26,0.00217390,0.85000000
2018-02-23 20:10:27,0.00217390,2.02000000
2018-02-23 20:10:28,0.00217400,19.50000000
2018-02-23 20:10:33,0.00217450,1.06000000
2018-02-23 20:10:33,0.00217450,8.75000000
2018-02-23 20:10:38,0.00217460,1.47000000
2018-02-23 20:10:38,0.00217450,1.31000000
2018-02-23 20:10:38,0.00217450,11.57000000
2018-02-23 20:10:40,0.00217460,2.16000000
2018-02-23 20:10:41,0.00217460,1.15000000
2018-02-23 20:10:45,0.00217460,0.22000000
2018-02-23 20:10:54,0.00217480,4.50000000
2018-02-23 20:10:55,0.00217500,45.93000000
2018-02-23 20:10:55,0.00217490,4.98000000
2018-02-23 20:10:55,0.00217480,4.59000000
2018-02-23 20:10:55,0.00217460,22.80000000
2018-02-23 20:10:55,0.00217450,122.62000000
2018-02-23 20:10:57,0.00217960,1.01000000
2018-02-23 20:10:59,0.00217920,1.15000000
2018-02-23 20:11:00,0.00217920,9.73000000
2018-02-23 20:11:00,0.00217920,1.15000000
2018-02-23 20:11:02,0.00217880,8.54000000
2018-02-23 20:11:02,0.00217860,1.01000000
2018-02-23 20:11:04,0.00217830,1.01000000
2018-02-23 20:11:14,0.00217690,1.15000000
2018-02-23 20:11:14,0.00217690,13.66000000
2018-02-23 20:11:18,0.00217630,6.89000000
2018-02-23 20:11:24,0.00217550,0.63000000
2018-02-23 20:11:24,0.00217560,1.21000000
2018-02-23 20:11:29,0.00217540,3.77000000
2018-02-23 20:11:29,0.00217550,4.04000000
2018-02-23 20:11:36,0.00217910,4.59000000
2018-02-23 20:11:36,0.00217830,16.21000000
2018-02-23 20:11:37,0.00217830,1.32000000
2018-02-23 20:11:37,0.00217830,8.23000000
2018-02-23 20:11:48,0.00217920,2.29000000
2018-02-23 20:11:49,0.00217540,2.34000000
2018-02-23 20:11:59,0.00217570,4.98000000
2018-02-23 20:12:10,0.00217820,0.15000000
2018-02-23 20:12:11,0.00217810,0.47000000
2018-02-23 20:12:11,0.00217810,0.92000000
2018-02-23 20:12:28,0.00217460,16.55000000
2018-02-23 20:12:34,0.00217470,1.84000000
2018-02-23 20:12:35,0.00217470,3.16000000
2018-02-23 20:12:35,0.00217770,5.78000000
2018-02-23 20:12:37,0.00217470,4.58000000
2018-02-23 20:12:38,0.00217470,5.00000000
2018-02-23 20:12:49,0.00217470,0.53000000
2018-02-23 20:12:49,0.00217470,5.54000000
2018-02-23 20:12:50,0.00217780,4.59000000
2018-02-23 20:13:07,0.00217470,1.75000000
2018-02-23 20:13:11,0.00217780,6.98000000
2018-02-23 20:13:24,0.00217780,0.87000000
2018-02-23 20:13:26,0.00217780,45.05000000
2018-02-23 20:13:31,0.00217780,2.75000000
2018-02-23 20:13:33,0.00217780,7.56000000
2018-02-23 20:13:33,0.00217790,0.45000000
2018-02-23 20:13:41,0.00217790,10.01000000
2018-02-23 20:13:44,0.00217790,1.60000000
2018-02-23 20:13:55,0.00217790,63.08000000
2018-02-23 20:13:56,0.00217780,1.15000000
2018-02-23 20:13:57,0.00217780,4.00000000
2018-02-23 20:14:15,0.00217500,4.99000000
2018-02-23 20:14:15,0.00217490,4.59000000
2018-02-23 20:14:15,0.00217470,25.30000000
2018-02-23 20:14:15,0.00217460,0.01000000
2018-02-23 20:14:15,0.00217450,0.73000000
2018-02-23 20:14:16,0.00217770,4.99000000
2018-02-23 20:14:17,0.00217770,0.02000000
2018-02-23 20:14:23,0.00217750,5.00000000
2018-02-23 20:14:23,0.00217770,0.63000000
2018-02-23 20:14:23,0.00217790,6.50000000
2018-02-23 20:14:23,0.00217790,13.76000000
2018-02-23 20:14:23,0.00217790,84.20000000
2018-02-23 20:14:29,0.00217770,0.90000000
2018-02-23 20:14:45,0.00217770,30.72000000
2018-02-23 20:14:50,0.00217770,0.99000000
2018-02-23 20:14:54,0.00217770,3.00000000
2018-02-23 20:14:58,0.00217770,71.38000000
2018-02-23 20:15:01,0.00217780,2.98000000
2018-02-23 20:15:21,0.00217780,1.61000000
2018-02-23 20:15:21,0.00217770,81.36000000
2018-02-23 20:15:26,0.00217780,1.37000000
2018-02-23 20:15:26,0.00217770,61.72000000
2018-02-23 20:16:10,0.00217550,2.80000000
2018-02-23 20:16:14,0.00217550,1.84000000
2018-02-23 20:16:34,0.00217500,6.08000000
2018-02-23 20:16:36,0.00217550,1.42000000
2018-02-23 20:16:38,0.00217500,0.01000000
2018-02-23 20:16:43,0.00217500,6.00000000
2018-02-23 20:16:55,0.00217500,76.00000000
2018-02-23 20:17:23,0.00217500,3.94000000
2018-02-23 20:17:25,0.00217500,1.06000000
2018-02-23 20:17:29,0.00217500,41.29000000
2018-02-23 20:17:29,0.00217550,4.59000000
2018-02-23 20:17:49,0.00217520,6.00000000
2018-02-23 20:17:49,0.00217520,5.00000000
2018-02-23 20:18:07,0.00217500,11.00000000
2018-02-23 20:18:30,0.00217520,1.42000000
2018-02-23 20:18:36,0.00217520,0.88000000
2018-02-23 20:18:36,0.00217550,3.71000000
2018-02-23 20:18:44,0.00217500,47.71000000
2018-02-23 20:18:54,0.00217500,0.64000000
2018-02-23 20:19:04,0.00217500,1.80000000
2018-02-23 20:19:04,0.00217550,2.29000000
2018-02-23 20:19:05,0.00217450,34.60000000
2018-02-23 20:19:22,0.00217450,9.53000000
2018-02-23 20:19:32,0.00217440,4.59000000
2018-02-23 20:19:35,0.00217130,5.07000000
2018-02-23 20:19:35,0.00217120,4.60000000
2018-02-23 20:19:35,0.00217020,1.62000000
2018-02-23 20:19:36,0.00217440,4.59000000
2018-02-23 20:19:54,0.00217420,0.48000000
2018-02-23 20:19:55,0.00217040,5.08000000
2018-02-23 20:19:55,0.00217030,5.00000000
2018-02-23 20:19:55,0.00217010,125.15000000
2018-02-23 20:19:56,0.00217010,7.65000000
2018-02-23 20:19:57,0.00217010,1.23000000
2018-02-23 20:19:58,0.00217010,13.81000000
2018-02-23 20:19:58,0.00217010,13.81000000
2018-02-23 20:19:58,0.00217010,33.07000000
2018-02-23 20:19:58,0.00217010,3.53000000
2018-02-23 20:20:14,0.00217310,1.74000000
2018-02-23 20:20:14,0.00217010,0.88000000
2018-02-23 20:20:15,0.00217010,12.26000000
2018-02-23 20:20:20,0.00217010,1.00000000
2018-02-23 20:20:28,0.00217000,1332.04000000
2018-02-23 20:20:53,0.00216850,1.94000000
2018-02-23 20:20:59,0.00216510,7.47000000
2018-02-23 20:21:07,0.00216770,2.66000000
2018-02-23 20:21:07,0.00216780,0.57000000
2018-02-23 20:21:25,0.00216740,2.77000000
2018-02-23 20:21:25,0.00216750,1.38000000
2018-02-23 20:21:29,0.00216780,1.00000000
2018-02-23 20:21:29,0.00216850,2.84000000
2018-02-23 20:21:29,0.00217000,90.31000000
2018-02-23 20:21:29,0.00217000,4.61000000
2018-02-23 20:21:39,0.00216990,3.48000000
2018-02-23 20:21:57,0.00216450,5.09000000
2018-02-23 20:21:58,0.00216440,4.62000000
2018-02-23 20:21:58,0.00216430,4.62000000
2018-02-23 20:21:58,0.00216430,2.50000000
2018-02-23 20:21:58,0.00216430,4.62000000
2018-02-23 20:22:11,0.00216430,18.40000000
2018-02-23 20:22:13,0.00216430,14.56000000
2018-02-23 20:22:17,0.00216420,4.39000000
2018-02-23 20:22:22,0.00216420,0.70000000
2018-02-23 20:22:29,0.00216430,3.44000000
2018-02-23 20:22:44,0.00216430,1.84000000
2018-02-23 20:22:49,0.00216430,2.75000000
2018-02-23 20:22:52,0.00216430,1.06000000
2018-02-23 20:23:09,0.00216420,2.53000000
2018-02-23 20:23:21,0.00216420,28.59000000
2018-02-23 20:23:26,0.00216360,1.07000000
2018-02-23 20:23:28,0.00216360,0.48000000
2018-02-23 20:23:28,0.00216410,0.54000000
2018-02-23 20:23:31,0.00216400,1.02000000
2018-02-23 20:23:35,0.00216400,1.02000000
2018-02-23 20:23:35,0.00216400,2.21000000
2018-02-23 20:23:35,0.00216000,2.21000000
2018-02-23 20:23:37,0.00216410,3.70000000
2018-02-23 20:23:48,0.00216410,6.80000000
2018-02-23 20:23:48,0.00216430,7.01000000
2018-02-23 20:23:48,0.00216710,17.87000000
2018-02-23 20:23:48,0.00216720,7.25000000
2018-02-23 20:23:49,0.00216720,1.50000000
2018-02-23 20:23:51,0.00216720,13.81000000
2018-02-23 20:23:54,0.00216720,3.52000000
2018-02-23 20:24:13,0.00216720,1.02000000
2018-02-23 20:24:14,0.00216380,4.24000000
2018-02-23 20:24:14,0.00216370,5.93000000
2018-02-23 20:24:14,0.00216000,3.05000000
2018-02-23 20:24:14,0.00215980,0.94000000
2018-02-23 20:24:16,0.00216690,3.23000000
2018-02-23 20:24:20,0.00216650,1.02000000
2018-02-23 20:24:25,0.00216570,1.36000000
2018-02-23 20:24:29,0.00215990,7.08000000
2018-02-23 20:24:30,0.00216550,1.02000000
2018-02-23 20:24:30,0.00216550,1.02000000
2018-02-23 20:24:35,0.00216500,2.24000000
2018-02-23 20:24:35,0.00216520,2.04000000
2018-02-23 20:24:45,0.00216460,2.77000000
2018-02-23 20:24:58,0.00216300,1.02000000
2018-02-23 20:25:01,0.00216300,9.22000000
2018-02-23 20:25:01,0.00216310,0.99000000
2018-02-23 20:25:04,0.00216300,0.51000000
2018-02-23 20:25:06,0.00216300,0.51000000
2018-02-23 20:25:06,0.00216310,0.51000000
2018-02-23 20:25:11,0.00216300,1.02000000
2018-02-23 20:25:12,0.00216300,1.02000000
2018-02-23 20:25:16,0.00215940,2.70000000
2018-02-23 20:25:17,0.00216300,2.58000000
2018-02-23 20:25:23,0.00215830,4.63000000
2018-02-23 20:25:23,0.00215750,4.50000000
2018-02-23 20:25:25,0.00215700,9.91000000
2018-02-23 20:25:29,0.00216170,3.06000000
2018-02-23 20:25:29,0.00216180,4.63000000
2018-02-23 20:25:29,0.00216190,2.00000000
2018-02-23 20:25:29,0.00216280,6.05000000
2018-02-23 20:25:31,0.00215760,13.90000000
2018-02-23 20:25:31,0.00215760,3.06000000
2018-02-23 20:25:34,0.00216140,6.35000000
2018-02-23 20:25:35,0.00215690,6.80000000
2018-02-23 20:25:35,0.00215480,23.40000000
2018-02-23 20:25:35,0.00215470,70.00000000
2018-02-23 20:25:35,0.00215420,8.64000000
2018-02-23 20:25:35,0.00215150,18.59000000
2018-02-23 20:25:35,0.00215030,4.50000000
2018-02-23 20:25:35,0.00215010,23.19000000
2018-02-23 20:25:35,0.00215000,67.21000000
2018-02-23 20:25:35,0.00214900,10.00000000
2018-02-23 20:25:35,0.00214850,1.90000000
2018-02-23 20:25:35,0.00214840,89.73000000
2018-02-23 20:25:35,0.00215000,6.55000000
2018-02-23 20:25:35,0.00215000,6.55000000
2018-02-23 20:25:35,0.00215000,6.55000000
2018-02-23 20:25:35,0.00215000,3.02000000
2018-02-23 20:25:35,0.00215000,3.02000000
2018-02-23 20:25:35,0.00215000,20.98000000
2018-02-23 20:25:35,0.00215000,0.60000000
2018-02-23 20:25:35,0.00214840,6.55000000
2018-02-23 20:25:35,0.00215000,3.63000000
2018-02-23 20:25:35,0.00215000,11.63000000
2018-02-23 20:25:36,0.00214990,3.27000000
2018-02-23 20:25:36,0.00214990,0.29000000
2018-02-23 20:25:36,0.00215000,0.73000000
2018-02-23 20:25:36,0.00214840,3.63000000
2018-02-23 20:25:36,0.00215000,4.50000000
2018-02-23 20:25:36,0.00215000,1.88000000
2018-02-23 20:25:36,0.00214990,3.26000000
2018-02-23 20:25:36,0.00214840,13.73000000
2018-02-23 20:25:36,0.00214840,1.59000000
2018-02-23 20:25:36,0.00214990,20.14000000
2018-02-23 20:25:36,0.00215000,3.25000000
2018-02-23 20:25:36,0.00215000,2.21000000
2018-02-23 20:25:37,0.00215000,0.09000000
2018-02-23 20:25:37,0.00215000,4.76000000
2018-02-23 20:25:37,0.00215000,79.89000000
2018-02-23 20:25:37,0.00216010,34.20000000
2018-02-23 20:25:37,0.00215020,0.60000000
2018-02-23 20:25:37,0.00215040,0.60000000
2018-02-23 20:25:40,0.00215960,1.29000000
2018-02-23 20:25:40,0.00215950,0.56000000
2018-02-23 20:25:41,0.00215860,4.50000000
2018-02-23 20:25:41,0.00215940,18.71000000
2018-02-23 20:25:41,0.00215950,0.17000000
2018-02-23 20:25:41,0.00215950,1.25000000
2018-02-23 20:25:42,0.00215940,1.14000000
2018-02-23 20:25:42,0.00215940,1.25000000
2018-02-23 20:25:43,0.00215940,0.31000000
2018-02-23 20:25:44,0.00215950,0.88000000
2018-02-23 20:25:44,0.00215950,3.47000000
2018-02-23 20:25:44,0.00215940,1.39000000
2018-02-23 20:25:45,0.00215940,3.29000000
2018-02-23 20:25:45,0.00215940,1.87000000
2018-02-23 20:25:45,0.00215950,1.37000000
2018-02-23 20:25:45,0.00215950,3.24000000
2018-02-23 20:25:46,0.00215950,0.55000000
2018-02-23 20:25:46,0.00215930,0.77000000
2018-02-23 20:25:46,0.00215940,0.39000000
2018-02-23 20:25:47,0.00215940,15.72000000
2018-02-23 20:25:47,0.00215250,36.99000000
2018-02-23 20:25:48,0.00215930,0.47000000
2018-02-23 20:25:50,0.00215920,18.52000000
2018-02-23 20:25:50,0.00215920,0.56000000
2018-02-23 20:25:50,0.00215920,1.16000000
2018-02-23 20:25:57,0.00215900,5.00000000
2018-02-23 20:25:57,0.00215920,15.10000000
2018-02-23 20:26:07,0.00215890,1.16000000
2018-02-23 20:26:08,0.00215890,1.16000000
2018-02-23 20:26:09,0.00215890,4.26000000
2018-02-23 20:26:09,0.00215890,0.43000000
2018-02-23 20:26:12,0.00215890,0.65000000
2018-02-23 20:26:13,0.00215570,9.10000000
2018-02-23 20:26:13,0.00215880,2.22000000
2018-02-23 20:26:14,0.00215880,3.72000000
2018-02-23 20:26:14,0.00215230,1.48000000
2018-02-23 20:26:14,0.00215220,23.49000000
2018-02-23 20:26:14,0.00215090,0.80000000
2018-02-23 20:26:14,0.00215020,24.31000000
2018-02-23 20:26:14,0.00215020,9.78000000
2018-02-23 20:26:14,0.00215020,3.55000000
2018-02-23 20:26:14,0.00215020,14.96000000
2018-02-23 20:26:14,0.00215020,14.96000000
2018-02-23 20:26:15,0.00215020,4.14000000
2018-02-23 20:26:15,0.00215020,15.02000000
2018-02-23 20:26:15,0.00215020,24.31000000
2018-02-23 20:26:15,0.00215020,3.23000000
2018-02-23 20:26:15,0.00215020,0.77000000
2018-02-23 20:26:15,0.00215020,0.77000000
2018-02-23 20:26:15,0.00215010,23.49000000
2018-02-23 20:26:15,0.00215020,22.51000000
2018-02-23 20:26:15,0.00215020,58.19000000
2018-02-23 20:26:16,0.00215020,23.00000000
2018-02-23 20:26:16,0.00215020,2.95000000
2018-02-23 20:26:16,0.00215020,40.00000000
2018-02-23 20:26:16,0.00215020,3.38000000
2018-02-23 20:26:16,0.00215880,30.82000000
2018-02-23 20:26:17,0.00215020,23.49000000
2018-02-23 20:26:17,0.00215020,1.22000000
2018-02-23 20:26:19,0.00215020,10.41000000
2018-02-23 20:26:21,0.00215330,1.90000000
2018-02-23 20:26:22,0.00215330,1.16000000
2018-02-23 20:26:22,0.00215330,1.16000000
2018-02-23 20:26:23,0.00215330,1.58000000
2018-02-23 20:26:23,0.00215330,0.83000000
2018-02-23 20:26:24,0.00215510,1.02000000
2018-02-23 20:26:25,0.00215510,1.14000000
2018-02-23 20:26:26,0.00215510,5.80000000
2018-02-23 20:26:27,0.00215500,1.22000000
2018-02-23 20:26:28,0.00215700,0.63000000
2018-02-23 20:26:28,0.00215140,46.45000000
2018-02-23 20:26:28,0.00215130,4.64000000
2018-02-23 20:26:28,0.00215110,21.69000000
2018-02-23 20:26:28,0.00215090,27.86000000
2018-02-23 20:26:28,0.00215090,1.03000000
2018-02-23 20:26:29,0.00215700,2.32000000
2018-02-23 20:26:29,0.00215690,1.39000000
2018-02-23 20:26:29,0.00215670,15.00000000
2018-02-23 20:26:30,0.00215660,1.03000000
2018-02-23 20:26:30,0.00215670,8.43000000
2018-02-23 20:26:30,0.00215700,15.80000000
2018-02-23 20:26:30,0.00215700,3.57000000
2018-02-23 20:26:30,0.00215640,4.64000000
2018-02-23 20:26:30,0.00215650,23.49000000
2018-02-23 20:26:30,0.00215820,0.75000000
2018-02-23 20:26:33,0.00215780,2.32000000
2018-02-23 20:26:33,0.00215780,1.51000000
2018-02-23 20:26:33,0.00215780,1.16000000
2018-02-23 20:26:33,0.00215770,8.00000000
2018-02-23 20:26:34,0.00215770,2.41000000
2018-02-23 20:26:35,0.00215750,3.24000000
2018-02-23 20:26:36,0.00215750,7.98000000
2018-02-23 20:26:36,0.00215820,1.02000000
2018-02-23 20:26:40,0.00215280,8.81000000
2018-02-23 20:26:40,0.00215880,1.07000000
2018-02-23 20:26:40,0.00215880,2.32000000
2018-02-23 20:26:41,0.00215880,1.11000000
2018-02-23 20:26:41,0.00215880,1.16000000
2018-02-23 20:26:43,0.00215880,0.97000000
2018-02-23 20:26:43,0.00215870,3.71000000
2018-02-23 20:26:43,0.00215860,4.77000000
2018-02-23 20:26:45,0.00215860,0.36000000
2018-02-23 20:26:45,0.00215870,0.42000000
2018-02-23 20:26:49,0.00215880,1.16000000
2018-02-23 20:26:49,0.00215880,1.62000000
2018-02-23 20:26:49,0.00215880,6.03000000
2018-02-23 20:26:49,0.00215890,0.45000000
2018-02-23 20:26:50,0.00215890,9.40000000
2018-02-23 20:26:50,0.00215890,0.93000000
2018-02-23 20:26:50,0.00215890,8.94000000
2018-02-23 20:26:50,0.00215890,4.63000000
2018-02-23 20:26:51,0.00215890,1.85000000
2018-02-23 20:26:52,0.00215890,1.16000000
2018-02-23 20:26:53,0.00215890,1.67000000
2018-02-23 20:26:54,0.00215890,0.97000000
2018-02-23 20:26:55,0.00215890,4.49000000
2018-02-23 20:26:55,0.00215890,1.16000000
2018-02-23 20:26:56,0.00215890,1.62000000
2018-02-23 20:26:56,0.00215890,1.02000000
2018-02-23 20:26:57,0.00215890,3.01000000
2018-02-23 20:26:57,0.00215890,3.84000000
2018-02-23 20:26:57,0.00215890,1.81000000
2018-02-23 20:26:57,0.00215890,17.85000000
2018-02-23 20:26:59,0.00215890,1.16000000
2018-02-23 20:27:06,0.00215650,2.93000000
2018-02-23 20:27:18,0.00215740,2.87000000
2018-02-23 20:27:18,0.00215740,0.06000000
2018-02-23 20:27:18,0.00215750,1.50000000
2018-02-23 20:27:20,0.00215890,0.51000000
2018-02-23 20:27:21,0.00215890,0.51000000
2018-02-23 20:27:28,0.00215880,2.00000000
2018-02-23 20:27:28,0.00215890,7.11000000
2018-02-23 20:27:29,0.00215890,8.11000000
2018-02-23 20:27:35,0.00215890,1.16000000
2018-02-23 20:27:36,0.00215890,1.69000000
2018-02-23 20:27:40,0.00215890,1.34000000
2018-02-23 20:27:42,0.00215890,0.92000000
2018-02-23 20:27:43,0.00215890,4.17000000
2018-02-23 20:27:43,0.00215890,6.64000000
2018-02-23 20:27:43,0.00215340,3.98000000
2018-02-23 20:27:43,0.00215890,1.16000000
2018-02-23 20:27:45,0.00215890,8.87000000
2018-02-23 20:27:49,0.00215910,1.16000000
2018-02-23 20:27:53,0.00215880,1.16000000
2018-02-23 20:27:53,0.00215880,0.56000000
2018-02-23 20:27:53,0.00215880,1.10000000
2018-02-23 20:27:54,0.00215890,0.56000000
2018-02-23 20:27:55,0.00215890,0.97000000
2018-02-23 20:27:57,0.00215890,1.82000000
2018-02-23 20:28:02,0.00215890,2.13000000
2018-02-23 20:28:05,0.00215590,2.58000000
2018-02-23 20:28:07,0.00215920,5.56000000
2018-02-23 20:28:15,0.00215880,2.58000000
2018-02-23 20:28:15,0.00215890,2.05000000
2018-02-23 20:28:17,0.00215890,2.87000000
2018-02-23 20:28:37,0.00215610,5.86000000
2018-02-23 20:28:46,0.00215890,13.90000000
2018-02-23 20:29:00,0.00215890,0.16000000
2018-02-23 20:29:00,0.00215920,0.31000000
2018-02-23 20:29:03,0.00215920,1.16000000
2018-02-23 20:29:28,0.00215660,14.14000000
2018-02-23 20:29:35,0.00215660,1.24000000
2018-02-23 20:29:46,0.00215930,1.16000000
2018-02-23 20:29:46,0.00215930,1.16000000
2018-02-23 20:29:54,0.00215930,1.14000000
2018-02-23 20:29:58,0.00215930,21.71000000
2018-02-23 20:30:00,0.00215930,3.47000000
2018-02-23 20:30:14,0.00216030,0.92000000
2018-02-23 20:30:21,0.00216030,1.16000000
2018-02-23 20:30:23,0.00216030,0.47000000
2018-02-23 20:30:25,0.00216030,1.20000000
2018-02-23 20:30:25,0.00215920,1.94000000
2018-02-23 20:30:25,0.00215490,23.42000000
2018-02-23 20:30:25,0.00215440,0.63000000
2018-02-23 20:30:25,0.00215240,4.64000000
2018-02-23 20:30:25,0.00215040,24.03000000
2018-02-23 20:30:25,0.00215020,6.80000000
2018-02-23 20:30:25,0.00215000,14.50000000
2018-02-23 20:30:25,0.00214840,3.28000000
2018-02-23 20:30:25,0.00214770,8.81000000
2018-02-23 20:30:25,0.00214750,20.72000000
2018-02-23 20:30:25,0.00214590,70.42000000
2018-02-23 20:30:29,0.00215950,23.42000000
2018-02-23 20:30:29,0.00215960,20.00000000
2018-02-23 20:30:29,0.00215990,28.97000000
2018-02-23 20:30:29,0.00215990,2.31000000
2018-02-23 20:30:30,0.00214730,40.00000000
2018-02-23 20:30:30,0.00214720,23.42000000
2018-02-23 20:30:30,0.00214710,26.86000000
2018-02-23 20:30:32,0.00214760,4.52000000
2018-02-23 20:30:32,0.00215910,0.93000000
2018-02-23 20:30:32,0.00215910,2.78000000
2018-02-23 20:30:33,0.00215910,0.93000000
2018-02-23 20:30:33,0.00215900,0.56000000
2018-02-23 20:30:34,0.00214870,0.74000000
2018-02-23 20:30:37,0.00215840,6.42000000
2018-02-23 20:30:44,0.00215780,1.39000000
2018-02-23 20:30:45,0.00215780,1.62000000
2018-02-23 20:30:46,0.00215760,1.39000000
2018-02-23 20:30:53,0.00215340,0.56000000
2018-02-23 20:30:56,0.00215350,5.34000000
2018-02-23 20:30:57,0.00215600,3.70000000
2018-02-23 20:31:00,0.00215540,2.12000000
2018-02-23 20:31:00,0.00215550,0.16000000
2018-02-23 20:31:00,0.00215550,1.39000000
2018-02-23 20:31:01,0.00215550,13.96000000
2018-02-23 20:31:02,0.00215540,2.32000000
2018-02-23 20:31:02,0.00215330,0.47000000
2018-02-23 20:31:03,0.00215530,5.74000000
2018-02-23 20:31:03,0.00215330,2.40000000
2018-02-23 20:31:05,0.00215520,1.39000000
2018-02-23 20:31:06,0.00215520,1.16000000
2018-02-23 20:31:06,0.00215520,1.22000000
2018-02-23 20:31:06,0.00215520,1.07000000
2018-02-23 20:31:07,0.00215510,0.93000000
2018-02-23 20:31:14,0.00215750,0.50000000
2018-02-23 20:31:19,0.00215840,3.24000000
2018-02-23 20:31:21,0.00215840,14.46000000
2018-02-23 20:31:22,0.00215840,2.59000000
2018-02-23 20:31:23,0.00215840,4.28000000
2018-02-23 20:31:35,0.00215840,5.37000000
2018-02-23 20:31:35,0.00216000,32.04000000
2018-02-23 20:31:35,0.00216150,1.00000000
2018-02-23 20:31:35,0.00216210,19.13000000
2018-02-23 20:31:35,0.00216230,4.50000000
2018-02-23 20:31:37,0.00216510,1.85000000
2018-02-23 20:31:37,0.00216520,0.73000000
2018-02-23 20:31:37,0.00216720,1.06000000
2018-02-23 20:31:37,0.00216840,2.44000000
2018-02-23 20:31:37,0.00216850,3.24000000
2018-02-23 20:31:37,0.00217260,11.68000000
2018-02-23 20:31:38,0.00215620,14.75000000
2018-02-23 20:31:41,0.00216700,1.24000000
2018-02-23 20:31:41,0.00216710,2.44000000
2018-02-23 20:31:42,0.00215730,7.88000000
2018-02-23 20:31:43,0.00216480,1.88000000
2018-02-23 20:31:43,0.00216700,0.75000000
2018-02-23 20:31:44,0.00216690,1.75000000
2018-02-23 20:31:44,0.00216690,9.13000000
2018-02-23 20:31:44,0.00216700,19.64000000
2018-02-23 20:31:44,0.00217220,0.89000000
2018-02-23 20:31:44,0.00216710,72.23000000
2018-02-23 20:31:44,0.00216680,1.48000000
2018-02-23 20:31:44,0.00215770,4.84000000
2018-02-23 20:31:44,0.00215770,18.92000000
2018-02-23 20:31:44,0.00215760,5.18000000
2018-02-23 20:31:45,0.00216660,1.19000000
2018-02-23 20:31:49,0.00216610,2.31000000
2018-02-23 20:31:49,0.00216610,1.15000000
2018-02-23 20:31:51,0.00216570,0.69000000
2018-02-23 20:31:55,0.00216510,1.02000000
2018-02-23 20:31:56,0.00216490,1.02000000
2018-02-23 20:31:57,0.00216470,1.06000000
2018-02-23 20:31:57,0.00216470,1.99000000
2018-02-23 20:31:58,0.00216450,12.12000000
2018-02-23 20:32:00,0.00216450,20.96000000
2018-02-23 20:32:06,0.00216080,4.62000000
2018-02-23 20:32:07,0.00216550,4.07000000
2018-02-23 20:32:07,0.00216560,5.16000000
2018-02-23 20:32:09,0.00216110,0.39000000
2018-02-23 20:32:12,0.00216440,2.06000000
2018-02-23 20:32:12,0.00216450,5.00000000
2018-02-23 20:32:12,0.00216560,4.62000000
2018-02-23 20:32:12,0.00216620,5.91000000
2018-02-23 20:32:12,0.00216660,0.86000000
2018-02-23 20:32:14,0.00216140,4.50000000
2018-02-23 20:32:19,0.00216220,1.32000000
2018-02-23 20:32:22,0.00216240,0.50000000
2018-02-23 20:32:29,0.00216500,1.02000000
2018-02-23 20:32:30,0.00216480,3.87000000
2018-02-23 20:32:30,0.00216490,1.02000000
2018-02-23 20:32:30,0.00216570,1.32000000
2018-02-23 20:32:30,0.00216660,59.67000000
2018-02-23 20:32:30,0.00216660,13.84000000
2018-02-23 20:32:30,0.00216670,13.84000000
2018-02-23 20:32:31,0.00216670,7.10000000
2018-02-23 20:32:31,0.00217470,0.50000000
2018-02-23 20:32:31,0.00217480,0.52000000
2018-02-23 20:32:34,0.00217440,1.02000000
2018-02-23 20:32:34,0.00217450,2.48000000
2018-02-23 20:32:35,0.00217440,0.46000000
2018-02-23 20:32:38,0.00216850,1.08000000
2018-02-23 20:32:39,0.00216870,24.12000000
2018-02-23 20:32:39,0.00216860,3.56000000
2018-02-23 20:32:40,0.00216900,11.00000000
2018-02-23 20:32:42,0.00217430,2.90000000
2018-02-23 20:32:42,0.00216910,1.31000000
2018-02-23 20:32:44,0.00217410,1.60000000
2018-02-23 20:32:44,0.00217390,2.30000000
2018-02-23 20:32:45,0.00216940,5.00000000
2018-02-23 20:32:45,0.00216920,1.50000000
2018-02-23 20:32:45,0.00217390,42.90000000
2018-02-23 20:32:45,0.00217400,11.00000000
2018-02-23 20:32:45,0.00217450,0.97000000
2018-02-23 20:32:45,0.00217490,72.02000000
2018-02-23 20:32:45,0.00217500,6.46000000
2018-02-23 20:32:46,0.00217500,1.31000000
2018-02-23 20:32:46,0.00217500,1.19000000
2018-02-23 20:32:46,0.00217500,6.83000000
2018-02-23 20:32:46,0.00217500,6.79000000
2018-02-23 20:32:46,0.00217500,3.02000000
2018-02-23 20:32:46,0.00217500,6.84000000
2018-02-23 20:32:50,0.00217530,5.98000000
2018-02-23 20:32:52,0.00217500,28.20000000
2018-02-23 20:32:54,0.00217520,1.88000000
2018-02-23 20:32:54,0.00217520,4.60000000
2018-02-23 20:32:55,0.00217520,24.37000000
2018-02-23 20:32:57,0.00217520,24.60000000
2018-02-23 20:32:59,0.00217500,5.00000000
2018-02-23 20:33:05,0.00217500,0.87000000
2018-02-23 20:33:12,0.00217510,1.38000000
2018-02-23 20:33:20,0.00217510,0.92000000
2018-02-23 20:33:21,0.00217500,213.75000000
2018-02-23 20:33:22,0.00217500,172.11000000
2018-02-23 20:33:42,0.00217510,4.59000000
2018-02-23 20:33:42,0.00217500,27.47000000
2018-02-23 20:33:43,0.00217520,1.01000000
2018-02-23 20:33:43,0.00217520,8.14000000
2018-02-23 20:33:43,0.00217550,0.98000000
2018-02-23 20:33:44,0.00217550,7.89000000
2018-02-23 20:33:44,0.00217760,3.23000000
2018-02-23 20:33:44,0.00218000,8.88000000
2018-02-23 20:33:46,0.00218000,4.00000000
2018-02-23 20:33:47,0.00218000,26.24000000
2018-02-23 20:33:50,0.00218000,3.72000000
2018-02-23 20:33:54,0.00218000,4.82000000
2018-02-23 20:33:58,0.00218000,1.37000000
2018-02-23 20:34:00,0.00218000,10.01000000
2018-02-23 20:34:12,0.00218000,1.33000000
2018-02-23 20:34:26,0.00218000,10.10000000
2018-02-23 20:34:27,0.00217670,10.70000000
2018-02-23 20:34:27,0.00217520,10.68000000
2018-02-23 20:34:27,0.00217530,45.92000000
2018-02-23 20:34:32,0.00217500,27.63000000
2018-02-23 20:34:35,0.00217640,45.92000000
2018-02-23 20:34:35,0.00217650,6.11000000
2018-02-23 20:34:35,0.00217670,1.82000000
2018-02-23 20:34:35,0.00217830,4.59000000
2018-02-23 20:34:35,0.00217850,10.68000000
2018-02-23 20:34:35,0.00217870,5.08000000
2018-02-23 20:34:35,0.00217870,80.74000000
2018-02-23 20:34:35,0.00217870,5.08000000
2018-02-23 20:34:35,0.00217870,11.45000000
2018-02-23 20:34:35,0.00217870,13.76000000
2018-02-23 20:34:35,0.00217870,3.37000000
2018-02-23 20:34:35,0.00217870,13.76000000
2018-02-23 20:34:35,0.00217870,112.31000000
2018-02-23 20:34:35,0.00217960,4.59000000
2018-02-23 20:34:35,0.00217870,5.33000000
2018-02-23 20:34:35,0.00217500,13.76000000
2018-02-23 20:34:39,0.00217510,0.98000000
2018-02-23 20:34:47,0.00217500,6.35000000
2018-02-23 20:34:52,0.00217500,1.50000000
2018-02-23 20:34:57,0.00217500,9.23000000
2018-02-23 20:35:04,0.00217520,4.20000000
2018-02-23 20:35:14,0.00217520,0.80000000
2018-02-23 20:35:14,0.00217500,19.19000000
2018-02-23 20:35:19,0.00217500,45.83000000
2018-02-23 20:35:19,0.00217500,3.79000000
2018-02-23 20:35:19,0.00217500,78.99000000
2018-02-23 20:35:24,0.00217500,22.87000000
2018-02-23 20:35:54,0.00217500,70.91000000
2018-02-23 20:35:58,0.00217500,6.95000000
2018-02-23 20:36:11,0.00217660,1.01000000
2018-02-23 20:36:17,0.00217500,4.04000000
2018-02-23 20:36:30,0.00217500,36.18000000
2018-02-23 20:37:03,0.00217500,19.53000000
2018-02-23 20:37:09,0.00217620,1.21000000
2018-02-23 20:37:09,0.00217630,1.23000000
2018-02-23 20:37:10,0.00217640,8.09000000
2018-02-23 20:37:14,0.00217660,11.48000000
2018-02-23 20:37:30,0.00217640,4.63000000
2018-02-23 20:37:32,0.00217640,1.87000000
2018-02-23 20:37:32,0.00217640,1.34000000
2018-02-23 20:37:34,0.00217650,2.73000000
2018-02-23 20:37:34,0.00217500,0.57000000
2018-02-23 20:37:37,0.00217660,6.96000000
2018-02-23 20:38:36,0.00217640,0.55000000
2018-02-23 20:38:47,0.00217640,3.80000000
2018-02-23 20:39:27,0.00217640,15.78000000
2018-02-23 20:39:27,0.00217660,62.41000000
2018-02-23 20:39:46,0.00217660,1.00000000
2018-02-23 20:39:47,0.00217660,2.00000000
2018-02-23 20:39:49,0.00217660,0.78000000
2018-02-23 20:39:53,0.00217660,51.38000000
2018-02-23 20:40:03,0.00217660,9.19000000
2018-02-23 20:40:08,0.00217510,26.66000000
2018-02-23 20:40:08,0.00217660,1.84000000
2018-02-23 20:40:10,0.00217660,1.52000000
2018-02-23 20:40:12,0.00217660,0.92000000
2018-02-23 20:40:14,0.00217660,5.03000000
2018-02-23 20:40:34,0.00217510,4.31000000
2018-02-23 20:40:46,0.00217510,1.44000000
2018-02-23 20:40:46,0.00217650,0.98000000
2018-02-23 20:40:46,0.00217660,4.37000000
2018-02-23 20:40:55,0.00217660,1.15000000
2018-02-23 20:41:07,0.00217510,10.04000000
2018-02-23 20:41:11,0.00217660,26.65000000
2018-02-23 20:41:31,0.00217510,5.00000000
2018-02-23 20:41:54,0.00217510,0.92000000
2018-02-23 20:42:20,0.00217510,145.20000000
2018-02-23 20:42:59,0.00217500,302.99000000
2018-02-23 20:43:05,0.00217500,19.26000000
2018-02-23 20:43:10,0.00217600,1.38000000
2018-02-23 20:43:31,0.00217560,8.74000000
2018-02-23 20:43:44,0.00217560,1.15000000
2018-02-23 20:43:52,0.00217500,100.58000000
2018-02-23 20:43:55,0.00217500,249.99000000
2018-02-23 20:44:18,0.00217510,0.55000000
2018-02-23 20:44:18,0.00217500,5.89000000
2018-02-23 20:44:24,0.00217500,3.22000000
2018-02-23 20:44:36,0.00217500,100.57000000
2018-02-23 20:44:40,0.00217500,51.36000000
2018-02-23 20:44:40,0.00217500,16.17000000
2018-02-23 20:44:43,0.00217500,1.24000000
2018-02-23 20:44:49,0.00217480,4.57000000
2018-02-23 20:44:49,0.00217480,0.03000000
2018-02-23 20:44:49,0.00217420,0.79000000
2018-02-23 20:44:50,0.00217310,0.47000000
2018-02-23 20:44:50,0.00217170,4.13000000
2018-02-23 20:44:53,0.00217200,1.90000000
2018-02-23 20:44:55,0.00217200,0.56000000
2018-02-23 20:44:57,0.00217200,0.83000000
2018-02-23 20:44:57,0.00217200,0.93000000
2018-02-23 20:45:15,0.00217490,1.15000000
2018-02-23 20:45:18,0.00217240,5.00000000
2018-02-23 20:45:18,0.00216820,19.08000000
2018-02-23 20:45:18,0.00216540,23.10000000
2018-02-23 20:45:18,0.00216530,30.72000000
2018-02-23 20:45:21,0.00217490,0.85000000
2018-02-23 20:45:22,0.00216600,36.19000000
2018-02-23 20:45:27,0.00216620,2.42000000
2018-02-23 20:46:07,0.00217010,2.59000000
2018-02-23 20:46:17,0.00217010,0.46000000
2018-02-23 20:46:26,0.00217440,1.40000000
2018-02-23 20:46:27,0.00217420,4.14000000
2018-02-23 20:46:28,0.00217420,36.04000000
2018-02-23 20:46:28,0.00217420,0.08000000
2018-02-23 20:46:28,0.00217430,11.46000000
2018-02-23 20:46:28,0.00217430,14.44000000
2018-02-23 20:46:28,0.00217480,6.79000000
2018-02-23 20:46:28,0.00217480,0.01000000
2018-02-23 20:46:28,0.00217500,3.78000000
2018-02-23 20:46:28,0.00217560,7.68000000
2018-02-23 20:46:28,0.00217560,127.34000000
2018-02-23 20:46:28,0.00217560,2.63000000
2018-02-23 20:46:28,0.00217580,4.50000000
2018-02-23 20:46:28,0.00217600,6.96000000
2018-02-23 20:46:29,0.00217600,33.85000000
2018-02-23 20:46:29,0.00217600,0.02000000
2018-02-23 20:46:29,0.00217650,11.44000000
2018-02-23 20:46:29,0.00217650,11.46000000
2018-02-23 20:46:29,0.00217650,76.67000000
2018-02-23 20:46:29,0.00217650,3.05000000
2018-02-23 20:46:29,0.00217650,9.16000000
2018-02-23 20:46:29,0.00217660,2.30000000
2018-02-23 20:46:29,0.00217660,2.06000000
2018-02-23 20:46:29,0.00217660,20.43000000
2018-02-23 20:46:30,0.00217660,11.46000000
2018-02-23 20:46:30,0.00217660,39.11000000
2018-02-23 20:46:30,0.00217780,6.82000000
2018-02-23 20:46:31,0.00217660,2.84000000
2018-02-23 20:46:32,0.00217660,15.34000000
2018-02-23 20:46:32,0.00217660,10.92000000
2018-02-23 20:46:37,0.00217970,7.46000000
2018-02-23 20:46:38,0.00217960,3.03000000
2018-02-23 20:46:40,0.00217660,1.58000000
2018-02-23 20:46:44,0.00217660,6.36000000
2018-02-23 20:46:44,0.00217660,0.60000000
2018-02-23 20:47:03,0.00217320,46.01000000
2018-02-23 20:47:03,0.00217310,4.60000000
2018-02-23 20:47:03,0.00217290,22.64000000
2018-02-23 20:47:16,0.00217790,1.01000000
2018-02-23 20:47:32,0.00217580,1.01000000
2018-02-23 20:47:33,0.00217580,1.01000000
2018-02-23 20:47:39,0.00217280,16.13000000
2018-02-23 20:47:42,0.00217460,0.46000000
2018-02-23 20:47:44,0.00217440,1.66000000
2018-02-23 20:47:48,0.00217280,20.41000000
2018-02-23 20:47:51,0.00217280,25.59000000
2018-02-23 20:48:05,0.00217280,3.29000000
2018-02-23 20:48:09,0.00217320,1.01000000
2018-02-23 20:48:11,0.00217280,41.87000000
2018-02-23 20:48:24,0.00217050,6.80000000
2018-02-23 20:48:24,0.00217040,1.91000000
2018-02-23 20:48:25,0.00216830,1.91000000
2018-02-23 20:48:26,0.00216830,4.50000000
2018-02-23 20:48:27,0.00217200,11.45000000
2018-02-23 20:48:27,0.00217200,1.39000000
2018-02-23 20:48:27,0.00217200,7.16000000
2018-02-23 20:48:27,0.00217200,7.13000000
2018-02-23 20:48:28,0.00217270,0.06000000
2018-02-23 20:48:29,0.00217200,4.50000000
2018-02-23 20:48:29,0.00217200,4.50000000
2018-02-23 20:48:32,0.00217210,1.01000000
2018-02-23 20:48:33,0.00217200,4.28000000
2018-02-23 20:48:39,0.00217070,1.36000000
2018-02-23 20:48:44,0.00217010,0.47000000
2018-02-23 20:48:52,0.00216890,1.85000000
2018-02-23 20:48:53,0.00216890,1.01000000
2018-02-23 20:48:53,0.00216890,3.49000000
2018-02-23 20:48:55,0.00216870,0.78000000
2018-02-23 20:49:00,0.00216870,3.49000000
2018-02-23 20:49:01,0.00216870,9.22000000
2018-02-23 20:49:30,0.00216820,6.59000000
2018-02-23 20:49:49,0.00216540,5.07000000
2018-02-23 20:49:49,0.00216530,24.67000000
2018-02-23 20:49:49,0.00216500,4.50000000
2018-02-23 20:49:49,0.00216500,4.82000000
2018-02-23 20:49:49,0.00216500,6.24000000
2018-02-23 20:50:07,0.00216790,5.07000000
2018-02-23 20:50:07,0.00216800,4.60000000
2018-02-23 20:50:07,0.00216820,0.03000000
2018-02-23 20:50:07,0.00216870,5.30000000
2018-02-23 20:50:08,0.00216500,7.00000000
2018-02-23 20:50:19,0.00216870,1.38000000
2018-02-23 20:50:35,0.00216870,58.82000000
2018-02-23 20:50:52,0.00216870,4.51000000
2018-02-23 20:51:00,0.00216890,0.93000000
2018-02-23 20:51:01,0.00216870,47.17000000
2018-02-23 20:51:02,0.00216870,13.37000000
2018-02-23 20:51:23,0.00216900,0.77000000
2018-02-23 20:51:23,0.00216900,13.82000000
2018-02-23 20:51:23,0.00216900,13.82000000
2018-02-23 20:51:24,0.00216870,13.82000000
2018-02-23 20:51:24,0.00216900,2.00000000
2018-02-23 20:51:25,0.00216900,1.71000000
2018-02-23 20:51:30,0.00216870,96.62000000
2018-02-23 20:51:31,0.00216850,10.23000000
2018-02-23 20:51:34,0.00216850,5.00000000
2018-02-23 20:52:13,0.00216850,7.54000000
2018-02-23 20:52:38,0.00216870,19.08000000
2018-02-23 20:52:52,0.00216870,1.18000000
2018-02-23 20:52:52,0.00216890,25.38000000
2018-02-23 20:52:52,0.00216900,49.34000000
2018-02-23 20:53:03,0.00216570,5.21000000
2018-02-23 20:53:03,0.00216570,0.64000000
2018-02-23 20:53:03,0.00216570,0.64000000
2018-02-23 20:53:03,0.00216570,2.73000000
2018-02-23 20:53:03,0.00216560,0.64000000
2018-02-23 20:53:10,0.00216300,19.15000000
2018-02-23 20:53:22,0.00216740,15.31000000
2018-02-23 20:54:10,0.00216740,1.00000000
2018-02-23 20:54:17,0.00216500,13.95000000
2018-02-23 20:54:18,0.00216470,16.77000000
2018-02-23 20:54:20,0.00216470,2.00000000
2018-02-23 20:54:22,0.00216460,0.64000000
2018-02-23 20:54:22,0.00216500,17.80000000
2018-02-23 20:54:23,0.00216490,1.61000000
2018-02-23 20:54:29,0.00216490,1.61000000
2018-02-23 20:54:30,0.00216490,0.46000000
2018-02-23 20:54:36,0.00216160,4.62000000
2018-02-23 20:54:38,0.00216160,17.49000000
2018-02-23 20:54:39,0.00216160,2.77000000
2018-02-23 20:54:39,0.00216160,1.75000000
2018-02-23 20:54:39,0.00216160,1.75000000
2018-02-23 20:54:39,0.00216050,1.75000000
2018-02-23 20:54:40,0.00216160,9.95000000
2018-02-23 20:54:43,0.00216160,9.94000000
2018-02-23 20:54:47,0.00216160,4.49000000
2018-02-23 20:54:57,0.00216160,4.66000000
2018-02-23 20:54:57,0.00216160,1.79000000
2018-02-23 20:54:58,0.00216160,3.20000000
2018-02-23 20:55:16,0.00216160,3.52000000
2018-02-23 20:55:28,0.00216150,1.34000000
2018-02-23 20:55:39,0.00216150,51.83000000
2018-02-23 20:55:40,0.00216050,39.25000000
2018-02-23 20:55:53,0.00216160,0.69000000
2018-02-23 20:55:53,0.00216150,11.30000000
2018-02-23 20:55:53,0.00216050,0.20000000
2018-02-23 20:56:10,0.00216160,9.25000000
2018-02-23 20:56:16,0.00216050,10.49000000
2018-02-23 20:56:16,0.00216000,439.51000000
2018-02-23 20:56:37,0.00216160,9.90000000
2018-02-23 20:56:46,0.00216160,7.10000000
2018-02-23 20:56:53,0.00216160,5.87000000
2018-02-23 20:56:59,0.00216010,2.84000000
2018-02-23 20:57:20,0.00216150,2.30000000
2018-02-23 20:57:20,0.00216010,31.09000000
2018-02-23 20:58:03,0.00216000,1.53000000
2018-02-23 20:58:05,0.00216000,4.59000000
2018-02-23 20:58:07,0.00216010,2.30000000
2018-02-23 20:58:07,0.00216000,10.04000000
2018-02-23 20:58:15,0.00216000,1.24000000
2018-02-23 20:58:15,0.00216000,43.09000000
2018-02-23 20:58:24,0.00215990,1.53000000
2018-02-23 20:58:24,0.00215990,1.53000000
2018-02-23 20:58:24,0.00215990,1.53000000
2018-02-23 20:58:24,0.00215990,0.03000000
2018-02-23 20:58:24,0.00216000,1.47000000
2018-02-23 20:58:25,0.00215640,1.06000000
2018-02-23 20:58:39,0.00215640,0.58000000
2018-02-23 20:58:42,0.00215640,2.50000000
2018-02-23 20:58:46,0.00215640,6.92000000
2018-02-23 20:58:49,0.00215990,1.06000000
2018-02-23 20:58:52,0.00216000,0.93000000
2018-02-23 20:58:56,0.00216000,6.18000000
2018-02-23 20:58:56,0.00216010,0.74000000
2018-02-23 20:58:58,0.00215570,1.96000000
2018-02-23 20:59:08,0.00216000,1.90000000
2018-02-23 20:59:10,0.00216000,0.83000000
2018-02-23 20:59:10,0.00216000,1.60000000
2018-02-23 20:59:10,0.00216000,1.60000000
2018-02-23 20:59:10,0.00216000,0.76000000
2018-02-23 20:59:10,0.00215610,0.84000000
2018-02-23 20:59:10,0.00215610,0.76000000
2018-02-23 20:59:39,0.00215620,1.43000000
2018-02-23 20:59:39,0.00215610,5.59000000
2018-02-23 20:59:52,0.00215630,5.00000000
2018-02-23 20:59:52,0.00215610,21.59000000
2018-02-23 20:59:55,0.00215980,1.39000000
