DATE,PRICE,VOLUME
2018-02-28 01:00:17,0.00188030,5.14000000
2018-02-28 01:00:24,0.00188030,1.00000000
2018-02-28 01:00:29,0.00188040,10.61000000
2018-02-28 01:00:32,0.00188040,1.30000000
2018-02-28 01:01:24,0.00188070,148.22000000
2018-02-28 01:01:26,0.00188050,37.53000000
2018-02-28 01:01:29,0.00188050,1.40000000
2018-02-28 01:02:10,0.00188050,3.09000000
2018-02-28 01:02:24,0.00188050,1.40000000
2018-02-28 01:03:08,0.00188050,26.96000000
2018-02-28 01:03:09,0.00188050,5.04000000
2018-02-28 01:03:09,0.00188030,13.28000000
2018-02-28 01:03:19,0.00188020,44.33000000
2018-02-28 01:03:20,0.00188020,0.54000000
2018-02-28 01:03:27,0.00188020,30.00000000
2018-02-28 01:03:33,0.00188030,0.79000000
2018-02-28 01:03:33,0.00188030,2.95000000
2018-02-28 01:03:38,0.00188030,0.79000000
2018-02-28 01:03:40,0.00188030,1.63000000
2018-02-28 01:04:16,0.00188030,0.79000000
2018-02-28 01:04:16,0.00188030,1.17000000
2018-02-28 01:04:37,0.00188020,11.00000000
2018-02-28 01:04:39,0.00188020,25.95000000
2018-02-28 01:04:45,0.00188020,3.51000000
2018-02-28 01:05:08,0.00188020,80.20000000
2018-02-28 01:05:18,0.00188020,0.02000000
2018-02-28 01:05:18,0.00188030,159.80000000
2018-02-28 01:05:19,0.00188030,14.80000000
2018-02-28 01:05:26,0.00188030,2.27000000
2018-02-28 01:05:43,0.00188030,0.85000000
2018-02-28 01:05:45,0.00188030,34.99000000
2018-02-28 01:05:45,0.00188030,1.80000000
2018-02-28 01:05:45,0.00188030,2.75000000
2018-02-28 01:05:49,0.00188030,41.00000000
2018-02-28 01:05:57,0.00188030,75.84000000
2018-02-28 01:05:57,0.00188050,51.16000000
2018-02-28 01:06:27,0.00188010,7.99000000
2018-02-28 01:08:08,0.00188030,19.46000000
2018-02-28 01:08:08,0.00188050,24.44000000
2018-02-28 01:08:29,0.00188010,15.86000000
2018-02-28 01:08:46,0.00188040,16.10000000
2018-02-28 01:08:51,0.00188040,0.99000000
2018-02-28 01:09:24,0.00188040,60.49000000
2018-02-28 01:09:24,0.00188010,23.07000000
2018-02-28 01:09:24,0.00188040,1.06000000
2018-02-28 01:09:24,0.00188050,23.73000000
2018-02-28 01:09:28,0.00188010,0.02000000
2018-02-28 01:09:29,0.00188000,8.00000000
2018-02-28 01:09:29,0.00187990,2.00000000
2018-02-28 01:09:29,0.00187990,1.00000000
2018-02-28 01:09:31,0.00188010,2.81000000
2018-02-28 01:09:31,0.00188050,13.90000000
2018-02-28 01:09:43,0.00187570,26.64000000
2018-02-28 01:10:15,0.00187570,0.01000000
2018-02-28 01:10:15,0.00187550,20.00000000
2018-02-28 01:10:15,0.00187520,2.51000000
2018-02-28 01:10:16,0.00187490,1.07000000
2018-02-28 01:10:22,0.00187310,10.85000000
2018-02-28 01:10:22,0.00187040,0.98000000
2018-02-28 01:10:22,0.00187020,7.77000000
2018-02-28 01:10:22,0.00187010,36.76000000
2018-02-28 01:10:25,0.00187490,6.73000000
2018-02-28 01:10:27,0.00187470,18.85000000
2018-02-28 01:10:28,0.00187480,10.63000000
2018-02-28 01:10:28,0.00187500,1.62000000
2018-02-28 01:10:53,0.00187130,26.70000000
2018-02-28 01:10:53,0.00187120,1.37000000
2018-02-28 01:10:53,0.00187070,10.69000000
2018-02-28 01:10:53,0.00187010,11.24000000
2018-02-28 01:11:06,0.00187430,1.55000000
2018-02-28 01:11:06,0.00187430,11.14000000
2018-02-28 01:11:14,0.00187410,14.01000000
2018-02-28 01:11:14,0.00187420,10.69000000
2018-02-28 01:11:14,0.00187500,13.09000000
2018-02-28 01:12:04,0.00187260,0.50000000
2018-02-28 01:12:05,0.00187500,5.00000000
2018-02-28 01:12:07,0.00187500,7.00000000
2018-02-28 01:12:11,0.00187500,0.11000000
2018-02-28 01:12:24,0.00187220,1.65000000
2018-02-28 01:12:24,0.00187190,1.90000000
2018-02-28 01:12:24,0.00187160,1.90000000
2018-02-28 01:12:24,0.00187120,10.68000000
2018-02-28 01:12:24,0.00187110,4.63000000
2018-02-28 01:12:24,0.00187010,7.70000000
2018-02-28 01:12:24,0.00187000,1.00000000
2018-02-28 01:12:24,0.00186950,0.92000000
2018-02-28 01:12:24,0.00186850,5.57000000
2018-02-28 01:12:24,0.00186840,38.00000000
2018-02-28 01:12:24,0.00186830,3.73000000
2018-02-28 01:12:24,0.00186780,2.84000000
2018-02-28 01:12:24,0.00186610,4.88000000
2018-02-28 01:12:24,0.00186600,26.14000000
2018-02-28 01:12:24,0.00186590,220.52000000
2018-02-28 01:12:24,0.00186520,101.15000000
2018-02-28 01:12:24,0.00186440,159.70000000
2018-02-28 01:12:24,0.00186350,2.26000000
2018-02-28 01:12:24,0.00186300,16.05000000
2018-02-28 01:12:24,0.00186160,9.75000000
2018-02-28 01:12:24,0.00186010,4.88000000
2018-02-28 01:12:24,0.00186000,10.00000000
2018-02-28 01:12:24,0.00186000,34.15000000
2018-02-28 01:12:25,0.00186890,1.07000000
2018-02-28 01:12:26,0.00186890,9.61000000
2018-02-28 01:12:26,0.00186900,3.73000000
2018-02-28 01:12:32,0.00186880,2.67000000
2018-02-28 01:12:33,0.00186880,14.14000000
2018-02-28 01:12:33,0.00186900,0.26000000
2018-02-28 01:12:33,0.00187490,2.67000000
2018-02-28 01:12:34,0.00187010,5.35000000
2018-02-28 01:12:38,0.00187120,4.84000000
2018-02-28 01:12:39,0.00187120,8.92000000
2018-02-28 01:12:39,0.00187480,4.84000000
2018-02-28 01:12:41,0.00187470,4.72000000
2018-02-28 01:12:42,0.00187470,1.76000000
2018-02-28 01:12:44,0.00187450,0.80000000
2018-02-28 01:12:44,0.00187010,7.28000000
2018-02-28 01:12:45,0.00187010,5.00000000
2018-02-28 01:12:49,0.00187010,25.71000000
2018-02-28 01:12:50,0.00187010,3.21000000
2018-02-28 01:12:59,0.00186670,0.80000000
2018-02-28 01:13:06,0.00186990,5.00000000
2018-02-28 01:13:22,0.00186640,26.77000000
2018-02-28 01:13:22,0.00186630,10.71000000
2018-02-28 01:13:22,0.00186360,19.18000000
2018-02-28 01:13:22,0.00186190,2.00000000
2018-02-28 01:13:22,0.00186000,2.44000000
2018-02-28 01:13:25,0.00186890,5.58000000
2018-02-28 01:13:25,0.00186890,21.19000000
2018-02-28 01:13:25,0.00186900,20.00000000
2018-02-28 01:13:44,0.00186980,3.37000000
2018-02-28 01:13:44,0.00186980,3.37000000
2018-02-28 01:13:44,0.00186980,3.37000000
2018-02-28 01:13:50,0.00187000,0.54000000
2018-02-28 01:13:51,0.00187000,0.06000000
2018-02-28 01:13:51,0.00187010,1.23000000
2018-02-28 01:15:08,0.00186960,20.00000000
2018-02-28 01:15:08,0.00186950,10.69000000
2018-02-28 01:15:08,0.00186470,11.26000000
2018-02-28 01:15:08,0.00186100,1.83000000
2018-02-28 01:15:08,0.00186080,1.24000000
2018-02-28 01:15:08,0.00185930,4.88000000
2018-02-28 01:15:08,0.00185800,3.02000000
2018-02-28 01:15:08,0.00185700,116.20000000
2018-02-28 01:15:08,0.00185690,1.47000000
2018-02-28 01:15:08,0.00185660,10.02000000
2018-02-28 01:15:08,0.00185560,2.64000000
2018-02-28 01:15:08,0.00185520,75.57000000
2018-02-28 01:15:08,0.00185510,1.50000000
2018-02-28 01:15:08,0.00185490,3.41000000
2018-02-28 01:15:08,0.00185410,17.18000000
2018-02-28 01:15:08,0.00185350,0.60000000
2018-02-28 01:15:08,0.00185120,405.89000000
2018-02-28 01:15:08,0.00185100,27.01000000
2018-02-28 01:15:08,0.00185070,37.90000000
2018-02-28 01:15:08,0.00185030,53.00000000
2018-02-28 01:15:08,0.00185020,25.29000000
2018-02-28 01:15:08,0.00185000,169.40000000
2018-02-28 01:15:08,0.00185220,5.00000000
2018-02-28 01:15:08,0.00186880,0.77000000
2018-02-28 01:15:08,0.00186880,0.93000000
2018-02-28 01:15:08,0.00186880,41.36000000
2018-02-28 01:15:09,0.00186870,20.00000000
2018-02-28 01:15:09,0.00186880,34.21000000
2018-02-28 01:15:09,0.00186890,8.41000000
2018-02-28 01:15:13,0.00186450,1.47000000
2018-02-28 01:15:13,0.00186890,0.02000000
2018-02-28 01:15:13,0.00186990,1.45000000
2018-02-28 01:15:17,0.00186960,2.06000000
2018-02-28 01:15:17,0.00186150,2.00000000
2018-02-28 01:15:18,0.00186950,2.00000000
2018-02-28 01:15:25,0.00186950,4.04000000
2018-02-28 01:15:43,0.00186630,8.00000000
2018-02-28 01:15:43,0.00186610,20.00000000
2018-02-28 01:15:43,0.00186560,7.34000000
2018-02-28 01:15:43,0.00186470,11.26000000
2018-02-28 01:15:43,0.00186360,3.52000000
2018-02-28 01:15:43,0.00186000,41.25000000
2018-02-28 01:15:43,0.00186000,20.00000000
2018-02-28 01:15:43,0.00186000,11.64000000
2018-02-28 01:15:43,0.00186000,12.83000000
2018-02-28 01:15:43,0.00186990,10.02000000
2018-02-28 01:15:43,0.00187000,1.62000000
2018-02-28 01:15:44,0.00186640,20.00000000
2018-02-28 01:15:44,0.00187000,1.23000000
2018-02-28 01:15:44,0.00187050,5.59000000
2018-02-28 01:15:48,0.00186640,0.79000000
2018-02-28 01:15:49,0.00187040,1.21000000
2018-02-28 01:16:02,0.00187000,1.50000000
2018-02-28 01:16:03,0.00187000,1.50000000
2018-02-28 01:16:13,0.00187000,3.43000000
2018-02-28 01:16:16,0.00187000,18.50000000
2018-02-28 01:16:24,0.00187000,4.83000000
2018-02-28 01:16:33,0.00187020,10.16000000
2018-02-28 01:16:39,0.00187000,0.01000000
2018-02-28 01:16:54,0.00187000,10.63000000
2018-02-28 01:16:54,0.00187000,2.68000000
2018-02-28 01:17:13,0.00187000,6.92000000
2018-02-28 01:17:13,0.00186650,3.74000000
2018-02-28 01:17:13,0.00186070,1.23000000
2018-02-28 01:17:13,0.00185950,0.66000000
2018-02-28 01:17:13,0.00185880,15.00000000
2018-02-28 01:17:13,0.00185480,1.46000000
2018-02-28 01:17:13,0.00185260,9.75000000
2018-02-28 01:17:13,0.00185220,5.25000000
2018-02-28 01:17:13,0.00185020,75.57000000
2018-02-28 01:17:13,0.00185010,28.10000000
2018-02-28 01:17:13,0.00184990,302.32000000
2018-02-28 01:17:13,0.00184990,8.14000000
2018-02-28 01:17:13,0.00185920,28.10000000
2018-02-28 01:17:13,0.00187000,28.10000000
2018-02-28 01:17:18,0.00185570,0.54000000
2018-02-28 01:17:20,0.00185600,19.61000000
2018-02-28 01:17:55,0.00186160,26.44000000
2018-02-28 01:17:57,0.00186130,26.98000000
2018-02-28 01:17:57,0.00186140,47.47000000
2018-02-28 01:17:57,0.00186150,9.75000000
2018-02-28 01:17:57,0.00186170,26.14000000
2018-02-28 01:17:57,0.00186170,0.70000000
2018-02-28 01:17:57,0.00186160,1.98000000
2018-02-28 01:17:58,0.00186600,7.22000000
2018-02-28 01:17:58,0.00186730,1.23000000
2018-02-28 01:17:58,0.00186840,5.55000000
2018-02-28 01:17:59,0.00186590,0.07000000
2018-02-28 01:18:02,0.00186590,0.80000000
2018-02-28 01:18:03,0.00186570,2.14000000
2018-02-28 01:18:04,0.00186170,10.74000000
2018-02-28 01:18:04,0.00186160,13.82000000
2018-02-28 01:18:04,0.00186160,1.92000000
2018-02-28 01:18:22,0.00186140,8.09000000
2018-02-28 01:18:22,0.00186150,0.30000000
2018-02-28 01:18:26,0.00185830,7.83000000
2018-02-28 01:18:26,0.00186360,1.88000000
2018-02-28 01:18:27,0.00185850,4.00000000
2018-02-28 01:18:37,0.00186360,8.56000000
2018-02-28 01:18:37,0.00186370,5.44000000
2018-02-28 01:19:03,0.00186370,39.68000000
2018-02-28 01:19:04,0.00186370,40.39000000
2018-02-28 01:19:04,0.00186380,9.61000000
2018-02-28 01:19:07,0.00186490,1.18000000
2018-02-28 01:19:32,0.00186140,0.82000000
2018-02-28 01:19:32,0.00186020,97.41000000
2018-02-28 01:19:32,0.00186010,37.77000000
2018-02-28 01:19:44,0.00186470,3.37000000
2018-02-28 01:20:01,0.00186030,1.98000000
2018-02-28 01:20:01,0.00186020,57.30000000
2018-02-28 01:20:01,0.00185990,0.90000000
2018-02-28 01:20:02,0.00185990,7.56000000
2018-02-28 01:20:02,0.00186000,18.16000000
2018-02-28 01:20:04,0.00186000,7.56000000
2018-02-28 01:20:04,0.00186360,13.64000000
2018-02-28 01:20:04,0.00186420,5.22000000
2018-02-28 01:20:04,0.00186420,5.53000000
2018-02-28 01:20:04,0.00186450,9.87000000
2018-02-28 01:20:06,0.00186450,0.54000000
2018-02-28 01:20:10,0.00186440,2.31000000
2018-02-28 01:20:36,0.00186070,1.48000000
2018-02-28 01:20:41,0.00186440,1.34000000
2018-02-28 01:20:55,0.00186070,25.42000000
2018-02-28 01:20:55,0.00186060,10.74000000
2018-02-28 01:20:55,0.00185800,1.24000000
2018-02-28 01:20:55,0.00185790,19.27000000
2018-02-28 01:20:55,0.00185510,1.73000000
2018-02-28 01:20:55,0.00185480,26.51000000
2018-02-28 01:20:55,0.00185000,28.10000000
2018-02-28 01:20:55,0.00184880,13.99000000
2018-02-28 01:20:55,0.00184900,1.51000000
2018-02-28 01:20:55,0.00184900,18.21000000
2018-02-28 01:21:00,0.00185860,0.79000000
2018-02-28 01:21:02,0.00185820,7.51000000
2018-02-28 01:21:15,0.00185800,18.14000000
2018-02-28 01:21:15,0.00185460,2.69000000
2018-02-28 01:21:15,0.00185430,7.21000000
2018-02-28 01:21:16,0.00185800,6.73000000
2018-02-28 01:21:24,0.00185800,1.18000000
2018-02-28 01:21:48,0.00185800,0.06000000
2018-02-28 01:22:14,0.00185800,5.02000000
2018-02-28 01:22:18,0.00185800,0.80000000
2018-02-28 01:22:20,0.00185800,5.12000000
2018-02-28 01:22:20,0.00185800,59.13000000
2018-02-28 01:22:23,0.00185600,1.34000000
2018-02-28 01:22:23,0.00185440,1.82000000
2018-02-28 01:22:23,0.00185430,8.74000000
2018-02-28 01:22:23,0.00185110,38.37000000
2018-02-28 01:22:23,0.00185090,93.50000000
2018-02-28 01:22:23,0.00185030,75.57000000
2018-02-28 01:22:23,0.00185000,71.95000000
2018-02-28 01:22:23,0.00185000,28.95000000
2018-02-28 01:22:29,0.00185920,2.36000000
2018-02-28 01:22:29,0.00185930,0.28000000
2018-02-28 01:22:32,0.00185930,2.68000000
2018-02-28 01:22:32,0.00185930,10.67000000
2018-02-28 01:22:36,0.00185230,10.79000000
2018-02-28 01:22:36,0.00185210,2.69000000
2018-02-28 01:22:36,0.00185140,33.77000000
2018-02-28 01:22:36,0.00184970,1.45000000
2018-02-28 01:22:58,0.00185460,1.57000000
2018-02-28 01:23:01,0.00185800,1.35000000
2018-02-28 01:23:02,0.00185800,3.45000000
2018-02-28 01:23:03,0.00185800,4.32000000
2018-02-28 01:23:04,0.00185790,33.77000000
2018-02-28 01:23:16,0.00185860,1.45000000
2018-02-28 01:23:21,0.00185860,0.70000000
2018-02-28 01:23:48,0.00185860,1.95000000
2018-02-28 01:23:48,0.00185890,10.79000000
2018-02-28 01:23:51,0.00185050,12.76000000
2018-02-28 01:23:51,0.00185040,20.43000000
2018-02-28 01:23:51,0.00185030,5.40000000
2018-02-28 01:23:51,0.00185020,25.04000000
2018-02-28 01:23:51,0.00185010,2.68000000
2018-02-28 01:23:51,0.00184990,134.79000000
2018-02-28 01:23:51,0.00184960,60.95000000
2018-02-28 01:23:51,0.00184920,43.11000000
2018-02-28 01:23:51,0.00184900,42.57000000
2018-02-28 01:23:51,0.00184880,19.24000000
2018-02-28 01:23:51,0.00184870,53.83000000
2018-02-28 01:23:51,0.00184710,21.65000000
2018-02-28 01:23:51,0.00184700,196.69000000
2018-02-28 01:23:51,0.00184700,6.00000000
2018-02-28 01:24:08,0.00185170,1.73000000
2018-02-28 01:24:08,0.00185170,0.09000000
2018-02-28 01:24:11,0.00185750,10.06000000
2018-02-28 01:24:11,0.00185760,3.94000000
2018-02-28 01:24:22,0.00185730,3.60000000
2018-02-28 01:24:22,0.00185730,3.60000000
2018-02-28 01:24:30,0.00185720,0.61000000
2018-02-28 01:25:00,0.00185680,4.46000000
2018-02-28 01:25:07,0.00185650,8.15000000
2018-02-28 01:25:13,0.00185650,1.35000000
2018-02-28 01:25:17,0.00185660,11.12000000
2018-02-28 01:25:20,0.00185680,1.39000000
2018-02-28 01:25:20,0.00185700,3.61000000
2018-02-28 01:25:35,0.00185650,1.88000000
2018-02-28 01:25:35,0.00185220,10.79000000
2018-02-28 01:25:35,0.00185210,0.74000000
2018-02-28 01:25:44,0.00185700,3.61000000
2018-02-28 01:25:45,0.00185700,20.00000000
2018-02-28 01:25:47,0.00185690,2.85000000
2018-02-28 01:25:53,0.00185030,13.21000000
2018-02-28 01:25:54,0.00185670,0.54000000
2018-02-28 01:25:59,0.00185650,1.54000000
2018-02-28 01:26:00,0.00185650,1.29000000
2018-02-28 01:26:02,0.00185640,0.23000000
2018-02-28 01:26:03,0.00185640,1.07000000
2018-02-28 01:26:11,0.00185620,9.49000000
2018-02-28 01:26:16,0.00185610,0.88000000
2018-02-28 01:26:17,0.00185610,1.84000000
2018-02-28 01:26:27,0.00185270,0.09000000
2018-02-28 01:26:36,0.00185410,1.37000000
2018-02-28 01:26:36,0.00185380,1.37000000
2018-02-28 01:26:36,0.00185350,1.37000000
2018-02-28 01:26:36,0.00185340,10.79000000
2018-02-28 01:26:36,0.00185310,2.74000000
2018-02-28 01:26:36,0.00185270,2.65000000
2018-02-28 01:26:36,0.00185270,1.28000000
2018-02-28 01:26:36,0.00185270,2.66000000
2018-02-28 01:26:40,0.00185270,0.44000000
2018-02-28 01:26:43,0.00185720,0.74000000
2018-02-28 01:26:45,0.00185750,1.08000000
2018-02-28 01:26:46,0.00185750,3.34000000
2018-02-28 01:26:46,0.00185750,1.62000000
2018-02-28 01:26:48,0.00185740,1.35000000
2018-02-28 01:26:50,0.00185740,2.52000000
2018-02-28 01:26:52,0.00185740,5.38000000
2018-02-28 01:26:55,0.00185740,19.71000000
2018-02-28 01:26:56,0.00185740,3.75000000
2018-02-28 01:27:02,0.00185750,1.35000000
2018-02-28 01:27:04,0.00185750,0.54000000
2018-02-28 01:27:04,0.00185750,3.45000000
2018-02-28 01:27:09,0.00185750,5.00000000
2018-02-28 01:27:10,0.00185760,0.57000000
2018-02-28 01:27:27,0.00185750,4.97000000
2018-02-28 01:27:28,0.00185670,3.18000000
2018-02-28 01:27:28,0.00185300,3.38000000
2018-02-28 01:27:28,0.00185290,13.51000000
2018-02-28 01:27:28,0.00185290,5.06000000
2018-02-28 01:27:29,0.00185180,2.67000000
2018-02-28 01:27:41,0.00185640,2.67000000
2018-02-28 01:27:41,0.00185640,0.56000000
2018-02-28 01:27:43,0.00185650,0.65000000
2018-02-28 01:27:54,0.00185670,4.12000000
2018-02-28 01:28:03,0.00185750,5.03000000
2018-02-28 01:28:18,0.00185310,2.19000000
2018-02-28 01:28:18,0.00185310,0.55000000
2018-02-28 01:28:18,0.00185760,1.59000000
2018-02-28 01:28:18,0.00185780,0.60000000
2018-02-28 01:28:20,0.00185780,1.35000000
2018-02-28 01:28:23,0.00185780,0.57000000
2018-02-28 01:28:24,0.00185780,1.61000000
2018-02-28 01:28:40,0.00185760,2.72000000
2018-02-28 01:28:40,0.00185780,0.36000000
2018-02-28 01:28:42,0.00185760,1.07000000
2018-02-28 01:28:58,0.00185810,1.35000000
2018-02-28 01:29:00,0.00185270,6.37000000
2018-02-28 01:29:00,0.00185070,21.79000000
2018-02-28 01:29:00,0.00185000,51.13000000
2018-02-28 01:29:00,0.00185000,42.61000000
2018-02-28 01:29:00,0.00185000,51.13000000
2018-02-28 01:29:00,0.00185000,51.13000000
2018-02-28 01:29:00,0.00185000,21.88000000
2018-02-28 01:29:00,0.00185000,43.65000000
2018-02-28 01:29:00,0.00185000,5.39000000
2018-02-28 01:29:00,0.00185000,43.77000000
2018-02-28 01:29:00,0.00184930,5.39000000
2018-02-28 01:29:00,0.00185000,1.08000000
2018-02-28 01:29:01,0.00185000,1.08000000
2018-02-28 01:29:01,0.00185000,55.00000000
2018-02-28 01:29:01,0.00184950,51.13000000
2018-02-28 01:29:01,0.00185000,6.02000000
2018-02-28 01:29:01,0.00185000,5.16000000
2018-02-28 01:29:01,0.00185800,5.59000000
2018-02-28 01:29:02,0.00185800,1.04000000
2018-02-28 01:29:07,0.00185800,1.33000000
2018-02-28 01:29:07,0.00185800,5.38000000
2018-02-28 01:29:07,0.00185800,44.16000000
2018-02-28 01:29:07,0.00185810,20.64000000
2018-02-28 01:29:08,0.00185790,1.44000000
2018-02-28 01:29:15,0.00185810,0.65000000
2018-02-28 01:29:19,0.00185800,0.81000000
2018-02-28 01:29:24,0.00185290,10.79000000
2018-02-28 01:29:27,0.00185300,6.39000000
2018-02-28 01:29:31,0.00185290,0.01000000
2018-02-28 01:29:32,0.00185300,2.31000000
2018-02-28 01:29:34,0.00185300,2.59000000
2018-02-28 01:29:37,0.00185780,4.74000000
2018-02-28 01:29:38,0.00185300,5.09000000
2018-02-28 01:29:38,0.00185250,14.77000000
2018-02-28 01:29:38,0.00185780,1.65000000
2018-02-28 01:29:55,0.00185260,6.25000000
2018-02-28 01:30:08,0.00185250,1.30000000
2018-02-28 01:30:10,0.00185250,15.63000000
2018-02-28 01:30:10,0.00185750,1.62000000
2018-02-28 01:30:11,0.00185740,2.69000000
2018-02-28 01:30:13,0.00185730,1.35000000
2018-02-28 01:30:13,0.00185730,2.15000000
2018-02-28 01:30:13,0.00185730,1.13000000
2018-02-28 01:30:13,0.00185740,0.22000000
2018-02-28 01:30:14,0.00185740,2.69000000
2018-02-28 01:30:14,0.00185260,6.25000000
2018-02-28 01:30:14,0.00185740,1.35000000
2018-02-28 01:30:15,0.00185250,8.91000000
2018-02-28 01:30:15,0.00185260,3.08000000
2018-02-28 01:30:19,0.00185720,0.54000000
2018-02-28 01:30:20,0.00185710,1.35000000
2018-02-28 01:30:21,0.00185710,2.69000000
2018-02-28 01:30:22,0.00185280,10.16000000
2018-02-28 01:30:22,0.00185700,1.35000000
2018-02-28 01:30:22,0.00185250,3.47000000
2018-02-28 01:30:25,0.00185680,1.35000000
2018-02-28 01:30:31,0.00185650,2.21000000
2018-02-28 01:30:31,0.00185660,3.18000000
2018-02-28 01:30:32,0.00185280,3.79000000
2018-02-28 01:30:35,0.00185800,1.35000000
2018-02-28 01:30:36,0.00185800,1.35000000
2018-02-28 01:30:37,0.00185800,1.35000000
2018-02-28 01:30:38,0.00185800,0.24000000
2018-02-28 01:30:38,0.00185810,0.30000000
2018-02-28 01:30:43,0.00185340,0.89000000
2018-02-28 01:30:43,0.00185340,9.90000000
2018-02-28 01:30:45,0.00185800,2.08000000
2018-02-28 01:30:54,0.00185800,16.97000000
2018-02-28 01:31:04,0.00185330,10.77000000
2018-02-28 01:31:24,0.00185280,6.08000000
2018-02-28 01:31:25,0.00185270,6.29000000
2018-02-28 01:31:47,0.00185680,4.63000000
2018-02-28 01:32:05,0.00185660,0.92000000
2018-02-28 01:32:14,0.00185470,3.47000000
2018-02-28 01:32:18,0.00185470,0.01000000
2018-02-28 01:32:35,0.00185340,5.33000000
2018-02-28 01:32:36,0.00185340,4.50000000
2018-02-28 01:32:36,0.00185340,18.21000000
2018-02-28 01:32:36,0.00185470,1.11000000
2018-02-28 01:32:37,0.00185470,1.16000000
2018-02-28 01:32:41,0.00185470,0.97000000
2018-02-28 01:32:41,0.00185340,10.49000000
2018-02-28 01:32:41,0.00185270,2.71000000
2018-02-28 01:32:41,0.00185250,55.06000000
2018-02-28 01:33:14,0.00185660,7.12000000
2018-02-28 01:33:14,0.00185670,5.39000000
2018-02-28 01:33:14,0.00185680,315.31000000
2018-02-28 01:33:53,0.00185690,1.35000000
2018-02-28 01:34:15,0.00185690,4.73000000
2018-02-28 01:34:15,0.00185810,40.27000000
2018-02-28 01:34:20,0.00185810,2.15000000
2018-02-28 01:34:25,0.00185810,0.54000000
2018-02-28 01:34:37,0.00185350,2.69000000
2018-02-28 01:34:37,0.00185300,0.07000000
2018-02-28 01:34:52,0.00185810,2.00000000
2018-02-28 01:35:09,0.00185870,0.99000000
2018-02-28 01:35:09,0.00185880,1.91000000
2018-02-28 01:35:09,0.00185900,2.41000000
2018-02-28 01:35:13,0.00185900,1.88000000
2018-02-28 01:35:16,0.00185900,8.56000000
2018-02-28 01:35:20,0.00185900,2.24000000
2018-02-28 01:35:24,0.00185190,10.72000000
2018-02-28 01:35:24,0.00185180,33.91000000
2018-02-28 01:35:24,0.00185170,26.87000000
2018-02-28 01:35:24,0.00185170,26.87000000
2018-02-28 01:35:25,0.00185170,5.01000000
2018-02-28 01:35:25,0.00185940,6.34000000
2018-02-28 01:35:29,0.00185930,19.74000000
2018-02-28 01:35:31,0.00185930,1.34000000
2018-02-28 01:35:32,0.00185930,1.61000000
2018-02-28 01:35:39,0.00185930,0.54000000
2018-02-28 01:36:01,0.00185930,21.47000000
2018-02-28 01:36:01,0.00185940,26.64000000
2018-02-28 01:36:01,0.00186040,19.31000000
2018-02-28 01:36:01,0.00186120,2.64000000
2018-02-28 01:36:01,0.00186270,207.33000000
2018-02-28 01:36:01,0.00186290,256.99000000
2018-02-28 01:36:08,0.00186250,1.39000000
2018-02-28 01:36:13,0.00186250,2.86000000
2018-02-28 01:36:22,0.00185410,1.54000000
2018-02-28 01:36:23,0.00185520,3.22000000
2018-02-28 01:36:34,0.00185530,1.82000000
2018-02-28 01:36:44,0.00185650,7.69000000
2018-02-28 01:36:44,0.00185640,20.13000000
2018-02-28 01:36:44,0.00185530,4.27000000
2018-02-28 01:36:44,0.00185520,19.52000000
2018-02-28 01:36:54,0.00185520,20.12000000
2018-02-28 01:36:55,0.00185520,29.54000000
2018-02-28 01:37:07,0.00185530,0.89000000
2018-02-28 01:37:11,0.00185530,0.07000000
2018-02-28 01:37:17,0.00185990,1.18000000
2018-02-28 01:37:39,0.00185770,3.23000000
2018-02-28 01:37:39,0.00185870,4.68000000
2018-02-28 01:37:46,0.00185520,0.90000000
2018-02-28 01:37:48,0.00185520,6.92000000
2018-02-28 01:37:49,0.00185520,5.00000000
2018-02-28 01:37:49,0.00185520,6.70000000
2018-02-28 01:38:11,0.00185420,29.76000000
2018-02-28 01:38:11,0.00185410,53.00000000
2018-02-28 01:38:11,0.00185070,16.10000000
2018-02-28 01:38:11,0.00185010,4.88000000
2018-02-28 01:38:11,0.00185000,22.41000000
2018-02-28 01:38:11,0.00184880,1.61000000
2018-02-28 01:38:11,0.00184830,1.31000000
2018-02-28 01:38:11,0.00184750,1.74000000
2018-02-28 01:38:11,0.00184640,210.00000000
2018-02-28 01:38:11,0.00184540,9.31000000
2018-02-28 01:38:11,0.00184500,246.28000000
2018-02-28 01:38:11,0.00184420,1.18000000
2018-02-28 01:38:11,0.00184400,1.00000000
2018-02-28 01:38:11,0.00184350,2.64000000
2018-02-28 01:38:11,0.00184340,25.60000000
2018-02-28 01:38:11,0.00184330,812.94000000
2018-02-28 01:38:11,0.00184310,70.34000000
2018-02-28 01:38:11,0.00184300,10.00000000
2018-02-28 01:38:11,0.00184290,5.46000000
2018-02-28 01:38:11,0.00184140,3.73000000
2018-02-28 01:38:11,0.00184000,67.55000000
2018-02-28 01:38:11,0.00183950,1.08000000
2018-02-28 01:38:11,0.00183900,11.06000000
2018-02-28 01:38:11,0.00183850,0.60000000
2018-02-28 01:38:11,0.00183810,2.69000000
2018-02-28 01:38:11,0.00183800,15.77000000
2018-02-28 01:38:11,0.00183770,9.75000000
2018-02-28 01:38:11,0.00183760,5.98000000
2018-02-28 01:38:11,0.00183750,1.47000000
2018-02-28 01:38:11,0.00183670,3.97000000
2018-02-28 01:38:11,0.00183570,2.03000000
2018-02-28 01:38:11,0.00183500,2.30000000
2018-02-28 01:38:11,0.00183470,1.00000000
2018-02-28 01:38:11,0.00183460,10.90000000
2018-02-28 01:38:11,0.00183370,4.88000000
2018-02-28 01:38:11,0.00183360,53.00000000
2018-02-28 01:38:11,0.00183350,55.00000000
2018-02-28 01:38:11,0.00183300,225.50000000
2018-02-28 01:38:11,0.00183300,50.26000000
2018-02-28 01:38:11,0.00184000,10.64000000
2018-02-28 01:38:11,0.00184950,5.98000000
2018-02-28 01:38:11,0.00184490,2.02000000
2018-02-28 01:38:11,0.00184490,0.01000000
2018-02-28 01:38:12,0.00184690,1.47000000
2018-02-28 01:38:12,0.00185480,0.80000000
2018-02-28 01:38:18,0.00184700,1.18000000
2018-02-28 01:38:18,0.00185470,1.35000000
2018-02-28 01:38:20,0.00185440,1.18000000
2018-02-28 01:38:20,0.00185450,0.17000000
2018-02-28 01:38:20,0.00185450,3.24000000
2018-02-28 01:38:23,0.00185440,5.97000000
2018-02-28 01:38:42,0.00185470,1.91000000
2018-02-28 01:38:42,0.00185480,6.02000000
2018-02-28 01:38:58,0.00185460,2.08000000
2018-02-28 01:39:13,0.00185430,3.24000000
2018-02-28 01:39:28,0.00185400,2.05000000
2018-02-28 01:39:41,0.00185370,7.76000000
2018-02-28 01:39:41,0.00185380,0.69000000
2018-02-28 01:39:45,0.00185370,2.64000000
2018-02-28 01:39:46,0.00185370,3.20000000
2018-02-28 01:39:46,0.00185370,4.20000000
2018-02-28 01:39:53,0.00185350,3.67000000
2018-02-28 01:39:54,0.00185350,10.79000000
2018-02-28 01:40:01,0.00185340,1.35000000
2018-02-28 01:40:02,0.00185030,1.81000000
2018-02-28 01:40:02,0.00185000,1.81000000
2018-02-28 01:40:03,0.00185000,2.00000000
2018-02-28 01:40:04,0.00184990,13.15000000
2018-02-28 01:40:06,0.00184990,3.24000000
2018-02-28 01:40:07,0.00184990,3.49000000
2018-02-28 01:40:07,0.00184990,6.40000000
2018-02-28 01:40:07,0.00184990,2.47000000
2018-02-28 01:40:08,0.00184990,10.00000000
2018-02-28 01:40:08,0.00184990,14.25000000
2018-02-28 01:40:08,0.00185000,8.91000000
2018-02-28 01:40:08,0.00185000,3.14000000
2018-02-28 01:40:20,0.00185000,94.98000000
2018-02-28 01:40:23,0.00185330,2.16000000
2018-02-28 01:40:25,0.00185240,1.08000000
2018-02-28 01:40:28,0.00185330,3.00000000
2018-02-28 01:40:30,0.00185300,1.35000000
2018-02-28 01:40:32,0.00185300,0.54000000
2018-02-28 01:40:34,0.00185300,0.65000000
2018-02-28 01:40:35,0.00185290,7.03000000
2018-02-28 01:40:35,0.00185300,18.50000000
2018-02-28 01:41:03,0.00185300,1.62000000
2018-02-28 01:41:07,0.00185300,9.57000000
2018-02-28 01:41:24,0.00185300,1.51000000
2018-02-28 01:41:41,0.00185300,184.35000000
2018-02-28 01:41:41,0.00185370,101.30000000
2018-02-28 01:41:41,0.00185460,805.90000000
2018-02-28 01:41:41,0.00185460,0.89000000
2018-02-28 01:41:42,0.00185470,1.37000000
2018-02-28 01:41:45,0.00185470,1.11000000
2018-02-28 01:41:56,0.00185470,5.12000000
2018-02-28 01:42:20,0.00185490,1.24000000
2018-02-28 01:42:23,0.00185510,1.10000000
2018-02-28 01:42:25,0.00185510,1.40000000
2018-02-28 01:42:28,0.00185490,0.02000000
2018-02-28 01:42:32,0.00185510,0.54000000
2018-02-28 01:42:34,0.00185510,7.86000000
2018-02-28 01:42:36,0.00185750,1.08000000
2018-02-28 01:42:39,0.00185750,1.23000000
2018-02-28 01:42:43,0.00185910,1.61000000
2018-02-28 01:43:23,0.00185900,4.68000000
2018-02-28 01:43:51,0.00185900,1.34000000
2018-02-28 01:43:59,0.00185640,20.38000000
2018-02-28 01:44:09,0.00185510,10.78000000
2018-02-28 01:44:09,0.00185500,2.62000000
2018-02-28 01:44:20,0.00185900,10.78000000
2018-02-28 01:44:20,0.00185910,89.22000000
2018-02-28 01:44:43,0.00185530,11.30000000
2018-02-28 01:44:43,0.00185500,10.78000000
2018-02-28 01:44:43,0.00185490,0.16000000
2018-02-28 01:44:43,0.00185250,0.80000000
2018-02-28 01:44:43,0.00185000,5.00000000
2018-02-28 01:44:43,0.00184760,15.13000000
2018-02-28 01:44:43,0.00184750,26.94000000
2018-02-28 01:44:43,0.00184700,3.89000000
2018-02-28 01:44:43,0.00184700,206.11000000
2018-02-28 01:44:43,0.00184620,8.03000000
2018-02-28 01:44:43,0.00184560,81.69000000
2018-02-28 01:44:43,0.00184530,164.94000000
2018-02-28 01:44:48,0.00185500,3.18000000
2018-02-28 01:44:49,0.00184560,6.18000000
2018-02-28 01:44:49,0.00184550,11.93000000
2018-02-28 01:44:49,0.00184490,1.08000000
2018-02-28 01:44:49,0.00184320,389.97000000
2018-02-28 01:44:50,0.00185500,6.00000000
2018-02-28 01:44:55,0.00184700,1.62000000
2018-02-28 01:44:55,0.00184580,7.61000000
2018-02-28 01:44:55,0.00184570,34.16000000
2018-02-28 01:44:55,0.00184320,4.48000000
2018-02-28 01:44:55,0.00184210,11.45000000
2018-02-28 01:44:55,0.00184150,9.75000000
2018-02-28 01:44:55,0.00184140,4.00000000
2018-02-28 01:44:55,0.00184000,13.00000000
2018-02-28 01:44:55,0.00183950,15.00000000
2018-02-28 01:44:55,0.00183910,2.71000000
2018-02-28 01:44:55,0.00183900,10.00000000
2018-02-28 01:44:55,0.00183850,60.91000000
2018-02-28 01:44:55,0.00183690,54.43000000
2018-02-28 01:44:55,0.00183680,4.88000000
2018-02-28 01:44:55,0.00183670,21.77000000
2018-02-28 01:44:55,0.00183640,206.50000000
2018-02-28 01:44:55,0.00184570,2.27000000
2018-02-28 01:44:55,0.00184570,2.27000000
2018-02-28 01:44:55,0.00184570,2.78000000
2018-02-28 01:44:55,0.00184570,2.68000000
2018-02-28 01:44:55,0.00184570,1.39000000
2018-02-28 01:44:55,0.00184830,0.76000000
2018-02-28 01:44:56,0.00183520,0.88000000
2018-02-28 01:44:56,0.00184830,0.81000000
2018-02-28 01:44:57,0.00184830,1.14000000
2018-02-28 01:44:57,0.00184940,0.66000000
2018-02-28 01:44:57,0.00184520,1.08000000
2018-02-28 01:44:57,0.00183520,1.43000000
2018-02-28 01:44:57,0.00183470,0.49000000
2018-02-28 01:44:59,0.00183670,1.63000000
2018-02-28 01:44:59,0.00183620,0.70000000
2018-02-28 01:44:59,0.00183490,15.06000000
2018-02-28 01:44:59,0.00183480,7.63000000
2018-02-28 01:44:59,0.00183470,18.88000000
2018-02-28 01:44:59,0.00184400,0.56000000
2018-02-28 01:44:59,0.00184400,1.65000000
2018-02-28 01:44:59,0.00184400,5.42000000
2018-02-28 01:45:00,0.00184800,2.27000000
2018-02-28 01:45:00,0.00184790,1.08000000
2018-02-28 01:45:00,0.00184790,1.35000000
2018-02-28 01:45:03,0.00184760,3.25000000
2018-02-28 01:45:03,0.00184410,1.60000000
2018-02-28 01:45:03,0.00184750,3.16000000
2018-02-28 01:45:04,0.00184750,0.59000000
2018-02-28 01:45:04,0.00184760,1.01000000
2018-02-28 01:45:07,0.00184750,10.77000000
2018-02-28 01:45:08,0.00184750,0.75000000
2018-02-28 01:45:10,0.00184740,1.53000000
2018-02-28 01:45:11,0.00184730,4.88000000
2018-02-28 01:45:11,0.00184750,4.03000000
2018-02-28 01:45:17,0.00184740,1.35000000
2018-02-28 01:45:18,0.00184740,0.18000000
2018-02-28 01:45:29,0.00184730,20.28000000
2018-02-28 01:45:31,0.00184730,26.95000000
2018-02-28 01:45:31,0.00184740,759.86000000
2018-02-28 01:45:35,0.00184750,0.81000000
2018-02-28 01:45:38,0.00184740,1.53000000
2018-02-28 01:45:54,0.00184750,0.73000000
2018-02-28 01:45:56,0.00184750,2.52000000
2018-02-28 01:45:59,0.00184750,9.10000000
2018-02-28 01:45:59,0.00184760,2.68000000
2018-02-28 01:45:59,0.00184770,1.24000000
2018-02-28 01:45:59,0.00184810,1.63000000
2018-02-28 01:45:59,0.00184930,36.80000000
2018-02-28 01:46:02,0.00184930,3.62000000
2018-02-28 01:46:03,0.00184930,3.21000000
2018-02-28 01:46:04,0.00184930,0.65000000
2018-02-28 01:46:04,0.00184740,218.49000000
2018-02-28 01:46:05,0.00184930,2.87000000
2018-02-28 01:46:05,0.00184930,1.32000000
2018-02-28 01:46:21,0.00184930,6.98000000
2018-02-28 01:46:45,0.00184740,1.06000000
2018-02-28 01:46:50,0.00184950,1.62000000
2018-02-28 01:47:07,0.00184930,25.96000000
2018-02-28 01:47:07,0.00184950,15.04000000
2018-02-28 01:47:16,0.00184950,1.17000000
2018-02-28 01:47:20,0.00184950,14.80000000
2018-02-28 01:47:25,0.00184950,2.72000000
2018-02-28 01:47:43,0.00184550,10.83000000
2018-02-28 01:47:43,0.00184550,4.63000000
2018-02-28 01:47:43,0.00184540,15.06000000
2018-02-28 01:48:16,0.00184540,75.55000000
2018-02-28 01:48:16,0.00184410,3.54000000
2018-02-28 01:48:16,0.00183920,47.47000000
2018-02-28 01:48:16,0.00183910,73.44000000
2018-02-28 01:48:21,0.00184540,10.83000000
2018-02-28 01:48:21,0.00184550,0.01000000
2018-02-28 01:48:21,0.00184930,21.46000000
2018-02-28 01:48:21,0.00184940,211.62000000
2018-02-28 01:48:21,0.00184950,70.56000000
2018-02-28 01:48:21,0.00185120,2.31000000
2018-02-28 01:48:21,0.00185200,19.41000000
2018-02-28 01:48:21,0.00185380,8.03000000
2018-02-28 01:48:21,0.00185420,597.49000000
2018-02-28 01:48:25,0.00184910,1.98000000
2018-02-28 01:48:25,0.00184900,46.03000000
2018-02-28 01:48:29,0.00184900,0.65000000
2018-02-28 01:48:41,0.00184900,5.95000000
2018-02-28 01:48:43,0.00184550,4.18000000
2018-02-28 01:48:51,0.00184550,6.65000000
2018-02-28 01:48:51,0.00184260,19.51000000
2018-02-28 01:48:51,0.00184210,1.95000000
2018-02-28 01:48:51,0.00184080,25.22000000
2018-02-28 01:49:00,0.00184550,2.30000000
2018-02-28 01:49:05,0.00184550,2.39000000
2018-02-28 01:49:11,0.00184790,4.68000000
2018-02-28 01:49:13,0.00184790,2.22000000
2018-02-28 01:49:13,0.00184790,4.82000000
2018-02-28 01:49:17,0.00184840,4.74000000
2018-02-28 01:49:52,0.00184200,2.27000000
2018-02-28 01:50:05,0.00184350,18.20000000
2018-02-28 01:50:05,0.00184350,18.20000000
2018-02-28 01:50:05,0.00184350,12.55000000
2018-02-28 01:50:13,0.00184800,1.03000000
2018-02-28 01:50:18,0.00184800,1.24000000
2018-02-28 01:50:18,0.00184810,18.20000000
2018-02-28 01:50:18,0.00184820,4.90000000
2018-02-28 01:50:26,0.00184840,4.17000000
2018-02-28 01:50:33,0.00184840,1.08000000
2018-02-28 01:50:43,0.00184840,1.08000000
2018-02-28 01:50:54,0.00184390,2.48000000
2018-02-28 01:50:54,0.00184380,2.06000000
2018-02-28 01:50:54,0.00184370,5.02000000
2018-02-28 01:50:56,0.00184840,5.19000000
2018-02-28 01:50:57,0.00184820,0.92000000
2018-02-28 01:51:24,0.00184660,1.20000000
2018-02-28 01:52:15,0.00184740,5.41000000
2018-02-28 01:52:20,0.00184230,9.84000000
2018-02-28 01:52:20,0.00184220,5.00000000
2018-02-28 01:52:23,0.00184740,0.14000000
2018-02-28 01:52:26,0.00184740,1.68000000
2018-02-28 01:52:32,0.00184740,0.55000000
2018-02-28 01:52:44,0.00184830,7.90000000
2018-02-28 01:52:55,0.00184740,1.07000000
2018-02-28 01:53:36,0.00184740,50.89000000
2018-02-28 01:53:36,0.00184110,1.00000000
2018-02-28 01:53:36,0.00184090,8.08000000
2018-02-28 01:53:36,0.00184080,28.85000000
2018-02-28 01:53:36,0.00183850,1.25000000
2018-02-28 01:53:36,0.00183550,19.82000000
2018-02-28 01:53:41,0.00183960,13.74000000
2018-02-28 01:53:44,0.00184000,196.34000000
2018-02-28 01:53:44,0.00183990,6.12000000
2018-02-28 01:53:51,0.00184040,7.54000000
2018-02-28 01:53:51,0.00184020,75.00000000
2018-02-28 01:53:51,0.00184010,0.60000000
2018-02-28 01:53:51,0.00183990,11.77000000
2018-02-28 01:53:51,0.00183960,3.41000000
2018-02-28 01:53:51,0.00183960,3.41000000
2018-02-28 01:53:51,0.00183960,2.84000000
2018-02-28 01:53:51,0.00183960,3.48000000
2018-02-28 01:53:51,0.00183960,3.48000000
2018-02-28 01:53:51,0.00183960,3.47000000
2018-02-28 01:53:51,0.00183960,3.00000000
2018-02-28 01:53:51,0.00183960,3.00000000
2018-02-28 01:53:51,0.00183960,10.88000000
2018-02-28 01:53:51,0.00183960,1.94000000
2018-02-28 01:53:51,0.00183960,3.87000000
2018-02-28 01:53:51,0.00183910,2.70000000
2018-02-28 01:53:51,0.00183750,2.29000000
2018-02-28 01:53:51,0.00183550,0.43000000
2018-02-28 01:53:52,0.00183940,9.20000000
2018-02-28 01:53:52,0.00183950,13.74000000
2018-02-28 01:53:52,0.00183960,45.06000000
2018-02-28 01:53:52,0.00183960,2.14000000
2018-02-28 01:53:52,0.00183960,4.57000000
2018-02-28 01:53:52,0.00183960,4.08000000
2018-02-28 01:53:52,0.00183960,20.59000000
2018-02-28 01:53:52,0.00183960,0.57000000
2018-02-28 01:53:52,0.00183960,4.42000000
2018-02-28 01:53:53,0.00183960,7.78000000
2018-02-28 01:53:53,0.00184710,0.02000000
2018-02-28 01:53:58,0.00184670,5.83000000
2018-02-28 01:53:58,0.00184670,0.27000000
2018-02-28 01:53:58,0.00184680,1.59000000
2018-02-28 01:53:58,0.00184680,2.08000000
2018-02-28 01:53:58,0.00184680,2.33000000
2018-02-28 01:53:59,0.00184670,1.35000000
2018-02-28 01:54:00,0.00184670,2.12000000
2018-02-28 01:54:00,0.00184680,3.34000000
2018-02-28 01:54:01,0.00184680,1.35000000
2018-02-28 01:54:02,0.00183970,5.00000000
2018-02-28 01:54:03,0.00184680,0.65000000
2018-02-28 01:54:03,0.00184680,1.35000000
2018-02-28 01:54:06,0.00184670,3.25000000
2018-02-28 01:54:20,0.00184800,1.14000000
2018-02-28 01:54:20,0.00184800,0.61000000
2018-02-28 01:54:20,0.00184670,0.97000000
2018-02-28 01:54:20,0.00184090,0.97000000
2018-02-28 01:54:25,0.00184670,0.82000000
2018-02-28 01:54:25,0.00184670,2.29000000
2018-02-28 01:54:25,0.00184670,1.09000000
2018-02-28 01:54:25,0.00184670,7.08000000
2018-02-28 01:54:27,0.00184670,17.55000000
2018-02-28 01:54:33,0.00184670,1.82000000
2018-02-28 01:54:34,0.00184670,12.23000000
2018-02-28 01:54:53,0.00184730,18.35000000
2018-02-28 01:55:25,0.00184610,1.35000000
2018-02-28 01:55:28,0.00184600,0.97000000
2018-02-28 01:55:35,0.00184840,1.35000000
2018-02-28 01:55:54,0.00184840,4.51000000
2018-02-28 01:56:19,0.00185120,8.06000000
2018-02-28 01:56:22,0.00185180,5.52000000
2018-02-28 01:56:25,0.00185180,1.78000000
2018-02-28 01:56:25,0.00185180,4.40000000
2018-02-28 01:56:26,0.00185170,8.05000000
2018-02-28 01:56:28,0.00185170,12.20000000
2018-02-28 01:56:33,0.00184620,25.92000000
2018-02-28 01:56:33,0.00184610,9.04000000
2018-02-28 01:57:14,0.00184990,1.35000000
2018-02-28 01:57:20,0.00184990,1.40000000
2018-02-28 01:57:21,0.00184970,3.47000000
2018-02-28 01:57:21,0.00184980,0.80000000
2018-02-28 01:57:42,0.00184680,15.29000000
2018-02-28 01:57:42,0.00184670,4.71000000
2018-02-28 01:57:43,0.00185000,16.40000000
2018-02-28 01:58:07,0.00185000,12.34000000
2018-02-28 01:58:07,0.00185030,8.24000000
2018-02-28 01:58:07,0.00185070,4.07000000
2018-02-28 01:58:07,0.00185070,4.62000000
2018-02-28 01:58:07,0.00185070,6.66000000
2018-02-28 01:58:59,0.00185070,1.08000000
2018-02-28 01:59:08,0.00185070,4.30000000
2018-02-28 01:59:14,0.00185070,14.22000000
2018-02-28 01:59:16,0.00185070,30.00000000
2018-02-28 01:59:17,0.00185070,0.05000000
2018-02-28 01:59:53,0.00185180,1.45000000
