DATE,PRICE,VOLUME
2018-02-26 11:00:03,0.00203460,4.45000000
2018-02-26 11:00:03,0.00203460,4.91000000
2018-02-26 11:00:03,0.00203460,9.76000000
2018-02-26 11:00:03,0.00203000,4.91000000
2018-02-26 11:00:14,0.00203000,8.75000000
2018-02-26 11:00:17,0.00203000,10.96000000
2018-02-26 11:00:18,0.00202990,27.82000000
2018-02-26 11:00:18,0.00202990,0.85000000
2018-02-26 11:00:18,0.00202990,77.12000000
2018-02-26 11:00:18,0.00202990,6.00000000
2018-02-26 11:00:20,0.00202790,1.80000000
2018-02-26 11:00:20,0.00202730,5.00000000
2018-02-26 11:00:20,0.00202520,3.00000000
2018-02-26 11:00:20,0.00202510,1.59000000
2018-02-26 11:00:46,0.00202540,1.43000000
2018-02-26 11:00:46,0.00202510,3.40000000
2018-02-26 11:01:00,0.00202510,3.30000000
2018-02-26 11:01:20,0.00202510,4.94000000
2018-02-26 11:01:21,0.00202500,7.00000000
2018-02-26 11:01:23,0.00202500,4.20000000
2018-02-26 11:01:31,0.00202300,51.37000000
2018-02-26 11:01:53,0.00202340,11.46000000
2018-02-26 11:01:53,0.00202300,1.54000000
2018-02-26 11:01:53,0.00202300,25.75000000
2018-02-26 11:01:57,0.00202320,0.92000000
2018-02-26 11:02:07,0.00202320,1.04000000
2018-02-26 11:02:07,0.00202330,1.49000000
2018-02-26 11:02:12,0.00202330,2.25000000
2018-02-26 11:02:14,0.00202330,1.00000000
2018-02-26 11:02:23,0.00202330,0.17000000
2018-02-26 11:02:23,0.00202500,0.85000000
2018-02-26 11:02:27,0.00202500,2.42000000
2018-02-26 11:02:28,0.00202500,0.77000000
2018-02-26 11:02:31,0.00202510,11.76000000
2018-02-26 11:02:33,0.00202510,1.02000000
2018-02-26 11:02:37,0.00202510,3.18000000
2018-02-26 11:02:47,0.00202510,26.00000000
2018-02-26 11:03:11,0.00202510,9.97000000
2018-02-26 11:03:18,0.00202510,0.25000000
2018-02-26 11:03:19,0.00202510,4.92000000
2018-02-26 11:03:25,0.00202420,2.60000000
2018-02-26 11:03:25,0.00202310,0.51000000
2018-02-26 11:03:25,0.00202300,93.88000000
2018-02-26 11:03:41,0.00202300,2.66000000
2018-02-26 11:03:43,0.00202510,2.42000000
2018-02-26 11:04:24,0.00202510,14.88000000
2018-02-26 11:04:29,0.00202510,57.40000000
2018-02-26 11:04:32,0.00202510,4.93000000
2018-02-26 11:04:32,0.00202510,52.10000000
2018-02-26 11:05:37,0.00202510,1.50000000
2018-02-26 11:05:37,0.00202510,10.38000000
2018-02-26 11:05:45,0.00202510,1.80000000
2018-02-26 11:06:15,0.00202500,2.94000000
2018-02-26 11:06:17,0.00202500,1.20000000
2018-02-26 11:06:39,0.00202500,0.55000000
2018-02-26 11:06:39,0.00202510,1.25000000
2018-02-26 11:07:39,0.00202510,1.27000000
2018-02-26 11:07:40,0.00202550,4.38000000
2018-02-26 11:07:42,0.00202810,1.43000000
2018-02-26 11:07:42,0.00202910,2.07000000
2018-02-26 11:07:51,0.00203190,2.85000000
2018-02-26 11:08:03,0.00203430,12.73000000
2018-02-26 11:08:11,0.00203320,9.63000000
2018-02-26 11:08:16,0.00202840,1.00000000
2018-02-26 11:08:20,0.00202860,10.15000000
2018-02-26 11:08:20,0.00202860,10.00000000
2018-02-26 11:08:20,0.00203460,4.34000000
2018-02-26 11:08:20,0.00203490,12.50000000
2018-02-26 11:08:29,0.00203300,6.86000000
2018-02-26 11:08:29,0.00203310,25.06000000
2018-02-26 11:08:37,0.00203310,18.00000000
2018-02-26 11:09:02,0.00203500,2.18000000
2018-02-26 11:09:07,0.00203310,4.34000000
2018-02-26 11:09:40,0.00203400,76.78000000
2018-02-26 11:09:55,0.00203400,7.01000000
2018-02-26 11:11:10,0.00203490,5.35000000
2018-02-26 11:11:28,0.00203490,15.80000000
2018-02-26 11:11:44,0.00203500,0.50000000
2018-02-26 11:11:54,0.00203500,27.26000000
2018-02-26 11:12:11,0.00203500,8.09000000
2018-02-26 11:12:13,0.00203490,2.99000000
2018-02-26 11:12:13,0.00203400,23.47000000
2018-02-26 11:12:15,0.00203500,17.66000000
2018-02-26 11:12:25,0.00203500,14.17000000
2018-02-26 11:12:25,0.00203400,4.20000000
2018-02-26 11:12:27,0.00203500,11.51000000
2018-02-26 11:12:31,0.00203500,0.40000000
2018-02-26 11:12:31,0.00203590,11.47000000
2018-02-26 11:12:32,0.00203400,1.52000000
2018-02-26 11:12:40,0.00203400,75.89000000
2018-02-26 11:12:51,0.00203500,5.36000000
2018-02-26 11:12:51,0.00203590,44.64000000
2018-02-26 11:12:57,0.00203590,5.34000000
2018-02-26 11:13:06,0.00203590,15.34000000
2018-02-26 11:14:03,0.00203690,3.54000000
2018-02-26 11:14:07,0.00203600,1.30000000
2018-02-26 11:14:28,0.00203680,1.00000000
2018-02-26 11:14:28,0.00203710,6.37000000
2018-02-26 11:14:35,0.00203710,0.24000000
2018-02-26 11:14:35,0.00204000,4.66000000
2018-02-26 11:14:38,0.00204000,4.36000000
2018-02-26 11:14:41,0.00203600,4.44000000
2018-02-26 11:14:41,0.00203400,19.12000000
2018-02-26 11:15:46,0.00203550,1.98000000
2018-02-26 11:16:12,0.00203550,2.08000000
2018-02-26 11:16:28,0.00203400,5.00000000
2018-02-26 11:16:38,0.00203400,8.00000000
2018-02-26 11:16:53,0.00203550,7.25000000
2018-02-26 11:16:53,0.00203590,52.59000000
2018-02-26 11:16:53,0.00203600,40.16000000
2018-02-26 11:17:05,0.00203600,0.20000000
2018-02-26 11:17:34,0.00203600,15.55000000
2018-02-26 11:17:55,0.00203600,110.10000000
2018-02-26 11:17:57,0.00203600,36.31000000
2018-02-26 11:17:58,0.00203600,11.13000000
2018-02-26 11:18:15,0.00203600,99.88000000
2018-02-26 11:18:45,0.00203590,1.10000000
2018-02-26 11:18:56,0.00203590,6.71000000
2018-02-26 11:19:33,0.00203590,2.24000000
2018-02-26 11:19:34,0.00203590,6.27000000
2018-02-26 11:19:34,0.00203600,160.67000000
2018-02-26 11:20:19,0.00203590,1.29000000
2018-02-26 11:20:19,0.00203600,78.71000000
2018-02-26 11:21:00,0.00203590,6.27000000
2018-02-26 11:21:00,0.00203600,29.91000000
2018-02-26 11:21:16,0.00203600,42.53000000
2018-02-26 11:21:22,0.00203310,7.72000000
2018-02-26 11:21:22,0.00203090,4.92000000
2018-02-26 11:21:22,0.00202790,6.01000000
2018-02-26 11:21:28,0.00203530,16.67000000
2018-02-26 11:21:28,0.00203530,3.33000000
2018-02-26 11:21:28,0.00203540,4.92000000
2018-02-26 11:21:28,0.00203600,1.56000000
2018-02-26 11:21:29,0.00203600,30.07000000
2018-02-26 11:21:42,0.00203550,0.73000000
2018-02-26 11:22:29,0.00203550,16.99000000
2018-02-26 11:22:29,0.00203580,10.71000000
2018-02-26 11:22:29,0.00203600,58.46000000
2018-02-26 11:22:33,0.00203600,20.00000000
2018-02-26 11:22:36,0.00203600,41.79000000
2018-02-26 11:22:36,0.00203600,98.00000000
2018-02-26 11:22:52,0.00203600,13.79000000
2018-02-26 11:22:52,0.00203900,15.74000000
2018-02-26 11:22:58,0.00203600,5.39000000
2018-02-26 11:22:58,0.00204000,4.58000000
2018-02-26 11:23:02,0.00204000,789.12000000
2018-02-26 11:23:28,0.00203940,2.45000000
2018-02-26 11:23:28,0.00204000,2.45000000
2018-02-26 11:23:31,0.00204000,4.91000000
2018-02-26 11:23:42,0.00203900,9.02000000
2018-02-26 11:23:42,0.00203900,20.50000000
2018-02-26 11:23:42,0.00204000,6.67000000
2018-02-26 11:23:43,0.00204000,387.82000000
2018-02-26 11:23:53,0.00204000,8.06000000
2018-02-26 11:24:13,0.00203600,24.56000000
2018-02-26 11:24:13,0.00203290,4.91000000
2018-02-26 11:24:15,0.00203590,0.50000000
2018-02-26 11:24:37,0.00202810,3.92000000
2018-02-26 11:24:56,0.00203390,3.48000000
2018-02-26 11:25:16,0.00203210,8.97000000
2018-02-26 11:25:26,0.00203130,12.11000000
2018-02-26 11:25:26,0.00203140,3.92000000
2018-02-26 11:25:27,0.00203180,4.90000000
2018-02-26 11:25:27,0.00203450,6.79000000
2018-02-26 11:25:34,0.00203590,0.53000000
2018-02-26 11:25:34,0.00203600,5.63000000
2018-02-26 11:25:53,0.00203040,24.62000000
2018-02-26 11:25:53,0.00203010,4.92000000
2018-02-26 11:25:53,0.00202970,3.27000000
2018-02-26 11:25:59,0.00202980,4.91000000
2018-02-26 11:26:00,0.00203500,11.71000000
2018-02-26 11:26:01,0.00202990,4.92000000
2018-02-26 11:26:08,0.00202990,7.99000000
2018-02-26 11:26:08,0.00203000,0.33000000
2018-02-26 11:26:10,0.00202980,0.01000000
2018-02-26 11:26:10,0.00202970,29.73000000
2018-02-26 11:26:25,0.00203000,1.20000000
2018-02-26 11:26:26,0.00203000,24.25000000
2018-02-26 11:26:33,0.00203490,0.50000000
2018-02-26 11:26:48,0.00203850,20.00000000
2018-02-26 11:26:48,0.00203860,1.00000000
2018-02-26 11:26:48,0.00203880,8.72000000
2018-02-26 11:26:51,0.00203850,2.15000000
2018-02-26 11:26:51,0.00203850,0.43000000
2018-02-26 11:26:51,0.00203260,2.58000000
2018-02-26 11:26:51,0.00203260,1.36000000
2018-02-26 11:26:55,0.00203360,0.55000000
2018-02-26 11:27:06,0.00203420,0.65000000
2018-02-26 11:27:06,0.00203420,9.38000000
2018-02-26 11:27:07,0.00203420,0.06000000
2018-02-26 11:27:14,0.00203420,9.91000000
2018-02-26 11:27:37,0.00203410,4.49000000
2018-02-26 11:27:37,0.00203420,81.06000000
2018-02-26 11:27:45,0.00203420,25.30000000
2018-02-26 11:27:46,0.00203420,3.95000000
2018-02-26 11:28:05,0.00203420,35.60000000
2018-02-26 11:28:07,0.00203710,16.44000000
2018-02-26 11:28:17,0.00203420,0.65000000
2018-02-26 11:28:22,0.00203420,0.35000000
2018-02-26 11:28:22,0.00203780,0.15000000
2018-02-26 11:28:28,0.00203780,2.88000000
2018-02-26 11:28:50,0.00203340,1.90000000
2018-02-26 11:28:52,0.00203340,3.01000000
2018-02-26 11:28:52,0.00203330,6.60000000
2018-02-26 11:29:15,0.00203330,140.95000000
2018-02-26 11:29:23,0.00203640,4.91000000
2018-02-26 11:29:23,0.00203650,32.78000000
2018-02-26 11:29:25,0.00203330,3.67000000
2018-02-26 11:29:28,0.00203690,2.79000000
2018-02-26 11:29:28,0.00203690,18.42000000
2018-02-26 11:30:04,0.00203730,0.05000000
2018-02-26 11:30:05,0.00203730,0.45000000
2018-02-26 11:30:05,0.00203740,9.55000000
2018-02-26 11:30:15,0.00203740,14.33000000
2018-02-26 11:30:26,0.00203390,9.84000000
2018-02-26 11:30:26,0.00203320,4.91000000
2018-02-26 11:30:26,0.00203070,13.27000000
2018-02-26 11:30:50,0.00203260,2.06000000
2018-02-26 11:31:00,0.00203680,4.91000000
2018-02-26 11:31:00,0.00203670,4.88000000
2018-02-26 11:31:48,0.00203580,2.06000000
2018-02-26 11:31:48,0.00203590,10.44000000
2018-02-26 11:32:21,0.00203590,6.00000000
2018-02-26 11:32:37,0.00203200,4.90000000
2018-02-26 11:32:42,0.00203200,5.54000000
2018-02-26 11:32:43,0.00203200,2.18000000
2018-02-26 11:32:54,0.00203130,1.38000000
2018-02-26 11:33:46,0.00203290,2.45000000
2018-02-26 11:33:46,0.00203270,4.90000000
2018-02-26 11:33:46,0.00203240,2.46000000
2018-02-26 11:33:46,0.00203160,4.92000000
2018-02-26 11:33:46,0.00203080,3.27000000
2018-02-26 11:33:46,0.00203070,0.59000000
2018-02-26 11:33:47,0.00203070,4.85000000
2018-02-26 11:33:47,0.00203040,2.50000000
2018-02-26 11:34:22,0.00203010,1.38000000
2018-02-26 11:34:22,0.00203020,1.45000000
2018-02-26 11:34:22,0.00203120,2.66000000
2018-02-26 11:34:26,0.00203130,1.50000000
2018-02-26 11:34:27,0.00203130,24.15000000
2018-02-26 11:34:30,0.00203000,3.12000000
2018-02-26 11:35:02,0.00203130,8.67000000
2018-02-26 11:36:34,0.00203090,1.00000000
2018-02-26 11:36:39,0.00203100,65.10000000
2018-02-26 11:36:39,0.00203130,464.60000000
2018-02-26 11:37:06,0.00203150,2.00000000
2018-02-26 11:37:45,0.00203150,22.58000000
2018-02-26 11:37:55,0.00203140,1.31000000
2018-02-26 11:37:56,0.00203140,13.10000000
2018-02-26 11:37:57,0.00203060,27.81000000
2018-02-26 11:37:57,0.00203040,96.13000000
2018-02-26 11:37:57,0.00203000,5.00000000
2018-02-26 11:37:57,0.00202700,24.59000000
2018-02-26 11:37:57,0.00202690,0.98000000
2018-02-26 11:37:57,0.00202660,24.67000000
2018-02-26 11:37:57,0.00202650,49.29000000
2018-02-26 11:37:57,0.00202590,19.15000000
2018-02-26 11:37:57,0.00202500,101.15000000
2018-02-26 11:37:57,0.00202360,7.37000000
2018-02-26 11:37:57,0.00202350,157.35000000
2018-02-26 11:37:57,0.00202300,144.16000000
2018-02-26 11:37:58,0.00203140,10.16000000
2018-02-26 11:37:58,0.00203130,13.41000000
2018-02-26 11:38:08,0.00203140,6.57000000
2018-02-26 11:38:20,0.00202740,13.41000000
2018-02-26 11:38:20,0.00202730,3.22000000
2018-02-26 11:38:20,0.00202310,22.48000000
2018-02-26 11:38:41,0.00202360,24.67000000
2018-02-26 11:38:41,0.00202350,9.84000000
2018-02-26 11:38:41,0.00202300,283.49000000
2018-02-26 11:38:52,0.00202890,20.23000000
2018-02-26 11:39:01,0.00202430,6.83000000
2018-02-26 11:39:06,0.00202830,8.52000000
2018-02-26 11:39:06,0.00202890,200.00000000
2018-02-26 11:39:06,0.00202990,190.01000000
2018-02-26 11:39:10,0.00202990,8.49000000
2018-02-26 11:39:17,0.00202890,15.32000000
2018-02-26 11:39:22,0.00202490,4.29000000
2018-02-26 11:39:22,0.00202480,4.93000000
2018-02-26 11:39:22,0.00202440,156.61000000
2018-02-26 11:39:27,0.00202450,1.00000000
2018-02-26 11:39:34,0.00202880,4.91000000
2018-02-26 11:39:37,0.00202880,1.02000000
2018-02-26 11:39:37,0.00202890,3.88000000
2018-02-26 11:39:50,0.00202480,24.65000000
2018-02-26 11:39:51,0.00202470,10.33000000
2018-02-26 11:39:51,0.00202470,14.32000000
2018-02-26 11:39:51,0.00202480,29.55000000
2018-02-26 11:39:56,0.00202480,0.13000000
2018-02-26 11:40:06,0.00202480,30.06000000
2018-02-26 11:40:06,0.00202480,20.69000000
2018-02-26 11:40:06,0.00202890,0.75000000
2018-02-26 11:40:06,0.00202980,7.50000000
2018-02-26 11:40:12,0.00202990,12.43000000
2018-02-26 11:40:13,0.00202990,138.03000000
2018-02-26 11:40:14,0.00202990,1.15000000
2018-02-26 11:41:03,0.00202700,236.68000000
2018-02-26 11:41:03,0.00202990,33.94000000
2018-02-26 11:42:03,0.00202600,0.50000000
2018-02-26 11:42:25,0.00202970,1.48000000
2018-02-26 11:42:36,0.00202970,8.47000000
2018-02-26 11:42:36,0.00202980,14.54000000
2018-02-26 11:42:46,0.00202600,2.62000000
2018-02-26 11:42:57,0.00202600,8.22000000
2018-02-26 11:43:10,0.00202600,130.90000000
2018-02-26 11:43:19,0.00202700,0.60000000
2018-02-26 11:43:24,0.00202700,0.40000000
2018-02-26 11:43:24,0.00202890,6.66000000
2018-02-26 11:43:24,0.00202970,7.37000000
2018-02-26 11:43:24,0.00202980,14.30000000
2018-02-26 11:43:28,0.00202980,12.12000000
2018-02-26 11:43:37,0.00202980,24.47000000
2018-02-26 11:44:02,0.00202970,2.38000000
2018-02-26 11:44:06,0.00202670,13.06000000
2018-02-26 11:44:10,0.00202670,18.63000000
2018-02-26 11:44:10,0.00202600,2.50000000
2018-02-26 11:44:10,0.00202550,4.93000000
2018-02-26 11:44:10,0.00202320,7.51000000
2018-02-26 11:44:10,0.00202300,6.39000000
2018-02-26 11:44:28,0.00202430,5.00000000
2018-02-26 11:44:58,0.00202430,17.61000000
2018-02-26 11:45:01,0.00202960,1.44000000
2018-02-26 11:45:32,0.00202430,2.07000000
2018-02-26 11:45:32,0.00202300,4.72000000
2018-02-26 11:46:07,0.00202640,9.54000000
2018-02-26 11:46:14,0.00202590,3.14000000
2018-02-26 11:46:15,0.00202590,1.80000000
2018-02-26 11:46:16,0.00202300,25.08000000
2018-02-26 11:46:16,0.00202290,0.98000000
2018-02-26 11:46:16,0.00202250,0.38000000
2018-02-26 11:46:19,0.00202590,4.93000000
2018-02-26 11:46:19,0.00202590,5.27000000
2018-02-26 11:46:20,0.00202600,2.91000000
2018-02-26 11:46:59,0.00202600,10.95000000
2018-02-26 11:46:59,0.00202600,1.51000000
2018-02-26 11:46:59,0.00202600,2.43000000
2018-02-26 11:46:59,0.00202600,0.48000000
2018-02-26 11:47:05,0.00202250,19.82000000
2018-02-26 11:47:05,0.00202120,1.64000000
2018-02-26 11:47:05,0.00202100,19.96000000
2018-02-26 11:47:05,0.00202050,3.82000000
2018-02-26 11:47:05,0.00202010,22.19000000
2018-02-26 11:47:05,0.00202000,328.57000000
2018-02-26 11:47:05,0.00202000,6.37000000
2018-02-26 11:47:13,0.00202050,9.12000000
2018-02-26 11:47:13,0.00202050,1.42000000
2018-02-26 11:47:14,0.00202050,0.59000000
2018-02-26 11:47:15,0.00202000,64.26000000
2018-02-26 11:47:17,0.00202000,10.00000000
2018-02-26 11:47:17,0.00202000,256.91000000
2018-02-26 11:47:22,0.00202050,2.47000000
2018-02-26 11:47:30,0.00202050,7.12000000
2018-02-26 11:47:32,0.00202000,2.00000000
2018-02-26 11:47:33,0.00202000,2.13000000
2018-02-26 11:47:50,0.00202000,47.35000000
2018-02-26 11:47:51,0.00202050,7.34000000
2018-02-26 11:47:57,0.00202050,10.45000000
2018-02-26 11:47:57,0.00202060,21.61000000
2018-02-26 11:48:01,0.00202580,3.49000000
2018-02-26 11:48:04,0.00202580,3.69000000
2018-02-26 11:48:06,0.00202580,2.29000000
2018-02-26 11:48:09,0.00202540,2.30000000
2018-02-26 11:48:12,0.00202540,1.59000000
2018-02-26 11:48:17,0.00202060,4.94000000
2018-02-26 11:48:17,0.00202050,1.50000000
2018-02-26 11:48:29,0.00202440,1.96000000
2018-02-26 11:48:44,0.00202050,10.00000000
2018-02-26 11:49:13,0.00202100,8.63000000
2018-02-26 11:49:14,0.00202100,6.00000000
2018-02-26 11:49:14,0.00202100,5.16000000
2018-02-26 11:49:14,0.00202050,13.19000000
2018-02-26 11:49:14,0.00202000,13.51000000
2018-02-26 11:49:22,0.00202000,25.25000000
2018-02-26 11:49:22,0.00201960,3.04000000
2018-02-26 11:49:22,0.00201890,0.99000000
2018-02-26 11:49:22,0.00201850,0.61000000
2018-02-26 11:49:22,0.00201790,62.93000000
2018-02-26 11:49:22,0.00201770,2.64000000
2018-02-26 11:49:22,0.00201730,7.42000000
2018-02-26 11:49:22,0.00201710,10.00000000
2018-02-26 11:49:22,0.00201700,5.00000000
2018-02-26 11:49:22,0.00201600,49.60000000
2018-02-26 11:49:22,0.00201570,8.13000000
2018-02-26 11:49:22,0.00201540,4.00000000
2018-02-26 11:49:22,0.00201520,0.54000000
2018-02-26 11:49:22,0.00201500,31.48000000
2018-02-26 11:49:22,0.00201390,251.69000000
2018-02-26 11:49:22,0.00201380,1.85000000
2018-02-26 11:49:22,0.00201300,0.95000000
2018-02-26 11:49:22,0.00201260,85.32000000
2018-02-26 11:49:22,0.00201500,40.00000000
2018-02-26 11:49:22,0.00201500,2.12000000
2018-02-26 11:49:22,0.00201490,0.85000000
2018-02-26 11:49:23,0.00201490,8.91000000
2018-02-26 11:49:23,0.00201490,0.02000000
2018-02-26 11:49:23,0.00201500,99.98000000
2018-02-26 11:49:23,0.00201500,30.06000000
2018-02-26 11:49:23,0.00201500,18.23000000
2018-02-26 11:49:24,0.00202390,0.02000000
2018-02-26 11:49:24,0.00202370,12.00000000
2018-02-26 11:49:29,0.00202070,1.07000000
2018-02-26 11:49:30,0.00202070,1.39000000
2018-02-26 11:49:30,0.00202070,1.45000000
2018-02-26 11:49:30,0.00202070,1.03000000
2018-02-26 11:49:30,0.00202080,2.29000000
2018-02-26 11:49:35,0.00202270,1.32000000
2018-02-26 11:49:37,0.00202270,2.91000000
2018-02-26 11:49:39,0.00202490,3.10000000
2018-02-26 11:49:41,0.00202490,6.25000000
2018-02-26 11:49:49,0.00202000,1.00000000
2018-02-26 11:49:53,0.00202120,21.69000000
2018-02-26 11:49:56,0.00202170,11.69000000
2018-02-26 11:50:12,0.00202170,275.93000000
2018-02-26 11:50:13,0.00202180,1.41000000
2018-02-26 11:50:28,0.00202430,3.00000000
2018-02-26 11:50:31,0.00202430,181.65000000
2018-02-26 11:50:34,0.00202180,1.73000000
2018-02-26 11:50:47,0.00202420,2.30000000
2018-02-26 11:50:47,0.00202420,0.98000000
2018-02-26 11:50:48,0.00202420,6.20000000
2018-02-26 11:50:56,0.00202180,11.86000000
2018-02-26 11:51:13,0.00202180,4.94000000
2018-02-26 11:51:15,0.00201790,1.97000000
2018-02-26 11:51:15,0.00201750,4.95000000
2018-02-26 11:51:15,0.00201480,3.08000000
2018-02-26 11:51:26,0.00202140,19.69000000
2018-02-26 11:51:26,0.00202150,4.95000000
2018-02-26 11:51:26,0.00202180,8.20000000
2018-02-26 11:51:32,0.00202400,4.72000000
2018-02-26 11:51:32,0.00202400,19.04000000
2018-02-26 11:51:32,0.00202400,1.92000000
2018-02-26 11:51:34,0.00202210,20.00000000
2018-02-26 11:51:34,0.00202200,80.74000000
2018-02-26 11:51:43,0.00202200,9.89000000
2018-02-26 11:51:45,0.00202400,4.94000000
2018-02-26 11:52:01,0.00202300,3.68000000
2018-02-26 11:52:05,0.00202300,4.68000000
2018-02-26 11:52:05,0.00202300,13.47000000
2018-02-26 11:52:14,0.00202300,23.69000000
2018-02-26 11:52:34,0.00202300,74.95000000
2018-02-26 11:52:40,0.00202200,58.67000000
2018-02-26 11:52:42,0.00202300,6.75000000
2018-02-26 11:52:47,0.00202370,37.42000000
2018-02-26 11:52:47,0.00202400,4.21000000
2018-02-26 11:52:53,0.00202490,3.99000000
2018-02-26 11:52:53,0.00202570,7.42000000
2018-02-26 11:52:53,0.00202600,10.96000000
2018-02-26 11:52:58,0.00202590,1.40000000
2018-02-26 11:53:07,0.00202590,24.73000000
2018-02-26 11:53:08,0.00202590,37.77000000
2018-02-26 11:53:12,0.00202600,392.53000000
2018-02-26 11:53:20,0.00202600,1.01000000
2018-02-26 11:53:36,0.00202300,1.00000000
2018-02-26 11:53:36,0.00202180,1.22000000
2018-02-26 11:53:37,0.00202190,3.72000000
2018-02-26 11:53:37,0.00202190,20.96000000
2018-02-26 11:53:38,0.00202580,2.78000000
2018-02-26 11:53:38,0.00202590,1.22000000
2018-02-26 11:53:38,0.00202600,119.58000000
2018-02-26 11:54:02,0.00202210,2.96000000
2018-02-26 11:54:05,0.00202210,15.00000000
2018-02-26 11:54:23,0.00202110,1.09000000
2018-02-26 11:54:39,0.00201540,1.16000000
2018-02-26 11:54:42,0.00202030,5.63000000
2018-02-26 11:54:42,0.00202040,20.00000000
2018-02-26 11:54:42,0.00202110,6.00000000
2018-02-26 11:54:43,0.00202100,1.16000000
2018-02-26 11:54:43,0.00202110,14.62000000
2018-02-26 11:54:43,0.00202110,15.78000000
2018-02-26 11:54:43,0.00202110,1.50000000
2018-02-26 11:54:43,0.00202110,17.89000000
2018-02-26 11:54:43,0.00202310,9.49000000
2018-02-26 11:54:43,0.00202580,2.68000000
2018-02-26 11:54:43,0.00202580,13.10000000
2018-02-26 11:54:48,0.00202580,12.85000000
2018-02-26 11:54:48,0.00201770,4.93000000
2018-02-26 11:54:48,0.00202960,0.50000000
2018-02-26 11:54:49,0.00202960,2.26000000
2018-02-26 11:55:26,0.00202260,12.22000000
2018-02-26 11:55:28,0.00202280,4.37000000
2018-02-26 11:56:07,0.00202710,4.93000000
2018-02-26 11:56:13,0.00202930,4.74000000
2018-02-26 11:56:17,0.00202390,24.69000000
2018-02-26 11:56:17,0.00202380,0.85000000
2018-02-26 11:56:19,0.00202380,4.94000000
2018-02-26 11:56:37,0.00202330,2.06000000
2018-02-26 11:56:37,0.00202290,27.30000000
2018-02-26 11:56:38,0.00202280,3.75000000
2018-02-26 11:56:47,0.00202280,3.87000000
2018-02-26 11:56:59,0.00202120,5.49000000
2018-02-26 11:57:10,0.00201840,1.44000000
2018-02-26 11:57:11,0.00201830,1.16000000
2018-02-26 11:57:11,0.00201830,9.29000000
2018-02-26 11:57:13,0.00201790,14.24000000
2018-02-26 11:57:17,0.00201870,2.00000000
2018-02-26 11:57:18,0.00201860,2.31000000
2018-02-26 11:57:31,0.00201490,0.21000000
2018-02-26 11:57:48,0.00201850,9.50000000
2018-02-26 11:57:48,0.00201500,146.66000000
2018-02-26 11:57:52,0.00202100,1.19000000
2018-02-26 11:57:52,0.00202100,1.17000000
2018-02-26 11:58:03,0.00202130,2.32000000
2018-02-26 11:58:09,0.00202280,4.28000000
2018-02-26 11:58:15,0.00202100,6.91000000
2018-02-26 11:58:16,0.00202100,7.33000000
2018-02-26 11:58:19,0.00202100,0.99000000
2018-02-26 11:58:23,0.00202100,9.63000000
2018-02-26 11:58:23,0.00202100,22.94000000
2018-02-26 11:58:42,0.00202100,0.94000000
2018-02-26 11:58:43,0.00201710,12.90000000
2018-02-26 11:58:57,0.00202100,0.98000000
2018-02-26 11:59:04,0.00202050,0.50000000
2018-02-26 11:59:45,0.00202030,0.80000000
2018-02-26 11:59:56,0.00202030,0.52000000
