DATE,PRICE,VOLUME
2018-02-27 18:00:01,0.00186350,7.27000000
2018-02-27 18:00:01,0.00186330,0.09000000
2018-02-27 18:00:11,0.00186600,5.74000000
2018-02-27 18:00:23,0.00186590,0.86000000
2018-02-27 18:00:23,0.00186610,2.32000000
2018-02-27 18:00:23,0.00186620,0.77000000
2018-02-27 18:00:39,0.00186330,1.09000000
2018-02-27 18:00:42,0.00186600,1.07000000
2018-02-27 18:00:45,0.00186330,9.55000000
2018-02-27 18:00:45,0.00186320,126.75000000
2018-02-27 18:01:14,0.00186580,0.64000000
2018-02-27 18:01:16,0.00186580,0.17000000
2018-02-27 18:01:16,0.00186590,0.16000000
2018-02-27 18:01:23,0.00186500,0.64000000
2018-02-27 18:01:31,0.00186320,23.14000000
2018-02-27 18:01:57,0.00186320,135.20000000
2018-02-27 18:02:01,0.00186310,7.11000000
2018-02-27 18:02:13,0.00186310,15.43000000
2018-02-27 18:02:13,0.00186290,26.83000000
2018-02-27 18:02:13,0.00186050,10.74000000
2018-02-27 18:02:13,0.00186010,19.85000000
2018-02-27 18:02:13,0.00186000,927.15000000
2018-02-27 18:02:18,0.00186310,4.64000000
2018-02-27 18:02:18,0.00186310,15.75000000
2018-02-27 18:02:18,0.00186310,10.65000000
2018-02-27 18:02:23,0.00186300,5.64000000
2018-02-27 18:02:29,0.00186300,2.04000000
2018-02-27 18:02:31,0.00186300,4.52000000
2018-02-27 18:02:34,0.00186320,4.76000000
2018-02-27 18:02:36,0.00186320,17.81000000
2018-02-27 18:02:39,0.00186300,10.25000000
2018-02-27 18:02:40,0.00186320,4.76000000
2018-02-27 18:02:43,0.00186320,52.25000000
2018-02-27 18:02:47,0.00186300,9.68000000
2018-02-27 18:02:51,0.00186300,3.68000000
2018-02-27 18:02:53,0.00186000,0.65000000
2018-02-27 18:03:01,0.00186300,9.75000000
2018-02-27 18:03:06,0.00186000,7.64000000
2018-02-27 18:03:08,0.00186300,4.76000000
2018-02-27 18:03:09,0.00186300,0.11000000
2018-02-27 18:03:24,0.00186300,15.03000000
2018-02-27 18:03:24,0.00186300,1.31000000
2018-02-27 18:03:31,0.00185740,1.24000000
2018-02-27 18:03:35,0.00186270,1.24000000
2018-02-27 18:03:35,0.00186280,8.04000000
2018-02-27 18:03:40,0.00186280,1.61000000
2018-02-27 18:04:14,0.00186280,4.76000000
2018-02-27 18:04:52,0.00186240,1.18000000
2018-02-27 18:04:52,0.00186240,0.54000000
2018-02-27 18:05:01,0.00186240,20.60000000
2018-02-27 18:05:02,0.00186010,0.04000000
2018-02-27 18:05:33,0.00186110,0.67000000
2018-02-27 18:05:33,0.00186010,8.02000000
2018-02-27 18:05:33,0.00186000,149.24000000
2018-02-27 18:05:35,0.00186000,19.49000000
2018-02-27 18:05:40,0.00186000,2.29000000
2018-02-27 18:05:50,0.00185990,0.83000000
2018-02-27 18:05:59,0.00185990,4.76000000
2018-02-27 18:06:19,0.00185980,22.28000000
2018-02-27 18:06:23,0.00185700,10.14000000
2018-02-27 18:06:36,0.00185980,0.74000000
2018-02-27 18:06:36,0.00186000,3.26000000
2018-02-27 18:06:47,0.00185990,37.32000000
2018-02-27 18:06:47,0.00186000,1.64000000
2018-02-27 18:07:04,0.00186000,1.30000000
2018-02-27 18:07:10,0.00185980,12.57000000
2018-02-27 18:07:29,0.00185980,3.34000000
2018-02-27 18:07:31,0.00185980,9.89000000
2018-02-27 18:07:35,0.00186000,1.19000000
2018-02-27 18:07:52,0.00186000,15.24000000
2018-02-27 18:07:55,0.00186000,77.88000000
2018-02-27 18:08:23,0.00186000,3.92000000
2018-02-27 18:08:27,0.00186000,6.03000000
2018-02-27 18:08:51,0.00186000,328.56000000
2018-02-27 18:08:56,0.00186250,62.21000000
2018-02-27 18:08:56,0.00186250,2.40000000
2018-02-27 18:09:04,0.00186250,3.58000000
2018-02-27 18:09:06,0.00186250,11.02000000
2018-02-27 18:09:19,0.00186250,3.58000000
2018-02-27 18:09:27,0.00186250,161.08000000
2018-02-27 18:09:32,0.00186250,14.68000000
2018-02-27 18:09:37,0.00186250,4.13000000
2018-02-27 18:09:49,0.00186250,2.96000000
2018-02-27 18:09:49,0.00185990,110.45000000
2018-02-27 18:09:49,0.00185980,270.03000000
2018-02-27 18:09:49,0.00185690,2.98000000
2018-02-27 18:09:49,0.00185620,10.77000000
2018-02-27 18:09:49,0.00185450,9.75000000
2018-02-27 18:09:49,0.00185430,2.90000000
2018-02-27 18:09:49,0.00185350,7.85000000
2018-02-27 18:09:49,0.00185340,1.07000000
2018-02-27 18:09:49,0.00185320,200.00000000
2018-02-27 18:09:49,0.00185300,65.45000000
2018-02-27 18:09:49,0.00185180,227.54000000
2018-02-27 18:09:49,0.00185000,40.00000000
2018-02-27 18:09:49,0.00184940,3.45000000
2018-02-27 18:09:49,0.00184870,4.88000000
2018-02-27 18:09:49,0.00184740,15.96000000
2018-02-27 18:09:49,0.00184500,3.00000000
2018-02-27 18:09:49,0.00184430,3.00000000
2018-02-27 18:09:49,0.00184360,2.62000000
2018-02-27 18:09:49,0.00184290,393.71000000
2018-02-27 18:09:55,0.00186250,1.06000000
2018-02-27 18:10:08,0.00186310,0.88000000
2018-02-27 18:10:09,0.00186310,0.88000000
2018-02-27 18:10:09,0.00186310,0.88000000
2018-02-27 18:10:09,0.00186310,0.94000000
2018-02-27 18:10:15,0.00186260,2.87000000
2018-02-27 18:10:16,0.00186260,1.00000000
2018-02-27 18:10:17,0.00186250,132.97000000
2018-02-27 18:10:21,0.00186230,0.64000000
2018-02-27 18:10:34,0.00186190,2.87000000
2018-02-27 18:10:35,0.00186200,2.13000000
2018-02-27 18:10:44,0.00186180,2.87000000
2018-02-27 18:10:46,0.00186170,71.70000000
2018-02-27 18:10:46,0.00186180,55.52000000
2018-02-27 18:11:00,0.00186160,23.29000000
2018-02-27 18:11:00,0.00186170,20.83000000
2018-02-27 18:11:04,0.00185800,2.86000000
2018-02-27 18:11:15,0.00186140,2.00000000
2018-02-27 18:11:43,0.00185820,30.00000000
2018-02-27 18:11:43,0.00185810,70.00000000
2018-02-27 18:11:52,0.00185810,7.82000000
2018-02-27 18:11:54,0.00185800,0.86000000
2018-02-27 18:11:59,0.00185810,0.57000000
2018-02-27 18:12:04,0.00185810,0.80000000
2018-02-27 18:12:09,0.00185810,0.05000000
2018-02-27 18:12:17,0.00185810,1.31000000
2018-02-27 18:12:29,0.00185810,3.55000000
2018-02-27 18:12:34,0.00185970,0.54000000
2018-02-27 18:12:38,0.00185960,12.20000000
2018-02-27 18:12:55,0.00185900,17.14000000
2018-02-27 18:13:02,0.00185890,13.83000000
2018-02-27 18:13:03,0.00185890,0.01000000
2018-02-27 18:13:10,0.00185810,13.35000000
2018-02-27 18:13:13,0.00185810,1.77000000
2018-02-27 18:13:13,0.00185810,1.26000000
2018-02-27 18:13:13,0.00185890,5.95000000
2018-02-27 18:13:21,0.00185890,9.00000000
2018-02-27 18:13:24,0.00185890,1.56000000
2018-02-27 18:14:01,0.00185880,0.54000000
2018-02-27 18:14:10,0.00185880,0.01000000
2018-02-27 18:14:10,0.00185890,0.53000000
2018-02-27 18:14:25,0.00185850,3.15000000
2018-02-27 18:14:27,0.00185850,12.73000000
2018-02-27 18:14:31,0.00185850,12.92000000
2018-02-27 18:15:04,0.00185840,1.08000000
2018-02-27 18:15:04,0.00185850,43.20000000
2018-02-27 18:15:14,0.00185850,0.81000000
2018-02-27 18:15:30,0.00185850,10.00000000
2018-02-27 18:15:33,0.00185860,3.61000000
2018-02-27 18:15:33,0.00185850,5.77000000
2018-02-27 18:15:33,0.00185820,5.91000000
2018-02-27 18:15:33,0.00185790,6.23000000
2018-02-27 18:15:33,0.00185780,4.53000000
2018-02-27 18:15:33,0.00185120,22.32000000
2018-02-27 18:15:33,0.00185070,9.75000000
2018-02-27 18:15:33,0.00184910,98.07000000
2018-02-27 18:15:33,0.00184900,22.49000000
2018-02-27 18:15:33,0.00184880,25.94000000
2018-02-27 18:15:33,0.00184830,414.87000000
2018-02-27 18:15:34,0.00185850,5.49000000
2018-02-27 18:15:49,0.00185800,10.04000000
2018-02-27 18:15:56,0.00185800,6.51000000
2018-02-27 18:15:56,0.00185800,3.33000000
2018-02-27 18:16:14,0.00186050,10.04000000
2018-02-27 18:16:27,0.00186030,132.08000000
2018-02-27 18:16:32,0.00186030,10.04000000
2018-02-27 18:16:40,0.00185990,8.91000000
2018-02-27 18:16:42,0.00185590,21.21000000
2018-02-27 18:16:50,0.00185970,0.54000000
2018-02-27 18:17:03,0.00185910,1.56000000
2018-02-27 18:17:10,0.00185610,0.01000000
2018-02-27 18:17:28,0.00185610,15.52000000
2018-02-27 18:17:29,0.00185610,2.00000000
2018-02-27 18:17:32,0.00185610,1.59000000
2018-02-27 18:17:32,0.00185620,1.59000000
2018-02-27 18:17:36,0.00185620,2.00000000
2018-02-27 18:17:39,0.00185620,2.00000000
2018-02-27 18:17:43,0.00185620,2.00000000
2018-02-27 18:17:46,0.00185620,2.58000000
2018-02-27 18:17:46,0.00185620,2.00000000
2018-02-27 18:17:50,0.00185620,0.42000000
2018-02-27 18:17:50,0.00185610,12.58000000
2018-02-27 18:17:51,0.00185610,10.77000000
2018-02-27 18:17:55,0.00185610,0.79000000
2018-02-27 18:17:56,0.00185610,21.32000000
2018-02-27 18:17:59,0.00185610,2.00000000
2018-02-27 18:18:02,0.00185610,2.00000000
2018-02-27 18:18:06,0.00185610,2.00000000
2018-02-27 18:18:09,0.00185610,1.87000000
2018-02-27 18:18:10,0.00185610,2.00000000
2018-02-27 18:18:13,0.00185640,1.50000000
2018-02-27 18:18:14,0.00185600,0.75000000
2018-02-27 18:18:14,0.00185600,0.02000000
2018-02-27 18:18:15,0.00185640,1.87000000
2018-02-27 18:18:16,0.00185610,36.28000000
2018-02-27 18:18:23,0.00185670,1.87000000
2018-02-27 18:18:30,0.00185660,1.87000000
2018-02-27 18:18:30,0.00185610,2.47000000
2018-02-27 18:18:31,0.00185610,133.09000000
2018-02-27 18:18:36,0.00185600,0.75000000
2018-02-27 18:18:36,0.00185660,1.12000000
2018-02-27 18:18:59,0.00185330,25.00000000
2018-02-27 18:18:59,0.00185640,0.74000000
2018-02-27 18:19:15,0.00185650,0.72000000
2018-02-27 18:19:15,0.00185660,0.16000000
2018-02-27 18:19:17,0.00185640,1.02000000
2018-02-27 18:19:29,0.00185640,5.62000000
2018-02-27 18:19:58,0.00185620,0.69000000
2018-02-27 18:19:58,0.00185630,0.71000000
2018-02-27 18:19:58,0.00185640,3.36000000
2018-02-27 18:20:03,0.00185920,0.54000000
2018-02-27 18:20:42,0.00185540,15.35000000
2018-02-27 18:21:05,0.00185860,15.35000000
2018-02-27 18:21:05,0.00185880,181.97000000
2018-02-27 18:21:05,0.00185890,24.14000000
2018-02-27 18:21:05,0.00185900,0.66000000
2018-02-27 18:21:05,0.00185910,0.67000000
2018-02-27 18:21:05,0.00185920,5.88000000
2018-02-27 18:21:13,0.00185570,20.00000000
2018-02-27 18:21:26,0.00185630,17.67000000
2018-02-27 18:21:33,0.00185580,8.15000000
2018-02-27 18:21:37,0.00185540,2.00000000
2018-02-27 18:21:37,0.00185330,0.04000000
2018-02-27 18:21:38,0.00185580,11.41000000
2018-02-27 18:21:39,0.00185580,7.34000000
2018-02-27 18:22:04,0.00185590,0.54000000
2018-02-27 18:22:07,0.00185580,0.01000000
2018-02-27 18:22:18,0.00185580,98.02000000
2018-02-27 18:22:26,0.00185610,1.69000000
2018-02-27 18:22:54,0.00185610,9.53000000
2018-02-27 18:22:54,0.00185610,9.55000000
2018-02-27 18:22:54,0.00185610,4.72000000
2018-02-27 18:23:19,0.00186020,2.93000000
2018-02-27 18:23:24,0.00185620,1.06000000
2018-02-27 18:23:25,0.00185850,1.58000000
2018-02-27 18:23:34,0.00185840,4.23000000
2018-02-27 18:23:43,0.00185490,26.93000000
2018-02-27 18:23:43,0.00185480,28.17000000
2018-02-27 18:23:54,0.00185490,9.21000000
2018-02-27 18:24:01,0.00185490,0.70000000
2018-02-27 18:25:07,0.00185790,7.00000000
2018-02-27 18:25:12,0.00185790,20.47000000
2018-02-27 18:25:12,0.00185800,9.58000000
2018-02-27 18:25:13,0.00185800,4.20000000
2018-02-27 18:25:18,0.00185620,1.06000000
2018-02-27 18:25:18,0.00185800,0.22000000
2018-02-27 18:25:18,0.00185850,4.78000000
2018-02-27 18:25:22,0.00185850,5.18000000
2018-02-27 18:25:31,0.00185850,2.07000000
2018-02-27 18:25:31,0.00185850,1.66000000
2018-02-27 18:25:46,0.00185850,99.49000000
2018-02-27 18:25:51,0.00185850,0.10000000
2018-02-27 18:25:51,0.00185880,7.84000000
2018-02-27 18:25:54,0.00186000,1.35000000
2018-02-27 18:26:12,0.00186000,6.50000000
2018-02-27 18:26:12,0.00186040,7.42000000
2018-02-27 18:26:15,0.00185880,3.20000000
2018-02-27 18:26:15,0.00185990,2.60000000
2018-02-27 18:26:18,0.00185850,0.03000000
2018-02-27 18:26:20,0.00185850,3.97000000
2018-02-27 18:26:21,0.00185990,0.03000000
2018-02-27 18:26:23,0.00185530,10.00000000
2018-02-27 18:26:38,0.00185610,6.37000000
2018-02-27 18:27:10,0.00185610,21.32000000
2018-02-27 18:27:14,0.00185600,3.00000000
2018-02-27 18:27:50,0.00185600,1.97000000
2018-02-27 18:27:58,0.00185600,0.95000000
2018-02-27 18:28:04,0.00185530,3.23000000
2018-02-27 18:28:04,0.00185500,8.49000000
2018-02-27 18:28:04,0.00185490,2.20000000
2018-02-27 18:28:05,0.00185600,21.00000000
2018-02-27 18:28:09,0.00185610,28.44000000
2018-02-27 18:28:15,0.00185610,17.27000000
2018-02-27 18:28:18,0.00185610,0.06000000
2018-02-27 18:28:18,0.00185920,3.98000000
2018-02-27 18:28:25,0.00185970,0.05000000
2018-02-27 18:28:41,0.00185970,9.07000000
2018-02-27 18:28:41,0.00186040,25.96000000
2018-02-27 18:28:50,0.00186040,46.62000000
2018-02-27 18:28:50,0.00186250,105.12000000
2018-02-27 18:28:50,0.00186260,62.26000000
2018-02-27 18:28:56,0.00185740,0.75000000
2018-02-27 18:28:57,0.00185750,0.88000000
2018-02-27 18:28:58,0.00185750,0.88000000
2018-02-27 18:28:58,0.00185750,0.88000000
2018-02-27 18:28:59,0.00185760,0.88000000
2018-02-27 18:28:59,0.00185770,0.88000000
2018-02-27 18:28:59,0.00185770,0.70000000
2018-02-27 18:29:00,0.00186290,0.75000000
2018-02-27 18:29:00,0.00186300,8.28000000
2018-02-27 18:29:01,0.00186300,0.40000000
2018-02-27 18:29:02,0.00185790,0.88000000
2018-02-27 18:29:04,0.00185810,5.62000000
2018-02-27 18:29:05,0.00185810,4.75000000
2018-02-27 18:29:08,0.00186290,0.08000000
2018-02-27 18:29:10,0.00186290,0.80000000
2018-02-27 18:29:10,0.00186300,42.87000000
2018-02-27 18:29:14,0.00186310,3.96000000
2018-02-27 18:29:14,0.00186320,24.48000000
2018-02-27 18:29:18,0.00186000,1.11000000
2018-02-27 18:29:18,0.00186300,1.00000000
2018-02-27 18:29:18,0.00186000,1.00000000
2018-02-27 18:29:18,0.00186000,1.00000000
2018-02-27 18:29:18,0.00186000,1.77000000
2018-02-27 18:29:20,0.00186250,15.08000000
2018-02-27 18:29:21,0.00186000,0.12000000
2018-02-27 18:29:25,0.00185590,1.00000000
2018-02-27 18:29:29,0.00185610,25.92000000
2018-02-27 18:29:29,0.00185600,10.77000000
2018-02-27 18:29:31,0.00185580,1.09000000
2018-02-27 18:29:31,0.00185580,20.00000000
2018-02-27 18:29:37,0.00185580,2.13000000
2018-02-27 18:29:39,0.00185580,4.09000000
2018-02-27 18:29:39,0.00185590,48.96000000
2018-02-27 18:29:43,0.00185570,0.72000000
2018-02-27 18:29:43,0.00185580,10.78000000
2018-02-27 18:29:45,0.00185590,10.74000000
2018-02-27 18:29:48,0.00185580,13.91000000
2018-02-27 18:29:54,0.00185580,1.83000000
2018-02-27 18:29:58,0.00185580,3.98000000
2018-02-27 18:29:59,0.00185510,3.15000000
2018-02-27 18:30:02,0.00185580,0.02000000
2018-02-27 18:30:09,0.00185590,2.72000000
2018-02-27 18:30:15,0.00185590,10.81000000
2018-02-27 18:30:24,0.00185590,7.75000000
2018-02-27 18:30:31,0.00185580,20.37000000
2018-02-27 18:30:32,0.00185580,3.78000000
2018-02-27 18:30:34,0.00185580,22.86000000
2018-02-27 18:30:36,0.00185580,13.91000000
2018-02-27 18:30:46,0.00185510,0.50000000
2018-02-27 18:31:13,0.00185580,0.95000000
2018-02-27 18:31:18,0.00185580,4.50000000
2018-02-27 18:31:34,0.00185580,3.39000000
2018-02-27 18:31:44,0.00185520,39.71000000
2018-02-27 18:31:57,0.00185520,0.54000000
2018-02-27 18:32:14,0.00185590,26.93000000
2018-02-27 18:32:14,0.00185580,0.56000000
2018-02-27 18:32:14,0.00185520,2.10000000
2018-02-27 18:32:48,0.00185890,36.22000000
2018-02-27 18:32:48,0.00185530,0.77000000
2018-02-27 18:32:57,0.00185590,5.86000000
2018-02-27 18:33:11,0.00185600,3.94000000
2018-02-27 18:33:53,0.00185950,5.37000000
2018-02-27 18:34:10,0.00185950,1.26000000
2018-02-27 18:34:39,0.00185950,2.00000000
2018-02-27 18:34:50,0.00185600,2.28000000
2018-02-27 18:34:57,0.00185610,34.72000000
2018-02-27 18:34:57,0.00185600,7.33000000
2018-02-27 18:34:57,0.00185600,59.58000000
2018-02-27 18:35:13,0.00185960,5.37000000
2018-02-27 18:35:13,0.00185950,1.11000000
2018-02-27 18:35:13,0.00185950,4.28000000
2018-02-27 18:35:15,0.00185600,10.00000000
2018-02-27 18:35:31,0.00185940,5.18000000
2018-02-27 18:35:36,0.00185840,5.54000000
2018-02-27 18:35:45,0.00185840,10.82000000
2018-02-27 18:35:45,0.00185850,48.00000000
2018-02-27 18:35:46,0.00185850,12.41000000
2018-02-27 18:35:47,0.00185850,8.04000000
2018-02-27 18:35:48,0.00185850,20.73000000
2018-02-27 18:36:02,0.00185850,91.88000000
2018-02-27 18:36:19,0.00185850,1.18000000
2018-02-27 18:36:26,0.00185850,111.94000000
2018-02-27 18:36:26,0.00185850,121.18000000
2018-02-27 18:36:28,0.00185850,17.73000000
2018-02-27 18:36:29,0.00185850,0.88000000
2018-02-27 18:36:30,0.00185850,85.47000000
2018-02-27 18:36:32,0.00185850,20.57000000
2018-02-27 18:36:35,0.00185850,100.00000000
2018-02-27 18:36:40,0.00185850,3.41000000
2018-02-27 18:36:41,0.00185850,1.59000000
2018-02-27 18:36:51,0.00185850,100.37000000
2018-02-27 18:37:01,0.00185850,3.25000000
2018-02-27 18:37:04,0.00185950,16.87000000
2018-02-27 18:37:12,0.00185950,15.98000000
2018-02-27 18:37:13,0.00185950,22.27000000
2018-02-27 18:37:13,0.00185950,1.13000000
2018-02-27 18:37:47,0.00185860,2.38000000
2018-02-27 18:38:01,0.00185920,3.87000000
2018-02-27 18:38:17,0.00185920,1.85000000
2018-02-27 18:38:22,0.00185610,2.06000000
2018-02-27 18:38:28,0.00185800,3.81000000
2018-02-27 18:38:41,0.00185790,1.26000000
2018-02-27 18:39:00,0.00185790,2.46000000
2018-02-27 18:39:00,0.00185800,0.54000000
2018-02-27 18:39:04,0.00185800,38.91000000
2018-02-27 18:39:15,0.00185800,0.87000000
2018-02-27 18:39:38,0.00185800,23.76000000
2018-02-27 18:39:38,0.00185790,2.00000000
2018-02-27 18:39:47,0.00185630,102.50000000
2018-02-27 18:39:47,0.00185620,195.58000000
2018-02-27 18:39:49,0.00185620,19.89000000
2018-02-27 18:39:51,0.00185620,44.77000000
2018-02-27 18:39:51,0.00185620,7.08000000
2018-02-27 18:40:03,0.00185620,2.00000000
2018-02-27 18:40:04,0.00185620,11.32000000
2018-02-27 18:40:08,0.00185620,3.30000000
2018-02-27 18:40:40,0.00185620,1.85000000
2018-02-27 18:40:53,0.00185620,26.76000000
2018-02-27 18:40:59,0.00185620,1.22000000
2018-02-27 18:41:04,0.00185620,5.56000000
2018-02-27 18:41:10,0.00185620,36.57000000
2018-02-27 18:41:12,0.00185620,2.15000000
2018-02-27 18:41:12,0.00185620,36.23000000
2018-02-27 18:41:16,0.00185620,53.88000000
2018-02-27 18:41:17,0.00185610,64.65000000
2018-02-27 18:41:17,0.00185610,1.10000000
2018-02-27 18:41:18,0.00185610,7.08000000
2018-02-27 18:41:19,0.00185610,10.65000000
2018-02-27 18:41:22,0.00185620,0.55000000
2018-02-27 18:41:28,0.00185620,0.23000000
2018-02-27 18:41:34,0.00185620,13.56000000
2018-02-27 18:41:36,0.00185620,62.00000000
2018-02-27 18:41:52,0.00185610,1.09000000
2018-02-27 18:42:33,0.00185620,21.57000000
2018-02-27 18:42:33,0.00185620,36.87000000
2018-02-27 18:42:45,0.00185620,1.09000000
2018-02-27 18:42:45,0.00185620,1.08000000
2018-02-27 18:42:47,0.00185620,85.37000000
2018-02-27 18:42:56,0.00185620,6.00000000
2018-02-27 18:43:06,0.00185620,5.37000000
2018-02-27 18:43:31,0.00185610,28.63000000
2018-02-27 18:43:32,0.00185610,20.07000000
2018-02-27 18:43:32,0.00185610,4.37000000
2018-02-27 18:43:32,0.00185610,5.54000000
2018-02-27 18:43:39,0.00185610,115.62000000
2018-02-27 18:43:55,0.00185620,21.40000000
2018-02-27 18:44:15,0.00185620,38.23000000
2018-02-27 18:44:15,0.00185790,5.28000000
2018-02-27 18:44:15,0.00185940,4.48000000
2018-02-27 18:44:21,0.00185950,7.73000000
2018-02-27 18:44:22,0.00185950,7.73000000
2018-02-27 18:44:30,0.00185950,12.51000000
2018-02-27 18:44:34,0.00185630,1.08000000
2018-02-27 18:44:50,0.00185630,20.00000000
2018-02-27 18:44:58,0.00185950,28.88000000
2018-02-27 18:44:59,0.00185950,42.18000000
2018-02-27 18:44:59,0.00185950,0.01000000
2018-02-27 18:45:00,0.00185980,9.00000000
2018-02-27 18:45:01,0.00186000,50.59000000
2018-02-27 18:45:01,0.00186000,6.41000000
2018-02-27 18:45:06,0.00186320,0.64000000
2018-02-27 18:45:12,0.00186320,6.30000000
2018-02-27 18:45:12,0.00186330,37.00000000
2018-02-27 18:45:12,0.00186400,2.75000000
2018-02-27 18:45:12,0.00186500,3.53000000
2018-02-27 18:45:12,0.00186570,25.00000000
2018-02-27 18:45:12,0.00186620,14.35000000
2018-02-27 18:45:14,0.00186050,26.85000000
2018-02-27 18:45:19,0.00186090,0.88000000
2018-02-27 18:45:19,0.00186090,0.88000000
2018-02-27 18:45:20,0.00186110,8.67000000
2018-02-27 18:45:21,0.00186650,2.68000000
2018-02-27 18:45:22,0.00186120,5.79000000
2018-02-27 18:45:24,0.00186610,5.35000000
2018-02-27 18:45:37,0.00186050,1.07000000
2018-02-27 18:45:42,0.00186120,13.30000000
2018-02-27 18:45:43,0.00186010,5.33000000
2018-02-27 18:45:45,0.00186380,10.99000000
2018-02-27 18:45:54,0.00186380,12.68000000
2018-02-27 18:46:01,0.00186010,0.01000000
2018-02-27 18:46:06,0.00186010,0.01000000
2018-02-27 18:46:06,0.00186000,0.69000000
2018-02-27 18:46:18,0.00186280,2.05000000
2018-02-27 18:46:23,0.00186200,28.76000000
2018-02-27 18:46:30,0.00186150,1.13000000
2018-02-27 18:46:30,0.00186190,0.03000000
2018-02-27 18:46:31,0.00186200,0.14000000
2018-02-27 18:46:37,0.00186000,42.90000000
2018-02-27 18:46:39,0.00185990,0.04000000
2018-02-27 18:46:39,0.00186000,11.96000000
2018-02-27 18:46:42,0.00185990,5.79000000
2018-02-27 18:46:42,0.00186000,1.39000000
2018-02-27 18:46:42,0.00186180,0.02000000
2018-02-27 18:46:45,0.00185700,8.12000000
2018-02-27 18:46:50,0.00186190,8.02000000
2018-02-27 18:46:50,0.00186200,0.97000000
2018-02-27 18:46:50,0.00186410,4.69000000
2018-02-27 18:46:50,0.00186570,3.72000000
2018-02-27 18:46:54,0.00186560,2.51000000
2018-02-27 18:46:57,0.00186560,17.49000000
2018-02-27 18:46:57,0.00186570,6.03000000
2018-02-27 18:46:57,0.00186690,11.75000000
2018-02-27 18:47:12,0.00186670,3.06000000
2018-02-27 18:47:28,0.00186560,5.06000000
2018-02-27 18:47:28,0.00186570,0.30000000
2018-02-27 18:48:13,0.00186310,20.00000000
2018-02-27 18:48:13,0.00186300,10.73000000
2018-02-27 18:48:13,0.00185970,19.10000000
2018-02-27 18:48:13,0.00185850,18.03000000
2018-02-27 18:48:13,0.00185780,1.97000000
2018-02-27 18:48:44,0.00185970,32.61000000
2018-02-27 18:48:44,0.00185650,7.92000000
2018-02-27 18:48:44,0.00185640,1.32000000
2018-02-27 18:48:44,0.00185630,6.24000000
2018-02-27 18:48:44,0.00185620,23.00000000
2018-02-27 18:48:44,0.00185610,118.72000000
2018-02-27 18:48:58,0.00186300,3.90000000
2018-02-27 18:49:02,0.00186300,5.37000000
2018-02-27 18:49:03,0.00185840,3.77000000
2018-02-27 18:49:19,0.00186300,0.14000000
2018-02-27 18:49:20,0.00186300,1.32000000
2018-02-27 18:49:20,0.00186310,3.68000000
2018-02-27 18:49:49,0.00185990,0.54000000
2018-02-27 18:49:52,0.00186300,3.77000000
2018-02-27 18:49:52,0.00186310,12.32000000
2018-02-27 18:49:52,0.00186600,19.10000000
2018-02-27 18:49:52,0.00186630,9.75000000
2018-02-27 18:49:52,0.00186670,7.92000000
2018-02-27 18:49:52,0.00186670,5.35000000
2018-02-27 18:49:52,0.00186670,5.35000000
2018-02-27 18:49:52,0.00186670,36.17000000
2018-02-27 18:50:14,0.00186690,9.83000000
2018-02-27 18:50:14,0.00186770,1.81000000
2018-02-27 18:50:14,0.00186860,5.26000000
2018-02-27 18:50:41,0.00186510,1.96000000
2018-02-27 18:50:56,0.00186600,13.26000000
2018-02-27 18:51:05,0.00186610,0.88000000
2018-02-27 18:51:05,0.00186610,15.81000000
2018-02-27 18:51:52,0.00186610,135.20000000
2018-02-27 18:51:55,0.00186610,0.88000000
2018-02-27 18:51:56,0.00186610,37.28000000
2018-02-27 18:51:56,0.00186610,8.84000000
2018-02-27 18:51:56,0.00186610,7.95000000
2018-02-27 18:51:57,0.00186610,7.53000000
2018-02-27 18:51:58,0.00186610,0.88000000
2018-02-27 18:51:59,0.00186610,15.71000000
2018-02-27 18:52:15,0.00186670,19.57000000
2018-02-27 18:52:36,0.00186660,0.54000000
2018-02-27 18:52:36,0.00186670,3.70000000
2018-02-27 18:52:48,0.00186670,2.56000000
2018-02-27 18:53:02,0.00186670,10.42000000
2018-02-27 18:53:09,0.00186670,0.79000000
2018-02-27 18:53:13,0.00186670,12.16000000
2018-02-27 18:53:16,0.00186650,0.94000000
2018-02-27 18:53:20,0.00186670,1.02000000
2018-02-27 18:53:22,0.00186670,5.17000000
2018-02-27 18:53:42,0.00186670,1.76000000
2018-02-27 18:53:45,0.00186670,5.64000000
2018-02-27 18:53:55,0.00186650,1.80000000
2018-02-27 18:54:04,0.00186850,2.97000000
2018-02-27 18:54:04,0.00186860,1.86000000
2018-02-27 18:54:04,0.00187000,11.43000000
2018-02-27 18:54:07,0.00187000,1.49000000
2018-02-27 18:54:07,0.00187000,9.32000000
2018-02-27 18:54:12,0.00187000,180.88000000
2018-02-27 18:54:13,0.00187000,0.10000000
2018-02-27 18:54:15,0.00187000,7.27000000
2018-02-27 18:54:16,0.00187000,0.01000000
2018-02-27 18:54:17,0.00187000,56.48000000
2018-02-27 18:54:39,0.00187070,2.11000000
2018-02-27 18:54:39,0.00187120,4.82000000
2018-02-27 18:54:39,0.00187180,1.06000000
2018-02-27 18:54:39,0.00187240,10.14000000
2018-02-27 18:54:39,0.00187420,4.88000000
2018-02-27 18:54:39,0.00187460,2.89000000
2018-02-27 18:54:39,0.00187610,26.93000000
2018-02-27 18:54:39,0.00187680,1.22000000
2018-02-27 18:54:39,0.00187700,176.95000000
2018-02-27 18:54:42,0.00187070,26.70000000
2018-02-27 18:54:42,0.00187060,2.89000000
2018-02-27 18:54:46,0.00187100,2.48000000
2018-02-27 18:54:47,0.00187620,2.36000000
2018-02-27 18:54:48,0.00187600,5.32000000
2018-02-27 18:54:49,0.00187580,19.02000000
2018-02-27 18:54:49,0.00187590,5.37000000
2018-02-27 18:54:50,0.00187620,8.42000000
2018-02-27 18:54:50,0.00187620,2.00000000
2018-02-27 18:54:50,0.00187620,1.08000000
2018-02-27 18:54:50,0.00187620,1.56000000
2018-02-27 18:54:51,0.00187620,3.74000000
2018-02-27 18:54:52,0.00187620,0.02000000
2018-02-27 18:54:52,0.00187620,7.18000000
2018-02-27 18:54:52,0.00187050,6.59000000
2018-02-27 18:54:52,0.00187010,26.73000000
2018-02-27 18:54:52,0.00187000,10.51000000
2018-02-27 18:54:53,0.00187020,5.09000000
2018-02-27 18:54:56,0.00187090,2.71000000
2018-02-27 18:54:57,0.00187090,0.59000000
2018-02-27 18:55:09,0.00187570,5.09000000
2018-02-27 18:55:09,0.00187580,6.59000000
2018-02-27 18:55:09,0.00187690,26.73000000
2018-02-27 18:55:09,0.00187700,23.05000000
2018-02-27 18:55:09,0.00187790,8.06000000
2018-02-27 18:55:09,0.00187850,3.01000000
2018-02-27 18:55:09,0.00187870,82.84000000
2018-02-27 18:55:09,0.00187880,173.97000000
2018-02-27 18:55:11,0.00187210,2.00000000
2018-02-27 18:55:12,0.00187230,2.71000000
2018-02-27 18:55:14,0.00187270,2.15000000
2018-02-27 18:55:14,0.00187290,2.00000000
2018-02-27 18:55:15,0.00187850,2.41000000
2018-02-27 18:55:15,0.00187870,18.00000000
2018-02-27 18:55:18,0.00187350,2.00000000
2018-02-27 18:55:21,0.00187390,2.00000000
2018-02-27 18:55:25,0.00187430,2.00000000
2018-02-27 18:55:29,0.00187470,2.00000000
2018-02-27 18:55:30,0.00187470,2.70000000
2018-02-27 18:55:30,0.00187840,5.50000000
2018-02-27 18:55:30,0.00187860,35.61000000
2018-02-27 18:55:30,0.00187880,97.18000000
2018-02-27 18:55:31,0.00187490,13.42000000
2018-02-27 18:55:31,0.00187480,10.66000000
2018-02-27 18:55:37,0.00187210,0.65000000
2018-02-27 18:55:41,0.00187040,1.06000000
2018-02-27 18:55:57,0.00187040,0.34000000
2018-02-27 18:56:00,0.00187040,2.71000000
2018-02-27 18:56:04,0.00187040,2.71000000
2018-02-27 18:56:07,0.00187040,2.16000000
2018-02-27 18:56:11,0.00187350,1.06000000
2018-02-27 18:56:29,0.00187330,35.22000000
2018-02-27 18:56:29,0.00187340,1.43000000
2018-02-27 18:56:35,0.00187360,26.62000000
2018-02-27 18:56:35,0.00187760,5.33000000
2018-02-27 18:56:55,0.00187490,0.01000000
2018-02-27 18:56:58,0.00187490,1.80000000
2018-02-27 18:56:58,0.00187350,1.80000000
2018-02-27 18:57:03,0.00187350,0.20000000
2018-02-27 18:57:21,0.00187050,3.89000000
2018-02-27 18:57:53,0.00187040,2.36000000
2018-02-27 18:57:53,0.00187030,10.00000000
2018-02-27 18:57:53,0.00187000,6.43000000
2018-02-27 18:57:54,0.00186990,1.07000000
2018-02-27 18:57:57,0.00186990,2.59000000
2018-02-27 18:58:07,0.00186570,3.64000000
2018-02-27 18:58:22,0.00186970,1.00000000
2018-02-27 18:58:30,0.00186990,10.02000000
2018-02-27 18:58:31,0.00186970,3.65000000
2018-02-27 18:58:32,0.00186970,10.35000000
2018-02-27 18:58:32,0.00186660,26.78000000
2018-02-27 18:58:32,0.00186620,2.92000000
2018-02-27 18:58:32,0.00186570,17.07000000
2018-02-27 18:58:32,0.00186510,12.88000000
2018-02-27 18:58:33,0.00186990,1.00000000
2018-02-27 18:58:38,0.00186990,18.69000000
2018-02-27 18:58:38,0.00186990,8.79000000
2018-02-27 18:58:40,0.00187000,1.00000000
2018-02-27 18:58:42,0.00187000,5.23000000
2018-02-27 18:58:42,0.00187210,5.32000000
2018-02-27 18:58:42,0.00187210,5.32000000
2018-02-27 18:58:42,0.00187210,2.24000000
2018-02-27 18:58:45,0.00187660,1.00000000
2018-02-27 18:58:50,0.00187650,2.10000000
2018-02-27 18:58:56,0.00187150,0.09000000
2018-02-27 18:59:00,0.00187190,24.93000000
2018-02-27 18:59:39,0.00187650,1.79000000
