DATE,PRICE,VOLUME
2018-02-27 23:00:00,0.00187900,4.66000000
2018-02-27 23:00:03,0.00187630,6.00000000
2018-02-27 23:00:03,0.00187620,1.59000000
2018-02-27 23:00:03,0.00187620,19.41000000
2018-02-27 23:00:03,0.00187610,4.00000000
2018-02-27 23:00:03,0.00187610,29.91000000
2018-02-27 23:00:05,0.00188440,3.18000000
2018-02-27 23:00:30,0.00188280,10.64000000
2018-02-27 23:00:31,0.00188300,19.00000000
2018-02-27 23:00:31,0.00188270,2.81000000
2018-02-27 23:00:33,0.00188000,320.10000000
2018-02-27 23:00:33,0.00187760,4.16000000
2018-02-27 23:00:45,0.00187820,22.45000000
2018-02-27 23:00:49,0.00188270,9.80000000
2018-02-27 23:00:52,0.00187530,10.42000000
2018-02-27 23:00:54,0.00188210,5.29000000
2018-02-27 23:00:54,0.00188210,11.51000000
2018-02-27 23:00:55,0.00188190,10.41000000
2018-02-27 23:00:56,0.00188180,20.94000000
2018-02-27 23:00:58,0.00188180,0.01000000
2018-02-27 23:00:58,0.00188190,0.01000000
2018-02-27 23:01:01,0.00188190,4.91000000
2018-02-27 23:01:01,0.00188260,7.34000000
2018-02-27 23:01:01,0.00188190,4.91000000
2018-02-27 23:01:01,0.00188190,0.18000000
2018-02-27 23:01:03,0.00188380,1.59000000
2018-02-27 23:01:05,0.00188190,9.99000000
2018-02-27 23:01:05,0.00188180,3.18000000
2018-02-27 23:01:05,0.00188000,15.00000000
2018-02-27 23:01:05,0.00187650,10.63000000
2018-02-27 23:01:05,0.00187540,42.37000000
2018-02-27 23:01:05,0.00187530,639.14000000
2018-02-27 23:01:07,0.00188190,9.99000000
2018-02-27 23:01:22,0.00187920,26.56000000
2018-02-27 23:01:22,0.00187500,10.00000000
2018-02-27 23:01:25,0.00188230,26.57000000
2018-02-27 23:01:25,0.00188000,10.43000000
2018-02-27 23:01:26,0.00188240,19.26000000
2018-02-27 23:01:26,0.00188250,10.63000000
2018-02-27 23:01:26,0.00188270,39.37000000
2018-02-27 23:01:43,0.00188250,26.73000000
2018-02-27 23:01:57,0.00187840,25.60000000
2018-02-27 23:01:57,0.00187840,0.99000000
2018-02-27 23:01:57,0.00187830,10.64000000
2018-02-27 23:01:57,0.00187570,13.97000000
2018-02-27 23:01:58,0.00187570,3.57000000
2018-02-27 23:01:58,0.00187570,1.79000000
2018-02-27 23:01:58,0.00187570,23.81000000
2018-02-27 23:01:58,0.00188240,23.81000000
2018-02-27 23:01:59,0.00187580,5.93000000
2018-02-27 23:01:59,0.00187570,19.67000000
2018-02-27 23:02:02,0.00187570,1.02000000
2018-02-27 23:02:02,0.00187600,36.22000000
2018-02-27 23:02:02,0.00187600,20.80000000
2018-02-27 23:02:05,0.00188060,2.79000000
2018-02-27 23:02:38,0.00188040,1.33000000
2018-02-27 23:02:41,0.00188040,3.19000000
2018-02-27 23:02:42,0.00188040,1.82000000
2018-02-27 23:02:54,0.00187950,1.17000000
2018-02-27 23:02:57,0.00187940,0.80000000
2018-02-27 23:03:02,0.00187570,0.05000000
2018-02-27 23:03:02,0.00187420,3.41000000
2018-02-27 23:03:12,0.00187740,2.70000000
2018-02-27 23:03:12,0.00187880,3.50000000
2018-02-27 23:03:14,0.00187720,3.41000000
2018-02-27 23:03:22,0.00188020,19.73000000
2018-02-27 23:03:28,0.00187410,2.00000000
2018-02-27 23:03:33,0.00187990,3.19000000
2018-02-27 23:04:26,0.00187970,1.57000000
2018-02-27 23:04:26,0.00187970,1.62000000
2018-02-27 23:04:36,0.00187970,0.38000000
2018-02-27 23:04:36,0.00187980,4.93000000
2018-02-27 23:04:43,0.00187570,2.95000000
2018-02-27 23:04:53,0.00187980,1.07000000
2018-02-27 23:04:53,0.00188050,3.12000000
2018-02-27 23:05:04,0.00188050,0.01000000
2018-02-27 23:05:04,0.00188070,0.53000000
2018-02-27 23:05:07,0.00188070,6.32000000
2018-02-27 23:05:12,0.00187690,9.35000000
2018-02-27 23:05:42,0.00188050,3.24000000
2018-02-27 23:06:15,0.00188050,1.33000000
2018-02-27 23:06:19,0.00187700,2.60000000
2018-02-27 23:06:54,0.00187700,0.06000000
2018-02-27 23:07:16,0.00188050,1.59000000
2018-02-27 23:07:47,0.00187760,0.54000000
2018-02-27 23:07:50,0.00188050,0.54000000
2018-02-27 23:08:23,0.00188050,5.33000000
2018-02-27 23:09:11,0.00188050,0.54000000
2018-02-27 23:09:11,0.00188050,1.41000000
2018-02-27 23:09:40,0.00187820,7.34000000
2018-02-27 23:10:45,0.00187820,1.73000000
2018-02-27 23:10:58,0.00187820,9.31000000
2018-02-27 23:10:58,0.00187770,3.50000000
2018-02-27 23:11:05,0.00187770,0.85000000
2018-02-27 23:11:45,0.00187770,0.26000000
2018-02-27 23:11:52,0.00187770,3.20000000
2018-02-27 23:11:53,0.00187750,37.52000000
2018-02-27 23:12:19,0.00187770,4.42000000
2018-02-27 23:12:45,0.00187750,2.52000000
2018-02-27 23:12:45,0.00187700,7.99000000
2018-02-27 23:12:45,0.00187690,15.65000000
2018-02-27 23:12:45,0.00187200,1.42000000
2018-02-27 23:12:45,0.00187110,3.18000000
2018-02-27 23:12:45,0.00187040,1.72000000
2018-02-27 23:12:45,0.00187000,51.50000000
2018-02-27 23:12:45,0.00186840,2.50000000
2018-02-27 23:12:45,0.00187000,66.48000000
2018-02-27 23:12:46,0.00187000,5.33000000
2018-02-27 23:12:46,0.00187000,70.85000000
2018-02-27 23:12:46,0.00187000,63.33000000
2018-02-27 23:12:52,0.00187720,10.65000000
2018-02-27 23:12:52,0.00187730,62.31000000
2018-02-27 23:12:54,0.00187350,4.41000000
2018-02-27 23:13:12,0.00187730,4.33000000
2018-02-27 23:13:16,0.00187370,22.28000000
2018-02-27 23:13:16,0.00187360,10.67000000
2018-02-27 23:13:20,0.00187720,0.54000000
2018-02-27 23:13:21,0.00187340,1.98000000
2018-02-27 23:13:24,0.00187700,1.07000000
2018-02-27 23:13:25,0.00187010,6.02000000
2018-02-27 23:13:33,0.00187600,3.20000000
2018-02-27 23:13:37,0.00187560,2.18000000
2018-02-27 23:13:41,0.00187520,19.70000000
2018-02-27 23:13:43,0.00187500,0.85000000
2018-02-27 23:13:45,0.00187490,0.85000000
2018-02-27 23:13:46,0.00187490,5.16000000
2018-02-27 23:13:49,0.00187490,0.85000000
2018-02-27 23:13:50,0.00187480,9.82000000
2018-02-27 23:13:51,0.00187490,3.75000000
2018-02-27 23:13:52,0.00187490,7.90000000
2018-02-27 23:13:52,0.00187500,20.76000000
2018-02-27 23:13:54,0.00187500,25.12000000
2018-02-27 23:13:55,0.00187500,0.85000000
2018-02-27 23:13:55,0.00187500,2.43000000
2018-02-27 23:14:03,0.00187750,0.64000000
2018-02-27 23:14:10,0.00187500,6.00000000
2018-02-27 23:14:17,0.00187750,0.42000000
2018-02-27 23:14:17,0.00187760,0.12000000
2018-02-27 23:14:21,0.00187260,16.75000000
2018-02-27 23:14:21,0.00187250,19.72000000
2018-02-27 23:14:32,0.00187700,10.68000000
2018-02-27 23:14:37,0.00187710,1.60000000
2018-02-27 23:14:40,0.00187710,0.08000000
2018-02-27 23:14:42,0.00187710,2.66000000
2018-02-27 23:14:44,0.00187710,8.04000000
2018-02-27 23:15:03,0.00187700,2.38000000
2018-02-27 23:15:05,0.00187700,1.60000000
2018-02-27 23:15:05,0.00187330,0.50000000
2018-02-27 23:15:30,0.00187660,1.33000000
2018-02-27 23:15:38,0.00187640,5.88000000
2018-02-27 23:15:38,0.00187330,16.99000000
2018-02-27 23:15:38,0.00187320,13.01000000
2018-02-27 23:15:38,0.00187330,0.85000000
2018-02-27 23:15:38,0.00187330,0.85000000
2018-02-27 23:15:39,0.00187330,0.85000000
2018-02-27 23:15:45,0.00187330,0.44000000
2018-02-27 23:15:47,0.00187660,0.83000000
2018-02-27 23:15:47,0.00187320,0.83000000
2018-02-27 23:15:47,0.00187330,1.60000000
2018-02-27 23:15:47,0.00187330,24.42000000
2018-02-27 23:15:48,0.00187330,39.94000000
2018-02-27 23:15:49,0.00187330,1.07000000
2018-02-27 23:15:49,0.00187320,6.52000000
2018-02-27 23:15:51,0.00187330,164.94000000
2018-02-27 23:16:00,0.00187750,1.86000000
2018-02-27 23:16:01,0.00187750,1.33000000
2018-02-27 23:16:11,0.00187750,7.48000000
2018-02-27 23:16:11,0.00187760,7.52000000
2018-02-27 23:16:11,0.00187760,1.11000000
2018-02-27 23:16:16,0.00187770,4.70000000
2018-02-27 23:16:16,0.00187790,0.60000000
2018-02-27 23:16:19,0.00187760,1.45000000
2018-02-27 23:16:22,0.00187760,1.30000000
2018-02-27 23:16:23,0.00187760,3.37000000
2018-02-27 23:16:34,0.00187790,12.67000000
2018-02-27 23:16:36,0.00188050,8.88000000
2018-02-27 23:16:36,0.00188040,5.04000000
2018-02-27 23:16:36,0.00188040,5.04000000
2018-02-27 23:16:36,0.00188040,0.55000000
2018-02-27 23:16:39,0.00188040,1.75000000
2018-02-27 23:16:39,0.00188040,0.73000000
2018-02-27 23:16:46,0.00188050,1.33000000
2018-02-27 23:16:49,0.00187760,0.01000000
2018-02-27 23:16:49,0.00187540,16.45000000
2018-02-27 23:16:50,0.00187540,10.21000000
2018-02-27 23:16:50,0.00187530,10.66000000
2018-02-27 23:16:50,0.00187430,31.30000000
2018-02-27 23:16:51,0.00187330,8.03000000
2018-02-27 23:17:13,0.00187330,11.97000000
2018-02-27 23:17:13,0.00187320,26.66000000
2018-02-27 23:17:13,0.00187320,1.68000000
2018-02-27 23:17:16,0.00187320,18.32000000
2018-02-27 23:17:16,0.00187330,4.49000000
2018-02-27 23:17:50,0.00187340,36.62000000
2018-02-27 23:18:14,0.00187410,8.55000000
2018-02-27 23:18:26,0.00187790,10.00000000
2018-02-27 23:18:29,0.00187790,0.54000000
2018-02-27 23:18:33,0.00187820,1.54000000
2018-02-27 23:18:33,0.00187820,2.98000000
2018-02-27 23:18:34,0.00187430,18.10000000
2018-02-27 23:18:34,0.00187420,0.02000000
2018-02-27 23:18:34,0.00187820,0.64000000
2018-02-27 23:18:41,0.00187810,7.06000000
2018-02-27 23:19:07,0.00187790,19.59000000
2018-02-27 23:19:07,0.00187790,0.55000000
2018-02-27 23:19:07,0.00187790,15.95000000
2018-02-27 23:20:07,0.00187790,25.62000000
2018-02-27 23:20:07,0.00187820,56.59000000
2018-02-27 23:20:07,0.00187820,0.27000000
2018-02-27 23:20:14,0.00187820,2.24000000
2018-02-27 23:20:34,0.00187820,1.01000000
2018-02-27 23:20:43,0.00187820,23.28000000
2018-02-27 23:22:14,0.00187510,14.63000000
2018-02-27 23:22:16,0.00187500,0.54000000
2018-02-27 23:22:17,0.00187510,2.00000000
2018-02-27 23:22:18,0.00187510,1.60000000
2018-02-27 23:22:31,0.00187510,1.07000000
2018-02-27 23:22:35,0.00187510,24.37000000
2018-02-27 23:22:45,0.00187510,3.20000000
2018-02-27 23:22:54,0.00187510,1.33000000
2018-02-27 23:22:56,0.00187510,8.00000000
2018-02-27 23:23:09,0.00187500,2.12000000
2018-02-27 23:23:15,0.00187500,8.60000000
2018-02-27 23:23:39,0.00187480,3.20000000
2018-02-27 23:24:24,0.00187290,1.36000000
2018-02-27 23:24:24,0.00187060,10.55000000
2018-02-27 23:24:24,0.00187050,26.78000000
2018-02-27 23:24:24,0.00187020,151.73000000
2018-02-27 23:24:27,0.00187500,10.69000000
2018-02-27 23:24:27,0.00187510,9.28000000
2018-02-27 23:24:32,0.00187810,15.00000000
2018-02-27 23:24:39,0.00187480,0.64000000
2018-02-27 23:24:39,0.00187170,10.68000000
2018-02-27 23:24:39,0.00187160,46.78000000
2018-02-27 23:24:39,0.00187140,17.52000000
2018-02-27 23:24:58,0.00187290,2.00000000
2018-02-27 23:25:02,0.00187290,2.00000000
2018-02-27 23:25:16,0.00187110,1.87000000
2018-02-27 23:25:33,0.00187370,5.87000000
2018-02-27 23:25:34,0.00187390,5.00000000
2018-02-27 23:25:34,0.00187390,6.58000000
2018-02-27 23:25:38,0.00187360,7.59000000
2018-02-27 23:25:39,0.00187360,2.24000000
2018-02-27 23:25:40,0.00187370,8.74000000
2018-02-27 23:25:40,0.00187370,7.08000000
2018-02-27 23:25:41,0.00187370,0.54000000
2018-02-27 23:25:41,0.00187370,8.71000000
2018-02-27 23:25:43,0.00187360,20.53000000
2018-02-27 23:25:43,0.00187360,4.37000000
2018-02-27 23:25:43,0.00187360,34.03000000
2018-02-27 23:25:44,0.00187360,15.90000000
2018-02-27 23:25:44,0.00187370,0.79000000
2018-02-27 23:25:45,0.00187350,1.38000000
2018-02-27 23:25:52,0.00187090,2.25000000
2018-02-27 23:25:52,0.00187020,14.38000000
2018-02-27 23:25:52,0.00187010,10.27000000
2018-02-27 23:25:55,0.00187010,5.18000000
2018-02-27 23:25:58,0.00187010,5.18000000
2018-02-27 23:26:07,0.00187010,4.77000000
2018-02-27 23:26:10,0.00187300,0.85000000
2018-02-27 23:26:11,0.00187300,1.20000000
2018-02-27 23:26:11,0.00187290,6.61000000
2018-02-27 23:26:12,0.00187000,1.06000000
2018-02-27 23:26:12,0.00187000,1.07000000
2018-02-27 23:26:13,0.00187000,0.57000000
2018-02-27 23:26:14,0.00187000,0.02000000
2018-02-27 23:26:14,0.00187310,0.78000000
2018-02-27 23:26:20,0.00187270,1.60000000
2018-02-27 23:26:31,0.00187020,1.63000000
2018-02-27 23:26:31,0.00187000,3.21000000
2018-02-27 23:26:44,0.00187210,2.10000000
2018-02-27 23:27:01,0.00187210,3.95000000
2018-02-27 23:27:45,0.00187210,38.77000000
2018-02-27 23:27:45,0.00187270,1.63000000
2018-02-27 23:27:45,0.00187270,8.85000000
2018-02-27 23:27:45,0.00187270,1.10000000
2018-02-27 23:27:48,0.00187270,2.00000000
2018-02-27 23:27:53,0.00187270,7.48000000
2018-02-27 23:27:53,0.00187300,5.34000000
2018-02-27 23:28:02,0.00187300,17.40000000
2018-02-27 23:28:02,0.00187300,5.32000000
2018-02-27 23:28:02,0.00187270,5.32000000
2018-02-27 23:28:04,0.00187300,1.06000000
2018-02-27 23:28:21,0.00187270,0.99000000
2018-02-27 23:28:22,0.00187270,4.49000000
2018-02-27 23:28:22,0.00186950,2.54000000
2018-02-27 23:28:22,0.00186880,1.59000000
2018-02-27 23:28:22,0.00186850,28.57000000
2018-02-27 23:28:22,0.00186840,17.57000000
2018-02-27 23:28:22,0.00186650,8.32000000
2018-02-27 23:28:22,0.00186550,1.07000000
2018-02-27 23:28:22,0.00186400,3.03000000
2018-02-27 23:28:22,0.00186300,10.00000000
2018-02-27 23:28:22,0.00186270,4.40000000
2018-02-27 23:28:22,0.00186020,25.60000000
2018-02-27 23:28:22,0.00186000,2.01000000
2018-02-27 23:28:22,0.00185930,7.49000000
2018-02-27 23:28:22,0.00185710,75.57000000
2018-02-27 23:28:22,0.00185700,4.74000000
2018-02-27 23:28:22,0.00185660,1.47000000
2018-02-27 23:28:22,0.00185640,1.80000000
2018-02-27 23:28:22,0.00185610,1.13000000
2018-02-27 23:28:22,0.00185550,1.00000000
2018-02-27 23:28:22,0.00185510,26.95000000
2018-02-27 23:28:22,0.00185500,6.76000000
2018-02-27 23:28:23,0.00186220,2.97000000
2018-02-27 23:28:23,0.00186120,26.93000000
2018-02-27 23:28:23,0.00186110,50.06000000
2018-02-27 23:28:23,0.00186030,26.07000000
2018-02-27 23:28:23,0.00186020,21.25000000
2018-02-27 23:28:23,0.00186420,1.47000000
2018-02-27 23:28:23,0.00187280,1.47000000
2018-02-27 23:28:28,0.00187150,6.57000000
2018-02-27 23:28:30,0.00187130,3.21000000
2018-02-27 23:28:34,0.00187030,1.59000000
2018-02-27 23:28:35,0.00187020,2.67000000
2018-02-27 23:28:35,0.00187010,1.10000000
2018-02-27 23:28:36,0.00187000,1.56000000
2018-02-27 23:28:36,0.00186540,10.67000000
2018-02-27 23:28:36,0.00186990,0.82000000
2018-02-27 23:28:37,0.00186990,2.67000000
2018-02-27 23:28:37,0.00186540,5.10000000
2018-02-27 23:28:40,0.00186580,0.54000000
2018-02-27 23:28:43,0.00186890,4.97000000
2018-02-27 23:28:43,0.00186570,6.00000000
2018-02-27 23:28:43,0.00186580,9.92000000
2018-02-27 23:28:43,0.00186580,1.07000000
2018-02-27 23:28:43,0.00186580,8.74000000
2018-02-27 23:28:44,0.00186580,0.85000000
2018-02-27 23:28:44,0.00186580,2.93000000
2018-02-27 23:28:44,0.00186580,10.00000000
2018-02-27 23:28:45,0.00186570,0.54000000
2018-02-27 23:28:45,0.00186570,0.85000000
2018-02-27 23:28:45,0.00186560,0.85000000
2018-02-27 23:28:45,0.00186560,3.22000000
2018-02-27 23:28:45,0.00186560,0.85000000
2018-02-27 23:28:46,0.00186560,3.00000000
2018-02-27 23:28:46,0.00186560,0.85000000
2018-02-27 23:28:46,0.00186560,1.91000000
2018-02-27 23:28:46,0.00186570,2.77000000
2018-02-27 23:28:46,0.00186570,1.91000000
2018-02-27 23:28:47,0.00186580,7.24000000
2018-02-27 23:28:47,0.00186580,2.00000000
2018-02-27 23:28:47,0.00186580,2.04000000
2018-02-27 23:28:48,0.00186580,17.19000000
2018-02-27 23:28:49,0.00186730,27.69000000
2018-02-27 23:28:52,0.00186820,0.54000000
2018-02-27 23:28:53,0.00186820,0.80000000
2018-02-27 23:28:55,0.00186820,1.18000000
2018-02-27 23:28:55,0.00186820,0.66000000
2018-02-27 23:29:00,0.00186940,1.98000000
2018-02-27 23:29:03,0.00187120,1.34000000
2018-02-27 23:29:03,0.00187120,2.30000000
2018-02-27 23:29:06,0.00187180,3.26000000
2018-02-27 23:29:07,0.00187180,5.34000000
2018-02-27 23:29:08,0.00187180,1.92000000
2018-02-27 23:29:08,0.00187180,1.07000000
2018-02-27 23:29:09,0.00187180,1.34000000
2018-02-27 23:29:10,0.00187180,2.14000000
2018-02-27 23:29:11,0.00187180,1.34000000
2018-02-27 23:29:11,0.00187180,1.34000000
2018-02-27 23:29:11,0.00187180,0.85000000
2018-02-27 23:29:11,0.00187180,1.34000000
2018-02-27 23:29:12,0.00187180,6.44000000
2018-02-27 23:29:12,0.00187180,2.67000000
2018-02-27 23:29:22,0.00187180,1.59000000
2018-02-27 23:29:22,0.00187180,3.49000000
2018-02-27 23:29:22,0.00187180,1.35000000
2018-02-27 23:29:22,0.00187180,3.51000000
2018-02-27 23:29:22,0.00187180,3.22000000
2018-02-27 23:29:22,0.00187190,1.59000000
2018-02-27 23:29:22,0.00187190,1.07000000
2018-02-27 23:29:23,0.00187190,17.34000000
2018-02-27 23:29:23,0.00187180,53.80000000
2018-02-27 23:29:24,0.00187290,1.33000000
2018-02-27 23:29:24,0.00187290,1.33000000
2018-02-27 23:29:27,0.00187330,1.33000000
2018-02-27 23:29:27,0.00187330,1.87000000
2018-02-27 23:29:27,0.00187180,1.28000000
2018-02-27 23:29:27,0.00187280,5.34000000
2018-02-27 23:29:27,0.00187280,1.33000000
2018-02-27 23:29:28,0.00187270,1.33000000
2018-02-27 23:29:29,0.00187270,1.33000000
2018-02-27 23:29:30,0.00187260,3.20000000
2018-02-27 23:29:30,0.00187260,2.67000000
2018-02-27 23:29:30,0.00187250,1.33000000
2018-02-27 23:29:40,0.00187330,1.33000000
2018-02-27 23:29:40,0.00187330,1.33000000
2018-02-27 23:29:42,0.00187330,1.87000000
2018-02-27 23:29:46,0.00187180,12.84000000
2018-02-27 23:29:46,0.00186790,3.65000000
2018-02-27 23:29:46,0.00186760,10.70000000
2018-02-27 23:29:46,0.00186240,26.81000000
2018-02-27 23:29:57,0.00187250,3.18000000
2018-02-27 23:30:23,0.00186720,26.87000000
2018-02-27 23:30:23,0.00186510,26.81000000
2018-02-27 23:30:23,0.00186500,21.43000000
2018-02-27 23:30:23,0.00186280,25.60000000
2018-02-27 23:30:23,0.00185580,45.62000000
2018-02-27 23:30:23,0.00185580,138.50000000
2018-02-27 23:30:34,0.00187050,1.34000000
2018-02-27 23:30:39,0.00186920,1.34000000
2018-02-27 23:30:45,0.00186820,24.19000000
2018-02-27 23:30:45,0.00186990,8.47000000
2018-02-27 23:30:45,0.00187070,11.10000000
2018-02-27 23:30:51,0.00186980,8.23000000
2018-02-27 23:30:56,0.00186950,2.71000000
2018-02-27 23:31:00,0.00186940,0.90000000
2018-02-27 23:31:03,0.00187160,14.11000000
2018-02-27 23:31:03,0.00187170,1.57000000
2018-02-27 23:31:03,0.00187180,8.24000000
2018-02-27 23:31:03,0.00187210,23.33000000
2018-02-27 23:31:03,0.00187310,5.40000000
2018-02-27 23:31:05,0.00186690,26.76000000
2018-02-27 23:31:06,0.00186700,46.10000000
2018-02-27 23:31:06,0.00187310,0.96000000
2018-02-27 23:31:11,0.00187270,1.33000000
2018-02-27 23:31:19,0.00186790,22.55000000
2018-02-27 23:31:20,0.00187210,4.77000000
2018-02-27 23:31:20,0.00187320,40.00000000
2018-02-27 23:31:20,0.00187330,2.15000000
2018-02-27 23:31:20,0.00187360,20.46000000
2018-02-27 23:31:20,0.00187390,32.62000000
2018-02-27 23:31:21,0.00186800,14.00000000
2018-02-27 23:31:22,0.00187390,26.58000000
2018-02-27 23:31:25,0.00187390,0.87000000
2018-02-27 23:31:26,0.00186950,2.18000000
2018-02-27 23:31:26,0.00186950,1.10000000
2018-02-27 23:31:26,0.00187390,155.84000000
2018-02-27 23:31:27,0.00186970,0.94000000
2018-02-27 23:31:28,0.00186990,10.67000000
2018-02-27 23:31:28,0.00187000,2.04000000
2018-02-27 23:31:28,0.00186990,0.02000000
2018-02-27 23:31:28,0.00186980,6.00000000
2018-02-27 23:31:28,0.00186740,4.67000000
2018-02-27 23:31:28,0.00186730,8.19000000
2018-02-27 23:31:28,0.00186730,2.04000000
2018-02-27 23:31:28,0.00186730,0.65000000
2018-02-27 23:31:35,0.00186740,20.00000000
2018-02-27 23:31:35,0.00186730,12.48000000
2018-02-27 23:31:35,0.00186590,37.52000000
2018-02-27 23:31:48,0.00186590,13.14000000
2018-02-27 23:31:55,0.00186590,35.00000000
2018-02-27 23:31:55,0.00186590,20.00000000
2018-02-27 23:32:18,0.00186590,12.93000000
2018-02-27 23:32:22,0.00186750,1.07000000
2018-02-27 23:33:06,0.00186750,4.00000000
2018-02-27 23:33:28,0.00186590,8.06000000
2018-02-27 23:33:30,0.00186590,93.98000000
2018-02-27 23:33:37,0.00186590,1.30000000
2018-02-27 23:33:47,0.00186580,3.43000000
2018-02-27 23:33:53,0.00186560,1.61000000
2018-02-27 23:34:02,0.00186560,0.75000000
2018-02-27 23:34:22,0.00186560,94.47000000
2018-02-27 23:34:22,0.00186570,4.67000000
2018-02-27 23:34:25,0.00186590,0.54000000
2018-02-27 23:34:49,0.00186590,2.76000000
2018-02-27 23:34:49,0.00186950,3.48000000
2018-02-27 23:34:55,0.00186950,2.58000000
2018-02-27 23:35:05,0.00186950,0.70000000
2018-02-27 23:35:09,0.00187050,5.45000000
2018-02-27 23:35:11,0.00187050,0.70000000
2018-02-27 23:35:13,0.00186610,3.47000000
2018-02-27 23:35:14,0.00187050,4.54000000
2018-02-27 23:35:14,0.00187060,12.30000000
2018-02-27 23:35:14,0.00187290,26.81000000
2018-02-27 23:35:14,0.00187390,14.08000000
2018-02-27 23:35:17,0.00187390,1.33000000
2018-02-27 23:35:23,0.00187390,40.00000000
2018-02-27 23:35:27,0.00186790,1.31000000
2018-02-27 23:35:30,0.00186820,3.25000000
2018-02-27 23:35:31,0.00186830,15.39000000
2018-02-27 23:35:34,0.00186850,0.85000000
2018-02-27 23:35:35,0.00186850,5.75000000
2018-02-27 23:35:37,0.00186850,0.02000000
2018-02-27 23:35:37,0.00186840,10.70000000
2018-02-27 23:35:46,0.00186680,28.23000000
2018-02-27 23:36:35,0.00186300,77.20000000
2018-02-27 23:36:35,0.00186240,22.90000000
2018-02-27 23:36:59,0.00186240,2.52000000
2018-02-27 23:37:05,0.00186400,3.22000000
2018-02-27 23:37:11,0.00186400,3.35000000
2018-02-27 23:37:12,0.00186400,2.49000000
2018-02-27 23:37:25,0.00186240,15.16000000
2018-02-27 23:37:28,0.00186090,0.88000000
2018-02-27 23:37:28,0.00186090,16.85000000
2018-02-27 23:37:31,0.00186100,0.64000000
2018-02-27 23:37:31,0.00186100,1.69000000
2018-02-27 23:37:31,0.00186100,1.34000000
2018-02-27 23:37:41,0.00186100,4.00000000
2018-02-27 23:37:53,0.00186100,4.00000000
2018-02-27 23:37:57,0.00186100,3.22000000
2018-02-27 23:38:19,0.00186100,11.43000000
2018-02-27 23:38:22,0.00186400,1.05000000
2018-02-27 23:38:22,0.00186400,6.44000000
2018-02-27 23:38:23,0.00186400,1.32000000
2018-02-27 23:38:58,0.00186400,1.07000000
2018-02-27 23:40:13,0.00186390,1.21000000
2018-02-27 23:40:13,0.00186390,0.66000000
2018-02-27 23:40:19,0.00186400,4.83000000
2018-02-27 23:40:19,0.00186400,3.76000000
2018-02-27 23:40:20,0.00186400,0.64000000
2018-02-27 23:40:39,0.00186400,2.12000000
2018-02-27 23:40:41,0.00186640,3.25000000
2018-02-27 23:40:41,0.00186770,10.70000000
2018-02-27 23:40:42,0.00186780,1.46000000
2018-02-27 23:40:44,0.00186780,0.54000000
2018-02-27 23:40:54,0.00186780,0.31000000
2018-02-27 23:41:29,0.00186450,37.53000000
2018-02-27 23:41:50,0.00186760,2.92000000
2018-02-27 23:42:04,0.00186760,2.68000000
2018-02-27 23:42:09,0.00186760,1.39000000
2018-02-27 23:42:40,0.00186760,4.77000000
2018-02-27 23:42:41,0.00186760,2.00000000
2018-02-27 23:42:44,0.00186760,2.38000000
2018-02-27 23:42:50,0.00186760,4.53000000
2018-02-27 23:43:05,0.00186640,3.25000000
2018-02-27 23:43:19,0.00186580,1.34000000
2018-02-27 23:43:37,0.00186580,1.55000000
2018-02-27 23:43:37,0.00186640,21.02000000
2018-02-27 23:43:38,0.00186630,6.00000000
2018-02-27 23:44:25,0.00186780,0.54000000
2018-02-27 23:44:33,0.00186420,26.80000000
2018-02-27 23:44:33,0.00186410,1.27000000
2018-02-27 23:45:09,0.00186390,2.68000000
2018-02-27 23:45:11,0.00186380,1.61000000
2018-02-27 23:45:20,0.00186380,1.34000000
2018-02-27 23:45:40,0.00186210,7.50000000
2018-02-27 23:45:40,0.00186100,5.68000000
2018-02-27 23:45:40,0.00186090,13.53000000
2018-02-27 23:45:40,0.00186090,1.07000000
2018-02-27 23:45:41,0.00186090,7.98000000
2018-02-27 23:45:41,0.00186100,20.73000000
2018-02-27 23:45:41,0.00186100,0.88000000
2018-02-27 23:45:41,0.00186100,34.35000000
2018-02-27 23:45:41,0.00186750,0.54000000
2018-02-27 23:45:41,0.00186790,0.32000000
2018-02-27 23:46:01,0.00186790,2.62000000
2018-02-27 23:46:38,0.00186790,1.58000000
2018-02-27 23:46:38,0.00186830,3.05000000
2018-02-27 23:46:38,0.00186840,0.37000000
2018-02-27 23:46:46,0.00186470,14.77000000
2018-02-27 23:47:06,0.00186470,13.59000000
2018-02-27 23:47:36,0.00186410,4.00000000
2018-02-27 23:47:50,0.00186410,5.07000000
2018-02-27 23:48:09,0.00186440,1.29000000
2018-02-27 23:48:32,0.00186440,5.36000000
2018-02-27 23:49:26,0.00186440,0.60000000
2018-02-27 23:49:47,0.00186410,1.80000000
2018-02-27 23:49:55,0.00186410,3.57000000
2018-02-27 23:49:56,0.00186420,1.07000000
2018-02-27 23:50:02,0.00186040,1.11000000
2018-02-27 23:50:20,0.00186400,16.09000000
2018-02-27 23:50:23,0.00186400,2.43000000
2018-02-27 23:50:23,0.00186410,1.11000000
2018-02-27 23:50:23,0.00186440,11.67000000
2018-02-27 23:50:36,0.00186440,10.64000000
2018-02-27 23:50:41,0.00186430,0.54000000
2018-02-27 23:50:47,0.00186430,4.40000000
2018-02-27 23:51:14,0.00186430,0.54000000
2018-02-27 23:51:21,0.00186430,4.53000000
2018-02-27 23:51:52,0.00186400,0.62000000
2018-02-27 23:51:57,0.00186430,6.72000000
2018-02-27 23:52:15,0.00186430,2.65000000
2018-02-27 23:52:38,0.00186430,7.73000000
2018-02-27 23:53:03,0.00186430,3.22000000
2018-02-27 23:53:10,0.00186410,22.24000000
2018-02-27 23:53:12,0.00186410,3.43000000
2018-02-27 23:53:15,0.00186410,0.61000000
2018-02-27 23:53:21,0.00186410,124.95000000
2018-02-27 23:53:25,0.00186410,0.91000000
2018-02-27 23:53:25,0.00186410,3.00000000
2018-02-27 23:53:28,0.00186410,3.25000000
2018-02-27 23:53:36,0.00186410,26.47000000
2018-02-27 23:53:38,0.00186410,0.01000000
2018-02-27 23:53:39,0.00186410,1.33000000
2018-02-27 23:53:54,0.00186410,3.22000000
2018-02-27 23:54:03,0.00186410,28.65000000
2018-02-27 23:54:10,0.00186430,76.67000000
2018-02-27 23:54:24,0.00186470,9.91000000
2018-02-27 23:54:56,0.00186430,0.76000000
2018-02-27 23:55:05,0.00186470,8.87000000
2018-02-27 23:55:13,0.00186470,1.34000000
2018-02-27 23:55:25,0.00186470,6.15000000
2018-02-27 23:55:27,0.00186470,1.54000000
2018-02-27 23:55:27,0.00186840,1.06000000
2018-02-27 23:55:27,0.00186910,1.82000000
2018-02-27 23:55:27,0.00187000,3.22000000
2018-02-27 23:55:27,0.00187240,0.05000000
2018-02-27 23:55:30,0.00187240,1.84000000
2018-02-27 23:55:31,0.00187240,1.34000000
2018-02-27 23:55:31,0.00187240,2.80000000
2018-02-27 23:55:32,0.00187240,1.60000000
2018-02-27 23:55:33,0.00187230,12.82000000
2018-02-27 23:55:34,0.00187230,7.10000000
2018-02-27 23:55:35,0.00187230,2.67000000
2018-02-27 23:55:37,0.00186650,1.79000000
2018-02-27 23:55:41,0.00186700,3.20000000
2018-02-27 23:55:41,0.00186700,1.87000000
2018-02-27 23:55:44,0.00187300,1.38000000
2018-02-27 23:55:49,0.00187300,1.84000000
2018-02-27 23:55:49,0.00187330,5.39000000
2018-02-27 23:55:49,0.00187340,5.86000000
2018-02-27 23:55:49,0.00187350,16.68000000
2018-02-27 23:55:51,0.00186860,14.00000000
2018-02-27 23:55:56,0.00186920,1.32000000
2018-02-27 23:55:57,0.00186920,2.97000000
2018-02-27 23:55:58,0.00186920,5.31000000
2018-02-27 23:55:58,0.00186910,8.69000000
2018-02-27 23:56:03,0.00187300,2.13000000
2018-02-27 23:56:05,0.00187280,1.01000000
2018-02-27 23:56:07,0.00187260,2.80000000
2018-02-27 23:56:28,0.00187240,0.81000000
2018-02-27 23:56:36,0.00186890,2.37000000
2018-02-27 23:56:40,0.00187240,2.67000000
2018-02-27 23:56:59,0.00186890,0.01000000
2018-02-27 23:56:59,0.00186870,6.85000000
2018-02-27 23:57:02,0.00186870,1.16000000
2018-02-27 23:57:15,0.00187240,19.76000000
2018-02-27 23:57:48,0.00187240,1.34000000
2018-02-27 23:58:42,0.00187240,1.40000000
2018-02-27 23:58:47,0.00187240,17.90000000
2018-02-27 23:58:47,0.00186870,0.02000000
2018-02-27 23:58:47,0.00186500,0.74000000
2018-02-27 23:59:48,0.00186880,5.56000000
2018-02-27 23:59:56,0.00186880,4.61000000
2018-02-27 23:59:58,0.00187350,0.54000000
