DATE,PRICE,VOLUME
2018-02-25 20:00:15,0.00204710,46.55000000
2018-02-25 20:00:15,0.00204720,1.11000000
2018-02-25 20:00:15,0.00204760,3.25000000
2018-02-25 20:00:16,0.00204540,0.02000000
2018-02-25 20:00:22,0.00204720,1.13000000
2018-02-25 20:00:22,0.00204950,2.04000000
2018-02-25 20:00:34,0.00204550,48.85000000
2018-02-25 20:00:34,0.00204540,0.30000000
2018-02-25 20:00:45,0.00204530,48.85000000
2018-02-25 20:00:45,0.00204540,9.10000000
2018-02-25 20:00:59,0.00204210,4.09000000
2018-02-25 20:01:08,0.00204540,6.74000000
2018-02-25 20:01:48,0.00204540,7.70000000
2018-02-25 20:01:49,0.00204540,2.25000000
2018-02-25 20:02:10,0.00204350,2.26000000
2018-02-25 20:02:10,0.00204330,1.27000000
2018-02-25 20:02:10,0.00204310,0.84000000
2018-02-25 20:02:11,0.00204310,1.52000000
2018-02-25 20:02:13,0.00204540,9.27000000
2018-02-25 20:02:26,0.00204540,5.80000000
2018-02-25 20:02:27,0.00204540,8.14000000
2018-02-25 20:02:39,0.00204810,35.02000000
2018-02-25 20:02:39,0.00204820,22.84000000
2018-02-25 20:02:39,0.00204990,40.94000000
2018-02-25 20:02:39,0.00205000,57.98000000
2018-02-25 20:02:39,0.00205080,48.96000000
2018-02-25 20:02:39,0.00205090,19.89000000
2018-02-25 20:02:39,0.00205100,4.00000000
2018-02-25 20:02:39,0.00205150,219.44000000
2018-02-25 20:02:39,0.00205270,10.00000000
2018-02-25 20:02:39,0.00205300,0.55000000
2018-02-25 20:02:39,0.00205310,2.50000000
2018-02-25 20:02:39,0.00205450,2.64000000
2018-02-25 20:02:39,0.00205770,22.24000000
2018-02-25 20:02:41,0.00204420,48.93000000
2018-02-25 20:02:41,0.00204390,4.59000000
2018-02-25 20:02:41,0.00204380,2.12000000
2018-02-25 20:03:34,0.00204470,25.19000000
2018-02-25 20:03:55,0.00204470,2.25000000
2018-02-25 20:04:14,0.00204470,1.62000000
2018-02-25 20:05:27,0.00204480,51.69000000
2018-02-25 20:05:27,0.00204470,17.20000000
2018-02-25 20:05:27,0.00204460,0.80000000
2018-02-25 20:05:33,0.00204460,6.50000000
2018-02-25 20:05:41,0.00204460,3.49000000
2018-02-25 20:05:44,0.00204460,3.52000000
2018-02-25 20:05:51,0.00204380,11.86000000
2018-02-25 20:05:51,0.00204210,22.09000000
2018-02-25 20:06:16,0.00204460,14.67000000
2018-02-25 20:07:02,0.00204460,11.05000000
2018-02-25 20:07:13,0.00204370,8.90000000
2018-02-25 20:07:13,0.00204380,0.21000000
2018-02-25 20:07:30,0.00204380,3.24000000
2018-02-25 20:07:33,0.00204380,0.75000000
2018-02-25 20:07:36,0.00204850,4.89000000
2018-02-25 20:07:43,0.00204430,48.90000000
2018-02-25 20:07:43,0.00204420,4.89000000
2018-02-25 20:07:43,0.00204350,36.85000000
2018-02-25 20:07:45,0.00204350,1.29000000
2018-02-25 20:07:47,0.00204350,0.49000000
2018-02-25 20:07:48,0.00204420,25.62000000
2018-02-25 20:07:49,0.00204420,23.28000000
2018-02-25 20:07:52,0.00204850,1.01000000
2018-02-25 20:07:57,0.00204850,0.99000000
2018-02-25 20:08:12,0.00204520,2.00000000
2018-02-25 20:08:23,0.00204520,46.90000000
2018-02-25 20:08:23,0.00204510,3.97000000
2018-02-25 20:08:23,0.00204500,50.00000000
2018-02-25 20:08:23,0.00204460,0.52000000
2018-02-25 20:08:23,0.00204450,120.35000000
2018-02-25 20:08:23,0.00204360,4.87000000
2018-02-25 20:08:23,0.00204350,61.37000000
2018-02-25 20:08:23,0.00204320,74.83000000
2018-02-25 20:08:23,0.00204300,100.00000000
2018-02-25 20:08:23,0.00204240,19.96000000
2018-02-25 20:08:23,0.00204210,3.75000000
2018-02-25 20:09:12,0.00204300,93.18000000
2018-02-25 20:09:25,0.00204300,1.25000000
2018-02-25 20:09:34,0.00204300,4.99000000
2018-02-25 20:09:42,0.00204640,6.40000000
2018-02-25 20:09:47,0.00204640,2.37000000
2018-02-25 20:10:09,0.00204300,67.32000000
2018-02-25 20:10:18,0.00204300,12.50000000
2018-02-25 20:10:35,0.00204590,19.03000000
2018-02-25 20:10:36,0.00204300,48.28000000
2018-02-25 20:11:05,0.00204590,21.10000000
2018-02-25 20:11:05,0.00204600,15.59000000
2018-02-25 20:11:05,0.00204650,4.89000000
2018-02-25 20:11:05,0.00204950,19.96000000
2018-02-25 20:11:05,0.00205000,11.85000000
2018-02-25 20:11:05,0.00205420,2.20000000
2018-02-25 20:11:10,0.00205350,4.94000000
2018-02-25 20:11:12,0.00204440,0.49000000
2018-02-25 20:11:18,0.00204590,2.00000000
2018-02-25 20:11:18,0.00204590,11.90000000
2018-02-25 20:11:19,0.00205260,2.48000000
2018-02-25 20:11:23,0.00204670,1.36000000
2018-02-25 20:11:23,0.00205240,0.68000000
2018-02-25 20:11:36,0.00205260,4.87000000
2018-02-25 20:11:44,0.00204850,33.15000000
2018-02-25 20:11:44,0.00204840,4.88000000
2018-02-25 20:11:46,0.00204550,2.28000000
2018-02-25 20:12:09,0.00204500,0.55000000
2018-02-25 20:12:09,0.00204440,4.00000000
2018-02-25 20:12:09,0.00204390,0.59000000
2018-02-25 20:12:14,0.00204390,1.23000000
2018-02-25 20:12:18,0.00204390,10.03000000
2018-02-25 20:12:32,0.00204300,7.27000000
2018-02-25 20:13:03,0.00204300,5.25000000
2018-02-25 20:13:08,0.00204350,48.89000000
2018-02-25 20:13:10,0.00204350,0.01000000
2018-02-25 20:13:10,0.00204770,4.87000000
2018-02-25 20:13:13,0.00204760,2.27000000
2018-02-25 20:13:27,0.00204360,3.43000000
2018-02-25 20:15:05,0.00204760,0.01000000
2018-02-25 20:15:05,0.00204920,3.43000000
2018-02-25 20:15:05,0.00204950,1.44000000
2018-02-25 20:15:08,0.00204950,2.89000000
2018-02-25 20:15:14,0.00204500,48.87000000
2018-02-25 20:15:14,0.00204490,4.88000000
2018-02-25 20:15:14,0.00204380,5.00000000
2018-02-25 20:15:14,0.00204360,0.91000000
2018-02-25 20:15:14,0.00204350,2.44000000
2018-02-25 20:15:14,0.00204300,1.53000000
2018-02-25 20:15:22,0.00204800,48.85000000
2018-02-25 20:15:45,0.00204800,0.83000000
2018-02-25 20:15:45,0.00204800,1.54000000
2018-02-25 20:15:46,0.00204800,0.83000000
2018-02-25 20:15:47,0.00204800,32.52000000
2018-02-25 20:15:48,0.00204810,4.87000000
2018-02-25 20:15:52,0.00204800,4.00000000
2018-02-25 20:16:02,0.00204860,6.44000000
2018-02-25 20:16:16,0.00204800,0.83000000
2018-02-25 20:16:17,0.00204800,9.16000000
2018-02-25 20:16:19,0.00204800,10.75000000
2018-02-25 20:17:20,0.00204800,5.32000000
2018-02-25 20:17:21,0.00204800,11.08000000
2018-02-25 20:17:22,0.00204800,1.54000000
2018-02-25 20:17:42,0.00204800,1.62000000
2018-02-25 20:17:46,0.00204660,1.88000000
2018-02-25 20:17:55,0.00204800,0.48000000
2018-02-25 20:17:55,0.00204860,4.40000000
2018-02-25 20:18:20,0.00204860,28.67000000
2018-02-25 20:18:49,0.00204860,18.99000000
2018-02-25 20:18:54,0.00204860,19.41000000
2018-02-25 20:19:17,0.00204840,8.41000000
2018-02-25 20:19:17,0.00204850,35.59000000
2018-02-25 20:19:17,0.00204860,32.36000000
2018-02-25 20:19:56,0.00204950,0.01000000
2018-02-25 20:19:56,0.00205000,11.83000000
2018-02-25 20:19:56,0.00205290,23.98000000
2018-02-25 20:19:56,0.00205330,134.46000000
2018-02-25 20:19:56,0.00205440,9.79000000
2018-02-25 20:19:56,0.00205490,0.63000000
2018-02-25 20:19:56,0.00205500,38.30000000
2018-02-25 20:20:02,0.00205500,0.56000000
2018-02-25 20:20:08,0.00205010,5.31000000
2018-02-25 20:20:08,0.00205010,5.31000000
2018-02-25 20:20:08,0.00205490,0.41000000
2018-02-25 20:20:08,0.00205010,3.47000000
2018-02-25 20:20:10,0.00205030,0.01000000
2018-02-25 20:20:37,0.00205090,43.46000000
2018-02-25 20:20:37,0.00205080,4.85000000
2018-02-25 20:21:37,0.00204990,29.49000000
2018-02-25 20:21:45,0.00204990,0.01000000
2018-02-25 20:22:04,0.00204860,2.00000000
2018-02-25 20:22:50,0.00204860,1.00000000
2018-02-25 20:23:01,0.00204860,128.56000000
2018-02-25 20:23:21,0.00204970,12.93000000
2018-02-25 20:23:22,0.00204860,1.08000000
2018-02-25 20:23:39,0.00204970,4.87000000
2018-02-25 20:24:11,0.00204970,19.41000000
2018-02-25 20:24:13,0.00204860,15.19000000
2018-02-25 20:24:46,0.00204970,4.87000000
2018-02-25 20:24:47,0.00204860,4.55000000
2018-02-25 20:25:00,0.00204970,22.05000000
2018-02-25 20:25:15,0.00204860,13.22000000
2018-02-25 20:25:26,0.00204970,0.68000000
2018-02-25 20:25:34,0.00204970,1.70000000
2018-02-25 20:25:44,0.00204970,4.87000000
2018-02-25 20:26:10,0.00204860,20.44000000
2018-02-25 20:26:10,0.00204500,1.98000000
2018-02-25 20:26:10,0.00204400,19.94000000
2018-02-25 20:26:10,0.00204390,11.85000000
2018-02-25 20:26:10,0.00204300,12.55000000
2018-02-25 20:26:10,0.00204260,7.32000000
2018-02-25 20:26:10,0.00204250,5.96000000
2018-02-25 20:26:10,0.00204220,99.24000000
2018-02-25 20:26:10,0.00204210,73.95000000
2018-02-25 20:26:33,0.00204950,4.87000000
2018-02-25 20:27:04,0.00204950,3.02000000
2018-02-25 20:27:26,0.00204440,1.89000000
2018-02-25 20:27:26,0.00204890,0.25000000
2018-02-25 20:27:27,0.00204890,0.12000000
2018-02-25 20:27:36,0.00204890,11.30000000
2018-02-25 20:27:36,0.00204930,2.00000000
2018-02-25 20:27:36,0.00204950,4.30000000
2018-02-25 20:27:36,0.00204960,3.00000000
2018-02-25 20:27:36,0.00204970,29.41000000
2018-02-25 20:27:45,0.00204970,4.77000000
2018-02-25 20:28:16,0.00204960,4.00000000
2018-02-25 20:28:16,0.00204970,5.67000000
2018-02-25 20:28:17,0.00204890,156.68000000
2018-02-25 20:28:54,0.00204890,2.00000000
2018-02-25 20:29:02,0.00204890,0.97000000
2018-02-25 20:29:11,0.00204480,5.43000000
2018-02-25 20:29:45,0.00204890,9.29000000
2018-02-25 20:30:05,0.00204480,3.15000000
2018-02-25 20:30:19,0.00204890,0.59000000
2018-02-25 20:30:24,0.00204890,21.00000000
2018-02-25 20:30:39,0.00204890,2.68000000
2018-02-25 20:30:40,0.00204890,15.96000000
2018-02-25 20:30:40,0.00204980,76.33000000
2018-02-25 20:30:40,0.00204480,83.38000000
2018-02-25 20:30:49,0.00204470,1.22000000
2018-02-25 20:31:08,0.00204470,0.58000000
2018-02-25 20:31:09,0.00204470,3.24000000
2018-02-25 20:31:09,0.00204470,4.89000000
2018-02-25 20:31:18,0.00204470,9.97000000
2018-02-25 20:31:23,0.00204470,1.71000000
2018-02-25 20:31:28,0.00204440,0.56000000
2018-02-25 20:31:45,0.00204430,4.34000000
2018-02-25 20:31:47,0.00204430,8.97000000
2018-02-25 20:31:53,0.00204430,6.65000000
2018-02-25 20:31:55,0.00204430,7.29000000
2018-02-25 20:31:55,0.00204470,142.71000000
2018-02-25 20:31:56,0.00204210,6.46000000
2018-02-25 20:31:56,0.00204210,58.68000000
2018-02-25 20:32:00,0.00204470,21.86000000
2018-02-25 20:32:16,0.00204470,84.85000000
2018-02-25 20:32:17,0.00204470,82.06000000
2018-02-25 20:32:17,0.00204480,95.72000000
2018-02-25 20:32:22,0.00204480,82.06000000
2018-02-25 20:32:38,0.00204410,11.87000000
2018-02-25 20:32:43,0.00204970,4.89000000
2018-02-25 20:32:43,0.00204980,8.11000000
2018-02-25 20:32:45,0.00204980,13.17000000
2018-02-25 20:32:46,0.00204450,0.11000000
2018-02-25 20:32:51,0.00204980,4.77000000
2018-02-25 20:32:51,0.00204980,18.55000000
2018-02-25 20:33:20,0.00204980,29.24000000
2018-02-25 20:33:20,0.00205000,11.84000000
2018-02-25 20:33:20,0.00205290,12.43000000
2018-02-25 20:33:23,0.00205300,4.87000000
2018-02-25 20:33:23,0.00205390,4.00000000
2018-02-25 20:33:23,0.00205440,4.47000000
2018-02-25 20:33:26,0.00205420,3.68000000
2018-02-25 20:33:26,0.00205420,0.31000000
2018-02-25 20:33:26,0.00205500,3.02000000
2018-02-25 20:33:29,0.00205490,0.83000000
2018-02-25 20:33:32,0.00205490,0.21000000
2018-02-25 20:33:35,0.00204760,1.57000000
2018-02-25 20:33:35,0.00204760,28.85000000
2018-02-25 20:33:35,0.00205490,0.05000000
2018-02-25 20:33:36,0.00204760,6.50000000
2018-02-25 20:33:37,0.00204770,5.29000000
2018-02-25 20:33:38,0.00204760,9.92000000
2018-02-25 20:33:38,0.00204760,5.62000000
2018-02-25 20:33:40,0.00204780,7.28000000
2018-02-25 20:33:40,0.00204760,1.13000000
2018-02-25 20:33:43,0.00205310,4.24000000
2018-02-25 20:33:57,0.00204750,1.65000000
2018-02-25 20:33:58,0.00204750,0.95000000
2018-02-25 20:34:02,0.00204750,0.02000000
2018-02-25 20:34:02,0.00204740,0.05000000
2018-02-25 20:34:03,0.00204740,20.00000000
2018-02-25 20:34:15,0.00204750,1.39000000
2018-02-25 20:34:15,0.00204750,94.70000000
2018-02-25 20:34:16,0.00204750,8.23000000
2018-02-25 20:34:17,0.00204750,22.03000000
2018-02-25 20:34:35,0.00204750,5.25000000
2018-02-25 20:34:37,0.00204750,5.69000000
2018-02-25 20:34:37,0.00204750,39.07000000
2018-02-25 20:34:37,0.00204740,39.66000000
2018-02-25 20:34:37,0.00204740,1.69000000
2018-02-25 20:34:38,0.00204740,1.97000000
2018-02-25 20:34:38,0.00204570,5.65000000
2018-02-25 20:34:38,0.00204430,1.10000000
2018-02-25 20:34:38,0.00204400,3.10000000
2018-02-25 20:34:38,0.00204300,26.74000000
2018-02-25 20:34:38,0.00204200,0.89000000
2018-02-25 20:34:38,0.00204140,4.00000000
2018-02-25 20:34:38,0.00204130,48.98000000
2018-02-25 20:34:38,0.00204120,24.49000000
2018-02-25 20:34:38,0.00204110,14.35000000
2018-02-25 20:34:38,0.00204100,2.45000000
2018-02-25 20:35:16,0.00204780,0.73000000
2018-02-25 20:35:58,0.00204440,2.10000000
2018-02-25 20:36:07,0.00204640,4.88000000
2018-02-25 20:36:36,0.00204500,0.89000000
2018-02-25 20:36:48,0.00204500,4.88000000
2018-02-25 20:37:34,0.00204500,4.92000000
2018-02-25 20:37:58,0.00204500,5.07000000
2018-02-25 20:38:02,0.00204500,0.55000000
2018-02-25 20:38:04,0.00204500,28.14000000
2018-02-25 20:38:07,0.00204780,2.15000000
2018-02-25 20:38:08,0.00204780,2.68000000
2018-02-25 20:38:25,0.00204780,4.92000000
2018-02-25 20:38:28,0.00204780,5.40000000
2018-02-25 20:38:30,0.00204780,0.04000000
2018-02-25 20:38:30,0.00205020,2.11000000
2018-02-25 20:38:33,0.00205020,1.96000000
2018-02-25 20:38:34,0.00205020,4.85000000
2018-02-25 20:38:34,0.00205020,2.15000000
2018-02-25 20:38:37,0.00204620,0.83000000
2018-02-25 20:38:39,0.00204620,1.18000000
2018-02-25 20:38:40,0.00204620,28.64000000
2018-02-25 20:39:03,0.00204620,1.11000000
2018-02-25 20:39:17,0.00205020,37.91000000
2018-02-25 20:39:17,0.00205020,18.34000000
2018-02-25 20:39:17,0.00205020,4.30000000
2018-02-25 20:39:53,0.00204950,0.50000000
2018-02-25 20:39:55,0.00204950,13.82000000
2018-02-25 20:39:57,0.00204950,4.87000000
2018-02-25 20:40:28,0.00204930,12.57000000
2018-02-25 20:40:28,0.00204950,0.68000000
2018-02-25 20:40:28,0.00204950,1.14000000
2018-02-25 20:40:28,0.00204950,1.01000000
2018-02-25 20:40:36,0.00205020,4.00000000
2018-02-25 20:40:38,0.00205040,16.68000000
2018-02-25 20:41:05,0.00205450,75.57000000
2018-02-25 20:41:05,0.00205460,461.36000000
2018-02-25 20:41:13,0.00205040,1.01000000
2018-02-25 20:41:28,0.00205360,4.86000000
2018-02-25 20:41:44,0.00205100,6.00000000
2018-02-25 20:41:55,0.00205040,27.37000000
2018-02-25 20:41:56,0.00205030,3.93000000
2018-02-25 20:41:58,0.00205030,8.86000000
2018-02-25 20:42:01,0.00205030,1.11000000
2018-02-25 20:42:09,0.00204960,2.85000000
2018-02-25 20:42:09,0.00204950,25.79000000
2018-02-25 20:42:09,0.00204620,12.09000000
2018-02-25 20:42:09,0.00204300,31.08000000
2018-02-25 20:42:09,0.00205030,1.92000000
2018-02-25 20:42:09,0.00205040,0.08000000
2018-02-25 20:42:12,0.00205020,18.15000000
2018-02-25 20:42:19,0.00204470,10.02000000
2018-02-25 20:42:31,0.00204310,8.32000000
2018-02-25 20:42:41,0.00204310,9.40000000
2018-02-25 20:42:46,0.00204300,1.12000000
2018-02-25 20:42:46,0.00204750,0.63000000
2018-02-25 20:42:54,0.00204650,9.39000000
2018-02-25 20:42:54,0.00204700,3.86000000
2018-02-25 20:42:55,0.00204910,1.54000000
2018-02-25 20:43:01,0.00204640,0.63000000
2018-02-25 20:44:11,0.00204540,39.46000000
2018-02-25 20:44:36,0.00204530,216.28000000
2018-02-25 20:44:37,0.00204530,45.17000000
2018-02-25 20:44:46,0.00204420,5.00000000
2018-02-25 20:44:49,0.00204990,0.59000000
2018-02-25 20:44:57,0.00204570,0.82000000
2018-02-25 20:45:01,0.00204570,43.11000000
2018-02-25 20:45:01,0.00204560,4.88000000
2018-02-25 20:45:01,0.00204540,0.51000000
2018-02-25 20:45:21,0.00204310,3.50000000
2018-02-25 20:45:23,0.00204490,10.20000000
2018-02-25 20:45:41,0.00204490,9.41000000
2018-02-25 20:46:22,0.00204490,29.32000000
2018-02-25 20:46:33,0.00204490,62.83000000
2018-02-25 20:46:38,0.00204310,6.67000000
2018-02-25 20:46:57,0.00204490,2.17000000
2018-02-25 20:46:57,0.00204540,46.81000000
2018-02-25 20:46:57,0.00205000,23.72000000
2018-02-25 20:46:57,0.00205040,62.55000000
2018-02-25 20:46:57,0.00205430,104.31000000
2018-02-25 20:47:05,0.00204500,0.64000000
2018-02-25 20:47:30,0.00204500,48.26000000
2018-02-25 20:47:31,0.00204490,48.90000000
2018-02-25 20:47:34,0.00204500,60.45000000
2018-02-25 20:47:34,0.00204500,21.07000000
2018-02-25 20:47:35,0.00204500,66.20000000
2018-02-25 20:47:48,0.00204970,4.87000000
2018-02-25 20:49:23,0.00204940,6.60000000
2018-02-25 20:49:26,0.00204930,4.87000000
2018-02-25 20:49:59,0.00204490,25.90000000
2018-02-25 20:50:03,0.00204490,1.05000000
2018-02-25 20:50:05,0.00204490,1.05000000
2018-02-25 20:50:19,0.00204490,6.24000000
2018-02-25 20:50:23,0.00204490,1.99000000
2018-02-25 20:50:26,0.00204900,7.44000000
2018-02-25 20:50:34,0.00204900,29.13000000
2018-02-25 20:50:45,0.00204890,14.77000000
2018-02-25 20:50:47,0.00204890,21.46000000
2018-02-25 20:50:47,0.00204900,3.89000000
2018-02-25 20:51:02,0.00204560,1.58000000
2018-02-25 20:51:17,0.00204900,4.09000000
2018-02-25 20:51:23,0.00204900,5.32000000
2018-02-25 20:51:32,0.00204900,0.03000000
2018-02-25 20:51:35,0.00205200,13.82000000
2018-02-25 20:51:37,0.00204900,3.87000000
2018-02-25 20:51:42,0.00204960,0.49000000
2018-02-25 20:51:43,0.00204960,2.29000000
2018-02-25 20:51:43,0.00204970,2.59000000
2018-02-25 20:51:49,0.00204970,42.07000000
2018-02-25 20:51:58,0.00204970,32.06000000
2018-02-25 20:52:21,0.00204640,12.19000000
2018-02-25 20:52:59,0.00204970,1.42000000
2018-02-25 20:53:05,0.00204970,1.07000000
2018-02-25 20:53:09,0.00204970,24.88000000
2018-02-25 20:53:18,0.00204970,19.27000000
2018-02-25 20:53:23,0.00204970,0.06000000
2018-02-25 20:53:28,0.00205430,0.49000000
2018-02-25 20:53:28,0.00205460,19.45000000
2018-02-25 20:53:34,0.00205460,10.56000000
2018-02-25 20:53:40,0.00205040,5.12000000
2018-02-25 20:53:40,0.00205040,4.29000000
2018-02-25 20:53:40,0.00205040,0.89000000
2018-02-25 20:53:47,0.00205040,0.79000000
2018-02-25 20:53:49,0.00205030,10.30000000
2018-02-25 20:53:49,0.00205040,0.21000000
2018-02-25 20:53:50,0.00205400,0.80000000
2018-02-25 20:53:50,0.00205450,6.22000000
2018-02-25 20:54:20,0.00205460,0.92000000
2018-02-25 20:54:23,0.00204950,0.90000000
2018-02-25 20:54:23,0.00205460,10.50000000
2018-02-25 20:54:32,0.00205460,35.69000000
2018-02-25 20:54:38,0.00205450,35.69000000
2018-02-25 20:54:47,0.00205450,23.67000000
2018-02-25 20:54:53,0.00205450,0.07000000
2018-02-25 20:54:53,0.00205460,88.83000000
2018-02-25 20:55:07,0.00205460,4.84000000
2018-02-25 20:55:13,0.00205460,34.91000000
2018-02-25 20:55:29,0.00205050,10.00000000
2018-02-25 20:55:35,0.00205050,0.92000000
2018-02-25 20:55:38,0.00205050,16.84000000
2018-02-25 20:56:07,0.00205460,7.51000000
2018-02-25 20:56:15,0.00205050,9.72000000
2018-02-25 20:57:24,0.00205050,53.45000000
2018-02-25 20:57:27,0.00205450,0.49000000
2018-02-25 20:57:52,0.00205050,2.28000000
2018-02-25 20:57:52,0.00205040,12.32000000
2018-02-25 20:57:54,0.00205040,0.95000000
2018-02-25 20:57:58,0.00205040,0.89000000
2018-02-25 20:57:59,0.00205040,15.50000000
2018-02-25 20:58:10,0.00205040,20.00000000
2018-02-25 20:58:29,0.00205440,0.49000000
2018-02-25 20:58:31,0.00205450,0.09000000
2018-02-25 20:58:40,0.00205450,0.49000000
2018-02-25 20:58:44,0.00205450,5.54000000
2018-02-25 20:58:44,0.00205460,4.46000000
2018-02-25 20:59:08,0.00205060,2.07000000
2018-02-25 20:59:08,0.00205040,4.87000000
2018-02-25 20:59:08,0.00204590,61.25000000
2018-02-25 20:59:08,0.00204570,61.25000000
2018-02-25 20:59:08,0.00204510,61.25000000
2018-02-25 20:59:08,0.00204490,1.08000000
2018-02-25 20:59:08,0.00204380,11.32000000
2018-02-25 20:59:08,0.00204310,64.09000000
2018-02-25 20:59:08,0.00204300,23.85000000
2018-02-25 20:59:08,0.00204180,10.88000000
2018-02-25 20:59:08,0.00204160,2.99000000
2018-02-25 20:59:08,0.00204100,206.48000000
2018-02-25 20:59:08,0.00204080,48.99000000
2018-02-25 20:59:08,0.00204060,2.00000000
2018-02-25 20:59:08,0.00204050,93.20000000
2018-02-25 20:59:08,0.00204020,59.10000000
2018-02-25 20:59:08,0.00204010,37.13000000
2018-02-25 20:59:08,0.00204000,1758.14000000
2018-02-25 20:59:08,0.00204000,9.64000000
2018-02-25 20:59:08,0.00205440,10.84000000
2018-02-25 20:59:10,0.00205400,19.57000000
2018-02-25 20:59:10,0.00205410,3.88000000
2018-02-25 20:59:45,0.00205030,0.99000000
2018-02-25 20:59:45,0.00205040,1.71000000
2018-02-25 20:59:45,0.00205040,3.00000000
2018-02-25 20:59:46,0.00205040,3.00000000
2018-02-25 20:59:46,0.00205040,3.00000000
2018-02-25 20:59:46,0.00205040,3.00000000
2018-02-25 20:59:46,0.00205040,3.00000000
2018-02-25 20:59:46,0.00205040,20.00000000
2018-02-25 20:59:52,0.00205040,9.34000000
2018-02-25 20:59:52,0.00205040,2.94000000
2018-02-25 20:59:52,0.00205270,4.37000000
2018-02-25 20:59:55,0.00205240,0.49000000
2018-02-25 20:59:55,0.00205270,8.85000000
2018-02-25 20:59:55,0.00205270,3.04000000
2018-02-25 20:59:55,0.00205270,2.43000000
2018-02-25 20:59:55,0.00205270,1.50000000
