DATE,PRICE,VOLUME
2018-03-01 08:00:13,0.00173160,1.37000000
2018-03-01 08:00:13,0.00173170,13.20000000
2018-03-01 08:00:14,0.00173170,72.43000000
2018-03-01 08:01:09,0.00173150,1.31000000
2018-03-01 08:01:09,0.00173160,1.34000000
2018-03-01 08:01:09,0.00173170,45.17000000
2018-03-01 08:01:09,0.00173180,5.77000000
2018-03-01 08:01:11,0.00173170,1.28000000
2018-03-01 08:01:19,0.00173180,36.27000000
2018-03-01 08:01:20,0.00173180,9.20000000
2018-03-01 08:01:31,0.00173170,1.26000000
2018-03-01 08:01:32,0.00173180,87.00000000
2018-03-01 08:01:52,0.00173170,1.23000000
2018-03-01 08:02:12,0.00173180,3.04000000
2018-03-01 08:02:13,0.00173180,1.20000000
2018-03-01 08:02:20,0.00173190,0.20000000
2018-03-01 08:02:25,0.00173190,87.00000000
2018-03-01 08:02:32,0.00173180,1.17000000
2018-03-01 08:02:36,0.00173190,163.38000000
2018-03-01 08:02:54,0.00173190,87.00000000
2018-03-01 08:03:05,0.00173190,34.48000000
2018-03-01 08:03:15,0.00173180,3.12000000
2018-03-01 08:03:29,0.00173180,1.60000000
2018-03-01 08:03:29,0.00173170,39.47000000
2018-03-01 08:03:46,0.00173170,115.00000000
2018-03-01 08:03:49,0.00173190,4.86000000
2018-03-01 08:03:59,0.00173170,3.07000000
2018-03-01 08:04:07,0.00173170,51.17000000
2018-03-01 08:04:57,0.00173170,115.00000000
2018-03-01 08:05:14,0.00173190,706.07000000
2018-03-01 08:05:17,0.00173190,1.50000000
2018-03-01 08:05:18,0.00173190,87.00000000
2018-03-01 08:05:21,0.00173190,329.19000000
2018-03-01 08:05:21,0.00173200,337.74000000
2018-03-01 08:05:24,0.00173170,1.80000000
2018-03-01 08:05:29,0.00173170,9.99000000
2018-03-01 08:05:29,0.00173170,16.39000000
2018-03-01 08:05:29,0.00172820,4.88000000
2018-03-01 08:05:29,0.00172810,4.47000000
2018-03-01 08:05:42,0.00172970,23.43000000
2018-03-01 08:05:53,0.00172970,0.01000000
2018-03-01 08:06:10,0.00172850,3.16000000
2018-03-01 08:06:13,0.00172860,2.51000000
2018-03-01 08:06:13,0.00172850,25.73000000
2018-03-01 08:06:36,0.00172840,6.00000000
2018-03-01 08:06:40,0.00172840,22.89000000
2018-03-01 08:06:52,0.00172830,2.89000000
2018-03-01 08:06:52,0.00172800,1.42000000
2018-03-01 08:07:04,0.00172850,43.51000000
2018-03-01 08:07:07,0.00172850,1.62000000
2018-03-01 08:07:10,0.00172850,1.57000000
2018-03-01 08:07:20,0.00172850,6.00000000
2018-03-01 08:07:22,0.00172850,0.75000000
2018-03-01 08:07:30,0.00172840,12.64000000
2018-03-01 08:08:42,0.00172850,8.31000000
2018-03-01 08:08:52,0.00173190,4.44000000
2018-03-01 08:09:04,0.00173190,0.03000000
2018-03-01 08:09:04,0.00173200,1.14000000
2018-03-01 08:09:44,0.00173200,6.00000000
2018-03-01 08:09:47,0.00172850,9.52000000
2018-03-01 08:10:36,0.00172860,9.86000000
2018-03-01 08:10:56,0.00173130,2.71000000
2018-03-01 08:11:16,0.00173130,6.00000000
2018-03-01 08:11:33,0.00173130,5.77000000
2018-03-01 08:12:05,0.00173130,3.35000000
2018-03-01 08:12:06,0.00173130,2.64000000
2018-03-01 08:12:11,0.00173200,23.08000000
2018-03-01 08:12:17,0.00173200,631.38000000
2018-03-01 08:12:26,0.00173200,6.00000000
2018-03-01 08:12:50,0.00173200,35.04000000
2018-03-01 08:13:00,0.00173200,46.18000000
2018-03-01 08:13:07,0.00173200,2.99000000
2018-03-01 08:13:12,0.00173200,3.58000000
2018-03-01 08:13:17,0.00173200,6.00000000
2018-03-01 08:13:50,0.00173200,2.62000000
2018-03-01 08:14:02,0.00172860,50.61000000
2018-03-01 08:14:02,0.00172850,13.59000000
2018-03-01 08:14:02,0.00172840,37.36000000
2018-03-01 08:14:02,0.00172830,6.00000000
2018-03-01 08:14:02,0.00172800,1.58000000
2018-03-01 08:14:02,0.00172600,8.66000000
2018-03-01 08:14:02,0.00172320,11.69000000
2018-03-01 08:14:02,0.00172290,8.22000000
2018-03-01 08:14:02,0.00172150,11.27000000
2018-03-01 08:14:02,0.00172140,154.82000000
2018-03-01 08:14:02,0.00173190,9.27000000
2018-03-01 08:14:02,0.00173190,1.15000000
2018-03-01 08:14:02,0.00173190,5.67000000
2018-03-01 08:14:02,0.00173190,3.91000000
2018-03-01 08:14:04,0.00173190,5.78000000
2018-03-01 08:14:04,0.00173200,6.91000000
2018-03-01 08:14:06,0.00173190,19.07000000
2018-03-01 08:14:06,0.00173210,3.00000000
2018-03-01 08:14:09,0.00173180,13.40000000
2018-03-01 08:14:12,0.00173180,0.26000000
2018-03-01 08:14:12,0.00173500,2.73000000
2018-03-01 08:15:34,0.00173500,19.27000000
2018-03-01 08:15:35,0.00173510,6.00000000
2018-03-01 08:15:48,0.00173700,2.01000000
2018-03-01 08:15:48,0.00173750,9.83000000
2018-03-01 08:15:49,0.00173750,14.00000000
2018-03-01 08:16:23,0.00173750,34.36000000
2018-03-01 08:16:23,0.00173830,2.28000000
2018-03-01 08:16:23,0.00174190,10.52000000
2018-03-01 08:16:23,0.00174240,6.00000000
2018-03-01 08:16:23,0.00174270,8.24000000
2018-03-01 08:16:23,0.00174420,2.11000000
2018-03-01 08:16:23,0.00174440,2.26000000
2018-03-01 08:16:23,0.00174560,29.04000000
2018-03-01 08:16:23,0.00174570,5.19000000
2018-03-01 08:16:33,0.00174530,5.72000000
2018-03-01 08:16:42,0.00174520,5.73000000
2018-03-01 08:16:57,0.00174520,0.65000000
2018-03-01 08:17:37,0.00174000,5.69000000
2018-03-01 08:17:37,0.00174000,4.36000000
2018-03-01 08:17:43,0.00174060,1.99000000
2018-03-01 08:18:12,0.00174500,0.58000000
2018-03-01 08:18:21,0.00174500,0.72000000
2018-03-01 08:18:21,0.00174530,3.00000000
2018-03-01 08:18:21,0.00174550,1.14000000
2018-03-01 08:18:21,0.00174580,32.67000000
2018-03-01 08:18:21,0.00174590,2.47000000
2018-03-01 08:18:27,0.00174240,2.93000000
2018-03-01 08:18:29,0.00174240,0.20000000
2018-03-01 08:18:36,0.00173990,1.46000000
2018-03-01 08:18:54,0.00174000,2.82000000
2018-03-01 08:18:54,0.00173990,7.18000000
2018-03-01 08:18:55,0.00174350,1.43000000
2018-03-01 08:18:57,0.00173990,15.82000000
2018-03-01 08:19:01,0.00173750,1.28000000
2018-03-01 08:19:32,0.00174060,5.74000000
2018-03-01 08:19:51,0.00173750,1.19000000
2018-03-01 08:20:23,0.00173770,16.32000000
2018-03-01 08:20:50,0.00174020,5.74000000
2018-03-01 08:21:23,0.00173770,5.13000000
2018-03-01 08:21:30,0.00174020,3.69000000
2018-03-01 08:21:30,0.00174090,2.05000000
2018-03-01 08:21:30,0.00173770,7.14000000
2018-03-01 08:21:33,0.00174480,0.80000000
2018-03-01 08:21:33,0.00174490,1.20000000
2018-03-01 08:21:44,0.00174510,20.07000000
2018-03-01 08:21:56,0.00174510,1.04000000
2018-03-01 08:21:59,0.00174170,3.00000000
2018-03-01 08:22:02,0.00174510,0.58000000
2018-03-01 08:22:28,0.00174380,3.00000000
2018-03-01 08:22:28,0.00174410,7.00000000
2018-03-01 08:22:42,0.00174390,6.98000000
2018-03-01 08:22:42,0.00174400,8.02000000
2018-03-01 08:22:42,0.00174400,4.84000000
2018-03-01 08:23:50,0.00174510,21.22000000
2018-03-01 08:23:50,0.00174520,3.00000000
2018-03-01 08:23:50,0.00174530,3.00000000
2018-03-01 08:23:50,0.00174590,0.53000000
2018-03-01 08:23:50,0.00174710,1.12000000
2018-03-01 08:23:50,0.00174800,9.97000000
2018-03-01 08:23:50,0.00174830,30.16000000
2018-03-01 08:24:05,0.00174290,0.06000000
2018-03-01 08:24:35,0.00174660,2.86000000
2018-03-01 08:24:35,0.00174670,2.14000000
2018-03-01 08:24:36,0.00174320,1.01000000
2018-03-01 08:24:39,0.00174320,19.96000000
2018-03-01 08:24:40,0.00174320,0.03000000
2018-03-01 08:24:51,0.00174320,13.40000000
2018-03-01 08:24:51,0.00174270,3.00000000
2018-03-01 08:24:51,0.00174140,3.00000000
2018-03-01 08:24:51,0.00174060,18.97000000
2018-03-01 08:24:51,0.00174030,28.10000000
2018-03-01 08:24:52,0.00174030,6.90000000
2018-03-01 08:24:52,0.00173760,16.38000000
2018-03-01 08:24:52,0.00173750,50.09000000
2018-03-01 08:24:54,0.00173800,19.96000000
2018-03-01 08:24:54,0.00173800,1.34000000
2018-03-01 08:24:55,0.00173800,2.00000000
2018-03-01 08:24:55,0.00173750,36.44000000
2018-03-01 08:24:55,0.00173260,15.39000000
2018-03-01 08:24:56,0.00173260,0.03000000
2018-03-01 08:24:57,0.00173270,11.69000000
2018-03-01 08:25:00,0.00173270,0.03000000
2018-03-01 08:25:04,0.00173270,0.03000000
2018-03-01 08:25:05,0.00173340,0.03000000
2018-03-01 08:25:05,0.00173340,2.41000000
2018-03-01 08:25:05,0.00173330,5.43000000
2018-03-01 08:25:06,0.00173340,2.41000000
2018-03-01 08:25:06,0.00173340,2.41000000
2018-03-01 08:25:07,0.00173350,2.41000000
2018-03-01 08:25:07,0.00173330,2.40000000
2018-03-01 08:25:07,0.00173260,95.19000000
2018-03-01 08:25:07,0.00173270,34.98000000
2018-03-01 08:25:07,0.00173260,2.81000000
2018-03-01 08:25:09,0.00173260,9.09000000
2018-03-01 08:25:11,0.00173290,0.02000000
2018-03-01 08:25:11,0.00173570,28.82000000
2018-03-01 08:25:12,0.00173580,0.58000000
2018-03-01 08:25:13,0.00173320,2.44000000
2018-03-01 08:25:13,0.00173290,2.06000000
2018-03-01 08:25:13,0.00173260,10.92000000
2018-03-01 08:25:13,0.00173250,3.00000000
2018-03-01 08:25:13,0.00173140,13.78000000
2018-03-01 08:25:14,0.00173570,5.73000000
2018-03-01 08:25:14,0.00173580,29.42000000
2018-03-01 08:25:24,0.00173230,17.25000000
2018-03-01 08:25:35,0.00173580,2.00000000
2018-03-01 08:25:36,0.00173230,104.35000000
2018-03-01 08:25:38,0.00173220,28.83000000
2018-03-01 08:25:38,0.00173230,10.65000000
2018-03-01 08:25:38,0.00173580,4.16000000
2018-03-01 08:25:38,0.00173630,11.72000000
2018-03-01 08:25:38,0.00173640,110.70000000
2018-03-01 08:25:38,0.00173650,48.35000000
2018-03-01 08:25:38,0.00173730,3.00000000
2018-03-01 08:25:38,0.00173750,6.56000000
2018-03-01 08:25:38,0.00173810,59.88000000
2018-03-01 08:25:38,0.00173810,2.08000000
2018-03-01 08:25:38,0.00173810,5.75000000
2018-03-01 08:25:38,0.00173810,2.04000000
2018-03-01 08:25:38,0.00173810,1.17000000
2018-03-01 08:25:39,0.00173810,1.18000000
2018-03-01 08:25:39,0.00173820,1.00000000
2018-03-01 08:25:40,0.00173820,2.29000000
2018-03-01 08:25:43,0.00173830,5.75000000
2018-03-01 08:25:47,0.00173860,16.39000000
2018-03-01 08:25:57,0.00173890,6.37000000
2018-03-01 08:25:57,0.00173880,108.63000000
2018-03-01 08:26:35,0.00174000,5.74000000
2018-03-01 08:26:47,0.00173880,49.94000000
2018-03-01 08:26:47,0.00173870,3.00000000
2018-03-01 08:26:47,0.00173260,75.51000000
2018-03-01 08:26:47,0.00173250,97.71000000
2018-03-01 08:26:47,0.00173170,26.01000000
2018-03-01 08:27:08,0.00173580,14.10000000
2018-03-01 08:27:08,0.00173580,8.92000000
2018-03-01 08:27:08,0.00173590,5.77000000
2018-03-01 08:27:10,0.00174190,18.21000000
2018-03-01 08:27:11,0.00173290,1.00000000
2018-03-01 08:27:16,0.00173660,33.58000000
2018-03-01 08:27:16,0.00173650,18.92000000
2018-03-01 08:27:16,0.00173670,19.41000000
2018-03-01 08:27:16,0.00173590,6.00000000
2018-03-01 08:27:16,0.00173300,16.59000000
2018-03-01 08:27:18,0.00173310,1.08000000
2018-03-01 08:27:18,0.00173300,18.23000000
2018-03-01 08:27:32,0.00173690,28.83000000
2018-03-01 08:27:32,0.00173700,17.35000000
2018-03-01 08:27:42,0.00174250,1.89000000
2018-03-01 08:27:50,0.00174130,0.58000000
2018-03-01 08:28:04,0.00173660,25.62000000
2018-03-01 08:28:46,0.00173660,0.58000000
2018-03-01 08:28:48,0.00173770,2.09000000
2018-03-01 08:28:53,0.00173750,28.49000000
2018-03-01 08:29:27,0.00173670,6.00000000
2018-03-01 08:29:33,0.00173670,10.12000000
2018-03-01 08:29:49,0.00173670,6.00000000
2018-03-01 08:30:00,0.00173670,59.48000000
2018-03-01 08:30:21,0.00173670,22.11000000
2018-03-01 08:30:24,0.00173670,9.74000000
2018-03-01 08:30:24,0.00173660,18.26000000
2018-03-01 08:30:24,0.00174000,2.47000000
2018-03-01 08:30:39,0.00173750,6.00000000
2018-03-01 08:30:44,0.00173750,0.58000000
2018-03-01 08:30:59,0.00173750,3.69000000
2018-03-01 08:31:45,0.00173920,0.95000000
2018-03-01 08:31:51,0.00173900,0.58000000
2018-03-01 08:32:25,0.00173800,6.00000000
2018-03-01 08:32:39,0.00173840,1.00000000
2018-03-01 08:32:53,0.00173910,2.19000000
2018-03-01 08:32:53,0.00173910,4.19000000
2018-03-01 08:32:54,0.00173910,8.34000000
2018-03-01 08:32:57,0.00173910,6.34000000
2018-03-01 08:33:11,0.00173930,10.76000000
2018-03-01 08:33:27,0.00173920,10.67000000
2018-03-01 08:33:48,0.00173920,6.00000000
2018-03-01 08:33:54,0.00173920,100.00000000
2018-03-01 08:33:54,0.00173920,66.47000000
2018-03-01 08:33:54,0.00173920,20.69000000
2018-03-01 08:33:54,0.00173930,66.47000000
2018-03-01 08:34:02,0.00173940,4.00000000
2018-03-01 08:34:08,0.00173940,62.47000000
2018-03-01 08:34:08,0.00173950,15.95000000
2018-03-01 08:34:25,0.00173920,4.00000000
2018-03-01 08:35:35,0.00173660,5.80000000
2018-03-01 08:35:44,0.00173940,19.37000000
2018-03-01 08:35:53,0.00173660,3.25000000
2018-03-01 08:36:01,0.00173660,0.68000000
2018-03-01 08:36:04,0.00173930,1.60000000
2018-03-01 08:36:10,0.00173660,0.68000000
2018-03-01 08:36:43,0.00173930,0.91000000
2018-03-01 08:36:43,0.00173940,4.83000000
2018-03-01 08:37:17,0.00173940,6.00000000
2018-03-01 08:37:26,0.00173940,3.85000000
2018-03-01 08:37:26,0.00173950,11.11000000
2018-03-01 08:37:38,0.00173950,6.00000000
2018-03-01 08:38:34,0.00173950,5.74000000
2018-03-01 08:38:49,0.00173660,5.00000000
2018-03-01 08:38:54,0.00173940,0.58000000
2018-03-01 08:39:04,0.00173930,93.01000000
2018-03-01 08:39:04,0.00173940,230.00000000
2018-03-01 08:39:04,0.00173950,96.71000000
2018-03-01 08:39:04,0.00173970,1315.78000000
2018-03-01 08:39:42,0.00173660,2.09000000
2018-03-01 08:39:50,0.00173970,0.58000000
2018-03-01 08:40:41,0.00173960,0.58000000
2018-03-01 08:40:41,0.00173970,153.71000000
2018-03-01 08:40:41,0.00173970,153.71000000
2018-03-01 08:40:41,0.00173970,5.73000000
2018-03-01 08:40:42,0.00173970,5.74000000
2018-03-01 08:40:52,0.00173960,0.58000000
2018-03-01 08:41:06,0.00173960,0.58000000
2018-03-01 08:41:17,0.00173960,0.58000000
2018-03-01 08:41:31,0.00173960,0.58000000
2018-03-01 08:41:51,0.00173960,0.58000000
2018-03-01 08:42:31,0.00173670,5.30000000
2018-03-01 08:42:31,0.00173660,1.43000000
2018-03-01 08:42:31,0.00173640,3.35000000
2018-03-01 08:42:31,0.00173380,4.62000000
2018-03-01 08:42:31,0.00173280,3.35000000
2018-03-01 08:42:31,0.00172790,11.00000000
2018-03-01 08:42:31,0.00172750,28.35000000
2018-03-01 08:42:31,0.00172680,35.74000000
2018-03-01 08:42:33,0.00173940,0.58000000
2018-03-01 08:42:36,0.00173020,5.21000000
2018-03-01 08:44:06,0.00173380,2.41000000
2018-03-01 08:44:31,0.00173480,1.00000000
2018-03-01 08:44:31,0.00173880,0.04000000
2018-03-01 08:44:51,0.00173790,6.33000000
2018-03-01 08:44:59,0.00173710,2.29000000
2018-03-01 08:44:59,0.00173720,2.66000000
2018-03-01 08:45:02,0.00173870,22.65000000
2018-03-01 08:45:02,0.00173880,66.97000000
2018-03-01 08:45:06,0.00173880,71.50000000
2018-03-01 08:45:07,0.00173880,2.37000000
2018-03-01 08:45:07,0.00173890,8.70000000
2018-03-01 08:45:07,0.00173950,11.38000000
2018-03-01 08:45:07,0.00173960,19.55000000
2018-03-01 08:45:08,0.00173960,9.97000000
2018-03-01 08:45:08,0.00173970,52.03000000
2018-03-01 08:45:09,0.00173970,20.00000000
2018-03-01 08:45:10,0.00173970,2.98000000
2018-03-01 08:45:14,0.00173960,8.40000000
2018-03-01 08:45:46,0.00173970,4.32000000
2018-03-01 08:46:00,0.00173970,86.00000000
2018-03-01 08:46:24,0.00173970,86.00000000
2018-03-01 08:46:25,0.00173960,5.36000000
2018-03-01 08:46:36,0.00173970,0.02000000
2018-03-01 08:46:42,0.00173960,1.77000000
2018-03-01 08:46:43,0.00173960,2.58000000
2018-03-01 08:46:52,0.00173970,5.29000000
2018-03-01 08:46:53,0.00173960,59.42000000
2018-03-01 08:47:20,0.00173960,1.77000000
2018-03-01 08:47:20,0.00173960,12.62000000
2018-03-01 08:47:21,0.00173960,73.38000000
2018-03-01 08:47:41,0.00173960,41.62000000
2018-03-01 08:47:42,0.00173960,44.38000000
2018-03-01 08:47:48,0.00173960,22.38000000
2018-03-01 08:48:26,0.00173960,0.58000000
2018-03-01 08:48:29,0.00173960,47.66000000
2018-03-01 08:48:29,0.00173960,38.34000000
2018-03-01 08:48:32,0.00173960,76.66000000
2018-03-01 08:48:32,0.00173970,478.15000000
2018-03-01 08:48:43,0.00173970,1.26000000
2018-03-01 08:48:49,0.00173970,86.00000000
2018-03-01 08:49:00,0.00173970,27.00000000
2018-03-01 08:49:10,0.00173970,20.00000000
2018-03-01 08:49:12,0.00173970,29.07000000
2018-03-01 08:49:34,0.00173960,27.87000000
2018-03-01 08:49:34,0.00173970,58.13000000
2018-03-01 08:49:47,0.00173630,15.00000000
2018-03-01 08:49:47,0.00173620,5.75000000
2018-03-01 08:49:47,0.00173610,3.00000000
2018-03-01 08:49:47,0.00173580,3.00000000
2018-03-01 08:49:47,0.00173400,3.00000000
2018-03-01 08:49:47,0.00173360,2.70000000
2018-03-01 08:49:47,0.00173180,23.00000000
2018-03-01 08:49:47,0.00173040,11.47000000
2018-03-01 08:49:47,0.00173030,20.00000000
2018-03-01 08:49:47,0.00172780,115.68000000
2018-03-01 08:49:52,0.00173940,21.45000000
2018-03-01 08:49:55,0.00173540,28.89000000
2018-03-01 08:49:55,0.00173530,61.33000000
2018-03-01 08:49:55,0.00173410,15.00000000
2018-03-01 08:49:55,0.00172990,10.78000000
2018-03-01 08:50:10,0.00173920,55.22000000
2018-03-01 08:50:10,0.00173940,3.42000000
2018-03-01 08:50:10,0.00173950,4.30000000
2018-03-01 08:50:10,0.00173970,837.06000000
2018-03-01 08:50:36,0.00173950,12.40000000
2018-03-01 08:50:45,0.00173950,6.00000000
2018-03-01 08:50:46,0.00173950,13.13000000
2018-03-01 08:50:46,0.00173960,102.37000000
2018-03-01 08:50:58,0.00173970,1.38000000
2018-03-01 08:50:58,0.00173970,1.50000000
2018-03-01 08:51:06,0.00173950,6.00000000
2018-03-01 08:51:39,0.00173970,0.58000000
2018-03-01 08:51:46,0.00173970,5.74000000
2018-03-01 08:51:55,0.00173970,6.00000000
2018-03-01 08:52:01,0.00173970,11.00000000
2018-03-01 08:52:18,0.00173970,4.85000000
2018-03-01 08:52:40,0.00173980,5.74000000
2018-03-01 08:53:00,0.00173980,0.26000000
2018-03-01 08:53:16,0.00174050,1.58000000
2018-03-01 08:53:25,0.00174050,1.42000000
2018-03-01 08:54:23,0.00174370,1.00000000
2018-03-01 08:54:30,0.00174370,2.00000000
2018-03-01 08:54:31,0.00174370,0.37000000
2018-03-01 08:54:46,0.00174460,1.12000000
2018-03-01 08:54:46,0.00174490,11.47000000
2018-03-01 08:54:46,0.00174500,41.72000000
2018-03-01 08:55:21,0.00174500,6.00000000
2018-03-01 08:55:42,0.00174500,6.00000000
2018-03-01 08:56:12,0.00174160,25.00000000
2018-03-01 08:56:13,0.00174160,9.28000000
2018-03-01 08:56:30,0.00174160,20.50000000
2018-03-01 08:56:30,0.00174150,5.74000000
2018-03-01 08:56:32,0.00174150,6.00000000
2018-03-01 08:56:37,0.00174150,16.62000000
2018-03-01 08:56:54,0.00174150,0.32000000
2018-03-01 08:57:24,0.00174160,0.58000000
2018-03-01 08:57:41,0.00174160,6.00000000
2018-03-01 08:58:02,0.00174160,6.00000000
2018-03-01 08:58:27,0.00174160,6.00000000
2018-03-01 08:58:29,0.00174150,7.47000000
2018-03-01 08:59:11,0.00174160,2.79000000
2018-03-01 08:59:19,0.00174160,36.38000000
2018-03-01 08:59:25,0.00174160,22.49000000
2018-03-01 08:59:26,0.00174160,5.74000000
2018-03-01 08:59:35,0.00174160,13.75000000
2018-03-01 08:59:49,0.00174160,5.15000000
2018-03-01 08:59:56,0.00174160,75.64000000
