DATE,PRICE,VOLUME
2018-03-01 15:00:00,0.00181880,27.51000000
2018-03-01 15:00:11,0.00181510,2.12000000
2018-03-01 15:00:12,0.00181510,2.00000000
2018-03-01 15:00:22,0.00181880,16.53000000
2018-03-01 15:00:26,0.00181510,23.41000000
2018-03-01 15:00:26,0.00181500,0.84000000
2018-03-01 15:00:28,0.00181870,27.53000000
2018-03-01 15:00:28,0.00181880,66.15000000
2018-03-01 15:00:28,0.00181890,1.79000000
2018-03-01 15:00:28,0.00181900,2.86000000
2018-03-01 15:00:28,0.00181980,11.00000000
2018-03-01 15:00:28,0.00182000,49.82000000
2018-03-01 15:00:30,0.00181990,20.00000000
2018-03-01 15:00:30,0.00182000,14.08000000
2018-03-01 15:00:40,0.00182000,130.81000000
2018-03-01 15:00:40,0.00181620,27.50000000
2018-03-01 15:00:40,0.00181610,2.44000000
2018-03-01 15:00:41,0.00181610,1.30000000
2018-03-01 15:00:43,0.00181990,1.21000000
2018-03-01 15:00:45,0.00181610,0.69000000
2018-03-01 15:00:58,0.00181810,26.29000000
2018-03-01 15:00:58,0.00181820,2.42000000
2018-03-01 15:01:00,0.00181840,1.07000000
2018-03-01 15:01:08,0.00182010,3.00000000
2018-03-01 15:01:08,0.00182040,17.02000000
2018-03-01 15:01:09,0.00181840,8.15000000
2018-03-01 15:01:10,0.00182020,1.00000000
2018-03-01 15:01:10,0.00182020,5.35000000
2018-03-01 15:01:10,0.00182010,0.89000000
2018-03-01 15:01:11,0.00182010,1.10000000
2018-03-01 15:01:12,0.00182010,4.80000000
2018-03-01 15:01:16,0.00182020,5.30000000
2018-03-01 15:01:21,0.00182020,27.49000000
2018-03-01 15:01:21,0.00182010,22.91000000
2018-03-01 15:01:23,0.00182010,0.25000000
2018-03-01 15:01:26,0.00182040,0.98000000
2018-03-01 15:01:28,0.00182200,14.50000000
2018-03-01 15:01:33,0.00182260,2.82000000
2018-03-01 15:01:33,0.00182300,13.71000000
2018-03-01 15:01:33,0.00182200,0.56000000
2018-03-01 15:01:33,0.00182300,0.07000000
2018-03-01 15:01:35,0.00182300,5.50000000
2018-03-01 15:01:35,0.00182300,10.57000000
2018-03-01 15:01:40,0.00182210,27.37000000
2018-03-01 15:01:41,0.00182300,11.61000000
2018-03-01 15:01:41,0.00182450,4.93000000
2018-03-01 15:01:41,0.00182500,114.27000000
2018-03-01 15:01:41,0.00182510,2.55000000
2018-03-01 15:01:42,0.00182550,1.59000000
2018-03-01 15:01:44,0.00182550,16.23000000
2018-03-01 15:01:44,0.00182680,1.11000000
2018-03-01 15:01:44,0.00182710,1.30000000
2018-03-01 15:01:44,0.00182790,1.11000000
2018-03-01 15:01:44,0.00182790,5.36000000
2018-03-01 15:01:45,0.00182500,6.85000000
2018-03-01 15:01:46,0.00182500,20.78000000
2018-03-01 15:01:48,0.00182790,2.41000000
2018-03-01 15:01:48,0.00182790,47.59000000
2018-03-01 15:01:51,0.00182500,10.92000000
2018-03-01 15:01:52,0.00182800,5.50000000
2018-03-01 15:01:52,0.00182910,3.00000000
2018-03-01 15:01:52,0.00182930,10.82000000
2018-03-01 15:01:52,0.00183000,27.14000000
2018-03-01 15:01:52,0.00183020,52.92000000
2018-03-01 15:01:52,0.00183020,7.85000000
2018-03-01 15:01:53,0.00182800,5.01000000
2018-03-01 15:01:53,0.00182800,0.01000000
2018-03-01 15:01:53,0.00182510,4.99000000
2018-03-01 15:01:53,0.00182510,22.37000000
2018-03-01 15:01:55,0.00182540,25.53000000
2018-03-01 15:01:55,0.00182530,1.84000000
2018-03-01 15:01:57,0.00182660,1.13000000
2018-03-01 15:01:57,0.00183000,29.20000000
2018-03-01 15:01:57,0.00183000,11.66000000
2018-03-01 15:01:57,0.00183000,9.61000000
2018-03-01 15:01:57,0.00183000,25.53000000
2018-03-01 15:01:57,0.00183000,1.10000000
2018-03-01 15:01:57,0.00183000,10.54000000
2018-03-01 15:01:57,0.00183000,32.90000000
2018-03-01 15:01:57,0.00183000,6.10000000
2018-03-01 15:01:58,0.00183000,4.50000000
2018-03-01 15:01:58,0.00183000,0.07000000
2018-03-01 15:01:59,0.00183020,18.46000000
2018-03-01 15:02:02,0.00183020,0.17000000
2018-03-01 15:02:05,0.00183110,0.86000000
2018-03-01 15:02:06,0.00183110,0.27000000
2018-03-01 15:02:06,0.00183200,1.01000000
2018-03-01 15:02:06,0.00183250,19.19000000
2018-03-01 15:02:06,0.00183320,2.97000000
2018-03-01 15:02:06,0.00183440,7.46000000
2018-03-01 15:02:06,0.00183450,87.10000000
2018-03-01 15:02:07,0.00183060,27.30000000
2018-03-01 15:02:09,0.00183060,0.01000000
2018-03-01 15:02:09,0.00183030,0.80000000
2018-03-01 15:02:09,0.00183030,19.70000000
2018-03-01 15:02:09,0.00183040,6.03000000
2018-03-01 15:02:09,0.00183030,8.02000000
2018-03-01 15:02:10,0.00183030,5.44000000
2018-03-01 15:02:12,0.00183030,1.00000000
2018-03-01 15:02:13,0.00183410,27.31000000
2018-03-01 15:02:13,0.00183420,6.03000000
2018-03-01 15:02:13,0.00183460,4.91000000
2018-03-01 15:02:13,0.00183510,21.66000000
2018-03-01 15:02:13,0.00183540,2.26000000
2018-03-01 15:02:13,0.00183590,1.57000000
2018-03-01 15:02:13,0.00183690,11.41000000
2018-03-01 15:02:18,0.00183400,49.77000000
2018-03-01 15:02:19,0.00183400,7.84000000
2018-03-01 15:02:19,0.00183400,20.00000000
2018-03-01 15:02:20,0.00183400,6.91000000
2018-03-01 15:02:21,0.00183050,11.43000000
2018-03-01 15:02:22,0.00183400,3.23000000
2018-03-01 15:02:22,0.00183410,1.09000000
2018-03-01 15:02:22,0.00183690,5.35000000
2018-03-01 15:02:22,0.00183060,21.79000000
2018-03-01 15:02:27,0.00183370,21.79000000
2018-03-01 15:02:27,0.00183380,17.92000000
2018-03-01 15:02:27,0.00183690,18.24000000
2018-03-01 15:02:27,0.00184000,12.96000000
2018-03-01 15:02:27,0.00184280,37.28000000
2018-03-01 15:02:27,0.00184400,45.20000000
2018-03-01 15:02:27,0.00183100,0.55000000
2018-03-01 15:02:28,0.00184380,3.29000000
2018-03-01 15:02:29,0.00183370,5.63000000
2018-03-01 15:02:29,0.00184380,44.37000000
2018-03-01 15:02:30,0.00183160,0.09000000
2018-03-01 15:02:31,0.00183840,10.47000000
2018-03-01 15:02:31,0.00184380,27.27000000
2018-03-01 15:02:32,0.00183200,16.33000000
2018-03-01 15:02:33,0.00183200,4.47000000
2018-03-01 15:02:33,0.00184380,3.00000000
2018-03-01 15:02:35,0.00184380,20.00000000
2018-03-01 15:02:35,0.00184380,8.07000000
2018-03-01 15:02:35,0.00183250,8.07000000
2018-03-01 15:02:35,0.00183250,8.07000000
2018-03-01 15:02:36,0.00184370,9.21000000
2018-03-01 15:02:37,0.00183280,5.00000000
2018-03-01 15:02:38,0.00184370,3.07000000
2018-03-01 15:02:41,0.00184240,0.25000000
2018-03-01 15:02:41,0.00184240,2.00000000
2018-03-01 15:02:44,0.00184230,2.00000000
2018-03-01 15:02:44,0.00183440,1.39000000
2018-03-01 15:02:44,0.00183440,0.02000000
2018-03-01 15:02:44,0.00183430,17.41000000
2018-03-01 15:02:44,0.00183450,0.55000000
2018-03-01 15:02:44,0.00183450,4.54000000
2018-03-01 15:02:44,0.00183460,3.00000000
2018-03-01 15:02:46,0.00183470,0.05000000
2018-03-01 15:02:49,0.00183540,13.14000000
2018-03-01 15:02:50,0.00183530,8.00000000
2018-03-01 15:02:50,0.00183530,9.83000000
2018-03-01 15:02:50,0.00184170,27.30000000
2018-03-01 15:02:50,0.00184180,5.09000000
2018-03-01 15:02:50,0.00184200,47.61000000
2018-03-01 15:02:51,0.00184180,9.92000000
2018-03-01 15:02:55,0.00184170,3.27000000
2018-03-01 15:02:57,0.00183800,18.80000000
2018-03-01 15:02:57,0.00183810,6.00000000
2018-03-01 15:02:57,0.00183810,0.75000000
2018-03-01 15:02:58,0.00183810,14.13000000
2018-03-01 15:02:58,0.00183810,6.33000000
2018-03-01 15:02:58,0.00183800,57.13000000
2018-03-01 15:02:58,0.00184170,14.56000000
2018-03-01 15:02:58,0.00184170,0.60000000
2018-03-01 15:02:58,0.00183800,20.46000000
2018-03-01 15:02:59,0.00184190,6.52000000
2018-03-01 15:03:01,0.00183790,20.69000000
2018-03-01 15:03:01,0.00183800,6.88000000
2018-03-01 15:03:02,0.00183800,1.09000000
2018-03-01 15:03:02,0.00183800,60.00000000
2018-03-01 15:03:02,0.00183810,7.75000000
2018-03-01 15:03:02,0.00184200,1.39000000
2018-03-01 15:03:02,0.00184240,2.74000000
2018-03-01 15:03:02,0.00184270,5.18000000
2018-03-01 15:03:02,0.00184280,19.55000000
2018-03-01 15:03:02,0.00184380,9.33000000
2018-03-01 15:03:03,0.00183810,27.20000000
2018-03-01 15:03:03,0.00183800,81.18000000
2018-03-01 15:03:06,0.00183800,2.00000000
2018-03-01 15:03:06,0.00183800,15.56000000
2018-03-01 15:03:06,0.00183800,5.98000000
2018-03-01 15:03:07,0.00183830,21.88000000
2018-03-01 15:03:08,0.00183850,23.38000000
2018-03-01 15:03:09,0.00183850,0.60000000
2018-03-01 15:03:09,0.00183830,4.56000000
2018-03-01 15:03:10,0.00184170,12.00000000
2018-03-01 15:03:12,0.00184150,15.20000000
2018-03-01 15:03:12,0.00184160,8.09000000
2018-03-01 15:03:12,0.00184380,11.23000000
2018-03-01 15:03:14,0.00183880,27.19000000
2018-03-01 15:03:14,0.00183870,5.96000000
2018-03-01 15:03:15,0.00183870,5.96000000
2018-03-01 15:03:15,0.00183870,13.46000000
2018-03-01 15:03:15,0.00183860,7.69000000
2018-03-01 15:03:15,0.00183870,2.85000000
2018-03-01 15:03:15,0.00183870,3.11000000
2018-03-01 15:03:16,0.00183830,0.88000000
2018-03-01 15:03:18,0.00184310,25.87000000
2018-03-01 15:03:23,0.00183840,0.55000000
2018-03-01 15:03:24,0.00183890,25.31000000
2018-03-01 15:03:26,0.00184210,26.70000000
2018-03-01 15:03:26,0.00184380,1.64000000
2018-03-01 15:03:26,0.00184430,1.10000000
2018-03-01 15:03:26,0.00184440,9.33000000
2018-03-01 15:03:27,0.00183860,27.15000000
2018-03-01 15:03:27,0.00183860,5.49000000
2018-03-01 15:03:28,0.00183860,19.89000000
2018-03-01 15:03:28,0.00183850,5.49000000
2018-03-01 15:03:28,0.00183830,107.28000000
2018-03-01 15:03:28,0.00183810,3.00000000
2018-03-01 15:03:28,0.00183800,72.59000000
2018-03-01 15:03:28,0.00183800,2.57000000
2018-03-01 15:03:30,0.00183580,8.87000000
2018-03-01 15:03:30,0.00183770,27.15000000
2018-03-01 15:03:30,0.00183780,5.96000000
2018-03-01 15:03:30,0.00183790,0.66000000
2018-03-01 15:03:30,0.00183580,1.22000000
2018-03-01 15:03:30,0.00183580,7.49000000
2018-03-01 15:03:32,0.00183510,8.52000000
2018-03-01 15:03:32,0.00183790,7.69000000
2018-03-01 15:03:32,0.00183790,17.03000000
2018-03-01 15:03:32,0.00183800,21.68000000
2018-03-01 15:03:32,0.00183510,2.30000000
2018-03-01 15:03:34,0.00183270,2.16000000
2018-03-01 15:03:34,0.00183270,1.92000000
2018-03-01 15:03:34,0.00183270,10.92000000
2018-03-01 15:03:34,0.00183270,5.19000000
2018-03-01 15:03:34,0.00183270,7.09000000
2018-03-01 15:03:34,0.00183260,1.10000000
2018-03-01 15:03:34,0.00183280,25.38000000
2018-03-01 15:03:35,0.00183270,3.73000000
2018-03-01 15:03:35,0.00183260,24.37000000
2018-03-01 15:03:35,0.00183260,1.09000000
2018-03-01 15:03:35,0.00183260,1.82000000
2018-03-01 15:03:36,0.00183210,2.70000000
2018-03-01 15:03:36,0.00183250,11.77000000
2018-03-01 15:03:36,0.00183250,2.64000000
2018-03-01 15:03:36,0.00183210,5.40000000
2018-03-01 15:03:36,0.00183210,1.65000000
2018-03-01 15:03:37,0.00183250,10.97000000
2018-03-01 15:03:37,0.00183210,2.20000000
2018-03-01 15:03:37,0.00183160,2.77000000
2018-03-01 15:03:37,0.00183160,8.92000000
2018-03-01 15:03:38,0.00183270,13.97000000
2018-03-01 15:03:38,0.00183170,1.62000000
2018-03-01 15:03:39,0.00183220,7.44000000
2018-03-01 15:03:39,0.00183220,19.85000000
2018-03-01 15:03:39,0.00183210,8.95000000
2018-03-01 15:03:39,0.00183180,51.36000000
2018-03-01 15:03:40,0.00183230,2.66000000
2018-03-01 15:03:40,0.00183230,3.68000000
2018-03-01 15:03:41,0.00183580,20.00000000
2018-03-01 15:03:41,0.00183580,5.32000000
2018-03-01 15:03:42,0.00183580,15.63000000
2018-03-01 15:03:42,0.00183580,5.98000000
2018-03-01 15:03:43,0.00183580,0.66000000
2018-03-01 15:03:44,0.00183580,2.70000000
2018-03-01 15:03:45,0.00183580,31.99000000
2018-03-01 15:03:45,0.00183580,2.59000000
2018-03-01 15:03:45,0.00183580,15.83000000
2018-03-01 15:03:45,0.00183580,16.18000000
2018-03-01 15:03:45,0.00183580,0.66000000
2018-03-01 15:03:45,0.00183580,19.26000000
2018-03-01 15:03:45,0.00183580,2.64000000
2018-03-01 15:03:46,0.00183580,14.60000000
2018-03-01 15:03:47,0.00183230,2.92000000
2018-03-01 15:03:47,0.00183230,12.78000000
2018-03-01 15:03:47,0.00183230,3.34000000
2018-03-01 15:03:49,0.00183170,8.52000000
2018-03-01 15:03:50,0.00183180,11.33000000
2018-03-01 15:03:51,0.00183180,5.40000000
2018-03-01 15:03:51,0.00183180,1.10000000
2018-03-01 15:03:51,0.00183180,4.28000000
2018-03-01 15:03:51,0.00183180,4.28000000
2018-03-01 15:03:51,0.00183520,12.47000000
2018-03-01 15:03:52,0.00183180,23.57000000
2018-03-01 15:03:52,0.00183170,26.59000000
2018-03-01 15:03:52,0.00183030,32.99000000
2018-03-01 15:03:52,0.00183030,15.05000000
2018-03-01 15:03:52,0.00183000,1.24000000
2018-03-01 15:03:54,0.00183170,1.91000000
2018-03-01 15:03:55,0.00183170,19.19000000
2018-03-01 15:03:55,0.00183170,3.13000000
2018-03-01 15:03:56,0.00183170,12.87000000
2018-03-01 15:03:58,0.00183170,0.65000000
2018-03-01 15:03:58,0.00183170,18.64000000
2018-03-01 15:04:00,0.00183170,2.30000000
2018-03-01 15:04:00,0.00183170,13.04000000
2018-03-01 15:04:01,0.00183380,0.01000000
2018-03-01 15:04:01,0.00183170,12.32000000
2018-03-01 15:04:02,0.00183170,8.05000000
2018-03-01 15:04:02,0.00183380,9.48000000
2018-03-01 15:04:02,0.00183170,10.00000000
2018-03-01 15:04:02,0.00183360,5.44000000
2018-03-01 15:04:02,0.00183360,1.51000000
2018-03-01 15:04:03,0.00183370,5.44000000
2018-03-01 15:04:03,0.00183370,15.83000000
2018-03-01 15:04:03,0.00183370,21.32000000
2018-03-01 15:04:03,0.00183370,5.44000000
2018-03-01 15:04:03,0.00183170,19.92000000
2018-03-01 15:04:04,0.00183170,5.44000000
2018-03-01 15:04:04,0.00183170,8.74000000
2018-03-01 15:04:04,0.00183020,8.48000000
2018-03-01 15:04:05,0.00183370,9.53000000
2018-03-01 15:04:05,0.00183440,2.61000000
2018-03-01 15:04:05,0.00183530,5.47000000
2018-03-01 15:04:05,0.00183750,13.06000000
2018-03-01 15:04:06,0.00183050,1.30000000
2018-03-01 15:04:06,0.00183070,1.76000000
2018-03-01 15:04:08,0.00183110,5.40000000
2018-03-01 15:04:08,0.00183110,20.62000000
2018-03-01 15:04:08,0.00183100,2.10000000
2018-03-01 15:04:08,0.00183090,2.76000000
2018-03-01 15:04:11,0.00183130,0.63000000
2018-03-01 15:04:17,0.00183000,0.55000000
2018-03-01 15:04:18,0.00183010,5.32000000
2018-03-01 15:04:18,0.00183010,6.71000000
2018-03-01 15:04:18,0.00183000,1.69000000
2018-03-01 15:04:19,0.00183000,70.56000000
2018-03-01 15:04:20,0.00183000,3.44000000
2018-03-01 15:04:22,0.00183000,3.28000000
2018-03-01 15:04:25,0.00183210,32.32000000
2018-03-01 15:04:25,0.00183210,6.62000000
2018-03-01 15:04:25,0.00183210,4.76000000
2018-03-01 15:04:28,0.00183210,17.02000000
2018-03-01 15:04:28,0.00182800,5.82000000
2018-03-01 15:04:36,0.00183180,27.32000000
2018-03-01 15:04:36,0.00183190,0.63000000
2018-03-01 15:04:37,0.00182610,16.38000000
2018-03-01 15:04:39,0.00182610,7.62000000
2018-03-01 15:04:39,0.00183090,16.38000000
2018-03-01 15:04:39,0.00183100,2.99000000
2018-03-01 15:04:39,0.00183100,145.38000000
2018-03-01 15:04:42,0.00183210,1.77000000
2018-03-01 15:04:45,0.00183210,5.66000000
2018-03-01 15:04:45,0.00183210,5.61000000
2018-03-01 15:04:45,0.00183210,2.79000000
2018-03-01 15:04:45,0.00183210,5.58000000
2018-03-01 15:04:45,0.00183210,4.66000000
2018-03-01 15:04:46,0.00183210,4.54000000
2018-03-01 15:04:46,0.00183190,18.22000000
2018-03-01 15:04:46,0.00183190,5.58000000
2018-03-01 15:04:53,0.00183190,3.20000000
2018-03-01 15:05:00,0.00183300,10.37000000
2018-03-01 15:05:02,0.00183480,0.55000000
2018-03-01 15:05:03,0.00183480,0.60000000
2018-03-01 15:05:05,0.00183310,1.79000000
2018-03-01 15:05:07,0.00183480,2.85000000
2018-03-01 15:05:07,0.00183800,17.48000000
2018-03-01 15:05:08,0.00183790,6.80000000
2018-03-01 15:05:09,0.00183340,3.50000000
2018-03-01 15:05:10,0.00183790,16.80000000
2018-03-01 15:05:10,0.00183790,0.02000000
2018-03-01 15:05:10,0.00183800,6.84000000
2018-03-01 15:05:10,0.00183800,0.02000000
2018-03-01 15:05:10,0.00183830,12.64000000
2018-03-01 15:05:11,0.00183890,4.16000000
2018-03-01 15:05:11,0.00183890,5.40000000
2018-03-01 15:05:12,0.00183390,7.09000000
2018-03-01 15:05:13,0.00183410,4.05000000
2018-03-01 15:05:13,0.00183890,9.16000000
2018-03-01 15:05:13,0.00184050,10.34000000
2018-03-01 15:05:19,0.00184050,1.01000000
2018-03-01 15:05:19,0.00184050,2.00000000
2018-03-01 15:05:19,0.00184050,18.18000000
2018-03-01 15:05:19,0.00183600,8.86000000
2018-03-01 15:05:19,0.00183580,23.74000000
2018-03-01 15:05:19,0.00183560,5.92000000
2018-03-01 15:05:19,0.00183530,106.16000000
2018-03-01 15:05:19,0.00183440,25.35000000
2018-03-01 15:05:19,0.00183430,8.74000000
2018-03-01 15:05:19,0.00183410,17.66000000
2018-03-01 15:05:19,0.00183300,27.24000000
2018-03-01 15:05:20,0.00183300,25.35000000
2018-03-01 15:05:21,0.00183310,29.59000000
2018-03-01 15:05:21,0.00183300,5.92000000
2018-03-01 15:05:22,0.00183310,8.03000000
2018-03-01 15:05:22,0.00183310,37.03000000
2018-03-01 15:05:23,0.00183310,2.40000000
2018-03-01 15:05:23,0.00183310,49.94000000
2018-03-01 15:05:23,0.00183760,17.66000000
2018-03-01 15:05:26,0.00183410,1.30000000
2018-03-01 15:05:28,0.00184300,8.80000000
2018-03-01 15:05:29,0.00184280,11.20000000
2018-03-01 15:05:29,0.00184290,8.70000000
2018-03-01 15:05:31,0.00184000,2.68000000
2018-03-01 15:05:31,0.00184310,2.07000000
2018-03-01 15:05:33,0.00183640,0.60000000
2018-03-01 15:05:36,0.00184440,18.77000000
2018-03-01 15:05:36,0.00184440,29.46000000
2018-03-01 15:05:37,0.00183720,6.42000000
2018-03-01 15:05:38,0.00184500,1.80000000
2018-03-01 15:05:44,0.00183900,2.66000000
2018-03-01 15:05:45,0.00183930,1.28000000
2018-03-01 15:05:49,0.00184490,2.66000000
2018-03-01 15:05:49,0.00184500,2.20000000
2018-03-01 15:05:49,0.00184510,1.00000000
2018-03-01 15:05:49,0.00184600,14.50000000
2018-03-01 15:05:49,0.00184690,7.69000000
2018-03-01 15:05:49,0.00184700,1.51000000
2018-03-01 15:05:50,0.00184700,16.68000000
2018-03-01 15:05:51,0.00184750,2.20000000
2018-03-01 15:05:51,0.00184800,1.54000000
2018-03-01 15:05:51,0.00184920,9.58000000
2018-03-01 15:05:51,0.00184930,10.82000000
2018-03-01 15:05:51,0.00184940,4.88000000
2018-03-01 15:05:51,0.00184950,22.00000000
2018-03-01 15:05:51,0.00184990,31.48000000
2018-03-01 15:05:51,0.00185000,108.55000000
2018-03-01 15:05:51,0.00185000,25.00000000
2018-03-01 15:05:53,0.00185000,21.87000000
2018-03-01 15:05:53,0.00184080,0.61000000
2018-03-01 15:05:56,0.00184150,4.24000000
2018-03-01 15:06:02,0.00184300,1.93000000
2018-03-01 15:06:02,0.00184500,3.49000000
2018-03-01 15:06:03,0.00184500,1.19000000
2018-03-01 15:06:03,0.00184680,15.77000000
2018-03-01 15:06:04,0.00184510,3.62000000
2018-03-01 15:06:04,0.00184500,5.25000000
2018-03-01 15:06:04,0.00184690,1.36000000
2018-03-01 15:06:04,0.00184970,3.00000000
2018-03-01 15:06:04,0.00184980,19.71000000
2018-03-01 15:06:04,0.00184990,5.40000000
2018-03-01 15:06:04,0.00184990,12.10000000
2018-03-01 15:06:04,0.00184500,0.01000000
2018-03-01 15:06:04,0.00184260,5.39000000
2018-03-01 15:06:05,0.00184500,5.51000000
2018-03-01 15:06:05,0.00184260,0.06000000
2018-03-01 15:06:05,0.00184170,5.34000000
2018-03-01 15:06:07,0.00184690,2.72000000
2018-03-01 15:06:07,0.00184190,1.57000000
2018-03-01 15:06:08,0.00184280,20.00000000
2018-03-01 15:06:10,0.00184510,4.48000000
2018-03-01 15:06:14,0.00184500,37.76000000
2018-03-01 15:06:16,0.00184500,5.00000000
2018-03-01 15:06:18,0.00184810,4.48000000
2018-03-01 15:06:18,0.00184820,5.34000000
2018-03-01 15:06:18,0.00184830,1.57000000
2018-03-01 15:06:18,0.00184840,2.71000000
2018-03-01 15:06:18,0.00184850,5.43000000
2018-03-01 15:06:18,0.00184860,17.50000000
2018-03-01 15:06:18,0.00184890,5.43000000
2018-03-01 15:06:18,0.00184900,2.71000000
2018-03-01 15:06:18,0.00184960,3.00000000
2018-03-01 15:06:18,0.00185000,386.06000000
2018-03-01 15:06:18,0.00185000,5.43000000
2018-03-01 15:06:19,0.00185000,39.90000000
2018-03-01 15:06:19,0.00185000,3.31000000
2018-03-01 15:06:19,0.00185000,2.18000000
2018-03-01 15:06:19,0.00185000,40.56000000
2018-03-01 15:06:19,0.00185000,11.83000000
2018-03-01 15:06:19,0.00184500,40.56000000
2018-03-01 15:06:20,0.00184510,1.11000000
2018-03-01 15:06:20,0.00185310,4.00000000
2018-03-01 15:06:21,0.00185310,2.50000000
2018-03-01 15:06:22,0.00184570,2.68000000
2018-03-01 15:06:25,0.00184650,2.70000000
2018-03-01 15:06:26,0.00184650,20.57000000
2018-03-01 15:06:26,0.00184640,23.03000000
2018-03-01 15:06:26,0.00184640,5.94000000
2018-03-01 15:06:26,0.00184620,25.34000000
2018-03-01 15:06:27,0.00184520,1.43000000
2018-03-01 15:06:27,0.00184500,9.35000000
2018-03-01 15:06:28,0.00184640,2.70000000
2018-03-01 15:06:29,0.00184640,7.50000000
2018-03-01 15:06:29,0.00184620,24.55000000
2018-03-01 15:06:29,0.00184760,8.80000000
2018-03-01 15:06:35,0.00184660,18.26000000
2018-03-01 15:06:35,0.00184670,20.00000000
2018-03-01 15:06:35,0.00184690,31.31000000
2018-03-01 15:06:37,0.00184760,173.45000000
2018-03-01 15:06:37,0.00184510,34.31000000
2018-03-01 15:06:37,0.00184500,61.29000000
2018-03-01 15:06:37,0.00184400,2.94000000
2018-03-01 15:06:37,0.00184130,118.48000000
2018-03-01 15:06:37,0.00184140,5.39000000
2018-03-01 15:06:38,0.00184160,1.00000000
2018-03-01 15:06:38,0.00184180,12.32000000
2018-03-01 15:06:39,0.00184180,13.82000000
2018-03-01 15:06:39,0.00184170,23.27000000
2018-03-01 15:06:39,0.00184170,13.88000000
2018-03-01 15:06:39,0.00184160,3.00000000
2018-03-01 15:06:39,0.00184150,8.80000000
2018-03-01 15:06:39,0.00184170,3.85000000
2018-03-01 15:06:39,0.00184170,0.44000000
2018-03-01 15:06:39,0.00184160,0.75000000
2018-03-01 15:06:40,0.00184160,5.24000000
2018-03-01 15:06:40,0.00184760,5.99000000
2018-03-01 15:06:40,0.00184760,3.57000000
2018-03-01 15:06:40,0.00184760,20.00000000
2018-03-01 15:06:41,0.00184770,30.00000000
2018-03-01 15:06:42,0.00184760,18.88000000
2018-03-01 15:06:42,0.00184770,3.01000000
2018-03-01 15:06:43,0.00184760,1.56000000
2018-03-01 15:06:43,0.00184620,1.48000000
2018-03-01 15:06:44,0.00184620,1.73000000
2018-03-01 15:06:44,0.00184160,21.48000000
2018-03-01 15:06:44,0.00184160,21.49000000
2018-03-01 15:06:44,0.00184160,8.87000000
2018-03-01 15:06:44,0.00184160,5.40000000
2018-03-01 15:06:45,0.00184160,41.55000000
2018-03-01 15:06:45,0.00184760,1.43000000
2018-03-01 15:06:45,0.00184770,2.52000000
2018-03-01 15:06:45,0.00184780,2.50000000
2018-03-01 15:06:47,0.00184770,5.36000000
2018-03-01 15:06:47,0.00184780,6.30000000
2018-03-01 15:06:47,0.00184810,2.71000000
2018-03-01 15:06:47,0.00184860,2.86000000
2018-03-01 15:06:47,0.00184770,5.36000000
2018-03-01 15:06:50,0.00184900,8.71000000
2018-03-01 15:06:53,0.00184770,7.83000000
2018-03-01 15:06:54,0.00184890,2.54000000
2018-03-01 15:06:54,0.00184900,1.29000000
2018-03-01 15:06:54,0.00185000,10.00000000
2018-03-01 15:06:54,0.00185010,0.58000000
2018-03-01 15:06:54,0.00185010,4.98000000
2018-03-01 15:06:54,0.00184770,37.85000000
2018-03-01 15:06:54,0.00184770,62.46000000
2018-03-01 15:06:55,0.00184770,20.00000000
2018-03-01 15:06:56,0.00184900,62.64000000
2018-03-01 15:06:57,0.00184900,46.00000000
2018-03-01 15:06:58,0.00184900,5.79000000
2018-03-01 15:06:58,0.00184900,7.32000000
2018-03-01 15:07:01,0.00185000,0.59000000
2018-03-01 15:07:01,0.00185000,9.25000000
2018-03-01 15:07:03,0.00185000,3.36000000
2018-03-01 15:07:03,0.00184900,1.12000000
2018-03-01 15:07:03,0.00184910,5.51000000
2018-03-01 15:07:06,0.00184910,21.53000000
2018-03-01 15:07:06,0.00184900,21.62000000
2018-03-01 15:07:06,0.00185290,8.13000000
2018-03-01 15:07:08,0.00185280,27.04000000
2018-03-01 15:07:08,0.00185290,5.49000000
2018-03-01 15:07:08,0.00185290,6.27000000
2018-03-01 15:07:10,0.00185290,1.04000000
2018-03-01 15:07:11,0.00185290,42.31000000
2018-03-01 15:07:12,0.00185290,8.13000000
2018-03-01 15:07:12,0.00185290,6.54000000
2018-03-01 15:07:12,0.00185310,2.70000000
2018-03-01 15:07:13,0.00185290,2.20000000
2018-03-01 15:07:13,0.00185290,2.12000000
2018-03-01 15:07:13,0.00185290,2.39000000
2018-03-01 15:07:14,0.00185310,8.09000000
2018-03-01 15:07:14,0.00185320,25.96000000
2018-03-01 15:07:14,0.00185500,179.69000000
2018-03-01 15:07:14,0.00185290,2.08000000
2018-03-01 15:07:15,0.00185290,28.00000000
2018-03-01 15:07:16,0.00185290,6.29000000
2018-03-01 15:07:17,0.00185290,12.01000000
2018-03-01 15:07:17,0.00185500,58.49000000
2018-03-01 15:07:17,0.00185500,52.08000000
2018-03-01 15:07:18,0.00185290,43.06000000
2018-03-01 15:07:18,0.00185470,3.00000000
2018-03-01 15:07:19,0.00185500,68.17000000
2018-03-01 15:07:19,0.00185470,2.11000000
2018-03-01 15:07:19,0.00185470,1.09000000
2018-03-01 15:07:19,0.00185470,62.68000000
2018-03-01 15:07:21,0.00185500,114.15000000
2018-03-01 15:07:23,0.00185470,0.86000000
2018-03-01 15:07:24,0.00185500,50.00000000
2018-03-01 15:07:26,0.00185500,64.48000000
2018-03-01 15:07:26,0.00185500,5.39000000
2018-03-01 15:07:26,0.00185650,3.27000000
2018-03-01 15:07:26,0.00185720,2.12000000
2018-03-01 15:07:26,0.00185500,7.70000000
2018-03-01 15:07:26,0.00185720,0.21000000
2018-03-01 15:07:28,0.00185710,3.66000000
2018-03-01 15:07:28,0.00185720,59.53000000
2018-03-01 15:07:28,0.00185940,17.63000000
2018-03-01 15:07:28,0.00186000,78.59000000
2018-03-01 15:07:28,0.00186140,13.91000000
2018-03-01 15:07:28,0.00186320,29.88000000
2018-03-01 15:07:28,0.00186400,6.38000000
2018-03-01 15:07:28,0.00186500,4.00000000
2018-03-01 15:07:28,0.00186740,24.28000000
2018-03-01 15:07:28,0.00186750,9.75000000
2018-03-01 15:07:28,0.00186850,2.75000000
2018-03-01 15:07:28,0.00186950,3.43000000
2018-03-01 15:07:28,0.00186960,4.88000000
2018-03-01 15:07:28,0.00186970,1.10000000
2018-03-01 15:07:28,0.00187000,37.21000000
2018-03-01 15:07:28,0.00187150,84.66000000
2018-03-01 15:07:28,0.00187350,3.18000000
2018-03-01 15:07:28,0.00187400,37.28000000
2018-03-01 15:07:28,0.00187570,4.88000000
2018-03-01 15:07:28,0.00187600,16.04000000
2018-03-01 15:07:28,0.00187620,56.98000000
2018-03-01 15:07:28,0.00185500,0.56000000
2018-03-01 15:07:28,0.00185500,0.56000000
2018-03-01 15:07:31,0.00185740,26.91000000
2018-03-01 15:07:31,0.00185730,88.09000000
2018-03-01 15:07:32,0.00185750,37.64000000
2018-03-01 15:07:32,0.00185750,7.50000000
2018-03-01 15:07:32,0.00185760,7.00000000
2018-03-01 15:07:32,0.00185750,8.94000000
2018-03-01 15:07:32,0.00185740,2.23000000
2018-03-01 15:07:32,0.00185730,45.70000000
2018-03-01 15:07:32,0.00185720,35.84000000
2018-03-01 15:07:32,0.00185720,9.75000000
2018-03-01 15:07:32,0.00185720,17.04000000
2018-03-01 15:07:33,0.00185710,1.15000000
2018-03-01 15:07:33,0.00185710,1.41000000
2018-03-01 15:07:33,0.00185700,5.92000000
2018-03-01 15:07:33,0.00185700,20.00000000
2018-03-01 15:07:34,0.00185700,25.16000000
2018-03-01 15:07:34,0.00185710,24.35000000
2018-03-01 15:07:34,0.00185720,19.40000000
2018-03-01 15:07:34,0.00185700,0.39000000
2018-03-01 15:07:34,0.00185570,6.61000000
2018-03-01 15:07:35,0.00185570,1.89000000
2018-03-01 15:07:36,0.00185560,4.88000000
2018-03-01 15:07:36,0.00185500,3.82000000
2018-03-01 15:07:38,0.00185570,1.00000000
2018-03-01 15:07:38,0.00185700,6.60000000
2018-03-01 15:07:38,0.00185470,1.17000000
2018-03-01 15:07:38,0.00185470,1.12000000
2018-03-01 15:07:38,0.00185470,1.35000000
2018-03-01 15:07:38,0.00185470,1.44000000
2018-03-01 15:07:38,0.00185470,1.12000000
2018-03-01 15:07:38,0.00185470,1.12000000
2018-03-01 15:07:39,0.00185470,1.41000000
2018-03-01 15:07:39,0.00185470,0.72000000
2018-03-01 15:07:40,0.00185470,9.84000000
2018-03-01 15:07:40,0.00185470,23.50000000
2018-03-01 15:07:40,0.00185450,17.03000000
2018-03-01 15:07:40,0.00185460,61.01000000
2018-03-01 15:07:40,0.00185460,3.32000000
2018-03-01 15:07:42,0.00185230,3.00000000
2018-03-01 15:07:42,0.00185230,2.44000000
2018-03-01 15:07:42,0.00185230,2.96000000
2018-03-01 15:07:43,0.00185230,14.48000000
2018-03-01 15:07:43,0.00185230,10.42000000
2018-03-01 15:07:43,0.00185230,8.78000000
2018-03-01 15:07:43,0.00185450,40.24000000
2018-03-01 15:07:43,0.00185230,4.20000000
2018-03-01 15:07:43,0.00185230,2.72000000
2018-03-01 15:07:43,0.00185230,5.32000000
2018-03-01 15:07:43,0.00185230,9.76000000
2018-03-01 15:07:43,0.00185230,2.89000000
2018-03-01 15:07:43,0.00185230,3.96000000
2018-03-01 15:07:44,0.00185220,0.66000000
2018-03-01 15:07:45,0.00185220,0.94000000
2018-03-01 15:07:45,0.00185450,52.18000000
2018-03-01 15:07:45,0.00185450,14.28000000
2018-03-01 15:07:45,0.00185460,7.76000000
2018-03-01 15:07:45,0.00185460,8.84000000
2018-03-01 15:07:46,0.00185460,1.29000000
2018-03-01 15:07:46,0.00185450,2.70000000
2018-03-01 15:07:46,0.00185450,2.16000000
2018-03-01 15:07:46,0.00185450,2.58000000
2018-03-01 15:07:46,0.00185470,25.16000000
2018-03-01 15:07:46,0.00185450,11.83000000
2018-03-01 15:07:46,0.00185460,2.02000000
2018-03-01 15:07:46,0.00185780,12.77000000
2018-03-01 15:07:46,0.00185460,24.93000000
2018-03-01 15:07:46,0.00185450,17.45000000
2018-03-01 15:07:47,0.00185460,0.25000000
2018-03-01 15:07:47,0.00185460,0.69000000
2018-03-01 15:07:47,0.00185460,3.94000000
2018-03-01 15:07:48,0.00185460,22.72000000
2018-03-01 15:07:48,0.00185460,394.46000000
2018-03-01 15:07:48,0.00184920,10.75000000
2018-03-01 15:07:48,0.00184900,86.10000000
2018-03-01 15:07:50,0.00185710,5.12000000
2018-03-01 15:07:50,0.00185720,14.88000000
2018-03-01 15:07:50,0.00185230,13.59000000
2018-03-01 15:07:51,0.00185710,13.34000000
2018-03-01 15:07:51,0.00185720,6.56000000
2018-03-01 15:07:51,0.00185230,13.40000000
2018-03-01 15:07:51,0.00185220,24.29000000
2018-03-01 15:07:52,0.00185230,5.22000000
2018-03-01 15:07:52,0.00185230,0.71000000
2018-03-01 15:07:52,0.00185220,1.87000000
2018-03-01 15:07:53,0.00185690,0.26000000
2018-03-01 15:07:53,0.00185450,19.04000000
2018-03-01 15:07:54,0.00185670,26.73000000
2018-03-01 15:07:54,0.00185680,8.22000000
2018-03-01 15:07:54,0.00185490,0.81000000
2018-03-01 15:07:54,0.00185450,20.01000000
2018-03-01 15:07:55,0.00185680,1.41000000
2018-03-01 15:07:55,0.00185680,0.02000000
2018-03-01 15:07:55,0.00185710,0.84000000
2018-03-01 15:07:55,0.00185710,26.10000000
2018-03-01 15:07:55,0.00185670,3.33000000
2018-03-01 15:07:55,0.00185250,5.32000000
2018-03-01 15:07:56,0.00185250,13.24000000
2018-03-01 15:07:56,0.00185250,2.70000000
2018-03-01 15:07:56,0.00185250,2.82000000
2018-03-01 15:07:56,0.00185500,2.06000000
2018-03-01 15:07:56,0.00185500,3.80000000
2018-03-01 15:07:57,0.00185500,2.16000000
2018-03-01 15:07:57,0.00185500,38.68000000
2018-03-01 15:07:57,0.00185500,2.36000000
2018-03-01 15:07:57,0.00185500,2.70000000
2018-03-01 15:07:57,0.00185500,9.60000000
2018-03-01 15:07:57,0.00185500,3.80000000
2018-03-01 15:07:57,0.00185500,1.63000000
2018-03-01 15:07:58,0.00185500,1.36000000
2018-03-01 15:07:58,0.00185740,5.41000000
2018-03-01 15:07:58,0.00185500,6.54000000
2018-03-01 15:07:59,0.00185500,2.70000000
2018-03-01 15:08:00,0.00185740,18.67000000
2018-03-01 15:08:00,0.00185750,3.00000000
2018-03-01 15:08:00,0.00186040,8.50000000
2018-03-01 15:08:00,0.00186810,19.83000000
2018-03-01 15:08:01,0.00185890,2.38000000
2018-03-01 15:08:01,0.00185900,1.05000000
2018-03-01 15:08:01,0.00185910,0.80000000
2018-03-01 15:08:01,0.00185910,0.03000000
2018-03-01 15:08:01,0.00185910,25.86000000
2018-03-01 15:08:01,0.00185910,8.37000000
2018-03-01 15:08:02,0.00185920,25.86000000
2018-03-01 15:08:02,0.00185910,8.37000000
2018-03-01 15:08:02,0.00185910,2.69000000
2018-03-01 15:08:02,0.00186780,52.27000000
2018-03-01 15:08:03,0.00185930,10.10000000
2018-03-01 15:08:03,0.00185910,9.20000000
2018-03-01 15:08:03,0.00185900,3.00000000
2018-03-01 15:08:03,0.00185890,17.52000000
2018-03-01 15:08:03,0.00185900,5.91000000
2018-03-01 15:08:03,0.00185900,11.30000000
2018-03-01 15:08:04,0.00185890,38.09000000
2018-03-01 15:08:04,0.00185630,1.73000000
2018-03-01 15:08:04,0.00185630,3.20000000
2018-03-01 15:08:05,0.00185630,2.24000000
2018-03-01 15:08:05,0.00185630,19.75000000
2018-03-01 15:08:06,0.00185520,5.44000000
2018-03-01 15:08:08,0.00185730,2.00000000
2018-03-01 15:08:08,0.00185630,2.68000000
2018-03-01 15:08:09,0.00185630,54.08000000
2018-03-01 15:08:10,0.00185630,1.80000000
2018-03-01 15:08:10,0.00185640,14.39000000
2018-03-01 15:08:10,0.00185630,131.77000000
2018-03-01 15:08:11,0.00185630,15.68000000
2018-03-01 15:08:12,0.00185630,2.25000000
2018-03-01 15:08:12,0.00185900,25.00000000
2018-03-01 15:08:14,0.00185900,29.16000000
2018-03-01 15:08:14,0.00185900,38.68000000
2018-03-01 15:08:16,0.00185900,4.03000000
2018-03-01 15:08:17,0.00185900,18.37000000
2018-03-01 15:08:21,0.00185900,2.66000000
2018-03-01 15:08:21,0.00185900,29.32000000
2018-03-01 15:08:21,0.00185630,27.47000000
2018-03-01 15:08:23,0.00185900,18.95000000
2018-03-01 15:08:27,0.00185900,36.16000000
2018-03-01 15:08:27,0.00185900,7.18000000
2018-03-01 15:08:28,0.00185700,1.11000000
2018-03-01 15:08:28,0.00185900,4.65000000
2018-03-01 15:08:28,0.00185700,1.92000000
2018-03-01 15:08:28,0.00185700,59.35000000
2018-03-01 15:08:31,0.00185700,8.00000000
2018-03-01 15:08:31,0.00185890,2.70000000
2018-03-01 15:08:31,0.00185900,3.51000000
2018-03-01 15:08:32,0.00185700,9.09000000
2018-03-01 15:08:32,0.00185700,32.50000000
2018-03-01 15:08:33,0.00185700,6.15000000
2018-03-01 15:08:33,0.00185640,50.72000000
2018-03-01 15:08:35,0.00185640,15.12000000
2018-03-01 15:08:35,0.00185630,386.66000000
2018-03-01 15:08:38,0.00185640,122.22000000
2018-03-01 15:08:41,0.00185640,17.74000000
2018-03-01 15:08:42,0.00185640,59.93000000
2018-03-01 15:08:44,0.00185630,0.02000000
2018-03-01 15:08:44,0.00185500,1.18000000
2018-03-01 15:08:44,0.00185500,19.07000000
2018-03-01 15:08:45,0.00185500,2.70000000
2018-03-01 15:08:45,0.00185500,6.68000000
2018-03-01 15:08:46,0.00185500,12.87000000
2018-03-01 15:08:47,0.00185500,46.59000000
2018-03-01 15:08:50,0.00185030,27.02000000
2018-03-01 15:08:50,0.00185000,2.00000000
2018-03-01 15:08:50,0.00184900,46.18000000
2018-03-01 15:08:50,0.00184900,18.48000000
2018-03-01 15:08:50,0.00184610,14.63000000
2018-03-01 15:08:50,0.00184500,47.91000000
2018-03-01 15:08:50,0.00184500,31.49000000
2018-03-01 15:08:50,0.00184500,4.31000000
2018-03-01 15:08:52,0.00185040,5.96000000
2018-03-01 15:08:52,0.00185440,18.44000000
2018-03-01 15:08:53,0.00185420,8.58000000
2018-03-01 15:08:53,0.00185430,25.96000000
2018-03-01 15:08:53,0.00185450,15.83000000
2018-03-01 15:08:56,0.00184590,2.19000000
2018-03-01 15:08:58,0.00184530,1.65000000
2018-03-01 15:08:58,0.00184550,5.57000000
2018-03-01 15:08:58,0.00185400,6.88000000
2018-03-01 15:08:59,0.00184580,5.58000000
2018-03-01 15:08:59,0.00184580,5.55000000
2018-03-01 15:09:00,0.00185360,11.38000000
2018-03-01 15:09:00,0.00184620,5.58000000
2018-03-01 15:09:01,0.00184620,5.58000000
2018-03-01 15:09:01,0.00184620,5.60000000
2018-03-01 15:09:01,0.00184630,5.54000000
2018-03-01 15:09:01,0.00184640,2.04000000
2018-03-01 15:09:02,0.00184650,5.54000000
2018-03-01 15:09:02,0.00184670,5.54000000
2018-03-01 15:09:02,0.00184670,14.31000000
2018-03-01 15:09:02,0.00184660,7.19000000
2018-03-01 15:09:02,0.00184660,5.56000000
2018-03-01 15:09:02,0.00185350,1.72000000
2018-03-01 15:09:02,0.00184660,5.58000000
2018-03-01 15:09:03,0.00184670,5.51000000
2018-03-01 15:09:04,0.00184670,5.58000000
2018-03-01 15:09:05,0.00184690,5.52000000
2018-03-01 15:09:05,0.00184690,13.89000000
2018-03-01 15:09:05,0.00184680,0.79000000
2018-03-01 15:09:05,0.00184590,5.53000000
2018-03-01 15:09:06,0.00184700,3.88000000
2018-03-01 15:09:06,0.00184600,5.52000000
2018-03-01 15:09:07,0.00184700,3.88000000
2018-03-01 15:09:07,0.00184600,1.64000000
2018-03-01 15:09:08,0.00184900,11.03000000
2018-03-01 15:09:08,0.00184900,5.52000000
2018-03-01 15:09:09,0.00184900,65.77000000
2018-03-01 15:09:09,0.00184900,5.51000000
2018-03-01 15:09:10,0.00184900,30.42000000
2018-03-01 15:09:11,0.00184890,0.63000000
2018-03-01 15:09:11,0.00184890,4.00000000
2018-03-01 15:09:11,0.00184890,3.20000000
2018-03-01 15:09:11,0.00184890,40.05000000
2018-03-01 15:09:11,0.00184600,1.31000000
2018-03-01 15:09:11,0.00184600,1.39000000
2018-03-01 15:09:11,0.00184600,1.12000000
2018-03-01 15:09:11,0.00184600,1.36000000
2018-03-01 15:09:11,0.00184600,1.09000000
2018-03-01 15:09:11,0.00184890,9.12000000
2018-03-01 15:09:11,0.00184900,9.67000000
2018-03-01 15:09:12,0.00185000,0.79000000
2018-03-01 15:09:12,0.00185140,14.76000000
2018-03-01 15:09:12,0.00185000,4.93000000
2018-03-01 15:09:12,0.00184570,6.91000000
2018-03-01 15:09:12,0.00184440,49.96000000
2018-03-01 15:09:12,0.00184300,10.00000000
2018-03-01 15:09:12,0.00184040,4.88000000
2018-03-01 15:09:12,0.00184010,175.95000000
2018-03-01 15:09:13,0.00184590,6.40000000
2018-03-01 15:09:13,0.00184590,20.76000000
2018-03-01 15:09:13,0.00184590,5.99000000
2018-03-01 15:09:13,0.00184590,1.08000000
2018-03-01 15:09:13,0.00184580,25.00000000
2018-03-01 15:09:13,0.00184580,2.16000000
2018-03-01 15:09:14,0.00184590,4.70000000
2018-03-01 15:09:14,0.00184210,1.60000000
2018-03-01 15:09:14,0.00184590,18.47000000
2018-03-01 15:09:14,0.00184590,1.60000000
2018-03-01 15:09:14,0.00184580,1.40000000
2018-03-01 15:09:14,0.00184040,2.14000000
2018-03-01 15:09:15,0.00184570,25.00000000
2018-03-01 15:09:15,0.00184580,4.59000000
2018-03-01 15:09:15,0.00184100,2.34000000
2018-03-01 15:09:15,0.00184760,13.64000000
2018-03-01 15:09:16,0.00184170,0.66000000
2018-03-01 15:09:18,0.00184570,31.67000000
2018-03-01 15:09:18,0.00184320,28.78000000
2018-03-01 15:09:18,0.00184300,100.00000000
2018-03-01 15:09:18,0.00184160,5.42000000
2018-03-01 15:09:18,0.00184120,8.91000000
2018-03-01 15:09:18,0.00184090,16.95000000
2018-03-01 15:09:18,0.00184090,20.60000000
2018-03-01 15:09:18,0.00184090,20.60000000
2018-03-01 15:09:18,0.00184090,12.48000000
2018-03-01 15:09:18,0.00184560,3.00000000
2018-03-01 15:09:19,0.00184570,7.53000000
2018-03-01 15:09:19,0.00184330,14.56000000
2018-03-01 15:09:19,0.00184030,41.06000000
2018-03-01 15:09:19,0.00184920,4.04000000
2018-03-01 15:09:19,0.00185130,9.91000000
2018-03-01 15:09:20,0.00184830,11.08000000
2018-03-01 15:09:22,0.00184840,5.54000000
2018-03-01 15:09:22,0.00184860,1.09000000
2018-03-01 15:09:24,0.00184880,20.41000000
2018-03-01 15:09:24,0.00184870,5.98000000
2018-03-01 15:09:24,0.00184830,14.25000000
2018-03-01 15:09:24,0.00184520,17.71000000
2018-03-01 15:09:24,0.00184330,51.48000000
2018-03-01 15:09:24,0.00184320,30.59000000
2018-03-01 15:09:24,0.00184310,49.06000000
2018-03-01 15:09:24,0.00184310,5.53000000
2018-03-01 15:09:26,0.00184900,1.03000000
2018-03-01 15:09:30,0.00185000,11.24000000
2018-03-01 15:09:31,0.00184900,6.06000000
2018-03-01 15:09:36,0.00184900,92.54000000
2018-03-01 15:09:36,0.00184910,27.04000000
2018-03-01 15:09:36,0.00185000,14.88000000
2018-03-01 15:09:36,0.00185250,0.65000000
2018-03-01 15:09:36,0.00184900,0.37000000
2018-03-01 15:09:41,0.00184880,9.97000000
2018-03-01 15:09:41,0.00184870,4.78000000
2018-03-01 15:09:48,0.00184850,1.20000000
2018-03-01 15:09:48,0.00184880,7.52000000
2018-03-01 15:10:01,0.00184900,30.86000000
2018-03-01 15:10:02,0.00184900,7.67000000
2018-03-01 15:10:02,0.00184900,1.51000000
2018-03-01 15:10:08,0.00184890,33.27000000
2018-03-01 15:10:08,0.00184900,38.31000000
2018-03-01 15:10:17,0.00185110,2.17000000
2018-03-01 15:10:24,0.00185450,1.19000000
2018-03-01 15:10:28,0.00184910,5.40000000
2018-03-01 15:10:29,0.00185430,17.91000000
2018-03-01 15:10:29,0.00184910,1.06000000
2018-03-01 15:10:29,0.00184910,1.06000000
2018-03-01 15:10:30,0.00185430,2.12000000
2018-03-01 15:10:31,0.00185430,11.81000000
2018-03-01 15:10:32,0.00185440,24.51000000
2018-03-01 15:10:36,0.00185430,6.07000000
2018-03-01 15:10:36,0.00185120,12.51000000
2018-03-01 15:10:36,0.00185110,9.91000000
2018-03-01 15:10:38,0.00185430,6.55000000
2018-03-01 15:10:38,0.00185450,14.75000000
2018-03-01 15:10:43,0.00185440,5.30000000
2018-03-01 15:10:43,0.00185110,4.09000000
2018-03-01 15:10:46,0.00185110,64.62000000
2018-03-01 15:10:46,0.00185420,9.64000000
2018-03-01 15:10:47,0.00185110,8.71000000
2018-03-01 15:10:47,0.00185110,12.02000000
2018-03-01 15:10:47,0.00185000,7.78000000
2018-03-01 15:10:47,0.00184900,14.15000000
2018-03-01 15:10:47,0.00184910,3.38000000
2018-03-01 15:10:51,0.00185120,1.00000000
2018-03-01 15:10:54,0.00185000,1.14000000
2018-03-01 15:10:57,0.00185120,1.14000000
2018-03-01 15:10:57,0.00185120,3.46000000
2018-03-01 15:10:57,0.00185100,0.36000000
2018-03-01 15:10:58,0.00185100,1.14000000
2018-03-01 15:11:00,0.00185100,2.38000000
2018-03-01 15:11:00,0.00185100,1.14000000
2018-03-01 15:11:01,0.00185100,44.98000000
2018-03-01 15:11:01,0.00185000,39.44000000
2018-03-01 15:11:02,0.00184990,3.38000000
2018-03-01 15:11:02,0.00185000,2.49000000
2018-03-01 15:11:02,0.00185100,21.61000000
2018-03-01 15:11:03,0.00185100,5.42000000
2018-03-01 15:11:03,0.00185100,1.14000000
2018-03-01 15:11:05,0.00185100,1.14000000
2018-03-01 15:11:05,0.00185120,2.29000000
2018-03-01 15:11:05,0.00185100,2.18000000
2018-03-01 15:11:05,0.00184900,0.81000000
2018-03-01 15:11:06,0.00184930,1.14000000
2018-03-01 15:11:08,0.00184900,7.90000000
2018-03-01 15:11:10,0.00184900,0.57000000
2018-03-01 15:11:11,0.00184900,2.00000000
2018-03-01 15:11:11,0.00185070,1.14000000
2018-03-01 15:11:11,0.00185080,1.71000000
2018-03-01 15:11:11,0.00185100,31.83000000
2018-03-01 15:11:12,0.00184900,0.10000000
2018-03-01 15:11:15,0.00184900,0.10000000
2018-03-01 15:11:15,0.00184900,33.07000000
2018-03-01 15:11:15,0.00184890,20.78000000
2018-03-01 15:11:17,0.00184890,0.55000000
2018-03-01 15:11:18,0.00184890,1.67000000
2018-03-01 15:11:19,0.00184890,0.48000000
2018-03-01 15:11:25,0.00184890,2.00000000
2018-03-01 15:11:26,0.00184890,5.15000000
2018-03-01 15:11:36,0.00185000,20.85000000
2018-03-01 15:11:42,0.00185000,4.59000000
2018-03-01 15:11:50,0.00185000,6.40000000
2018-03-01 15:11:51,0.00185080,1.19000000
2018-03-01 15:11:51,0.00185100,0.87000000
2018-03-01 15:11:53,0.00185100,7.30000000
2018-03-01 15:11:53,0.00185400,12.10000000
2018-03-01 15:11:53,0.00185450,1.15000000
2018-03-01 15:11:53,0.00185450,22.69000000
2018-03-01 15:11:54,0.00185450,3.72000000
2018-03-01 15:11:54,0.00185450,16.63000000
2018-03-01 15:12:00,0.00185460,44.84000000
2018-03-01 15:12:02,0.00185470,18.83000000
2018-03-01 15:12:03,0.00185470,0.56000000
2018-03-01 15:12:03,0.00185510,0.81000000
2018-03-01 15:12:05,0.00185490,0.80000000
2018-03-01 15:12:05,0.00185490,24.51000000
2018-03-01 15:12:06,0.00185880,9.16000000
2018-03-01 15:12:08,0.00185480,0.79000000
2018-03-01 15:12:12,0.00185470,0.02000000
2018-03-01 15:12:12,0.00185450,99.98000000
2018-03-01 15:12:13,0.00185450,11.00000000
2018-03-01 15:12:16,0.00185450,34.63000000
2018-03-01 15:12:20,0.00185380,25.31000000
2018-03-01 15:12:20,0.00185390,20.00000000
2018-03-01 15:12:20,0.00185440,4.69000000
2018-03-01 15:12:21,0.00184920,19.54000000
2018-03-01 15:12:34,0.00185030,27.01000000
2018-03-01 15:12:34,0.00185020,20.12000000
2018-03-01 15:12:46,0.00185020,0.90000000
2018-03-01 15:12:46,0.00185020,2.57000000
2018-03-01 15:12:55,0.00185030,14.33000000
2018-03-01 15:12:55,0.00185020,16.36000000
2018-03-01 15:12:58,0.00185020,2.06000000
2018-03-01 15:13:00,0.00185020,3.87000000
2018-03-01 15:13:00,0.00185020,22.23000000
2018-03-01 15:13:00,0.00185000,79.06000000
2018-03-01 15:13:02,0.00185040,11.08000000
2018-03-01 15:13:03,0.00185060,1.70000000
2018-03-01 15:13:04,0.00185040,25.31000000
2018-03-01 15:13:07,0.00185040,0.65000000
2018-03-01 15:13:07,0.00185000,7.20000000
2018-03-01 15:13:09,0.00185000,39.50000000
2018-03-01 15:13:11,0.00185000,1.11000000
2018-03-01 15:13:13,0.00185000,4.19000000
2018-03-01 15:13:14,0.00185000,39.50000000
2018-03-01 15:13:14,0.00185000,8.01000000
2018-03-01 15:13:15,0.00185030,0.79000000
2018-03-01 15:13:15,0.00185040,3.70000000
2018-03-01 15:13:18,0.00185040,12.67000000
2018-03-01 15:13:19,0.00185000,45.54000000
2018-03-01 15:13:20,0.00185000,2.51000000
2018-03-01 15:13:21,0.00185000,91.07000000
2018-03-01 15:13:23,0.00185000,553.02000000
2018-03-01 15:13:24,0.00185000,71.60000000
2018-03-01 15:13:24,0.00185000,3.43000000
2018-03-01 15:13:29,0.00185040,0.51000000
2018-03-01 15:13:33,0.00185040,38.64000000
2018-03-01 15:13:34,0.00185040,75.56000000
2018-03-01 15:13:36,0.00185000,160.07000000
2018-03-01 15:13:38,0.00185040,2.75000000
2018-03-01 15:13:39,0.00185040,187.73000000
2018-03-01 15:13:40,0.00185040,2.75000000
2018-03-01 15:13:40,0.00185000,4.82000000
2018-03-01 15:13:41,0.00185000,19.44000000
2018-03-01 15:13:44,0.00185000,114.04000000
2018-03-01 15:13:47,0.00185000,4.86000000
2018-03-01 15:13:47,0.00185000,1.21000000
2018-03-01 15:13:47,0.00185000,187.37000000
2018-03-01 15:13:47,0.00185000,5.68000000
2018-03-01 15:13:47,0.00184890,94.32000000
2018-03-01 15:13:48,0.00184890,11.75000000
2018-03-01 15:13:51,0.00184890,52.02000000
2018-03-01 15:13:52,0.00184890,34.74000000
2018-03-01 15:13:54,0.00184510,0.55000000
2018-03-01 15:13:59,0.00184680,10.75000000
2018-03-01 15:13:59,0.00184690,35.47000000
2018-03-01 15:14:08,0.00184680,6.49000000
2018-03-01 15:14:13,0.00184510,0.21000000
2018-03-01 15:14:14,0.00184680,28.19000000
2018-03-01 15:14:30,0.00184510,7.06000000
2018-03-01 15:14:31,0.00184680,1.28000000
2018-03-01 15:14:59,0.00184680,10.00000000
2018-03-01 15:15:04,0.00184770,5.45000000
2018-03-01 15:15:06,0.00184680,4.39000000
2018-03-01 15:15:11,0.00184770,4.35000000
2018-03-01 15:15:11,0.00184780,32.25000000
2018-03-01 15:15:11,0.00184800,4.76000000
2018-03-01 15:15:11,0.00184850,0.79000000
2018-03-01 15:15:11,0.00184990,5.68000000
2018-03-01 15:15:11,0.00185180,17.71000000
2018-03-01 15:15:11,0.00185280,9.75000000
2018-03-01 15:15:11,0.00185370,4.88000000
2018-03-01 15:15:11,0.00185400,41.63000000
2018-03-01 15:15:11,0.00185440,27.09000000
2018-03-01 15:15:11,0.00185450,11.11000000
2018-03-01 15:15:11,0.00184700,27.03000000
2018-03-01 15:15:11,0.00184690,37.06000000
2018-03-01 15:15:11,0.00184680,95.68000000
2018-03-01 15:15:17,0.00184950,1.07000000
2018-03-01 15:15:17,0.00184950,8.74000000
2018-03-01 15:15:22,0.00184890,1.00000000
2018-03-01 15:15:34,0.00184750,16.22000000
2018-03-01 15:15:34,0.00184760,6.00000000
2018-03-01 15:15:34,0.00184780,31.06000000
2018-03-01 15:15:34,0.00185000,123.86000000
2018-03-01 15:15:34,0.00185450,293.90000000
2018-03-01 15:15:41,0.00185440,15.78000000
2018-03-01 15:15:41,0.00185450,5.15000000
2018-03-01 15:15:41,0.00185470,0.85000000
2018-03-01 15:15:41,0.00185500,2.76000000
2018-03-01 15:15:41,0.00185910,3.20000000
2018-03-01 15:15:41,0.00185970,37.00000000
2018-03-01 15:15:41,0.00186000,10.42000000
2018-03-01 15:15:44,0.00185990,12.32000000
2018-03-01 15:15:48,0.00185990,32.32000000
2018-03-01 15:15:50,0.00185990,6.55000000
2018-03-01 15:15:54,0.00185990,50.16000000
2018-03-01 15:15:54,0.00185990,55.42000000
2018-03-01 15:15:54,0.00185270,11.32000000
2018-03-01 15:15:54,0.00185980,4.24000000
2018-03-01 15:15:54,0.00185200,4.24000000
2018-03-01 15:16:04,0.00185320,25.21000000
2018-03-01 15:16:04,0.00185290,40.71000000
2018-03-01 15:16:11,0.00185300,60.73000000
2018-03-01 15:16:11,0.00185290,0.65000000
2018-03-01 15:16:11,0.00185220,10.75000000
2018-03-01 15:16:11,0.00185200,6.87000000
2018-03-01 15:16:14,0.00185810,11.32000000
2018-03-01 15:16:14,0.00185820,10.55000000
2018-03-01 15:16:21,0.00185360,8.71000000
2018-03-01 15:16:25,0.00185740,1.00000000
2018-03-01 15:16:32,0.00185660,1.93000000
2018-03-01 15:16:37,0.00185600,5.00000000
2018-03-01 15:16:42,0.00185540,1.52000000
2018-03-01 15:16:44,0.00185520,13.66000000
2018-03-01 15:16:44,0.00185880,3.00000000
2018-03-01 15:16:44,0.00185930,2.29000000
2018-03-01 15:16:44,0.00185960,17.93000000
2018-03-01 15:16:44,0.00185970,40.39000000
2018-03-01 15:16:45,0.00185930,5.98000000
2018-03-01 15:16:46,0.00185930,0.56000000
2018-03-01 15:16:47,0.00185930,14.96000000
2018-03-01 15:16:47,0.00185520,15.52000000
2018-03-01 15:16:48,0.00185930,0.54000000
2018-03-01 15:16:48,0.00185970,39.61000000
2018-03-01 15:16:48,0.00185970,2.41000000
2018-03-01 15:16:48,0.00185970,15.78000000
2018-03-01 15:16:48,0.00185970,1.05000000
2018-03-01 15:16:48,0.00185980,0.40000000
2018-03-01 15:16:48,0.00185970,11.30000000
2018-03-01 15:16:50,0.00185970,15.60000000
2018-03-01 15:16:51,0.00185970,0.10000000
2018-03-01 15:16:51,0.00185890,5.30000000
2018-03-01 15:16:53,0.00185890,0.07000000
2018-03-01 15:16:53,0.00185500,15.45000000
2018-03-01 15:16:54,0.00185960,0.30000000
2018-03-01 15:16:54,0.00185540,4.20000000
2018-03-01 15:16:56,0.00185540,7.30000000
2018-03-01 15:16:56,0.00185530,8.22000000
2018-03-01 15:16:57,0.00185960,0.77000000
2018-03-01 15:16:57,0.00185980,0.69000000
2018-03-01 15:16:57,0.00186000,6.04000000
2018-03-01 15:16:57,0.00185990,10.00000000
2018-03-01 15:16:57,0.00185920,5.08000000
2018-03-01 15:16:57,0.00185920,40.00000000
2018-03-01 15:16:58,0.00185920,52.50000000
2018-03-01 15:16:58,0.00185920,3.08000000
2018-03-01 15:16:59,0.00185920,161.50000000
2018-03-01 15:16:59,0.00185740,27.19000000
2018-03-01 15:16:59,0.00185740,4.89000000
2018-03-01 15:16:59,0.00185540,10.63000000
2018-03-01 15:17:00,0.00185990,9.99000000
2018-03-01 15:17:04,0.00185550,9.28000000
2018-03-01 15:17:05,0.00185980,5.00000000
2018-03-01 15:17:06,0.00185970,6.96000000
2018-03-01 15:17:06,0.00185980,0.94000000
2018-03-01 15:17:06,0.00186000,13.13000000
2018-03-01 15:17:07,0.00185990,7.43000000
2018-03-01 15:17:07,0.00185990,6.87000000
2018-03-01 15:17:08,0.00185990,2.95000000
2018-03-01 15:17:10,0.00185990,0.85000000
2018-03-01 15:17:10,0.00185990,13.40000000
2018-03-01 15:17:11,0.00185990,0.55000000
2018-03-01 15:17:12,0.00185990,45.79000000
2018-03-01 15:17:13,0.00185990,34.21000000
2018-03-01 15:17:13,0.00186000,24.38000000
2018-03-01 15:17:14,0.00186000,10.00000000
2018-03-01 15:17:16,0.00185990,5.20000000
2018-03-01 15:17:16,0.00185990,19.03000000
2018-03-01 15:17:16,0.00185560,5.36000000
2018-03-01 15:17:21,0.00185580,7.10000000
2018-03-01 15:17:21,0.00185990,5.17000000
2018-03-01 15:17:21,0.00186000,4.83000000
2018-03-01 15:17:22,0.00185580,14.46000000
2018-03-01 15:17:22,0.00185570,9.20000000
2018-03-01 15:17:22,0.00185560,15.96000000
2018-03-01 15:17:22,0.00185550,12.46000000
2018-03-01 15:17:22,0.00185550,6.41000000
2018-03-01 15:17:22,0.00185550,5.86000000
2018-03-01 15:17:22,0.00185550,59.39000000
2018-03-01 15:17:22,0.00185550,19.92000000
2018-03-01 15:17:22,0.00185550,59.39000000
2018-03-01 15:17:22,0.00185550,59.39000000
2018-03-01 15:17:22,0.00185550,16.00000000
2018-03-01 15:17:22,0.00185540,26.92000000
2018-03-01 15:17:23,0.00185540,5.86000000
2018-03-01 15:17:26,0.00185550,56.35000000
2018-03-01 15:17:27,0.00185540,3.00000000
2018-03-01 15:17:27,0.00185500,40.00000000
2018-03-01 15:17:30,0.00185550,1.00000000
2018-03-01 15:17:32,0.00185550,135.25000000
2018-03-01 15:17:37,0.00185940,0.50000000
2018-03-01 15:17:38,0.00185560,26.90000000
2018-03-01 15:17:38,0.00185550,16.10000000
2018-03-01 15:17:40,0.00185590,5.56000000
2018-03-01 15:17:45,0.00185590,1.75000000
2018-03-01 15:17:46,0.00185730,21.00000000
2018-03-01 15:17:50,0.00185590,0.81000000
2018-03-01 15:18:00,0.00185600,9.00000000
2018-03-01 15:18:01,0.00185730,5.90000000
2018-03-01 15:18:02,0.00185920,5.38000000
2018-03-01 15:18:02,0.00185940,4.72000000
2018-03-01 15:18:03,0.00185940,4.72000000
2018-03-01 15:18:04,0.00185940,47.00000000
2018-03-01 15:18:07,0.00185940,2.47000000
2018-03-01 15:18:07,0.00185940,1.05000000
2018-03-01 15:18:07,0.00185940,1.84000000
2018-03-01 15:18:18,0.00185940,0.96000000
2018-03-01 15:18:20,0.00186000,5.94000000
2018-03-01 15:18:20,0.00185940,59.39000000
2018-03-01 15:18:22,0.00186000,27.46000000
2018-03-01 15:18:23,0.00186020,26.84000000
2018-03-01 15:18:23,0.00186000,37.47000000
2018-03-01 15:18:30,0.00186000,18.36000000
2018-03-01 15:18:33,0.00186490,22.00000000
2018-03-01 15:18:33,0.00186050,17.82000000
2018-03-01 15:18:35,0.00186490,4.84000000
2018-03-01 15:18:35,0.00186500,1.98000000
2018-03-01 15:18:35,0.00186640,0.07000000
2018-03-01 15:18:38,0.00186070,26.87000000
2018-03-01 15:18:38,0.00186050,10.66000000
2018-03-01 15:18:38,0.00186470,26.87000000
2018-03-01 15:18:38,0.00186480,3.08000000
2018-03-01 15:18:38,0.00186490,5.36000000
2018-03-01 15:18:39,0.00186490,1.06000000
2018-03-01 15:18:39,0.00186490,1.06000000
2018-03-01 15:18:39,0.00186490,2.70000000
2018-03-01 15:18:39,0.00186630,7.52000000
2018-03-01 15:18:40,0.00186490,0.86000000
2018-03-01 15:18:40,0.00186630,1.53000000
2018-03-01 15:18:41,0.00186810,4.12000000
2018-03-01 15:18:41,0.00186640,18.12000000
2018-03-01 15:18:42,0.00186640,30.38000000
2018-03-01 15:18:42,0.00186640,117.23000000
2018-03-01 15:18:43,0.00186640,34.83000000
2018-03-01 15:18:46,0.00186840,1.37000000
2018-03-01 15:18:47,0.00186640,10.69000000
2018-03-01 15:18:48,0.00186840,24.34000000
2018-03-01 15:18:48,0.00186840,14.27000000
2018-03-01 15:18:53,0.00186840,0.89000000
2018-03-01 15:18:54,0.00186840,1.55000000
2018-03-01 15:18:54,0.00186650,2.76000000
2018-03-01 15:18:54,0.00186840,5.39000000
2018-03-01 15:18:55,0.00186650,34.06000000
2018-03-01 15:18:55,0.00186640,7.23000000
2018-03-01 15:18:55,0.00186510,5.56000000
2018-03-01 15:18:56,0.00186830,0.30000000
2018-03-01 15:18:57,0.00186830,4.00000000
2018-03-01 15:18:57,0.00186840,19.13000000
2018-03-01 15:18:57,0.00186900,1.39000000
2018-03-01 15:18:58,0.00186840,3.63000000
2018-03-01 15:19:00,0.00186880,2.89000000
2018-03-01 15:19:01,0.00186840,13.10000000
2018-03-01 15:19:02,0.00186840,77.70000000
2018-03-01 15:19:02,0.00186840,19.17000000
2018-03-01 15:19:03,0.00186840,58.28000000
2018-03-01 15:19:04,0.00186900,3.25000000
2018-03-01 15:19:05,0.00186880,10.16000000
2018-03-01 15:19:05,0.00186900,32.85000000
2018-03-01 15:19:05,0.00187000,28.65000000
2018-03-01 15:19:05,0.00187000,1.10000000
2018-03-01 15:19:05,0.00187000,0.84000000
2018-03-01 15:19:06,0.00187000,0.84000000
2018-03-01 15:19:06,0.00187000,23.82000000
2018-03-01 15:19:07,0.00187000,5.23000000
2018-03-01 15:19:07,0.00187000,39.20000000
2018-03-01 15:19:07,0.00187000,16.00000000
2018-03-01 15:19:07,0.00187000,5.04000000
2018-03-01 15:19:10,0.00187000,1.84000000
2018-03-01 15:19:10,0.00187070,1.04000000
2018-03-01 15:19:12,0.00187070,30.00000000
2018-03-01 15:19:13,0.00187300,9.20000000
2018-03-01 15:19:13,0.00187320,2.75000000
2018-03-01 15:19:13,0.00187390,11.01000000
2018-03-01 15:19:13,0.00187400,103.07000000
2018-03-01 15:19:13,0.00187400,1.08000000
2018-03-01 15:19:13,0.00187400,10.72000000
2018-03-01 15:19:14,0.00187400,13.84000000
2018-03-01 15:19:14,0.00187400,11.14000000
2018-03-01 15:19:14,0.00187400,7.08000000
2018-03-01 15:19:14,0.00187400,0.90000000
2018-03-01 15:19:15,0.00187400,3.06000000
2018-03-01 15:19:15,0.00187400,2.68000000
2018-03-01 15:19:16,0.00187400,6.45000000
2018-03-01 15:19:16,0.00187400,4.74000000
2018-03-01 15:19:16,0.00187400,4.84000000
2018-03-01 15:19:17,0.00187400,15.08000000
2018-03-01 15:19:17,0.00187410,2.00000000
2018-03-01 15:19:17,0.00187500,69.96000000
2018-03-01 15:19:17,0.00187500,3.79000000
2018-03-01 15:19:17,0.00187510,14.75000000
2018-03-01 15:19:17,0.00187770,35.25000000
2018-03-01 15:19:18,0.00187500,4.66000000
2018-03-01 15:19:18,0.00187400,4.53000000
2018-03-01 15:19:18,0.00187400,2.14000000
2018-03-01 15:19:18,0.00187400,70.81000000
2018-03-01 15:19:19,0.00187400,15.39000000
2018-03-01 15:19:20,0.00187400,26.14000000
2018-03-01 15:19:23,0.00187500,4.60000000
2018-03-01 15:19:23,0.00187770,1.95000000
2018-03-01 15:19:24,0.00187770,2.17000000
2018-03-01 15:19:25,0.00187770,43.77000000
2018-03-01 15:19:25,0.00187950,1.39000000
2018-03-01 15:19:25,0.00188130,72.73000000
2018-03-01 15:19:25,0.00188320,1.90000000
2018-03-01 15:19:25,0.00188370,3.61000000
2018-03-01 15:19:25,0.00188560,9.75000000
2018-03-01 15:19:25,0.00188600,2.68000000
2018-03-01 15:19:25,0.00188670,4.88000000
2018-03-01 15:19:25,0.00188680,41.57000000
2018-03-01 15:19:25,0.00188860,54.87000000
2018-03-01 15:19:25,0.00188870,6.06000000
2018-03-01 15:19:25,0.00188870,21.01000000
2018-03-01 15:19:25,0.00188880,22.66000000
2018-03-01 15:19:25,0.00188890,490.56000000
2018-03-01 15:19:25,0.00188900,4.05000000
2018-03-01 15:19:25,0.00187500,4.42000000
2018-03-01 15:19:25,0.00187420,0.73000000
2018-03-01 15:19:25,0.00187400,14.81000000
2018-03-01 15:19:25,0.00187770,0.86000000
2018-03-01 15:19:25,0.00187770,27.60000000
2018-03-01 15:19:25,0.00187770,9.06000000
2018-03-01 15:19:25,0.00187790,4.40000000
2018-03-01 15:19:26,0.00187810,82.88000000
2018-03-01 15:19:26,0.00187820,26.62000000
2018-03-01 15:19:26,0.00187810,13.38000000
2018-03-01 15:19:27,0.00187810,0.80000000
2018-03-01 15:19:27,0.00187810,0.03000000
2018-03-01 15:19:28,0.00187840,17.40000000
2018-03-01 15:19:28,0.00187840,0.06000000
2018-03-01 15:19:28,0.00187820,25.07000000
2018-03-01 15:19:28,0.00187810,10.92000000
2018-03-01 15:19:28,0.00187810,7.54000000
2018-03-01 15:19:29,0.00187850,6.57000000
2018-03-01 15:19:29,0.00187850,8.82000000
2018-03-01 15:19:29,0.00187850,5.07000000
2018-03-01 15:19:29,0.00187850,8.73000000
2018-03-01 15:19:30,0.00188000,23.88000000
2018-03-01 15:19:30,0.00188000,30.96000000
2018-03-01 15:19:30,0.00188000,2.49000000
2018-03-01 15:19:31,0.00188000,130.17000000
2018-03-01 15:19:31,0.00188000,3.65000000
2018-03-01 15:19:31,0.00187810,25.82000000
2018-03-01 15:19:32,0.00187810,13.40000000
2018-03-01 15:19:35,0.00188620,4.82000000
2018-03-01 15:19:35,0.00188620,21.80000000
2018-03-01 15:19:35,0.00188630,4.40000000
2018-03-01 15:19:35,0.00188640,20.00000000
2018-03-01 15:19:35,0.00188650,6.41000000
2018-03-01 15:19:36,0.00188010,5.41000000
2018-03-01 15:19:36,0.00188010,4.52000000
2018-03-01 15:19:36,0.00188010,1.22000000
2018-03-01 15:19:38,0.00188010,0.84000000
2018-03-01 15:19:38,0.00188650,25.07000000
2018-03-01 15:19:38,0.00188690,4.74000000
2018-03-01 15:19:38,0.00188770,11.83000000
2018-03-01 15:19:38,0.00188790,133.01000000
2018-03-01 15:19:38,0.00188790,186.30000000
2018-03-01 15:19:38,0.00188790,0.21000000
2018-03-01 15:19:38,0.00188010,41.19000000
2018-03-01 15:19:38,0.00188000,85.61000000
2018-03-01 15:19:38,0.00188650,2.49000000
2018-03-01 15:19:39,0.00188010,3.78000000
2018-03-01 15:19:40,0.00188640,77.92000000
2018-03-01 15:19:45,0.00188630,10.40000000
2018-03-01 15:19:46,0.00188630,16.16000000
2018-03-01 15:19:46,0.00188640,154.89000000
2018-03-01 15:19:46,0.00188660,2.25000000
2018-03-01 15:19:46,0.00188880,3.65000000
2018-03-01 15:19:46,0.00188900,69.63000000
2018-03-01 15:19:47,0.00188900,0.08000000
2018-03-01 15:19:47,0.00188640,18.14000000
2018-03-01 15:19:48,0.00188640,0.01000000
2018-03-01 15:19:48,0.00188640,0.68000000
2018-03-01 15:19:48,0.00188880,74.32000000
2018-03-01 15:19:49,0.00188880,5.68000000
2018-03-01 15:19:49,0.00188120,26.55000000
2018-03-01 15:19:50,0.00188110,39.90000000
2018-03-01 15:19:50,0.00188120,25.07000000
2018-03-01 15:19:51,0.00188850,3.00000000
2018-03-01 15:19:51,0.00188840,45.07000000
2018-03-01 15:19:51,0.00188860,39.90000000
2018-03-01 15:19:51,0.00188880,6.31000000
2018-03-01 15:19:51,0.00188890,6.45000000
2018-03-01 15:19:51,0.00188890,127.01000000
2018-03-01 15:19:51,0.00188890,34.33000000
2018-03-01 15:19:51,0.00188890,44.28000000
2018-03-01 15:19:51,0.00188890,23.55000000
2018-03-01 15:19:51,0.00188890,13.78000000
2018-03-01 15:19:52,0.00188900,2.08000000
2018-03-01 15:19:52,0.00188900,17.92000000
2018-03-01 15:19:52,0.00188890,7.14000000
2018-03-01 15:19:52,0.00188890,10.17000000
2018-03-01 15:19:52,0.00188890,8.84000000
2018-03-01 15:19:52,0.00188890,14.59000000
2018-03-01 15:19:52,0.00188890,218.03000000
2018-03-01 15:19:52,0.00188890,0.03000000
2018-03-01 15:19:53,0.00188890,60.99000000
2018-03-01 15:19:53,0.00188640,7.77000000
2018-03-01 15:19:54,0.00188640,98.16000000
2018-03-01 15:19:54,0.00188800,1.00000000
2018-03-01 15:19:54,0.00188640,14.28000000
2018-03-01 15:19:55,0.00188640,6.00000000
2018-03-01 15:19:56,0.00188640,39.50000000
2018-03-01 15:19:56,0.00188640,37.00000000
2018-03-01 15:19:56,0.00188800,16.25000000
2018-03-01 15:19:56,0.00188840,3.85000000
2018-03-01 15:19:56,0.00188840,2.87000000
2018-03-01 15:19:56,0.00188840,21.20000000
2018-03-01 15:19:57,0.00188840,71.57000000
2018-03-01 15:19:57,0.00188840,15.29000000
2018-03-01 15:19:57,0.00188840,1.60000000
2018-03-01 15:19:57,0.00188880,39.90000000
2018-03-01 15:19:57,0.00188950,42.92000000
2018-03-01 15:19:58,0.00188840,43.22000000
2018-03-01 15:19:58,0.00188840,214.43000000
2018-03-01 15:19:59,0.00188840,1.34000000
2018-03-01 15:19:59,0.00188870,0.92000000
2018-03-01 15:19:59,0.00188840,49.00000000
2018-03-01 15:19:59,0.00188840,1.66000000
2018-03-01 15:19:59,0.00188870,151.35000000
2018-03-01 15:19:59,0.00188950,154.59000000
2018-03-01 15:19:59,0.00188840,53.00000000
2018-03-01 15:19:59,0.00188840,100.00000000
2018-03-01 15:20:00,0.00188950,208.35000000
2018-03-01 15:20:00,0.00188840,0.61000000
2018-03-01 15:20:00,0.00188840,26.87000000
2018-03-01 15:20:00,0.00188840,15.58000000
2018-03-01 15:20:01,0.00188950,17.42000000
2018-03-01 15:20:01,0.00188950,1.97000000
2018-03-01 15:20:01,0.00188950,1.58000000
2018-03-01 15:20:02,0.00188950,7.90000000
2018-03-01 15:20:02,0.00188950,7.82000000
2018-03-01 15:20:02,0.00188950,0.82000000
2018-03-01 15:20:02,0.00188950,1.92000000
2018-03-01 15:20:02,0.00188950,10.08000000
2018-03-01 15:20:02,0.00188950,188.64000000
2018-03-01 15:20:02,0.00188950,1.13000000
2018-03-01 15:20:02,0.00188940,7.50000000
2018-03-01 15:20:02,0.00188840,0.83000000
2018-03-01 15:20:02,0.00188840,0.83000000
2018-03-01 15:20:02,0.00188940,1.70000000
2018-03-01 15:20:02,0.00188950,3.30000000
2018-03-01 15:20:02,0.00188950,372.37000000
2018-03-01 15:20:03,0.00188840,39.90000000
2018-03-01 15:20:03,0.00188950,81.93000000
2018-03-01 15:20:03,0.00188950,4.46000000
2018-03-01 15:20:04,0.00188950,48.70000000
2018-03-01 15:20:04,0.00188840,2.08000000
2018-03-01 15:20:05,0.00188840,53.00000000
2018-03-01 15:20:05,0.00188840,58.59000000
2018-03-01 15:20:05,0.00188840,39.90000000
2018-03-01 15:20:05,0.00188840,5.69000000
2018-03-01 15:20:05,0.00188840,17.03000000
2018-03-01 15:20:05,0.00188840,0.01000000
2018-03-01 15:20:05,0.00188800,1.00000000
2018-03-01 15:20:05,0.00188640,28.99000000
2018-03-01 15:20:07,0.00188940,26.62000000
2018-03-01 15:20:07,0.00188950,181.12000000
2018-03-01 15:20:07,0.00188840,2.62000000
2018-03-01 15:20:07,0.00188640,42.25000000
2018-03-01 15:20:08,0.00188800,10.00000000
2018-03-01 15:20:08,0.00188640,11.56000000
2018-03-01 15:20:08,0.00188640,1.61000000
2018-03-01 15:20:09,0.00188640,1.62000000
2018-03-01 15:20:09,0.00188640,10.00000000
2018-03-01 15:20:09,0.00188640,23.81000000
2018-03-01 15:20:09,0.00188420,17.49000000
2018-03-01 15:20:09,0.00188110,9.75000000
2018-03-01 15:20:09,0.00188100,10.56000000
2018-03-01 15:20:09,0.00188010,15.58000000
2018-03-01 15:20:09,0.00188010,40.42000000
2018-03-01 15:20:09,0.00188000,6.58000000
2018-03-01 15:20:09,0.00188630,33.81000000
2018-03-01 15:20:09,0.00188840,7.22000000
2018-03-01 15:20:09,0.00188010,26.55000000
2018-03-01 15:20:09,0.00188000,23.40000000
2018-03-01 15:20:10,0.00188020,0.97000000
2018-03-01 15:20:10,0.00188020,2.72000000
2018-03-01 15:20:10,0.00188010,27.21000000
2018-03-01 15:20:10,0.00188000,13.75000000
2018-03-01 15:20:11,0.00188000,27.32000000
2018-03-01 15:20:11,0.00187810,158.99000000
2018-03-01 15:20:11,0.00188030,25.07000000
2018-03-01 15:20:11,0.00187810,8.73000000
2018-03-01 15:20:12,0.00188650,35.00000000
2018-03-01 15:20:12,0.00188000,8.96000000
2018-03-01 15:20:12,0.00187820,1.31000000
2018-03-01 15:20:12,0.00187810,8.00000000
2018-03-01 15:20:13,0.00187830,1.08000000
2018-03-01 15:20:13,0.00187910,2.66000000
2018-03-01 15:20:13,0.00187770,1.60000000
2018-03-01 15:20:13,0.00187770,8.35000000
2018-03-01 15:20:13,0.00187110,4.88000000
2018-03-01 15:20:13,0.00187100,20.77000000
2018-03-01 15:20:14,0.00187880,19.16000000
2018-03-01 15:20:14,0.00187880,4.24000000
2018-03-01 15:20:14,0.00187880,18.48000000
2018-03-01 15:20:14,0.00187880,2.60000000
2018-03-01 15:20:14,0.00187800,5.32000000
2018-03-01 15:20:14,0.00187700,3.07000000
2018-03-01 15:20:14,0.00187120,15.54000000
2018-03-01 15:20:16,0.00187600,1.36000000
2018-03-01 15:20:16,0.00187600,3.97000000
2018-03-01 15:20:16,0.00187480,26.66000000
2018-03-01 15:20:16,0.00187120,15.29000000
2018-03-01 15:20:16,0.00187110,30.15000000
2018-03-01 15:20:16,0.00187480,40.00000000
2018-03-01 15:20:18,0.00187140,5.34000000
2018-03-01 15:20:18,0.00187110,2.05000000
2018-03-01 15:20:18,0.00187100,5.07000000
2018-03-01 15:20:18,0.00187090,0.73000000
2018-03-01 15:20:18,0.00187460,26.50000000
2018-03-01 15:20:18,0.00187170,1.01000000
2018-03-01 15:20:18,0.00187170,1.66000000
2018-03-01 15:20:18,0.00187090,21.20000000
2018-03-01 15:20:19,0.00187180,0.08000000
2018-03-01 15:20:19,0.00187180,3.25000000
2018-03-01 15:20:19,0.00187120,4.39000000
2018-03-01 15:20:19,0.00187140,0.05000000
2018-03-01 15:20:19,0.00187300,26.45000000
2018-03-01 15:20:20,0.00187300,0.10000000
2018-03-01 15:20:20,0.00187310,3.48000000
2018-03-01 15:20:20,0.00187440,39.42000000
2018-03-01 15:20:20,0.00187120,7.90000000
2018-03-01 15:20:20,0.00187120,2.97000000
2018-03-01 15:20:20,0.00187440,10.72000000
2018-03-01 15:20:20,0.00187450,26.66000000
2018-03-01 15:20:20,0.00187460,1.17000000
2018-03-01 15:20:21,0.00187450,2.33000000
2018-03-01 15:20:21,0.00187120,20.56000000
2018-03-01 15:20:21,0.00187460,4.53000000
2018-03-01 15:20:21,0.00187480,26.27000000
2018-03-01 15:20:22,0.00187120,0.30000000
2018-03-01 15:20:22,0.00187120,17.10000000
2018-03-01 15:20:22,0.00187120,6.77000000
2018-03-01 15:20:23,0.00187450,11.28000000
2018-03-01 15:20:23,0.00187450,4.04000000
2018-03-01 15:20:23,0.00187100,3.00000000
2018-03-01 15:20:24,0.00187120,14.11000000
2018-03-01 15:20:24,0.00187470,21.74000000
2018-03-01 15:20:24,0.00187120,2.80000000
2018-03-01 15:20:25,0.00187100,5.28000000
2018-03-01 15:20:25,0.00187100,6.80000000
2018-03-01 15:20:25,0.00187100,14.61000000
2018-03-01 15:20:26,0.00187200,41.52000000
2018-03-01 15:20:26,0.00187200,2.14000000
2018-03-01 15:20:26,0.00187200,3.14000000
2018-03-01 15:20:26,0.00187200,120.95000000
2018-03-01 15:20:26,0.00187200,0.66000000
2018-03-01 15:20:26,0.00187200,12.96000000
2018-03-01 15:20:26,0.00187200,5.36000000
2018-03-01 15:20:26,0.00187200,1.39000000
2018-03-01 15:20:27,0.00187200,15.37000000
2018-03-01 15:20:27,0.00187200,31.98000000
2018-03-01 15:20:27,0.00187200,5.68000000
2018-03-01 15:20:27,0.00187440,23.55000000
2018-03-01 15:20:28,0.00187200,13.91000000
2018-03-01 15:20:28,0.00187440,3.14000000
2018-03-01 15:20:28,0.00187450,5.93000000
2018-03-01 15:20:28,0.00187470,63.92000000
2018-03-01 15:20:28,0.00187480,1.70000000
2018-03-01 15:20:28,0.00187200,22.05000000
2018-03-01 15:20:29,0.00187200,10.23000000
2018-03-01 15:20:29,0.00187200,10.48000000
2018-03-01 15:20:29,0.00187200,95.10000000
2018-03-01 15:20:29,0.00187200,6.02000000
2018-03-01 15:20:29,0.00187460,20.02000000
2018-03-01 15:20:29,0.00187010,3.82000000
2018-03-01 15:20:30,0.00187440,1.00000000
2018-03-01 15:20:30,0.00187460,78.42000000
2018-03-01 15:20:30,0.00187010,5.49000000
2018-03-01 15:20:30,0.00187010,5.89000000
2018-03-01 15:20:30,0.00187460,15.07000000
2018-03-01 15:20:30,0.00187480,62.29000000
2018-03-01 15:20:31,0.00187120,0.58000000
2018-03-01 15:20:32,0.00187120,25.30000000
2018-03-01 15:20:32,0.00187120,2.64000000
2018-03-01 15:20:32,0.00187120,33.55000000
2018-03-01 15:20:33,0.00187470,3.26000000
2018-03-01 15:20:33,0.00187470,11.94000000
2018-03-01 15:20:33,0.00187480,47.34000000
2018-03-01 15:20:34,0.00187010,2.70000000
2018-03-01 15:20:34,0.00187480,139.00000000
2018-03-01 15:20:34,0.00187480,37.03000000
2018-03-01 15:20:34,0.00187790,17.49000000
2018-03-01 15:20:34,0.00187880,8.99000000
2018-03-01 15:20:34,0.00188140,1.07000000
2018-03-01 15:20:34,0.00188210,21.90000000
2018-03-01 15:20:34,0.00188230,11.68000000
2018-03-01 15:20:34,0.00187010,35.16000000
2018-03-01 15:20:34,0.00187000,23.27000000
2018-03-01 15:20:35,0.00187020,5.50000000
2018-03-01 15:20:36,0.00187040,37.69000000
2018-03-01 15:20:36,0.00187040,5.50000000
2018-03-01 15:20:36,0.00187040,5.49000000
2018-03-01 15:20:36,0.00187040,16.46000000
2018-03-01 15:20:36,0.00187040,0.54000000
2018-03-01 15:20:36,0.00187040,9.28000000
2018-03-01 15:20:36,0.00187180,1.86000000
2018-03-01 15:20:36,0.00187040,0.74000000
2018-03-01 15:20:36,0.00187040,38.69000000
2018-03-01 15:20:36,0.00187040,5.24000000
2018-03-01 15:20:37,0.00187040,1.43000000
2018-03-01 15:20:37,0.00187030,4.07000000
2018-03-01 15:20:37,0.00187030,5.50000000
2018-03-01 15:20:37,0.00187030,5.24000000
2018-03-01 15:20:37,0.00187030,2.75000000
2018-03-01 15:20:37,0.00187010,31.85000000
2018-03-01 15:20:37,0.00187000,1.84000000
2018-03-01 15:20:37,0.00188070,10.00000000
2018-03-01 15:20:37,0.00187000,5.50000000
2018-03-01 15:20:37,0.00188070,16.71000000
2018-03-01 15:20:37,0.00188080,89.96000000
2018-03-01 15:20:37,0.00188090,31.85000000
2018-03-01 15:20:37,0.00188100,5.50000000
2018-03-01 15:20:37,0.00188110,5.28000000
2018-03-01 15:20:38,0.00188110,25.83000000
2018-03-01 15:20:38,0.00188120,11.17000000
2018-03-01 15:20:38,0.00187020,5.50000000
2018-03-01 15:20:38,0.00188120,41.01000000
2018-03-01 15:20:38,0.00188140,3.22000000
2018-03-01 15:20:38,0.00188200,10.56000000
2018-03-01 15:20:38,0.00188230,134.32000000
2018-03-01 15:20:38,0.00188300,1.86000000
2018-03-01 15:20:38,0.00188610,121.53000000
2018-03-01 15:20:39,0.00187040,5.32000000
2018-03-01 15:20:39,0.00187050,23.84000000
2018-03-01 15:20:39,0.00187060,5.47000000
2018-03-01 15:20:40,0.00188090,0.50000000
2018-03-01 15:20:40,0.00188090,17.06000000
2018-03-01 15:20:40,0.00188610,53.53000000
2018-03-01 15:20:40,0.00188620,4.88000000
2018-03-01 15:20:40,0.00188650,12.93000000
2018-03-01 15:20:40,0.00188790,1.31000000
2018-03-01 15:20:40,0.00188830,1.34000000
2018-03-01 15:20:40,0.00188850,5.70000000
2018-03-01 15:20:40,0.00188940,6.73000000
2018-03-01 15:20:42,0.00187370,1.38000000
2018-03-01 15:20:43,0.00187410,15.92000000
2018-03-01 15:20:43,0.00187410,28.34000000
2018-03-01 15:20:43,0.00187400,15.93000000
2018-03-01 15:20:43,0.00187390,3.85000000
2018-03-01 15:20:43,0.00187410,22.00000000
2018-03-01 15:20:44,0.00187440,22.37000000
2018-03-01 15:20:44,0.00187440,30.53000000
2018-03-01 15:20:45,0.00187460,8.23000000
2018-03-01 15:20:45,0.00187460,38.80000000
2018-03-01 15:20:46,0.00187470,0.54000000
2018-03-01 15:20:46,0.00187470,16.08000000
2018-03-01 15:20:46,0.00187460,5.54000000
2018-03-01 15:20:46,0.00188810,26.72000000
2018-03-01 15:20:46,0.00188820,23.38000000
2018-03-01 15:20:46,0.00188900,11.34000000
2018-03-01 15:20:46,0.00187460,2.68000000
2018-03-01 15:20:47,0.00187460,7.76000000
2018-03-01 15:20:47,0.00187480,1.09000000
2018-03-01 15:20:47,0.00187470,10.91000000
2018-03-01 15:20:47,0.00188880,2.00000000
2018-03-01 15:20:47,0.00187470,2.00000000
2018-03-01 15:20:47,0.00187470,10.31000000
2018-03-01 15:20:48,0.00187480,53.00000000
2018-03-01 15:20:48,0.00187480,2.00000000
2018-03-01 15:20:49,0.00187480,15.58000000
2018-03-01 15:20:49,0.00187470,2.00000000
2018-03-01 15:20:50,0.00187500,1.62000000
2018-03-01 15:20:51,0.00187450,21.31000000
2018-03-01 15:20:52,0.00187440,2.70000000
2018-03-01 15:20:52,0.00187440,32.70000000
2018-03-01 15:20:53,0.00187190,17.65000000
2018-03-01 15:20:53,0.00187120,0.35000000
2018-03-01 15:20:53,0.00187410,3.19000000
2018-03-01 15:20:53,0.00187410,20.03000000
2018-03-01 15:20:53,0.00187420,15.58000000
2018-03-01 15:20:53,0.00187460,25.58000000
2018-03-01 15:20:54,0.00187450,44.26000000
2018-03-01 15:20:54,0.00187460,62.40000000
2018-03-01 15:20:55,0.00187120,2.15000000
2018-03-01 15:20:56,0.00187420,49.00000000
2018-03-01 15:20:56,0.00187430,21.22000000
2018-03-01 15:20:56,0.00187130,36.80000000
2018-03-01 15:20:57,0.00187130,1.62000000
2018-03-01 15:20:58,0.00187130,53.00000000
2018-03-01 15:20:59,0.00187450,0.34000000
2018-03-01 15:21:03,0.00187180,4.47000000
2018-03-01 15:21:03,0.00187120,22.40000000
2018-03-01 15:21:06,0.00187180,3.08000000
2018-03-01 15:21:06,0.00187390,1.66000000
2018-03-01 15:21:06,0.00187400,22.30000000
2018-03-01 15:21:06,0.00187410,47.79000000
2018-03-01 15:21:07,0.00187180,2.85000000
2018-03-01 15:21:07,0.00187120,1.61000000
2018-03-01 15:21:07,0.00187130,5.00000000
2018-03-01 15:21:07,0.00187130,15.19000000
2018-03-01 15:21:07,0.00187120,12.74000000
2018-03-01 15:21:08,0.00187400,0.90000000
2018-03-01 15:21:08,0.00187410,15.81000000
2018-03-01 15:21:08,0.00187430,58.02000000
2018-03-01 15:21:08,0.00187440,5.50000000
2018-03-01 15:21:08,0.00187450,26.15000000
2018-03-01 15:21:13,0.00187120,2.00000000
2018-03-01 15:21:14,0.00187120,52.71000000
2018-03-01 15:21:14,0.00187010,4.20000000
2018-03-01 15:21:15,0.00187010,3.85000000
2018-03-01 15:21:16,0.00187420,2.67000000
2018-03-01 15:21:16,0.00187440,3.28000000
2018-03-01 15:21:17,0.00187010,1.91000000
2018-03-01 15:21:18,0.00187010,16.75000000
2018-03-01 15:21:18,0.00187000,13.16000000
2018-03-01 15:21:18,0.00186880,0.09000000
2018-03-01 15:21:19,0.00186910,0.69000000
2018-03-01 15:21:19,0.00186880,7.38000000
2018-03-01 15:21:21,0.00187430,5.00000000
2018-03-01 15:21:22,0.00187000,9.97000000
2018-03-01 15:21:22,0.00186890,1.60000000
2018-03-01 15:21:26,0.00186880,11.03000000
2018-03-01 15:21:26,0.00186680,10.67000000
2018-03-01 15:21:26,0.00186660,68.96000000
2018-03-01 15:21:26,0.00186480,4.88000000
2018-03-01 15:21:26,0.00186420,9.75000000
2018-03-01 15:21:26,0.00186410,0.29000000
2018-03-01 15:21:26,0.00186990,8.00000000
2018-03-01 15:21:27,0.00186950,1.07000000
2018-03-01 15:21:27,0.00186410,1.20000000
2018-03-01 15:21:28,0.00186930,6.03000000
2018-03-01 15:21:29,0.00186460,20.58000000
2018-03-01 15:21:29,0.00186450,5.36000000
2018-03-01 15:21:29,0.00186420,7.31000000
2018-03-01 15:21:29,0.00186930,6.32000000
2018-03-01 15:21:29,0.00186920,2.35000000
2018-03-01 15:21:29,0.00186430,5.51000000
2018-03-01 15:21:30,0.00186430,5.48000000
2018-03-01 15:21:30,0.00186500,2.64000000
2018-03-01 15:21:30,0.00186440,29.80000000
2018-03-01 15:21:30,0.00186430,36.38000000
2018-03-01 15:21:30,0.00186400,87.37000000
2018-03-01 15:21:30,0.00186350,21.31000000
2018-03-01 15:21:30,0.00186340,30.85000000
2018-03-01 15:21:30,0.00186900,1.78000000
2018-03-01 15:21:31,0.00186450,2.35000000
2018-03-01 15:21:32,0.00186390,1.03000000
2018-03-01 15:21:32,0.00186390,1.03000000
2018-03-01 15:21:32,0.00186390,7.83000000
2018-03-01 15:21:32,0.00186340,20.00000000
2018-03-01 15:21:32,0.00186390,9.44000000
2018-03-01 15:21:33,0.00186340,1.09000000
2018-03-01 15:21:34,0.00186390,13.29000000
2018-03-01 15:21:34,0.00186400,3.04000000
2018-03-01 15:21:35,0.00186350,5.62000000
2018-03-01 15:21:35,0.00186350,5.51000000
2018-03-01 15:21:35,0.00186370,5.51000000
2018-03-01 15:21:36,0.00186930,4.00000000
2018-03-01 15:21:36,0.00186390,5.48000000
2018-03-01 15:21:37,0.00186440,1.00000000
2018-03-01 15:21:43,0.00186440,7.74000000
2018-03-01 15:21:43,0.00186400,24.01000000
2018-03-01 15:21:48,0.00186440,95.40000000
2018-03-01 15:21:48,0.00186450,4.99000000
2018-03-01 15:21:49,0.00186510,3.10000000
2018-03-01 15:21:50,0.00186880,17.65000000
2018-03-01 15:21:50,0.00186940,3.00000000
2018-03-01 15:21:50,0.00186980,33.97000000
2018-03-01 15:21:50,0.00187110,3.86000000
2018-03-01 15:21:50,0.00187430,1.31000000
2018-03-01 15:21:53,0.00186550,23.67000000
2018-03-01 15:21:53,0.00186540,52.74000000
2018-03-01 15:21:53,0.00186520,0.21000000
2018-03-01 15:21:53,0.00187390,1.39000000
2018-03-01 15:21:56,0.00187330,5.55000000
2018-03-01 15:21:56,0.00186560,20.68000000
2018-03-01 15:21:59,0.00187270,19.83000000
2018-03-01 15:21:59,0.00187280,6.69000000
2018-03-01 15:22:02,0.00186990,4.00000000
2018-03-01 15:22:02,0.00186610,1.94000000
2018-03-01 15:22:06,0.00186930,16.00000000
2018-03-01 15:22:09,0.00186930,1.00000000
2018-03-01 15:22:09,0.00186940,1.94000000
2018-03-01 15:22:09,0.00186950,8.36000000
2018-03-01 15:22:09,0.00186930,1.39000000
2018-03-01 15:22:10,0.00186940,3.76000000
2018-03-01 15:22:10,0.00186950,7.72000000
2018-03-01 15:22:11,0.00186950,7.76000000
2018-03-01 15:22:12,0.00186950,15.13000000
2018-03-01 15:22:12,0.00186950,8.07000000
2018-03-01 15:22:12,0.00186930,7.27000000
2018-03-01 15:22:13,0.00187000,10.63000000
2018-03-01 15:22:14,0.00186930,0.67000000
2018-03-01 15:22:15,0.00187000,1.89000000
2018-03-01 15:22:15,0.00187310,10.67000000
2018-03-01 15:22:15,0.00187310,3.89000000
2018-03-01 15:22:17,0.00187310,1.00000000
2018-03-01 15:22:20,0.00187370,21.03000000
2018-03-01 15:22:20,0.00187370,3.08000000
2018-03-01 15:22:22,0.00187370,20.03000000
2018-03-01 15:22:22,0.00187370,1.00000000
2018-03-01 15:22:22,0.00187370,11.39000000
2018-03-01 15:22:22,0.00187370,6.51000000
2018-03-01 15:22:22,0.00186970,4.82000000
2018-03-01 15:22:25,0.00187400,1.43000000
2018-03-01 15:22:26,0.00187400,1.90000000
2018-03-01 15:22:26,0.00187400,4.82000000
2018-03-01 15:22:27,0.00187400,2.18000000
2018-03-01 15:22:28,0.00187400,2.23000000
2018-03-01 15:22:28,0.00187400,0.84000000
2018-03-01 15:22:29,0.00187400,5.20000000
2018-03-01 15:22:29,0.00187400,7.87000000
2018-03-01 15:22:30,0.00187410,3.29000000
2018-03-01 15:22:32,0.00187410,1.05000000
2018-03-01 15:22:32,0.00187400,11.27000000
2018-03-01 15:22:37,0.00187410,38.04000000
2018-03-01 15:22:37,0.00187400,41.69000000
2018-03-01 15:22:38,0.00187400,3.10000000
2018-03-01 15:22:38,0.00187000,0.78000000
2018-03-01 15:22:42,0.00187420,4.00000000
2018-03-01 15:22:42,0.00187010,2.49000000
2018-03-01 15:22:42,0.00187010,2.64000000
2018-03-01 15:22:48,0.00187400,29.49000000
2018-03-01 15:22:52,0.00187400,5.31000000
2018-03-01 15:22:54,0.00187410,11.05000000
2018-03-01 15:22:56,0.00187420,7.50000000
2018-03-01 15:22:56,0.00187430,13.71000000
2018-03-01 15:22:56,0.00187440,17.48000000
2018-03-01 15:22:57,0.00187450,10.40000000
2018-03-01 15:22:57,0.00187410,34.67000000
2018-03-01 15:23:00,0.00187410,6.90000000
2018-03-01 15:23:04,0.00187410,33.18000000
2018-03-01 15:23:04,0.00187400,1.90000000
2018-03-01 15:23:11,0.00187420,1.06000000
2018-03-01 15:23:11,0.00187410,1.20000000
2018-03-01 15:23:11,0.00187400,5.23000000
2018-03-01 15:23:12,0.00187450,7.00000000
2018-03-01 15:23:12,0.00187450,0.52000000
2018-03-01 15:23:12,0.00187400,20.90000000
2018-03-01 15:23:13,0.00187300,25.01000000
2018-03-01 15:23:13,0.00187300,0.95000000
2018-03-01 15:23:20,0.00187300,26.30000000
2018-03-01 15:23:22,0.00187300,1.09000000
2018-03-01 15:23:22,0.00187300,16.05000000
2018-03-01 15:23:23,0.00187050,0.54000000
2018-03-01 15:23:26,0.00187290,5.33000000
2018-03-01 15:23:32,0.00187250,0.84000000
2018-03-01 15:23:32,0.00187250,0.84000000
2018-03-01 15:23:33,0.00187250,8.31000000
2018-03-01 15:23:33,0.00187290,24.78000000
2018-03-01 15:23:33,0.00187290,3.17000000
2018-03-01 15:23:36,0.00187080,0.85000000
2018-03-01 15:23:36,0.00187060,4.00000000
2018-03-01 15:23:36,0.00187050,21.81000000
2018-03-01 15:23:36,0.00187010,13.05000000
2018-03-01 15:23:37,0.00187290,1.06000000
2018-03-01 15:23:39,0.00187010,29.97000000
2018-03-01 15:23:39,0.00187290,5.33000000
2018-03-01 15:23:40,0.00187010,5.33000000
2018-03-01 15:23:40,0.00187010,6.92000000
2018-03-01 15:23:40,0.00187010,5.33000000
2018-03-01 15:23:40,0.00187010,6.93000000
2018-03-01 15:23:40,0.00187010,1.44000000
2018-03-01 15:23:40,0.00187010,6.78000000
2018-03-01 15:23:40,0.00187010,31.50000000
2018-03-01 15:23:41,0.00187010,0.65000000
2018-03-01 15:23:41,0.00187010,8.54000000
2018-03-01 15:23:41,0.00187010,54.35000000
2018-03-01 15:23:45,0.00187010,0.02000000
2018-03-01 15:23:47,0.00187030,42.66000000
2018-03-01 15:23:48,0.00187030,1.05000000
2018-03-01 15:23:58,0.00187030,12.39000000
2018-03-01 15:23:58,0.00187010,7.62000000
2018-03-01 15:23:58,0.00187000,11.98000000
2018-03-01 15:24:00,0.00187290,11.45000000
2018-03-01 15:24:01,0.00187290,4.92000000
2018-03-01 15:24:04,0.00187290,3.80000000
2018-03-01 15:24:06,0.00187170,38.03000000
2018-03-01 15:24:08,0.00187290,0.30000000
2018-03-01 15:24:10,0.00187000,70.66000000
2018-03-01 15:24:14,0.00187290,25.99000000
2018-03-01 15:24:15,0.00187000,26.49000000
2018-03-01 15:24:17,0.00187290,22.29000000
2018-03-01 15:24:25,0.00187300,188.49000000
2018-03-01 15:24:26,0.00187300,6.08000000
2018-03-01 15:24:27,0.00187400,3.32000000
2018-03-01 15:24:30,0.00187400,7.28000000
2018-03-01 15:24:38,0.00187450,10.58000000
2018-03-01 15:24:45,0.00187450,12.37000000
2018-03-01 15:24:46,0.00187450,7.71000000
2018-03-01 15:24:47,0.00187450,33.04000000
2018-03-01 15:24:56,0.00187450,5.36000000
2018-03-01 15:24:58,0.00187450,249.86000000
2018-03-01 15:25:01,0.00187450,19.34000000
2018-03-01 15:25:03,0.00187450,11.00000000
2018-03-01 15:25:04,0.00187320,1.34000000
2018-03-01 15:25:05,0.00187330,2.66000000
2018-03-01 15:25:05,0.00187320,6.65000000
2018-03-01 15:25:05,0.00187300,0.68000000
2018-03-01 15:25:06,0.00187450,27.82000000
2018-03-01 15:25:06,0.00187450,5.32000000
2018-03-01 15:25:06,0.00187450,1.31000000
2018-03-01 15:25:06,0.00187450,27.82000000
2018-03-01 15:25:06,0.00187450,5.32000000
2018-03-01 15:25:07,0.00187450,66.67000000
2018-03-01 15:25:08,0.00187310,11.00000000
2018-03-01 15:25:08,0.00187300,35.70000000
2018-03-01 15:25:09,0.00187300,1.66000000
2018-03-01 15:25:09,0.00187300,4.79000000
2018-03-01 15:25:14,0.00187300,44.64000000
2018-03-01 15:25:14,0.00187030,2.59000000
2018-03-01 15:25:17,0.00187300,1.03000000
2018-03-01 15:25:17,0.00187300,2.14000000
2018-03-01 15:25:18,0.00187300,1.33000000
2018-03-01 15:25:18,0.00187300,5.71000000
2018-03-01 15:25:20,0.00187300,2.71000000
2018-03-01 15:25:22,0.00187300,25.14000000
2018-03-01 15:25:22,0.00187040,5.20000000
2018-03-01 15:25:24,0.00187390,2.06000000
2018-03-01 15:25:36,0.00187390,3.14000000
2018-03-01 15:25:38,0.00187400,2.11000000
2018-03-01 15:25:38,0.00187400,2.11000000
2018-03-01 15:25:38,0.00187400,0.63000000
2018-03-01 15:25:38,0.00187390,62.10000000
2018-03-01 15:25:39,0.00187390,0.62000000
2018-03-01 15:25:47,0.00187450,5.33000000
2018-03-01 15:25:48,0.00187450,60.00000000
2018-03-01 15:25:57,0.00187450,2.11000000
2018-03-01 15:25:57,0.00187450,127.05000000
2018-03-01 15:25:57,0.00187450,4.71000000
2018-03-01 15:25:57,0.00187400,11.00000000
2018-03-01 15:25:57,0.00187390,2.21000000
2018-03-01 15:25:59,0.00187450,8.91000000
2018-03-01 15:26:00,0.00187450,12.05000000
2018-03-01 15:26:01,0.00187450,5.85000000
2018-03-01 15:26:01,0.00187450,4.87000000
2018-03-01 15:26:02,0.00187580,0.66000000
2018-03-01 15:26:06,0.00187580,23.98000000
2018-03-01 15:26:07,0.00187580,12.14000000
2018-03-01 15:26:09,0.00187590,15.52000000
2018-03-01 15:26:10,0.00187590,11.00000000
2018-03-01 15:26:11,0.00188000,134.71000000
2018-03-01 15:26:11,0.00188000,0.84000000
2018-03-01 15:26:12,0.00188000,39.90000000
2018-03-01 15:26:12,0.00188000,12.35000000
2018-03-01 15:26:13,0.00188000,4.00000000
2018-03-01 15:26:13,0.00188340,26.52000000
2018-03-01 15:26:13,0.00188350,10.81000000
2018-03-01 15:26:13,0.00188000,0.22000000
2018-03-01 15:26:16,0.00188000,17.93000000
2018-03-01 15:26:17,0.00188330,30.00000000
2018-03-01 15:26:17,0.00188000,5.35000000
2018-03-01 15:26:18,0.00188040,10.52000000
2018-03-01 15:26:18,0.00188000,7.86000000
2018-03-01 15:26:19,0.00188000,30.00000000
2018-03-01 15:26:19,0.00188000,15.05000000
2018-03-01 15:26:19,0.00188000,15.93000000
2018-03-01 15:26:19,0.00187710,17.57000000
2018-03-01 15:26:19,0.00187580,3.97000000
2018-03-01 15:26:21,0.00187610,12.72000000
2018-03-01 15:26:21,0.00188000,8.48000000
2018-03-01 15:26:22,0.00187610,13.92000000
2018-03-01 15:26:22,0.00187600,11.00000000
2018-03-01 15:26:22,0.00187580,2.90000000
2018-03-01 15:26:22,0.00187470,10.57000000
2018-03-01 15:26:22,0.00187460,4.39000000
2018-03-01 15:26:23,0.00187990,1.32000000
2018-03-01 15:26:23,0.00187460,5.32000000
2018-03-01 15:26:24,0.00187450,1.35000000
2018-03-01 15:26:25,0.00187580,4.92000000
2018-03-01 15:26:25,0.00187580,25.32000000
2018-03-01 15:26:26,0.00187580,5.16000000
2018-03-01 15:26:26,0.00187580,0.25000000
2018-03-01 15:26:26,0.00187590,9.71000000
2018-03-01 15:26:26,0.00187610,2.69000000
2018-03-01 15:26:27,0.00187450,29.72000000
2018-03-01 15:26:29,0.00187460,23.58000000
2018-03-01 15:26:29,0.00187460,22.00000000
2018-03-01 15:26:31,0.00187610,3.96000000
2018-03-01 15:26:32,0.00187460,6.21000000
2018-03-01 15:26:33,0.00187460,6.21000000
2018-03-01 15:26:34,0.00187460,27.55000000
2018-03-01 15:26:35,0.00187460,1.19000000
2018-03-01 15:26:38,0.00187460,70.00000000
2018-03-01 15:26:39,0.00187610,0.02000000
2018-03-01 15:26:39,0.00187460,53.00000000
2018-03-01 15:26:39,0.00187460,18.63000000
2018-03-01 15:26:40,0.00187460,3.32000000
2018-03-01 15:26:41,0.00187490,1.58000000
2018-03-01 15:26:42,0.00188000,16.32000000
2018-03-01 15:26:42,0.00187490,1.20000000
2018-03-01 15:26:42,0.00187490,23.85000000
2018-03-01 15:26:42,0.00187480,5.86000000
2018-03-01 15:26:44,0.00187460,16.00000000
2018-03-01 15:26:45,0.00187460,2.98000000
2018-03-01 15:26:45,0.00187460,1.79000000
2018-03-01 15:26:45,0.00187470,5.86000000
2018-03-01 15:26:46,0.00187470,0.86000000
2018-03-01 15:26:46,0.00187460,22.46000000
2018-03-01 15:26:46,0.00187490,1.01000000
2018-03-01 15:26:46,0.00187490,1.77000000
2018-03-01 15:26:47,0.00187490,3.29000000
2018-03-01 15:26:51,0.00187920,1.72000000
2018-03-01 15:27:02,0.00187920,5.90000000
2018-03-01 15:27:02,0.00187510,24.86000000
2018-03-01 15:27:02,0.00187470,14.64000000
2018-03-01 15:27:12,0.00187910,26.63000000
2018-03-01 15:27:12,0.00187920,7.58000000
2018-03-01 15:27:14,0.00187920,0.37000000
2018-03-01 15:27:14,0.00188000,2.63000000
2018-03-01 15:27:16,0.00187920,0.54000000
2018-03-01 15:27:19,0.00187920,1.54000000
2018-03-01 15:27:20,0.00188000,3.00000000
2018-03-01 15:27:20,0.00188000,0.33000000
2018-03-01 15:27:20,0.00188040,2.22000000
2018-03-01 15:27:20,0.00188370,0.90000000
2018-03-01 15:27:20,0.00188640,9.75000000
2018-03-01 15:27:20,0.00188770,8.31000000
2018-03-01 15:27:21,0.00188770,2.26000000
2018-03-01 15:27:21,0.00188780,4.81000000
2018-03-01 15:27:23,0.00188010,26.58000000
2018-03-01 15:27:23,0.00188000,3.42000000
2018-03-01 15:27:24,0.00188020,2.41000000
2018-03-01 15:27:25,0.00188730,13.28000000
2018-03-01 15:27:28,0.00187980,5.86000000
2018-03-01 15:27:29,0.00187960,7.44000000
2018-03-01 15:27:29,0.00187970,5.86000000
2018-03-01 15:27:29,0.00187980,2.41000000
2018-03-01 15:27:29,0.00187980,4.29000000
2018-03-01 15:27:29,0.00187920,74.71000000
2018-03-01 15:27:30,0.00187920,4.29000000
2018-03-01 15:27:31,0.00187980,49.00000000
2018-03-01 15:27:31,0.00187990,3.99000000
2018-03-01 15:27:31,0.00188690,15.02000000
2018-03-01 15:27:31,0.00188710,10.39000000
2018-03-01 15:27:31,0.00188740,3.42000000
2018-03-01 15:27:31,0.00188760,4.81000000
2018-03-01 15:27:31,0.00188770,31.37000000
2018-03-01 15:27:31,0.00188040,4.77000000
2018-03-01 15:27:34,0.00188660,6.27000000
2018-03-01 15:27:34,0.00188690,32.86000000
2018-03-01 15:27:39,0.00188650,35.40000000
2018-03-01 15:27:39,0.00188690,3.61000000
2018-03-01 15:27:39,0.00188690,14.69000000
2018-03-01 15:27:39,0.00188690,0.13000000
2018-03-01 15:27:39,0.00188650,26.23000000
2018-03-01 15:27:40,0.00188050,21.80000000
2018-03-01 15:27:40,0.00188150,3.09000000
2018-03-01 15:27:40,0.00188060,5.30000000
2018-03-01 15:27:41,0.00188140,3.00000000
2018-03-01 15:27:42,0.00188120,1.77000000
2018-03-01 15:27:42,0.00188130,5.30000000
2018-03-01 15:27:42,0.00188150,18.71000000
2018-03-01 15:27:42,0.00188650,7.86000000
2018-03-01 15:27:42,0.00188650,1.77000000
2018-03-01 15:27:43,0.00188140,26.55000000
2018-03-01 15:27:43,0.00188140,5.84000000
2018-03-01 15:27:43,0.00188130,18.07000000
2018-03-01 15:27:43,0.00188090,6.09000000
2018-03-01 15:27:44,0.00188130,2.22000000
2018-03-01 15:27:44,0.00188650,26.55000000
2018-03-01 15:27:44,0.00188660,5.84000000
2018-03-01 15:27:44,0.00188680,7.61000000
2018-03-01 15:27:45,0.00188150,26.57000000
2018-03-01 15:27:46,0.00188650,5.04000000
2018-03-01 15:27:46,0.00188160,5.04000000
2018-03-01 15:27:47,0.00188170,5.86000000
2018-03-01 15:27:48,0.00188640,14.88000000
2018-03-01 15:27:48,0.00188170,7.09000000
2018-03-01 15:27:50,0.00188200,32.06000000
2018-03-01 15:27:51,0.00188620,11.69000000
2018-03-01 15:27:51,0.00188630,8.57000000
2018-03-01 15:27:51,0.00188210,26.53000000
2018-03-01 15:27:51,0.00188200,25.53000000
2018-03-01 15:27:53,0.00188590,0.63000000
2018-03-01 15:27:56,0.00188560,9.18000000
2018-03-01 15:27:56,0.00188200,53.00000000
2018-03-01 15:27:56,0.00188200,39.90000000
2018-03-01 15:27:57,0.00188200,36.86000000
2018-03-01 15:27:57,0.00188540,17.35000000
2018-03-01 15:27:57,0.00188550,5.23000000
2018-03-01 15:27:58,0.00188590,100.00000000
2018-03-01 15:27:58,0.00188590,14.90000000
2018-03-01 15:27:59,0.00188690,0.56000000
2018-03-01 15:27:59,0.00188590,39.90000000
2018-03-01 15:27:59,0.00188590,15.39000000
2018-03-01 15:28:00,0.00188590,100.00000000
2018-03-01 15:28:00,0.00188600,1.63000000
2018-03-01 15:28:01,0.00188600,33.50000000
2018-03-01 15:28:02,0.00188600,0.07000000
2018-03-01 15:28:02,0.00188590,42.32000000
2018-03-01 15:28:03,0.00188590,32.00000000
2018-03-01 15:28:03,0.00188590,26.02000000
2018-03-01 15:28:03,0.00188220,0.57000000
2018-03-01 15:28:04,0.00188230,5.87000000
2018-03-01 15:28:04,0.00188530,2.18000000
2018-03-01 15:28:04,0.00188530,11.16000000
2018-03-01 15:28:05,0.00188220,6.22000000
2018-03-01 15:28:05,0.00188200,23.78000000
2018-03-01 15:28:05,0.00188220,8.12000000
2018-03-01 15:28:06,0.00188200,3.99000000
2018-03-01 15:28:06,0.00188520,2.77000000
2018-03-01 15:28:07,0.00188200,4.00000000
2018-03-01 15:28:08,0.00188520,3.10000000
2018-03-01 15:28:08,0.00188590,9.46000000
2018-03-01 15:28:08,0.00188680,7.71000000
2018-03-01 15:28:08,0.00188690,2.61000000
2018-03-01 15:28:09,0.00188210,3.16000000
2018-03-01 15:28:09,0.00188590,0.69000000
2018-03-01 15:28:10,0.00188200,19.90000000
2018-03-01 15:28:10,0.00188590,2.00000000
2018-03-01 15:28:11,0.00188200,1.62000000
2018-03-01 15:28:11,0.00188580,1.20000000
2018-03-01 15:28:11,0.00188580,0.17000000
2018-03-01 15:28:12,0.00188200,5.29000000
2018-03-01 15:28:13,0.00188400,37.79000000
2018-03-01 15:28:15,0.00188400,5.09000000
2018-03-01 15:28:17,0.00188580,9.58000000
2018-03-01 15:28:17,0.00188590,19.42000000
2018-03-01 15:28:19,0.00188590,0.05000000
2018-03-01 15:28:19,0.00188410,3.00000000
2018-03-01 15:28:22,0.00188590,0.01000000
2018-03-01 15:28:23,0.00188430,1.00000000
2018-03-01 15:28:23,0.00188430,0.64000000
2018-03-01 15:28:23,0.00188410,23.59000000
2018-03-01 15:28:23,0.00188400,10.59000000
2018-03-01 15:28:25,0.00188400,17.11000000
2018-03-01 15:28:27,0.00188410,24.68000000
2018-03-01 15:28:27,0.00188400,1.78000000
2018-03-01 15:28:27,0.00188400,6.20000000
2018-03-01 15:28:27,0.00188570,12.16000000
2018-03-01 15:28:29,0.00188570,35.57000000
2018-03-01 15:28:29,0.00188570,26.30000000
2018-03-01 15:28:29,0.00188400,3.14000000
2018-03-01 15:28:30,0.00188400,30.00000000
2018-03-01 15:28:32,0.00188410,5.77000000
2018-03-01 15:28:32,0.00188400,24.71000000
2018-03-01 15:28:34,0.00188580,0.74000000
2018-03-01 15:28:37,0.00188400,1.00000000
2018-03-01 15:28:37,0.00188400,42.35000000
2018-03-01 15:28:38,0.00188520,67.68000000
2018-03-01 15:28:38,0.00188580,25.20000000
2018-03-01 15:28:40,0.00188430,8.18000000
2018-03-01 15:28:40,0.00188400,22.82000000
2018-03-01 15:28:40,0.00188400,79.00000000
2018-03-01 15:28:43,0.00188400,23.51000000
2018-03-01 15:28:44,0.00188400,19.96000000
2018-03-01 15:28:45,0.00188400,45.00000000
2018-03-01 15:28:45,0.00188580,2.24000000
2018-03-01 15:28:46,0.00188410,0.03000000
2018-03-01 15:28:47,0.00188410,0.95000000
2018-03-01 15:28:49,0.00188410,0.02000000
2018-03-01 15:28:49,0.00188400,0.44000000
2018-03-01 15:28:50,0.00188040,10.35000000
2018-03-01 15:28:51,0.00188040,1.00000000
2018-03-01 15:28:51,0.00188400,14.79000000
2018-03-01 15:28:51,0.00188040,23.36000000
2018-03-01 15:28:51,0.00188040,3.04000000
2018-03-01 15:28:51,0.00188020,6.31000000
2018-03-01 15:28:51,0.00188020,2.10000000
2018-03-01 15:28:53,0.00188020,1.44000000
2018-03-01 15:28:55,0.00188020,1.80000000
2018-03-01 15:28:56,0.00188020,13.97000000
2018-03-01 15:28:57,0.00188020,1.62000000
2018-03-01 15:28:58,0.00188000,158.59000000
2018-03-01 15:28:59,0.00188000,6.25000000
2018-03-01 15:28:59,0.00188000,14.67000000
2018-03-01 15:29:01,0.00187960,9.17000000
2018-03-01 15:29:04,0.00187960,7.81000000
2018-03-01 15:29:04,0.00188000,9.38000000
2018-03-01 15:29:05,0.00187960,1.00000000
2018-03-01 15:29:05,0.00187960,0.54000000
2018-03-01 15:29:06,0.00187960,299.50000000
2018-03-01 15:29:07,0.00187960,1.61000000
2018-03-01 15:29:08,0.00188000,28.65000000
2018-03-01 15:29:08,0.00188070,1.34000000
2018-03-01 15:29:08,0.00188070,13.56000000
2018-03-01 15:29:08,0.00188070,0.50000000
2018-03-01 15:29:09,0.00188070,1.67000000
2018-03-01 15:29:10,0.00188070,1.35000000
2018-03-01 15:29:12,0.00188400,4.22000000
2018-03-01 15:29:17,0.00188070,42.42000000
2018-03-01 15:29:19,0.00188400,30.53000000
2018-03-01 15:29:20,0.00188400,1.00000000
2018-03-01 15:29:20,0.00188400,9.16000000
2018-03-01 15:29:24,0.00188070,2.34000000
2018-03-01 15:29:24,0.00188400,2.64000000
2018-03-01 15:29:24,0.00188470,5.78000000
2018-03-01 15:29:24,0.00188580,6.58000000
2018-03-01 15:29:25,0.00188070,35.61000000
2018-03-01 15:29:25,0.00188000,83.30000000
2018-03-01 15:29:27,0.00188110,6.17000000
2018-03-01 15:29:27,0.00188000,30.95000000
2018-03-01 15:29:28,0.00188000,76.09000000
2018-03-01 15:29:30,0.00188010,9.02000000
2018-03-01 15:29:30,0.00188010,15.12000000
2018-03-01 15:29:31,0.00188010,36.30000000
2018-03-01 15:29:31,0.00188010,8.65000000
2018-03-01 15:29:31,0.00188000,24.92000000
2018-03-01 15:29:33,0.00188010,9.08000000
2018-03-01 15:29:33,0.00188000,6.78000000
2018-03-01 15:29:33,0.00188010,5.29000000
2018-03-01 15:29:33,0.00188000,1.00000000
2018-03-01 15:29:33,0.00188010,17.97000000
2018-03-01 15:29:37,0.00188150,41.61000000
2018-03-01 15:29:37,0.00188000,0.83000000
2018-03-01 15:29:38,0.00188150,3.01000000
2018-03-01 15:29:39,0.00188000,22.41000000
2018-03-01 15:29:40,0.00187960,10.00000000
2018-03-01 15:29:41,0.00187950,36.67000000
2018-03-01 15:29:41,0.00187910,15.10000000
2018-03-01 15:29:41,0.00187590,25.94000000
2018-03-01 15:29:41,0.00187540,0.95000000
2018-03-01 15:29:41,0.00187530,5.52000000
2018-03-01 15:29:42,0.00187500,5.22000000
2018-03-01 15:29:42,0.00187500,43.46000000
2018-03-01 15:29:42,0.00187490,1.46000000
2018-03-01 15:29:46,0.00187960,17.50000000
2018-03-01 15:29:46,0.00187520,12.19000000
2018-03-01 15:29:46,0.00187520,0.64000000
2018-03-01 15:29:47,0.00187520,4.15000000
2018-03-01 15:29:47,0.00187470,1.60000000
2018-03-01 15:29:47,0.00187460,17.06000000
2018-03-01 15:29:47,0.00187400,2.55000000
2018-03-01 15:29:49,0.00187400,3.85000000
2018-03-01 15:29:49,0.00187390,2.98000000
2018-03-01 15:29:49,0.00187280,8.14000000
2018-03-01 15:29:54,0.00187240,2.71000000
2018-03-01 15:29:56,0.00187240,1.00000000
2018-03-01 15:29:57,0.00187900,1.90000000
2018-03-01 15:29:59,0.00187090,1.38000000
2018-03-01 15:29:59,0.00187080,4.88000000
2018-03-01 15:29:59,0.00187060,9.75000000
2018-03-01 15:29:59,0.00187000,141.52000000
2018-03-01 15:29:59,0.00186950,0.90000000
2018-03-01 15:29:59,0.00186900,6.60000000
2018-03-01 15:29:59,0.00186900,6.60000000
2018-03-01 15:29:59,0.00186900,6.60000000
2018-03-01 15:29:59,0.00186900,5.33000000
2018-03-01 15:29:59,0.00186900,1.33000000
2018-03-01 15:29:59,0.00186900,1.33000000
2018-03-01 15:29:59,0.00186900,1.33000000
2018-03-01 15:30:00,0.00186900,1.83000000
2018-03-01 15:30:03,0.00186900,0.64000000
2018-03-01 15:30:05,0.00186900,0.14000000
2018-03-01 15:30:05,0.00186900,0.43000000
2018-03-01 15:30:05,0.00186980,106.55000000
2018-03-01 15:30:05,0.00187000,2.04000000
2018-03-01 15:30:05,0.00187820,5.35000000
2018-03-01 15:30:05,0.00187870,201.65000000
2018-03-01 15:30:05,0.00187880,3.39000000
2018-03-01 15:30:05,0.00187890,4.30000000
2018-03-01 15:30:05,0.00187920,4.88000000
2018-03-01 15:30:05,0.00187960,31.30000000
2018-03-01 15:30:05,0.00187980,126.14000000
2018-03-01 15:30:05,0.00188000,2.00000000
2018-03-01 15:30:05,0.00188470,4.88000000
2018-03-01 15:30:05,0.00188590,7.83000000
2018-03-01 15:30:05,0.00188690,3.00000000
2018-03-01 15:30:05,0.00188880,10.59000000
2018-03-01 15:30:05,0.00188890,36.63000000
2018-03-01 15:30:05,0.00188950,2.28000000
2018-03-01 15:30:05,0.00188990,40.54000000
2018-03-01 15:30:05,0.00189000,89.27000000
2018-03-01 15:30:05,0.00189100,2.61000000
2018-03-01 15:30:05,0.00189120,84.45000000
2018-03-01 15:30:05,0.00189350,53.20000000
2018-03-01 15:30:05,0.00189370,37.30000000
2018-03-01 15:30:05,0.00189380,3.18000000
2018-03-01 15:30:05,0.00189400,17.19000000
2018-03-01 15:30:05,0.00189550,0.60000000
2018-03-01 15:30:05,0.00189760,8.29000000
2018-03-01 15:30:05,0.00189780,1.74000000
2018-03-01 15:30:05,0.00189790,99.90000000
2018-03-01 15:30:05,0.00189800,15.00000000
2018-03-01 15:30:05,0.00189810,176.82000000
2018-03-01 15:30:05,0.00189860,106.47000000
2018-03-01 15:30:05,0.00189900,237.27000000
2018-03-01 15:30:05,0.00186620,14.00000000
2018-03-01 15:30:05,0.00186610,47.73000000
2018-03-01 15:30:05,0.00186320,54.00000000
2018-03-01 15:30:05,0.00186290,110.31000000
2018-03-01 15:30:05,0.00186290,163.36000000
2018-03-01 15:30:06,0.00187090,23.19000000
2018-03-01 15:30:07,0.00187090,6.60000000
2018-03-01 15:30:08,0.00187090,65.56000000
2018-03-01 15:30:08,0.00186990,105.85000000
2018-03-01 15:30:08,0.00187220,4.04000000
2018-03-01 15:30:16,0.00187000,3.32000000
2018-03-01 15:30:17,0.00187000,9.00000000
2018-03-01 15:30:18,0.00187220,2.00000000
2018-03-01 15:30:19,0.00187220,35.99000000
2018-03-01 15:30:19,0.00187570,13.33000000
2018-03-01 15:30:19,0.00187820,54.00000000
2018-03-01 15:30:19,0.00187830,9.75000000
2018-03-01 15:30:19,0.00187840,3.20000000
2018-03-01 15:30:20,0.00187910,1.04000000
2018-03-01 15:30:20,0.00187910,1.33000000
2018-03-01 15:30:20,0.00187910,0.84000000
2018-03-01 15:30:20,0.00187910,7.00000000
2018-03-01 15:30:20,0.00187910,20.00000000
2018-03-01 15:30:21,0.00187910,0.84000000
2018-03-01 15:30:22,0.00187910,0.84000000
2018-03-01 15:30:22,0.00187910,1.90000000
2018-03-01 15:30:24,0.00187940,51.05000000
2018-03-01 15:30:24,0.00187910,0.84000000
2018-03-01 15:30:27,0.00187930,7.74000000
2018-03-01 15:30:27,0.00187960,0.54000000
2018-03-01 15:30:27,0.00188000,2.27000000
2018-03-01 15:30:28,0.00187950,0.60000000
2018-03-01 15:30:28,0.00187950,9.40000000
2018-03-01 15:30:30,0.00187910,39.96000000
2018-03-01 15:30:30,0.00187910,1.69000000
2018-03-01 15:30:30,0.00187940,41.11000000
2018-03-01 15:30:37,0.00188000,26.07000000
2018-03-01 15:30:41,0.00188000,11.47000000
2018-03-01 15:30:42,0.00188070,1.67000000
2018-03-01 15:30:44,0.00188070,15.63000000
2018-03-01 15:30:45,0.00188000,26.31000000
2018-03-01 15:30:45,0.00187970,34.58000000
2018-03-01 15:30:45,0.00187960,113.93000000
2018-03-01 15:30:48,0.00187950,2.00000000
2018-03-01 15:30:48,0.00187910,38.20000000
2018-03-01 15:30:52,0.00187560,10.85000000
2018-03-01 15:31:03,0.00187560,55.14000000
2018-03-01 15:31:03,0.00187390,14.43000000
2018-03-01 15:31:07,0.00187360,30.00000000
2018-03-01 15:31:09,0.00188030,14.43000000
2018-03-01 15:31:09,0.00188040,26.83000000
2018-03-01 15:31:09,0.00188050,10.20000000
2018-03-01 15:31:09,0.00188060,14.00000000
2018-03-01 15:31:09,0.00188070,29.72000000
2018-03-01 15:31:10,0.00188080,92.32000000
2018-03-01 15:31:10,0.00188070,94.88000000
2018-03-01 15:31:13,0.00188080,2.57000000
2018-03-01 15:31:13,0.00188080,22.40000000
2018-03-01 15:31:13,0.00188070,7.60000000
2018-03-01 15:31:14,0.00188070,5.24000000
2018-03-01 15:31:14,0.00188270,28.07000000
2018-03-01 15:31:14,0.00188270,0.90000000
2018-03-01 15:31:14,0.00188270,4.57000000
2018-03-01 15:31:15,0.00188270,2.00000000
2018-03-01 15:31:15,0.00188270,3.72000000
2018-03-01 15:31:15,0.00188270,151.43000000
2018-03-01 15:31:15,0.00188270,7.79000000
2018-03-01 15:31:16,0.00188080,25.89000000
2018-03-01 15:31:16,0.00188080,6.71000000
2018-03-01 15:31:17,0.00188080,1.00000000
2018-03-01 15:31:17,0.00188260,9.77000000
2018-03-01 15:31:19,0.00188080,30.96000000
2018-03-01 15:31:22,0.00188090,5.00000000
2018-03-01 15:31:22,0.00188090,5.00000000
2018-03-01 15:31:24,0.00188090,29.25000000
2018-03-01 15:31:24,0.00188080,5.07000000
2018-03-01 15:31:24,0.00188090,68.27000000
2018-03-01 15:31:24,0.00188100,2.50000000
2018-03-01 15:31:25,0.00188100,38.05000000
2018-03-01 15:31:25,0.00188270,0.01000000
2018-03-01 15:31:26,0.00188100,4.56000000
2018-03-01 15:31:27,0.00188100,6.90000000
2018-03-01 15:31:27,0.00188270,0.01000000
2018-03-01 15:31:28,0.00188100,79.00000000
2018-03-01 15:31:28,0.00188100,10.09000000
2018-03-01 15:31:28,0.00188080,9.87000000
2018-03-01 15:31:28,0.00188080,6.90000000
2018-03-01 15:31:29,0.00188080,6.88000000
2018-03-01 15:31:29,0.00188080,6.25000000
2018-03-01 15:31:30,0.00188080,1.10000000
2018-03-01 15:31:30,0.00188080,1.00000000
2018-03-01 15:31:30,0.00188080,0.03000000
2018-03-01 15:31:30,0.00188270,6.25000000
2018-03-01 15:31:32,0.00188080,2.63000000
2018-03-01 15:31:32,0.00188100,6.03000000
2018-03-01 15:31:33,0.00188070,18.78000000
2018-03-01 15:31:34,0.00188070,40.63000000
2018-03-01 15:31:35,0.00188080,0.04000000
2018-03-01 15:31:36,0.00188080,2.49000000
2018-03-01 15:31:38,0.00188100,1.53000000
2018-03-01 15:31:39,0.00188110,24.97000000
2018-03-01 15:31:39,0.00188100,19.60000000
2018-03-01 15:31:39,0.00188100,1.90000000
2018-03-01 15:31:40,0.00188090,24.97000000
2018-03-01 15:31:40,0.00188100,28.53000000
2018-03-01 15:31:40,0.00188100,0.80000000
2018-03-01 15:31:40,0.00188090,15.78000000
2018-03-01 15:31:42,0.00188160,3.43000000
2018-03-01 15:31:43,0.00188180,3.09000000
