DATE,PRICE,VOLUME
2018-02-25 08:00:02,0.00208980,0.93000000
2018-02-25 08:00:02,0.00208980,1.22000000
2018-02-25 08:01:35,0.00208980,0.01000000
2018-02-25 08:02:08,0.00208500,4.00000000
2018-02-25 08:02:08,0.00208490,1.69000000
2018-02-25 08:02:34,0.00208490,0.02000000
2018-02-25 08:02:34,0.00208500,1.00000000
2018-02-25 08:02:34,0.00208880,3.77000000
2018-02-25 08:02:36,0.00208320,0.49000000
2018-02-25 08:02:42,0.00208490,2.72000000
2018-02-25 08:02:43,0.00208490,0.78000000
2018-02-25 08:03:16,0.00208470,11.86000000
2018-02-25 08:03:22,0.00208470,10.67000000
2018-02-25 08:03:43,0.00208880,2.73000000
2018-02-25 08:03:56,0.00208880,0.50000000
2018-02-25 08:04:04,0.00208500,20.98000000
2018-02-25 08:04:04,0.00208470,1.41000000
2018-02-25 08:04:04,0.00208100,5.00000000
2018-02-25 08:04:04,0.00208050,4.79000000
2018-02-25 08:04:04,0.00208040,2.32000000
2018-02-25 08:04:04,0.00208010,71.90000000
2018-02-25 08:04:04,0.00208000,30.66000000
2018-02-25 08:04:04,0.00207980,21.17000000
2018-02-25 08:04:20,0.00208040,1.00000000
2018-02-25 08:04:24,0.00208570,1.28000000
2018-02-25 08:04:25,0.00208560,10.08000000
2018-02-25 08:04:25,0.00208560,1.43000000
2018-02-25 08:04:27,0.00208520,3.45000000
2018-02-25 08:04:44,0.00208420,4.33000000
2018-02-25 08:05:09,0.00208080,0.50000000
2018-02-25 08:05:09,0.00208430,1.00000000
2018-02-25 08:05:11,0.00208500,9.86000000
2018-02-25 08:05:11,0.00208040,1.92000000
2018-02-25 08:05:11,0.00208030,0.10000000
2018-02-25 08:05:12,0.00208070,0.10000000
2018-02-25 08:05:13,0.00208090,0.49000000
2018-02-25 08:05:38,0.00207980,32.30000000
2018-02-25 08:05:38,0.00207980,23.81000000
2018-02-25 08:05:59,0.00207910,9.69000000
2018-02-25 08:06:02,0.00207910,1.50000000
2018-02-25 08:06:04,0.00208320,1.88000000
2018-02-25 08:06:15,0.00207970,0.49000000
2018-02-25 08:06:21,0.00208320,0.04000000
2018-02-25 08:06:21,0.00208360,8.94000000
2018-02-25 08:06:36,0.00208320,2.85000000
2018-02-25 08:06:36,0.00208330,1.78000000
2018-02-25 08:06:36,0.00208420,3.45000000
2018-02-25 08:06:36,0.00208490,3.80000000
2018-02-25 08:07:20,0.00208490,4.79000000
2018-02-25 08:07:26,0.00208490,1.41000000
2018-02-25 08:07:33,0.00208890,2.00000000
2018-02-25 08:07:45,0.00208500,0.70000000
2018-02-25 08:07:57,0.00208500,0.49000000
2018-02-25 08:08:29,0.00208500,4.60000000
2018-02-25 08:08:53,0.00208500,32.29000000
2018-02-25 08:09:15,0.00208500,4.79000000
2018-02-25 08:09:28,0.00208100,13.34000000
2018-02-25 08:09:44,0.00208500,12.39000000
2018-02-25 08:09:49,0.00208100,1.66000000
2018-02-25 08:09:50,0.00208100,13.78000000
2018-02-25 08:09:57,0.00208500,6.22000000
2018-02-25 08:10:25,0.00208110,3.24000000
2018-02-25 08:10:57,0.00208500,5.00000000
2018-02-25 08:10:58,0.00208500,47.00000000
2018-02-25 08:10:58,0.00208500,0.84000000
2018-02-25 08:11:00,0.00208810,1.67000000
2018-02-25 08:11:34,0.00208550,21.45000000
2018-02-25 08:12:32,0.00208500,8.18000000
2018-02-25 08:12:48,0.00208500,3.06000000
2018-02-25 08:13:13,0.00208550,4.79000000
2018-02-25 08:13:36,0.00208550,0.12000000
2018-02-25 08:13:46,0.00208960,4.78000000
2018-02-25 08:13:46,0.00208550,5.39000000
2018-02-25 08:14:31,0.00208500,17.17000000
2018-02-25 08:14:44,0.00208500,7.45000000
2018-02-25 08:14:47,0.00208500,7.45000000
2018-02-25 08:14:54,0.00208500,0.17000000
2018-02-25 08:14:54,0.00208010,2.40000000
2018-02-25 08:14:54,0.00208000,5.00000000
2018-02-25 08:14:54,0.00207930,5.27000000
2018-02-25 08:14:54,0.00207920,1.42000000
2018-02-25 08:14:54,0.00207780,27.00000000
2018-02-25 08:15:18,0.00208000,30.96000000
2018-02-25 08:15:24,0.00208000,4.83000000
2018-02-25 08:15:47,0.00208000,9.34000000
2018-02-25 08:15:57,0.00208000,2.98000000
2018-02-25 08:15:57,0.00208000,3.62000000
2018-02-25 08:16:14,0.00208350,4.70000000
2018-02-25 08:16:16,0.00207990,32.57000000
2018-02-25 08:16:17,0.00207990,10.83000000
2018-02-25 08:16:34,0.00207990,2.54000000
2018-02-25 08:16:43,0.00208000,14.40000000
2018-02-25 08:16:43,0.00208000,5.23000000
2018-02-25 08:16:44,0.00208000,0.90000000
2018-02-25 08:16:47,0.00208000,11.33000000
2018-02-25 08:16:48,0.00208000,14.40000000
2018-02-25 08:16:48,0.00208000,14.40000000
2018-02-25 08:16:48,0.00208000,7.58000000
2018-02-25 08:16:48,0.00207930,6.04000000
2018-02-25 08:17:09,0.00208000,0.80000000
2018-02-25 08:18:25,0.00208000,28.78000000
2018-02-25 08:18:25,0.00208000,0.01000000
2018-02-25 08:18:25,0.00208340,2.40000000
2018-02-25 08:18:25,0.00208400,19.84000000
2018-02-25 08:18:25,0.00208550,27.75000000
2018-02-25 08:18:26,0.00208550,3.61000000
2018-02-25 08:18:26,0.00208660,4.88000000
2018-02-25 08:18:26,0.00208930,18.33000000
2018-02-25 08:18:26,0.00208940,210.00000000
2018-02-25 08:18:26,0.00208950,24.93000000
2018-02-25 08:18:26,0.00208970,35.07000000
2018-02-25 08:18:26,0.00208980,520.64000000
2018-02-25 08:18:26,0.00208980,14.35000000
2018-02-25 08:18:26,0.00208980,14.35000000
2018-02-25 08:18:26,0.00208980,14.35000000
2018-02-25 08:18:26,0.00208980,25.89000000
2018-02-25 08:18:26,0.00208970,0.03000000
2018-02-25 08:18:26,0.00209000,8.64000000
2018-02-25 08:18:26,0.00209020,10.00000000
2018-02-25 08:18:26,0.00209030,28.67000000
2018-02-25 08:18:29,0.00209030,16.00000000
2018-02-25 08:18:31,0.00208340,3.90000000
2018-02-25 08:18:33,0.00208340,0.02000000
2018-02-25 08:18:33,0.00209030,4.77000000
2018-02-25 08:18:33,0.00209030,47.26000000
2018-02-25 08:18:36,0.00209010,5.00000000
2018-02-25 08:18:41,0.00208720,13.32000000
2018-02-25 08:18:42,0.00209010,0.28000000
2018-02-25 08:18:42,0.00209030,368.76000000
2018-02-25 08:18:42,0.00209130,0.96000000
2018-02-25 08:18:42,0.00209320,3.34000000
2018-02-25 08:18:45,0.00209320,0.02000000
2018-02-25 08:18:45,0.00209340,0.70000000
2018-02-25 08:18:45,0.00209430,3.36000000
2018-02-25 08:18:45,0.00209550,3.36000000
2018-02-25 08:18:45,0.00209580,7.66000000
2018-02-25 08:18:45,0.00209610,3.36000000
2018-02-25 08:18:45,0.00209680,5.46000000
2018-02-25 08:18:45,0.00209700,5.00000000
2018-02-25 08:18:45,0.00209740,4.15000000
2018-02-25 08:18:45,0.00209760,18.55000000
2018-02-25 08:18:45,0.00209830,1.76000000
2018-02-25 08:18:45,0.00210000,17.05000000
2018-02-25 08:18:45,0.00210010,9.75000000
2018-02-25 08:18:45,0.00210030,4.68000000
2018-02-25 08:18:45,0.00210160,1.87000000
2018-02-25 08:18:45,0.00210200,68.97000000
2018-02-25 08:18:45,0.00210270,8.04000000
2018-02-25 08:18:45,0.00210500,1.98000000
2018-02-25 08:18:45,0.00210560,7.08000000
2018-02-25 08:18:45,0.00210600,2.16000000
2018-02-25 08:18:45,0.00210810,0.98000000
2018-02-25 08:18:45,0.00210830,4.88000000
2018-02-25 08:18:45,0.00210850,4.98000000
2018-02-25 08:18:45,0.00211000,4.20000000
2018-02-25 08:18:46,0.00209160,3.68000000
2018-02-25 08:18:46,0.00209160,14.34000000
2018-02-25 08:18:46,0.00209160,1.56000000
2018-02-25 08:18:46,0.00209160,14.34000000
2018-02-25 08:18:47,0.00209160,1.41000000
2018-02-25 08:18:47,0.00209160,2.07000000
2018-02-25 08:18:47,0.00209330,1.41000000
2018-02-25 08:18:48,0.00209330,0.02000000
2018-02-25 08:18:48,0.00209330,2.05000000
2018-02-25 08:18:48,0.00209350,1.43000000
2018-02-25 08:18:49,0.00209210,1.63000000
2018-02-25 08:18:50,0.00209220,7.12000000
2018-02-25 08:18:50,0.00209210,35.14000000
2018-02-25 08:18:50,0.00209210,21.92000000
2018-02-25 08:18:52,0.00210330,6.08000000
2018-02-25 08:19:02,0.00209310,2.41000000
2018-02-25 08:19:07,0.00209330,1.20000000
2018-02-25 08:19:11,0.00209360,1.61000000
2018-02-25 08:19:11,0.00209360,1.22000000
2018-02-25 08:19:23,0.00209750,19.00000000
2018-02-25 08:19:43,0.00209040,0.49000000
2018-02-25 08:19:59,0.00209100,0.67000000
2018-02-25 08:19:59,0.00209100,0.48000000
2018-02-25 08:20:09,0.00208960,2.84000000
2018-02-25 08:20:24,0.00208740,0.53000000
2018-02-25 08:20:26,0.00208730,2.41000000
2018-02-25 08:20:27,0.00208740,0.50000000
2018-02-25 08:20:27,0.00208740,7.30000000
2018-02-25 08:20:27,0.00208750,1.69000000
2018-02-25 08:20:27,0.00208770,35.01000000
2018-02-25 08:20:28,0.00208730,7.06000000
2018-02-25 08:20:31,0.00208760,6.63000000
2018-02-25 08:20:31,0.00208770,22.08000000
2018-02-25 08:20:32,0.00208760,1.61000000
2018-02-25 08:21:09,0.00208540,14.63000000
2018-02-25 08:21:09,0.00208530,17.01000000
2018-02-25 08:21:09,0.00208210,4.79000000
2018-02-25 08:21:09,0.00208170,23.53000000
2018-02-25 08:21:09,0.00208110,79.50000000
2018-02-25 08:21:21,0.00208710,2.38000000
2018-02-25 08:21:21,0.00208720,1.60000000
2018-02-25 08:21:21,0.00208760,8.32000000
2018-02-25 08:21:43,0.00208750,4.74000000
2018-02-25 08:21:43,0.00208760,0.07000000
2018-02-25 08:21:43,0.00208860,2.86000000
2018-02-25 08:21:43,0.00209000,0.71000000
2018-02-25 08:21:43,0.00209100,5.83000000
2018-02-25 08:22:20,0.00209080,0.48000000
2018-02-25 08:22:20,0.00209090,5.35000000
2018-02-25 08:22:53,0.00209080,23.53000000
2018-02-25 08:22:53,0.00209090,51.69000000
2018-02-25 08:22:55,0.00209090,25.44000000
2018-02-25 08:22:55,0.00209100,9.46000000
2018-02-25 08:23:29,0.00209300,87.48000000
2018-02-25 08:23:34,0.00209300,5.20000000
2018-02-25 08:23:36,0.00209310,29.12000000
2018-02-25 08:23:37,0.00209310,10.85000000
2018-02-25 08:23:37,0.00209310,14.92000000
2018-02-25 08:23:53,0.00209170,1.06000000
2018-02-25 08:24:04,0.00209570,1.06000000
2018-02-25 08:24:04,0.00210380,0.49000000
2018-02-25 08:24:04,0.00210400,3.45000000
2018-02-25 08:24:06,0.00209560,2.07000000
2018-02-25 08:24:06,0.00209560,1.94000000
2018-02-25 08:24:06,0.00209560,0.06000000
2018-02-25 08:24:08,0.00210390,10.00000000
2018-02-25 08:24:11,0.00209610,0.03000000
2018-02-25 08:24:15,0.00209690,7.50000000
2018-02-25 08:24:15,0.00209710,0.01000000
2018-02-25 08:24:19,0.00209770,30.23000000
2018-02-25 08:24:20,0.00209770,0.72000000
2018-02-25 08:24:21,0.00209810,1.00000000
2018-02-25 08:24:24,0.00209830,0.49000000
2018-02-25 08:24:24,0.00209830,0.04000000
2018-02-25 08:24:39,0.00209590,2.15000000
2018-02-25 08:24:39,0.00209580,5.37000000
2018-02-25 08:24:40,0.00209580,0.59000000
2018-02-25 08:24:41,0.00209580,0.71000000
2018-02-25 08:24:41,0.00209580,1.08000000
2018-02-25 08:24:41,0.00209570,1.45000000
2018-02-25 08:24:51,0.00209900,9.71000000
2018-02-25 08:24:51,0.00209610,12.66000000
2018-02-25 08:24:55,0.00209610,0.69000000
2018-02-25 08:25:05,0.00209650,2.88000000
2018-02-25 08:25:05,0.00209360,7.49000000
2018-02-25 08:25:10,0.00209590,4.00000000
2018-02-25 08:25:35,0.00209330,2.06000000
2018-02-25 08:25:39,0.00209300,28.23000000
2018-02-25 08:25:42,0.00209270,0.53000000
2018-02-25 08:25:47,0.00208760,1.11000000
2018-02-25 08:26:04,0.00208940,0.53000000
2018-02-25 08:26:05,0.00208930,0.80000000
2018-02-25 08:26:10,0.00208850,15.50000000
2018-02-25 08:26:18,0.00208710,18.32000000
2018-02-25 08:26:20,0.00208710,2.37000000
2018-02-25 08:26:26,0.00209180,0.01000000
2018-02-25 08:26:35,0.00209300,0.48000000
2018-02-25 08:26:35,0.00209300,0.59000000
2018-02-25 08:26:35,0.00209300,0.59000000
2018-02-25 08:26:51,0.00209230,2.51000000
2018-02-25 08:27:14,0.00208770,0.48000000
2018-02-25 08:27:14,0.00209180,0.48000000
2018-02-25 08:27:22,0.00209160,0.48000000
2018-02-25 08:27:56,0.00208760,0.48000000
2018-02-25 08:28:05,0.00209060,2.47000000
2018-02-25 08:28:15,0.00209040,49.82000000
2018-02-25 08:28:15,0.00209050,6.65000000
2018-02-25 08:28:15,0.00209070,0.82000000
2018-02-25 08:28:17,0.00209110,5.28000000
2018-02-25 08:28:17,0.00209120,34.95000000
2018-02-25 08:29:15,0.00209120,5.00000000
2018-02-25 08:30:32,0.00209120,6.01000000
2018-02-25 08:30:56,0.00208760,14.37000000
2018-02-25 08:30:56,0.00208760,14.37000000
2018-02-25 08:30:58,0.00208760,3.10000000
2018-02-25 08:30:59,0.00208760,0.85000000
2018-02-25 08:31:00,0.00208760,3.62000000
2018-02-25 08:31:02,0.00208760,1.12000000
2018-02-25 08:31:21,0.00208900,3.13000000
2018-02-25 08:31:21,0.00208900,0.63000000
2018-02-25 08:31:56,0.00208760,0.01000000
2018-02-25 08:31:56,0.00208750,0.01000000
2018-02-25 08:31:58,0.00208750,0.52000000
2018-02-25 08:31:58,0.00208670,7.00000000
2018-02-25 08:32:01,0.00208670,3.31000000
2018-02-25 08:32:02,0.00208670,1.93000000
2018-02-25 08:32:03,0.00208670,1.18000000
2018-02-25 08:33:10,0.00209110,0.48000000
2018-02-25 08:33:15,0.00208690,1.24000000
2018-02-25 08:33:20,0.00209110,1.91000000
2018-02-25 08:33:20,0.00209120,8.09000000
2018-02-25 08:33:27,0.00209120,3.77000000
2018-02-25 08:33:28,0.00209120,50.00000000
2018-02-25 08:33:34,0.00209120,10.00000000
2018-02-25 08:33:44,0.00209120,10.00000000
2018-02-25 08:33:58,0.00209110,1.09000000
2018-02-25 08:35:08,0.00209110,14.05000000
2018-02-25 08:35:08,0.00209120,48.63000000
2018-02-25 08:35:08,0.00209510,2.55000000
2018-02-25 08:35:08,0.00209800,9.71000000
2018-02-25 08:35:08,0.00209930,1.59000000
2018-02-25 08:35:08,0.00209950,0.62000000
2018-02-25 08:35:38,0.00209790,0.66000000
2018-02-25 08:35:38,0.00209890,2.15000000
2018-02-25 08:35:38,0.00209940,2.51000000
2018-02-25 08:35:38,0.00209950,4.68000000
2018-02-25 08:35:41,0.00209940,22.16000000
2018-02-25 08:35:41,0.00209940,2.38000000
2018-02-25 08:35:44,0.00209450,0.47000000
2018-02-25 08:35:46,0.00209470,1.72000000
2018-02-25 08:36:00,0.00209530,45.63000000
2018-02-25 08:36:00,0.00209520,0.03000000
2018-02-25 08:36:04,0.00209910,0.48000000
2018-02-25 08:36:37,0.00209800,3.19000000
2018-02-25 08:36:49,0.00209500,10.00000000
2018-02-25 08:36:49,0.00209340,2.20000000
2018-02-25 08:37:05,0.00209750,0.48000000
2018-02-25 08:37:55,0.00209430,42.08000000
2018-02-25 08:39:10,0.00209430,4.78000000
2018-02-25 08:39:14,0.00209430,0.48000000
2018-02-25 08:39:15,0.00209460,0.48000000
2018-02-25 08:39:28,0.00209460,1.75000000
2018-02-25 08:39:42,0.00209470,4.07000000
2018-02-25 08:39:49,0.00209430,15.69000000
2018-02-25 08:39:53,0.00209430,29.62000000
2018-02-25 08:40:21,0.00209430,20.87000000
2018-02-25 08:40:28,0.00209470,43.89000000
2018-02-25 08:40:32,0.00209430,9.29000000
2018-02-25 08:40:36,0.00209750,12.39000000
2018-02-25 08:40:37,0.00209750,5.77000000
2018-02-25 08:41:34,0.00209750,3.24000000
2018-02-25 08:41:42,0.00209240,0.96000000
2018-02-25 08:42:07,0.00209340,14.29000000
2018-02-25 08:42:08,0.00209750,30.89000000
2018-02-25 08:42:08,0.00209750,37.61000000
2018-02-25 08:42:11,0.00209340,3.20000000
2018-02-25 08:42:13,0.00209360,0.96000000
2018-02-25 08:42:19,0.00209740,2.42000000
2018-02-25 08:42:32,0.00209740,16.99000000
2018-02-25 08:42:32,0.00209750,2.37000000
2018-02-25 08:42:36,0.00209860,0.48000000
2018-02-25 08:42:36,0.00209750,0.01000000
2018-02-25 08:42:51,0.00209750,6.18000000
2018-02-25 08:42:51,0.00209950,45.01000000
2018-02-25 08:42:51,0.00210000,0.96000000
2018-02-25 08:42:54,0.00209990,4.76000000
2018-02-25 08:42:57,0.00209990,2.00000000
2018-02-25 08:43:26,0.00209750,1.51000000
2018-02-25 08:43:26,0.00209970,26.81000000
2018-02-25 08:43:26,0.00209990,23.73000000
2018-02-25 08:43:46,0.00209570,0.48000000
2018-02-25 08:43:47,0.00209570,0.59000000
2018-02-25 08:44:08,0.00209570,46.67000000
2018-02-25 08:44:08,0.00209560,2.38000000
2018-02-25 08:44:13,0.00209250,5.82000000
2018-02-25 08:44:13,0.00209240,0.59000000
2018-02-25 08:44:13,0.00209240,1.21000000
2018-02-25 08:44:15,0.00209240,43.56000000
2018-02-25 08:44:17,0.00209570,8.08000000
2018-02-25 08:44:20,0.00209570,0.02000000
2018-02-25 08:45:16,0.00209250,0.48000000
2018-02-25 08:45:24,0.00209700,1.00000000
2018-02-25 08:45:25,0.00209500,0.38000000
2018-02-25 08:45:51,0.00209500,1.62000000
2018-02-25 08:45:52,0.00209500,1.00000000
2018-02-25 08:45:52,0.00209500,4.29000000
2018-02-25 08:45:53,0.00209240,2.39000000
2018-02-25 08:45:53,0.00209210,1.15000000
2018-02-25 08:45:53,0.00209080,19.78000000
2018-02-25 08:45:53,0.00209020,22.09000000
2018-02-25 08:45:53,0.00209000,5.73000000
2018-02-25 08:45:53,0.00208730,0.53000000
2018-02-25 08:45:53,0.00208710,1.95000000
2018-02-25 08:45:53,0.00208700,4.78000000
2018-02-25 08:45:53,0.00208680,1.42000000
2018-02-25 08:45:53,0.00208660,5.00000000
2018-02-25 08:45:53,0.00208540,1.21000000
2018-02-25 08:45:53,0.00208340,4.88000000
2018-02-25 08:45:53,0.00208210,118.90000000
2018-02-25 08:45:54,0.00209470,6.61000000
2018-02-25 08:45:54,0.00209470,0.81000000
2018-02-25 08:45:54,0.00209270,1.42000000
2018-02-25 08:45:56,0.00209450,18.19000000
2018-02-25 08:45:57,0.00209450,0.01000000
2018-02-25 08:45:57,0.00209460,1.38000000
2018-02-25 08:45:57,0.00209470,3.61000000
2018-02-25 08:45:57,0.00209470,8.75000000
2018-02-25 08:45:58,0.00209500,0.02000000
2018-02-25 08:45:58,0.00209680,0.98000000
2018-02-25 08:46:16,0.00209670,0.53000000
2018-02-25 08:46:16,0.00209710,5.74000000
2018-02-25 08:46:16,0.00209880,1.16000000
2018-02-25 08:46:24,0.00209860,1.12000000
2018-02-25 08:47:22,0.00209840,5.00000000
2018-02-25 08:48:09,0.00209440,20.00000000
2018-02-25 08:48:09,0.00209430,2.38000000
2018-02-25 08:48:09,0.00209120,19.81000000
2018-02-25 08:48:09,0.00208910,0.53000000
2018-02-25 08:48:09,0.00208850,1.42000000
2018-02-25 08:48:09,0.00208440,4.88000000
2018-02-25 08:48:09,0.00208420,9.75000000
2018-02-25 08:48:09,0.00208220,4.88000000
2018-02-25 08:48:09,0.00208200,0.72000000
2018-02-25 08:48:09,0.00208120,1.17000000
2018-02-25 08:48:09,0.00208110,20.12000000
2018-02-25 08:48:10,0.00209430,1.42000000
2018-02-25 08:48:11,0.00209430,14.30000000
2018-02-25 08:48:11,0.00209430,4.28000000
2018-02-25 08:48:11,0.00209440,1.42000000
2018-02-25 08:48:12,0.00209800,2.38000000
2018-02-25 08:48:12,0.00209810,19.81000000
2018-02-25 08:48:12,0.00209830,54.00000000
2018-02-25 08:48:24,0.00209220,0.48000000
2018-02-25 08:48:35,0.00209430,1.00000000
2018-02-25 08:48:38,0.00209830,0.96000000
2018-02-25 08:48:38,0.00209840,1.80000000
2018-02-25 08:48:40,0.00209840,0.07000000
2018-02-25 08:48:48,0.00209840,0.72000000
2018-02-25 08:48:48,0.00209840,16.41000000
2018-02-25 08:49:06,0.00209840,0.48000000
2018-02-25 08:49:13,0.00209830,9.53000000
2018-02-25 08:49:50,0.00209500,0.92000000
2018-02-25 08:50:31,0.00209500,1.00000000
2018-02-25 08:50:34,0.00209500,0.75000000
2018-02-25 08:50:37,0.00209500,2.38000000
2018-02-25 08:50:37,0.00209500,8.96000000
2018-02-25 08:50:37,0.00209500,25.93000000
2018-02-25 08:50:37,0.00209500,14.30000000
2018-02-25 08:50:37,0.00209500,4.71000000
2018-02-25 08:50:49,0.00209690,0.48000000
2018-02-25 08:50:50,0.00209690,6.61000000
2018-02-25 08:50:58,0.00209680,9.75000000
2018-02-25 08:50:59,0.00209680,6.15000000
2018-02-25 08:51:01,0.00209680,1.27000000
2018-02-25 08:51:19,0.00209590,1.98000000
2018-02-25 08:51:19,0.00209570,2.37000000
2018-02-25 08:51:19,0.00209390,2.38000000
2018-02-25 08:51:19,0.00209160,0.69000000
2018-02-25 08:51:59,0.00209670,1.17000000
2018-02-25 08:53:20,0.00209400,1.57000000
2018-02-25 08:53:21,0.00209400,3.64000000
2018-02-25 08:53:29,0.00209400,0.15000000
2018-02-25 08:54:03,0.00209160,4.09000000
2018-02-25 08:54:03,0.00208750,19.22000000
2018-02-25 08:54:03,0.00208740,1.42000000
2018-02-25 08:54:03,0.00208700,0.53000000
2018-02-25 08:54:03,0.00208350,36.96000000
2018-02-25 08:54:06,0.00208460,0.48000000
2018-02-25 08:54:14,0.00209300,0.54000000
2018-02-25 08:54:16,0.00208730,1.05000000
2018-02-25 08:54:16,0.00208710,5.38000000
2018-02-25 08:54:16,0.00208690,53.37000000
2018-02-25 08:54:16,0.00208640,17.30000000
2018-02-25 08:54:20,0.00209260,5.38000000
2018-02-25 08:54:20,0.00209270,1.72000000
2018-02-25 08:54:25,0.00209280,3.21000000
2018-02-25 08:54:36,0.00208740,39.27000000
2018-02-25 08:55:08,0.00209050,39.75000000
2018-02-25 08:55:10,0.00208590,0.48000000
2018-02-25 08:55:12,0.00209040,17.30000000
2018-02-25 08:55:15,0.00209040,19.66000000
2018-02-25 08:55:29,0.00209310,17.30000000
2018-02-25 08:55:31,0.00208790,34.32000000
2018-02-25 08:55:40,0.00208870,12.85000000
2018-02-25 08:56:09,0.00209330,1.42000000
2018-02-25 08:56:09,0.00209400,10.41000000
2018-02-25 08:56:09,0.00209400,0.54000000
2018-02-25 08:56:20,0.00208870,0.27000000
2018-02-25 08:56:20,0.00208860,0.21000000
2018-02-25 08:56:21,0.00209380,8.62000000
2018-02-25 08:56:24,0.00209360,39.30000000
2018-02-25 08:56:27,0.00209380,4.35000000
2018-02-25 08:56:30,0.00209380,15.65000000
2018-02-25 08:56:32,0.00209380,35.20000000
2018-02-25 08:56:36,0.00209390,0.54000000
2018-02-25 08:56:36,0.00209400,0.53000000
2018-02-25 08:56:36,0.00209610,2.77000000
2018-02-25 08:56:40,0.00209610,17.14000000
2018-02-25 08:56:42,0.00209030,0.81000000
2018-02-25 08:56:43,0.00209050,2.77000000
2018-02-25 08:56:43,0.00209080,14.34000000
2018-02-25 08:56:43,0.00209090,5.66000000
2018-02-25 08:56:43,0.00209730,4.88000000
2018-02-25 08:56:44,0.00209090,13.00000000
2018-02-25 08:56:44,0.00209090,0.85000000
2018-02-25 08:56:45,0.00209110,4.48000000
2018-02-25 08:56:45,0.00209140,2.18000000
2018-02-25 08:56:45,0.00209130,3.48000000
2018-02-25 08:56:45,0.00209140,2.18000000
2018-02-25 08:56:45,0.00209140,3.96000000
2018-02-25 08:56:45,0.00209140,14.34000000
2018-02-25 08:56:45,0.00209140,1.98000000
2018-02-25 08:56:46,0.00209140,1.50000000
2018-02-25 08:56:46,0.00209120,5.03000000
2018-02-25 08:56:46,0.00209100,0.81000000
2018-02-25 08:56:46,0.00209100,0.85000000
2018-02-25 08:56:47,0.00209100,0.85000000
2018-02-25 08:56:48,0.00209100,14.90000000
2018-02-25 08:56:50,0.00209020,2.43000000
2018-02-25 08:56:53,0.00209630,2.39000000
2018-02-25 08:57:00,0.00209560,2.39000000
2018-02-25 08:57:04,0.00209460,46.75000000
2018-02-25 08:57:04,0.00209470,2.39000000
2018-02-25 08:57:08,0.00209450,17.82000000
2018-02-25 08:57:08,0.00209460,5.03000000
2018-02-25 08:57:09,0.00209470,0.11000000
2018-02-25 08:57:14,0.00209010,0.81000000
2018-02-25 08:57:15,0.00209010,0.85000000
2018-02-25 08:57:16,0.00209040,0.81000000
2018-02-25 08:57:17,0.00209040,1.58000000
2018-02-25 08:57:17,0.00209020,1.41000000
2018-02-25 08:57:17,0.00209030,1.94000000
2018-02-25 08:57:18,0.00209350,1.66000000
2018-02-25 08:57:18,0.00209360,78.34000000
2018-02-25 08:57:19,0.00209030,0.85000000
2018-02-25 08:57:23,0.00209360,1.66000000
2018-02-25 08:57:24,0.00209030,8.75000000
2018-02-25 08:57:25,0.00209040,0.81000000
2018-02-25 08:57:26,0.00209050,0.81000000
2018-02-25 08:57:31,0.00209050,7.65000000
2018-02-25 08:57:31,0.00209020,0.02000000
2018-02-25 08:57:31,0.00209000,3.83000000
2018-02-25 08:57:35,0.00209010,47.82000000
2018-02-25 08:57:35,0.00209000,30.68000000
2018-02-25 08:57:42,0.00209000,3.92000000
2018-02-25 08:57:44,0.00209000,14.03000000
2018-02-25 08:57:48,0.00209000,0.49000000
2018-02-25 08:57:55,0.00209010,0.93000000
2018-02-25 08:58:07,0.00209010,0.01000000
2018-02-25 08:59:08,0.00209010,0.05000000
2018-02-25 08:59:17,0.00209000,3.43000000
2018-02-25 08:59:26,0.00209000,2.39000000
