DATE,PRICE,VOLUME
2018-02-24 01:00:21,0.00215800,1.15000000
2018-02-24 01:00:29,0.00215800,2.17000000
2018-02-24 01:00:56,0.00215800,1.15000000
2018-02-24 01:01:20,0.00215800,1.14000000
2018-02-24 01:01:41,0.00215800,19.22000000
2018-02-24 01:01:41,0.00216150,1.38000000
2018-02-24 01:01:41,0.00216160,4.62000000
2018-02-24 01:01:41,0.00216200,1.38000000
2018-02-24 01:01:41,0.00216370,4.53000000
2018-02-24 01:01:41,0.00217050,10.27000000
2018-02-24 01:01:41,0.00217280,4.62000000
2018-02-24 01:01:41,0.00217290,40.44000000
2018-02-24 01:01:41,0.00217500,178.32000000
2018-02-24 01:01:43,0.00217300,1.15000000
2018-02-24 01:01:43,0.00217400,20.10000000
2018-02-24 01:01:43,0.00217410,1.15000000
2018-02-24 01:01:43,0.00217480,19.39000000
2018-02-24 01:01:43,0.00217490,22.55000000
2018-02-24 01:01:43,0.00215920,3.45000000
2018-02-24 01:01:44,0.00215930,6.90000000
2018-02-24 01:01:44,0.00217470,16.10000000
2018-02-24 01:01:45,0.00217460,5.36000000
2018-02-24 01:01:49,0.00217450,1.66000000
2018-02-24 01:01:49,0.00216090,0.88000000
2018-02-24 01:01:49,0.00216090,14.77000000
2018-02-24 01:01:49,0.00216530,1.38000000
2018-02-24 01:01:49,0.00216090,1.38000000
2018-02-24 01:01:49,0.00216090,1.38000000
2018-02-24 01:01:49,0.00216100,4.59000000
2018-02-24 01:01:49,0.00216100,4.88000000
2018-02-24 01:01:50,0.00216500,0.46000000
2018-02-24 01:01:50,0.00216500,8.99000000
2018-02-24 01:02:00,0.00216480,12.41000000
2018-02-24 01:02:00,0.00216490,1.37000000
2018-02-24 01:02:00,0.00216510,2.30000000
2018-02-24 01:02:00,0.00216530,3.20000000
2018-02-24 01:02:00,0.00217100,4.53000000
2018-02-24 01:02:00,0.00217410,0.46000000
2018-02-24 01:02:00,0.00217500,51.23000000
2018-02-24 01:02:01,0.00216300,12.01000000
2018-02-24 01:02:01,0.00216320,2.89000000
2018-02-24 01:02:03,0.00216360,0.35000000
2018-02-24 01:02:03,0.00216360,9.96000000
2018-02-24 01:02:03,0.00216450,4.53000000
2018-02-24 01:02:04,0.00216460,12.52000000
2018-02-24 01:02:04,0.00216460,8.47000000
2018-02-24 01:02:04,0.00216460,1.12000000
2018-02-24 01:02:23,0.00216580,0.50000000
2018-02-24 01:02:45,0.00216500,3.21000000
2018-02-24 01:02:51,0.00216990,10.00000000
2018-02-24 01:03:09,0.00216850,4.61000000
2018-02-24 01:03:40,0.00216710,1.87000000
2018-02-24 01:03:46,0.00216690,14.48000000
2018-02-24 01:03:50,0.00216670,7.75000000
2018-02-24 01:03:50,0.00216670,1.86000000
2018-02-24 01:03:51,0.00216570,9.06000000
2018-02-24 01:03:52,0.00216670,5.62000000
2018-02-24 01:03:52,0.00216670,0.02000000
2018-02-24 01:03:52,0.00216680,0.50000000
2018-02-24 01:04:14,0.00216920,1.27000000
2018-02-24 01:04:31,0.00216920,19.51000000
2018-02-24 01:04:33,0.00216920,3.05000000
2018-02-24 01:04:39,0.00216920,2.00000000
2018-02-24 01:04:42,0.00216920,20.30000000
2018-02-24 01:04:42,0.00216920,4.91000000
2018-02-24 01:04:42,0.00216920,5.73000000
2018-02-24 01:04:43,0.00216910,0.85000000
2018-02-24 01:04:43,0.00216910,0.87000000
2018-02-24 01:04:49,0.00216890,5.50000000
2018-02-24 01:04:55,0.00216670,3.00000000
2018-02-24 01:05:09,0.00216670,0.18000000
2018-02-24 01:05:09,0.00216410,2.73000000
2018-02-24 01:05:09,0.00216410,1.80000000
2018-02-24 01:05:09,0.00216150,0.15000000
2018-02-24 01:05:25,0.00216530,3.21000000
2018-02-24 01:05:25,0.00216540,38.91000000
2018-02-24 01:05:57,0.00216670,38.57000000
2018-02-24 01:05:57,0.00216550,2.42000000
2018-02-24 01:06:09,0.00216570,23.08000000
2018-02-24 01:06:09,0.00216550,2.19000000
2018-02-24 01:06:09,0.00216540,6.00000000
2018-02-24 01:06:09,0.00216230,19.34000000
2018-02-24 01:06:09,0.00216090,4.53000000
2018-02-24 01:06:09,0.00216060,1.33000000
2018-02-24 01:06:09,0.00215940,4.61000000
2018-02-24 01:06:09,0.00215930,177.16000000
2018-02-24 01:06:09,0.00215860,5.82000000
2018-02-24 01:06:09,0.00215800,0.47000000
2018-02-24 01:06:09,0.00215720,4.88000000
2018-02-24 01:06:09,0.00215710,5.59000000
2018-02-24 01:06:56,0.00215710,5.37000000
2018-02-24 01:07:01,0.00215710,2.13000000
2018-02-24 01:07:01,0.00215700,46.35000000
2018-02-24 01:07:01,0.00215220,331.03000000
2018-02-24 01:07:01,0.00215210,190.00000000
2018-02-24 01:07:01,0.00215200,9.75000000
2018-02-24 01:07:01,0.00215160,4.53000000
2018-02-24 01:07:01,0.00215100,0.92000000
2018-02-24 01:07:01,0.00215000,23.74000000
2018-02-24 01:07:01,0.00214970,111.96000000
2018-02-24 01:07:01,0.00214900,10.00000000
2018-02-24 01:07:01,0.00214810,19.81000000
2018-02-24 01:07:01,0.00214780,66.02000000
2018-02-24 01:07:01,0.00214750,2.47000000
2018-02-24 01:07:01,0.00214740,17.72000000
2018-02-24 01:07:01,0.00214720,1.93000000
2018-02-24 01:07:01,0.00214710,46.56000000
2018-02-24 01:07:01,0.00214670,36.63000000
2018-02-24 01:07:01,0.00214630,32.85000000
2018-02-24 01:07:01,0.00214610,19.46000000
2018-02-24 01:07:01,0.00214600,25.64000000
2018-02-24 01:07:01,0.00214590,10.00000000
2018-02-24 01:07:01,0.00214490,43.28000000
2018-02-24 01:07:01,0.00214450,21.18000000
2018-02-24 01:07:01,0.00214310,8.57000000
2018-02-24 01:07:01,0.00214280,11.37000000
2018-02-24 01:07:01,0.00214190,22.39000000
2018-02-24 01:07:01,0.00214140,1.50000000
2018-02-24 01:07:01,0.00214100,1.60000000
2018-02-24 01:07:01,0.00214030,16.00000000
2018-02-24 01:07:01,0.00214010,21.86000000
2018-02-24 01:07:01,0.00214000,204.99000000
2018-02-24 01:07:01,0.00213950,3.13000000
2018-02-24 01:07:01,0.00213910,3.00000000
2018-02-24 01:07:01,0.00213800,2.00000000
2018-02-24 01:07:01,0.00213740,10.06000000
2018-02-24 01:07:01,0.00213700,0.55000000
2018-02-24 01:07:01,0.00213590,3.81000000
2018-02-24 01:07:01,0.00213500,23.28000000
2018-02-24 01:07:01,0.00213490,45.00000000
2018-02-24 01:07:01,0.00213470,701.97000000
2018-02-24 01:07:01,0.00213420,40.30000000
2018-02-24 01:07:01,0.00213280,1.50000000
2018-02-24 01:07:01,0.00213140,83.79000000
2018-02-24 01:07:01,0.00213080,10.00000000
2018-02-24 01:07:01,0.00213070,7.29000000
2018-02-24 01:07:01,0.00213040,41.03000000
2018-02-24 01:07:01,0.00213020,209.55000000
2018-02-24 01:07:01,0.00213000,56.25000000
2018-02-24 01:07:01,0.00212900,10.00000000
2018-02-24 01:07:01,0.00212790,0.51000000
2018-02-24 01:07:01,0.00212600,5.41000000
2018-02-24 01:07:01,0.00212500,382.57000000
2018-02-24 01:07:01,0.00214000,2.98000000
2018-02-24 01:07:01,0.00214000,0.02000000
2018-02-24 01:07:01,0.00214510,58.51000000
2018-02-24 01:07:03,0.00215070,4.36000000
2018-02-24 01:07:03,0.00215210,4.35000000
2018-02-24 01:07:03,0.00215360,4.35000000
2018-02-24 01:07:03,0.00215370,0.55000000
2018-02-24 01:07:03,0.00215840,19.33000000
2018-02-24 01:07:04,0.00215260,1.78000000
2018-02-24 01:07:09,0.00215020,0.04000000
2018-02-24 01:07:10,0.00215020,1.86000000
2018-02-24 01:07:10,0.00215020,4.17000000
2018-02-24 01:07:11,0.00215020,3.35000000
2018-02-24 01:07:12,0.00214690,0.02000000
2018-02-24 01:07:13,0.00215020,0.02000000
2018-02-24 01:07:15,0.00215020,1.75000000
2018-02-24 01:07:15,0.00215020,1.12000000
2018-02-24 01:07:16,0.00215020,0.85000000
2018-02-24 01:07:17,0.00215010,1.54000000
2018-02-24 01:07:19,0.00215120,11.62000000
2018-02-24 01:07:27,0.00215120,17.06000000
2018-02-24 01:07:27,0.00215130,46.00000000
2018-02-24 01:07:27,0.00215140,63.12000000
2018-02-24 01:07:27,0.00215250,1.38000000
2018-02-24 01:07:27,0.00215390,71.00000000
2018-02-24 01:07:31,0.00215470,0.55000000
2018-02-24 01:07:32,0.00215470,2.32000000
2018-02-24 01:07:34,0.00215540,7.71000000
2018-02-24 01:07:34,0.00215740,1.62000000
2018-02-24 01:07:40,0.00215730,1.39000000
2018-02-24 01:07:40,0.00215730,74.24000000
2018-02-24 01:07:44,0.00215730,0.70000000
2018-02-24 01:08:00,0.00215760,1.16000000
2018-02-24 01:08:11,0.00215290,43.23000000
2018-02-24 01:08:13,0.00215290,1.00000000
2018-02-24 01:08:22,0.00215290,2.31000000
2018-02-24 01:08:22,0.00215280,4.64000000
2018-02-24 01:08:29,0.00215000,8.79000000
2018-02-24 01:08:31,0.00215280,1.87000000
2018-02-24 01:08:34,0.00215280,4.64000000
2018-02-24 01:08:35,0.00215000,8.29000000
2018-02-24 01:08:37,0.00215000,6.17000000
2018-02-24 01:08:46,0.00214790,2.23000000
2018-02-24 01:08:47,0.00214790,7.35000000
2018-02-24 01:08:48,0.00214630,1.72000000
2018-02-24 01:08:49,0.00214630,3.72000000
2018-02-24 01:08:50,0.00214620,0.81000000
2018-02-24 01:08:50,0.00214620,25.00000000
2018-02-24 01:08:50,0.00214630,7.61000000
2018-02-24 01:08:50,0.00214780,0.89000000
2018-02-24 01:08:52,0.00214670,11.32000000
2018-02-24 01:08:52,0.00214670,8.14000000
2018-02-24 01:08:52,0.00214360,3.19000000
2018-02-24 01:08:53,0.00214740,33.50000000
2018-02-24 01:08:54,0.00214390,2.33000000
2018-02-24 01:08:54,0.00214370,0.86000000
2018-02-24 01:08:59,0.00214740,0.90000000
2018-02-24 01:08:59,0.00214740,2.23000000
2018-02-24 01:08:59,0.00214780,3.75000000
2018-02-24 01:08:59,0.00214800,5.71000000
2018-02-24 01:09:01,0.00214410,17.38000000
2018-02-24 01:09:02,0.00214670,7.28000000
2018-02-24 01:09:03,0.00214430,2.33000000
2018-02-24 01:09:03,0.00214420,38.98000000
2018-02-24 01:09:09,0.00214420,0.01000000
2018-02-24 01:09:10,0.00214800,1.40000000
2018-02-24 01:09:10,0.00214800,1.86000000
2018-02-24 01:09:22,0.00214800,2.09000000
2018-02-24 01:09:29,0.00214800,1.81000000
2018-02-24 01:09:31,0.00214460,0.59000000
2018-02-24 01:09:31,0.00214420,23.08000000
2018-02-24 01:09:36,0.00214800,0.91000000
2018-02-24 01:09:37,0.00214420,19.81000000
2018-02-24 01:09:38,0.00214380,21.62000000
2018-02-24 01:09:38,0.00214380,25.00000000
2018-02-24 01:09:38,0.00214370,1.14000000
2018-02-24 01:09:38,0.00214370,3.52000000
2018-02-24 01:09:38,0.00214100,4.53000000
2018-02-24 01:09:38,0.00214070,2.88000000
2018-02-24 01:09:38,0.00214040,1.07000000
2018-02-24 01:09:38,0.00214000,6.26000000
2018-02-24 01:09:39,0.00214790,43.00000000
2018-02-24 01:09:48,0.00214090,3.94000000
2018-02-24 01:09:49,0.00214150,2.12000000
2018-02-24 01:09:49,0.00214090,1.23000000
2018-02-24 01:09:49,0.00214080,0.85000000
2018-02-24 01:09:56,0.00214630,3.60000000
2018-02-24 01:09:59,0.00214610,4.66000000
2018-02-24 01:09:59,0.00214800,4.53000000
2018-02-24 01:09:59,0.00214890,19.37000000
2018-02-24 01:10:01,0.00214600,0.65000000
2018-02-24 01:10:16,0.00214600,5.40000000
2018-02-24 01:10:17,0.00214600,0.19000000
2018-02-24 01:10:20,0.00214700,5.40000000
2018-02-24 01:10:20,0.00215110,2.02000000
2018-02-24 01:10:22,0.00215110,0.29000000
2018-02-24 01:10:24,0.00215270,1.26000000
2018-02-24 01:10:24,0.00215270,0.93000000
2018-02-24 01:10:36,0.00214630,1.50000000
2018-02-24 01:10:43,0.00214630,0.22000000
2018-02-24 01:10:43,0.00215310,1.17000000
2018-02-24 01:10:46,0.00215300,0.93000000
2018-02-24 01:10:48,0.00214440,1.49000000
2018-02-24 01:10:49,0.00215110,5.16000000
2018-02-24 01:10:50,0.00215110,1.41000000
2018-02-24 01:10:50,0.00215290,3.72000000
2018-02-24 01:10:53,0.00215100,1.49000000
2018-02-24 01:10:53,0.00215290,0.66000000
2018-02-24 01:11:14,0.00215220,0.82000000
2018-02-24 01:11:14,0.00215290,2.11000000
2018-02-24 01:11:14,0.00215290,2.12000000
2018-02-24 01:11:24,0.00215290,2.71000000
2018-02-24 01:11:28,0.00215290,1.16000000
2018-02-24 01:11:31,0.00215290,1.53000000
2018-02-24 01:12:15,0.00215290,3.80000000
2018-02-24 01:12:17,0.00215290,70.36000000
2018-02-24 01:12:27,0.00215500,0.65000000
2018-02-24 01:13:03,0.00215290,0.68000000
2018-02-24 01:13:06,0.00215290,62.13000000
2018-02-24 01:13:18,0.00215290,32.06000000
2018-02-24 01:13:18,0.00215420,0.98000000
2018-02-24 01:13:18,0.00215490,0.47000000
2018-02-24 01:13:18,0.00215500,21.66000000
2018-02-24 01:13:20,0.00214910,1.90000000
2018-02-24 01:13:34,0.00215020,1.00000000
2018-02-24 01:13:51,0.00215490,1.90000000
2018-02-24 01:13:51,0.00215500,21.93000000
2018-02-24 01:13:51,0.00215510,560.53000000
2018-02-24 01:13:56,0.00215140,5.62000000
2018-02-24 01:13:56,0.00215140,8.82000000
2018-02-24 01:13:56,0.00215150,7.62000000
2018-02-24 01:14:03,0.00215290,1.00000000
2018-02-24 01:14:04,0.00215290,13.25000000
2018-02-24 01:14:04,0.00215290,1.01000000
2018-02-24 01:14:04,0.00215290,2.00000000
2018-02-24 01:14:16,0.00215380,4.64000000
2018-02-24 01:14:16,0.00215370,8.87000000
2018-02-24 01:14:27,0.00215370,11.75000000
2018-02-24 01:14:27,0.00215370,0.47000000
2018-02-24 01:15:24,0.00215280,0.50000000
2018-02-24 01:15:42,0.00215280,4.64000000
2018-02-24 01:15:44,0.00215280,4.64000000
2018-02-24 01:15:44,0.00215050,7.79000000
2018-02-24 01:15:50,0.00215050,1.00000000
2018-02-24 01:16:02,0.00215050,1.00000000
2018-02-24 01:16:20,0.00215280,1.01000000
2018-02-24 01:16:20,0.00215050,0.67000000
2018-02-24 01:16:20,0.00214780,2.71000000
2018-02-24 01:16:59,0.00214780,1.00000000
2018-02-24 01:16:59,0.00214760,49.53000000
2018-02-24 01:17:37,0.00214760,1.00000000
2018-02-24 01:18:49,0.00215120,1.38000000
2018-02-24 01:19:32,0.00215050,20.92000000
2018-02-24 01:19:42,0.00215040,1.01000000
2018-02-24 01:19:58,0.00215000,23.04000000
2018-02-24 01:20:33,0.00214760,12.31000000
2018-02-24 01:20:33,0.00214570,17.69000000
2018-02-24 01:20:45,0.00214990,0.47000000
2018-02-24 01:21:12,0.00214570,8.51000000
2018-02-24 01:21:12,0.00214410,4.53000000
2018-02-24 01:21:12,0.00214220,19.43000000
2018-02-24 01:21:12,0.00214010,2.92000000
2018-02-24 01:21:12,0.00214000,8.14000000
2018-02-24 01:21:12,0.00214000,3.52000000
2018-02-24 01:21:12,0.00214000,3.52000000
2018-02-24 01:21:12,0.00214000,2.93000000
2018-02-24 01:21:12,0.00214000,3.52000000
2018-02-24 01:21:12,0.00214000,3.53000000
2018-02-24 01:21:12,0.00214000,3.51000000
2018-02-24 01:21:12,0.00214000,3.52000000
2018-02-24 01:21:12,0.00214000,3.45000000
2018-02-24 01:21:12,0.00214000,4.00000000
2018-02-24 01:21:12,0.00214000,30.12000000
2018-02-24 01:21:12,0.00214000,1.44000000
2018-02-24 01:21:12,0.00213990,1.72000000
2018-02-24 01:21:12,0.00213990,2.85000000
2018-02-24 01:21:12,0.00213990,3.20000000
2018-02-24 01:21:12,0.00213990,2.85000000
2018-02-24 01:21:12,0.00213990,7.83000000
2018-02-24 01:21:12,0.00213990,3.52000000
2018-02-24 01:21:12,0.00213530,1.08000000
2018-02-24 01:21:12,0.00213530,7.80000000
2018-02-24 01:21:12,0.00213530,3.15000000
2018-02-24 01:21:12,0.00213530,6.00000000
2018-02-24 01:21:12,0.00213530,2.89000000
2018-02-24 01:21:12,0.00213990,10.90000000
2018-02-24 01:21:12,0.00214000,89.10000000
2018-02-24 01:21:12,0.00214000,9.63000000
2018-02-24 01:21:12,0.00214000,13.98000000
2018-02-24 01:21:12,0.00214000,1.29000000
2018-02-24 01:21:12,0.00213350,9.63000000
2018-02-24 01:21:14,0.00213990,0.93000000
2018-02-24 01:21:14,0.00214000,11.10000000
2018-02-24 01:21:14,0.00214000,0.90000000
2018-02-24 01:21:15,0.00213990,3.28000000
2018-02-24 01:21:15,0.00213990,4.30000000
2018-02-24 01:21:17,0.00213930,0.54000000
2018-02-24 01:21:17,0.00213730,2.00000000
2018-02-24 01:21:17,0.00213920,2.00000000
2018-02-24 01:21:18,0.00213920,0.05000000
2018-02-24 01:21:18,0.00213930,3.99000000
2018-02-24 01:21:18,0.00214000,30.54000000
2018-02-24 01:21:20,0.00213990,4.64000000
2018-02-24 01:21:20,0.00214000,16.28000000
2018-02-24 01:21:22,0.00214000,0.97000000
2018-02-24 01:21:23,0.00214000,1.26000000
2018-02-24 01:21:24,0.00214000,2.80000000
2018-02-24 01:21:24,0.00214000,23.36000000
2018-02-24 01:21:26,0.00214000,46.73000000
2018-02-24 01:21:27,0.00214000,0.56000000
2018-02-24 01:21:27,0.00213560,20.92000000
2018-02-24 01:21:29,0.00213600,2.34000000
2018-02-24 01:21:29,0.00213570,4.68000000
2018-02-24 01:21:29,0.00213560,2.34000000
2018-02-24 01:21:29,0.00213530,7.02000000
2018-02-24 01:21:29,0.00213520,2.34000000
2018-02-24 01:21:29,0.00213520,2.34000000
2018-02-24 01:21:29,0.00213520,0.80000000
2018-02-24 01:21:29,0.00213520,0.80000000
2018-02-24 01:21:29,0.00213520,0.79000000
2018-02-24 01:21:29,0.00213520,0.80000000
2018-02-24 01:21:29,0.00213520,6.25000000
2018-02-24 01:21:29,0.00213520,6.80000000
2018-02-24 01:21:29,0.00213530,23.26000000
2018-02-24 01:21:29,0.00213530,3.17000000
2018-02-24 01:21:29,0.00213530,3.16000000
2018-02-24 01:21:29,0.00213530,3.17000000
2018-02-24 01:21:30,0.00213460,3.17000000
2018-02-24 01:21:30,0.00213530,78.08000000
2018-02-24 01:21:30,0.00213530,40.00000000
2018-02-24 01:21:30,0.00213530,0.94000000
2018-02-24 01:21:30,0.00213530,17.61000000
2018-02-24 01:21:30,0.00213990,4.94000000
2018-02-24 01:21:31,0.00213980,0.80000000
2018-02-24 01:21:31,0.00213990,14.63000000
2018-02-24 01:21:31,0.00213990,58.55000000
2018-02-24 01:21:31,0.00213990,29.38000000
2018-02-24 01:21:33,0.00213980,4.66000000
2018-02-24 01:21:34,0.00213980,0.02000000
2018-02-24 01:21:34,0.00213990,20.90000000
2018-02-24 01:21:35,0.00213990,2.57000000
2018-02-24 01:21:36,0.00213990,3.27000000
2018-02-24 01:21:36,0.00213990,1.88000000
2018-02-24 01:21:36,0.00213990,2.01000000
2018-02-24 01:21:36,0.00213990,1.03000000
2018-02-24 01:21:36,0.00213990,1.17000000
2018-02-24 01:21:37,0.00213990,7.81000000
2018-02-24 01:21:37,0.00213990,2.72000000
2018-02-24 01:21:37,0.00213990,6.45000000
2018-02-24 01:21:37,0.00213990,1.03000000
2018-02-24 01:21:37,0.00213990,2.16000000
2018-02-24 01:21:37,0.00213990,2.29000000
2018-02-24 01:21:37,0.00213990,1.82000000
2018-02-24 01:21:37,0.00213990,4.67000000
2018-02-24 01:21:37,0.00213990,1.16000000
2018-02-24 01:21:38,0.00213990,1.40000000
2018-02-24 01:21:38,0.00213990,2.22000000
2018-02-24 01:21:38,0.00213990,3.55000000
2018-02-24 01:21:38,0.00213980,0.80000000
2018-02-24 01:21:38,0.00213990,0.37000000
2018-02-24 01:21:38,0.00213990,1.10000000
2018-02-24 01:21:40,0.00213980,0.79000000
2018-02-24 01:21:40,0.00213990,1.52000000
2018-02-24 01:21:42,0.00213590,20.92000000
2018-02-24 01:21:44,0.00213990,3.04000000
2018-02-24 01:21:44,0.00213990,0.92000000
2018-02-24 01:21:46,0.00213990,1.07000000
2018-02-24 01:21:46,0.00214160,4.53000000
2018-02-24 01:21:46,0.00214160,141.27000000
2018-02-24 01:21:46,0.00213590,44.50000000
2018-02-24 01:21:49,0.00214480,19.43000000
2018-02-24 01:21:49,0.00214770,1.49000000
2018-02-24 01:21:49,0.00214770,1.63000000
2018-02-24 01:21:49,0.00214770,0.47000000
2018-02-24 01:21:50,0.00214770,1.16000000
2018-02-24 01:21:52,0.00213810,6.04000000
2018-02-24 01:21:52,0.00213820,0.98000000
2018-02-24 01:21:53,0.00213830,4.87000000
2018-02-24 01:21:53,0.00213830,4.49000000
2018-02-24 01:21:55,0.00213890,3.16000000
2018-02-24 01:21:56,0.00214810,1.16000000
2018-02-24 01:21:56,0.00214810,1.16000000
2018-02-24 01:21:56,0.00213960,4.53000000
2018-02-24 01:21:59,0.00214000,0.98000000
2018-02-24 01:22:00,0.00213990,1.42000000
2018-02-24 01:22:00,0.00213990,2.33000000
2018-02-24 01:22:07,0.00213980,0.98000000
2018-02-24 01:22:07,0.00214000,314.44000000
2018-02-24 01:22:09,0.00213770,0.15000000
2018-02-24 01:22:20,0.00213970,14.77000000
2018-02-24 01:22:33,0.00213810,5.88000000
2018-02-24 01:22:34,0.00213960,2.93000000
2018-02-24 01:22:42,0.00213970,1.03000000
2018-02-24 01:22:52,0.00213970,4.67000000
2018-02-24 01:22:57,0.00213960,5.14000000
2018-02-24 01:22:57,0.00213960,20.49000000
2018-02-24 01:23:07,0.00213960,27.67000000
2018-02-24 01:23:13,0.00213940,7.37000000
2018-02-24 01:23:17,0.00213930,1.15000000
2018-02-24 01:23:17,0.00213930,1.38000000
2018-02-24 01:23:18,0.00213940,5.29000000
2018-02-24 01:23:22,0.00213810,2.54000000
2018-02-24 01:23:22,0.00213610,0.94000000
2018-02-24 01:23:22,0.00213540,2.67000000
2018-02-24 01:23:22,0.00213500,18.00000000
2018-02-24 01:23:22,0.00213360,21.20000000
2018-02-24 01:23:22,0.00213350,0.86000000
2018-02-24 01:23:22,0.00213340,19.54000000
2018-02-24 01:23:22,0.00213170,1.33000000
2018-02-24 01:23:22,0.00213160,4.53000000
2018-02-24 01:23:22,0.00213000,112.87000000
2018-02-24 01:23:22,0.00213000,60.61000000
2018-02-24 01:23:22,0.00213000,7.48000000
2018-02-24 01:23:22,0.00213000,3.00000000
2018-02-24 01:23:23,0.00213000,6.03000000
2018-02-24 01:23:24,0.00213000,33.23000000
2018-02-24 01:23:24,0.00213000,22.06000000
2018-02-24 01:23:24,0.00212920,1.07000000
2018-02-24 01:23:25,0.00212920,1.05000000
2018-02-24 01:23:25,0.00212920,1.15000000
2018-02-24 01:23:25,0.00212760,4.28000000
2018-02-24 01:23:25,0.00212920,11.09000000
2018-02-24 01:23:26,0.00212920,6.38000000
2018-02-24 01:23:26,0.00212920,0.18000000
2018-02-24 01:23:26,0.00212950,1.33000000
2018-02-24 01:23:27,0.00212950,2.00000000
2018-02-24 01:23:28,0.00213000,39.63000000
2018-02-24 01:23:28,0.00213000,8.43000000
2018-02-24 01:23:29,0.00213000,3.20000000
2018-02-24 01:23:29,0.00213000,0.93000000
2018-02-24 01:23:31,0.00213000,9.39000000
2018-02-24 01:23:31,0.00213000,46.95000000
2018-02-24 01:23:32,0.00213000,20.92000000
2018-02-24 01:23:32,0.00213000,12.71000000
2018-02-24 01:23:33,0.00213000,1.84000000
2018-02-24 01:23:35,0.00212990,5.77000000
2018-02-24 01:23:35,0.00212990,1.69000000
2018-02-24 01:23:35,0.00212990,145.86000000
2018-02-24 01:23:35,0.00213000,55.49000000
2018-02-24 01:23:36,0.00212810,3.60000000
2018-02-24 01:23:36,0.00213000,1.31000000
2018-02-24 01:23:39,0.00212820,20.92000000
2018-02-24 01:23:40,0.00213000,46.94000000
2018-02-24 01:23:42,0.00213000,0.93000000
2018-02-24 01:23:42,0.00213000,4.18000000
2018-02-24 01:23:42,0.00213000,1.50000000
2018-02-24 01:23:44,0.00213000,1.92000000
2018-02-24 01:23:44,0.00213000,5.73000000
2018-02-24 01:23:46,0.00213000,20.92000000
2018-02-24 01:23:46,0.00213000,0.93000000
2018-02-24 01:23:48,0.00213000,1.64000000
2018-02-24 01:23:50,0.00213000,1.17000000
2018-02-24 01:23:51,0.00213000,3.52000000
2018-02-24 01:23:52,0.00212840,2.34000000
2018-02-24 01:23:52,0.00212840,6.45000000
2018-02-24 01:23:52,0.00212840,6.43000000
2018-02-24 01:23:53,0.00212840,5.70000000
2018-02-24 01:23:53,0.00213000,3.50000000
2018-02-24 01:23:53,0.00213000,1.31000000
2018-02-24 01:23:53,0.00212830,3.50000000
2018-02-24 01:23:53,0.00213000,1.95000000
2018-02-24 01:23:55,0.00213000,28.97000000
2018-02-24 01:23:57,0.00213000,0.69000000
2018-02-24 01:23:59,0.00213000,20.92000000
2018-02-24 01:24:03,0.00213000,64.84000000
2018-02-24 01:24:03,0.00213000,63.99000000
2018-02-24 01:24:05,0.00213000,4.51000000
2018-02-24 01:24:06,0.00212830,20.92000000
2018-02-24 01:24:06,0.00213000,4.46000000
2018-02-24 01:24:11,0.00213000,2.12000000
2018-02-24 01:24:13,0.00213000,20.92000000
2018-02-24 01:24:19,0.00212830,20.92000000
2018-02-24 01:24:21,0.00213000,9.41000000
2018-02-24 01:24:23,0.00213000,2.07000000
2018-02-24 01:24:25,0.00213000,1.40000000
2018-02-24 01:24:27,0.00213000,20.92000000
2018-02-24 01:24:34,0.00213000,10.41000000
2018-02-24 01:24:34,0.00212830,20.92000000
2018-02-24 01:24:39,0.00213000,1.20000000
2018-02-24 01:24:40,0.00213000,6.48000000
2018-02-24 01:24:40,0.00213000,20.92000000
2018-02-24 01:24:40,0.00213000,1.83000000
2018-02-24 01:24:42,0.00213000,2.49000000
2018-02-24 01:24:48,0.00212830,3.24000000
2018-02-24 01:24:49,0.00212830,9.09000000
2018-02-24 01:24:50,0.00212830,6.14000000
2018-02-24 01:25:02,0.00212830,1.88000000
2018-02-24 01:25:05,0.00212830,1.03000000
2018-02-24 01:25:07,0.00212830,7.75000000
2018-02-24 01:25:07,0.00212830,20.92000000
2018-02-24 01:25:08,0.00212830,0.55000000
2018-02-24 01:25:08,0.00212830,1.03000000
2018-02-24 01:25:08,0.00212830,0.94000000
2018-02-24 01:25:09,0.00212810,26.27000000
2018-02-24 01:25:09,0.00212710,3.63000000
2018-02-24 01:25:09,0.00212830,4.71000000
2018-02-24 01:25:09,0.00212830,1.17000000
2018-02-24 01:25:10,0.00212830,0.85000000
2018-02-24 01:25:10,0.00212830,1.17000000
2018-02-24 01:25:11,0.00212830,2.44000000
2018-02-24 01:25:11,0.00212830,1.17000000
2018-02-24 01:25:12,0.00212830,0.56000000
2018-02-24 01:25:12,0.00212830,1.17000000
2018-02-24 01:25:13,0.00212830,0.10000000
2018-02-24 01:25:13,0.00213000,2.08000000
2018-02-24 01:25:13,0.00213270,1.57000000
2018-02-24 01:25:15,0.00212730,20.92000000
2018-02-24 01:25:15,0.00213300,0.55000000
2018-02-24 01:25:15,0.00213300,1.15000000
2018-02-24 01:25:15,0.00213300,5.00000000
2018-02-24 01:25:15,0.00213300,1.17000000
2018-02-24 01:25:16,0.00213300,7.03000000
2018-02-24 01:25:16,0.00213300,1.15000000
2018-02-24 01:25:16,0.00213300,2.84000000
2018-02-24 01:25:16,0.00213300,0.65000000
2018-02-24 01:25:17,0.00213520,9.37000000
2018-02-24 01:25:17,0.00213270,0.11000000
2018-02-24 01:25:17,0.00213270,0.96000000
2018-02-24 01:25:17,0.00213520,2.34000000
2018-02-24 01:25:18,0.00213520,1.17000000
2018-02-24 01:25:18,0.00213520,4.61000000
2018-02-24 01:25:18,0.00213520,2.34000000
2018-02-24 01:25:18,0.00213520,1.13000000
2018-02-24 01:25:21,0.00213540,1.82000000
2018-02-24 01:25:21,0.00213770,1.33000000
2018-02-24 01:25:21,0.00213820,17.53000000
2018-02-24 01:25:21,0.00213830,0.24000000
2018-02-24 01:25:22,0.00213830,1.12000000
2018-02-24 01:25:23,0.00213830,2.30000000
2018-02-24 01:25:23,0.00213830,2.34000000
2018-02-24 01:25:23,0.00213830,9.82000000
2018-02-24 01:25:24,0.00213830,0.94000000
2018-02-24 01:25:26,0.00213840,2.12000000
2018-02-24 01:25:26,0.00213840,1.17000000
2018-02-24 01:25:26,0.00213840,2.12000000
2018-02-24 01:25:28,0.00213930,1.03000000
2018-02-24 01:25:28,0.00213930,3.50000000
2018-02-24 01:25:28,0.00213340,20.92000000
2018-02-24 01:25:30,0.00213940,0.56000000
2018-02-24 01:25:30,0.00213940,2.90000000
2018-02-24 01:25:30,0.00214000,2.64000000
2018-02-24 01:25:30,0.00214100,1.59000000
2018-02-24 01:25:34,0.00214100,1.40000000
2018-02-24 01:25:34,0.00214100,0.93000000
2018-02-24 01:25:34,0.00214100,2.34000000
2018-02-24 01:25:35,0.00214100,14.94000000
2018-02-24 01:25:35,0.00214280,1.40000000
2018-02-24 01:25:35,0.00214580,4.53000000
2018-02-24 01:25:35,0.00214990,0.05000000
2018-02-24 01:25:38,0.00214940,8.79000000
2018-02-24 01:25:40,0.00214930,2.61000000
2018-02-24 01:25:40,0.00214930,1.15000000
2018-02-24 01:25:40,0.00214930,2.47000000
2018-02-24 01:25:42,0.00213630,20.92000000
2018-02-24 01:25:45,0.00214930,2.79000000
2018-02-24 01:25:47,0.00215030,11.11000000
2018-02-24 01:25:49,0.00215010,4.72000000
2018-02-24 01:25:49,0.00215020,16.20000000
2018-02-24 01:25:50,0.00213990,4.65000000
2018-02-24 01:25:51,0.00213990,17.34000000
2018-02-24 01:25:53,0.00213990,1.40000000
2018-02-24 01:25:55,0.00213990,4.77000000
2018-02-24 01:25:57,0.00213990,0.47000000
2018-02-24 01:25:58,0.00213850,1.17000000
2018-02-24 01:25:59,0.00213990,3.55000000
2018-02-24 01:26:01,0.00213840,1.40000000
2018-02-24 01:26:02,0.00213840,1.15000000
2018-02-24 01:26:03,0.00213840,2.34000000
2018-02-24 01:26:12,0.00213840,0.94000000
2018-02-24 01:26:14,0.00213840,1.17000000
2018-02-24 01:26:15,0.00213840,2.38000000
2018-02-24 01:26:15,0.00213840,0.28000000
2018-02-24 01:26:21,0.00213810,19.37000000
2018-02-24 01:26:21,0.00213610,0.89000000
2018-02-24 01:26:21,0.00213410,4.67000000
2018-02-24 01:26:21,0.00213350,8.78000000
2018-02-24 01:26:21,0.00213340,1.40000000
2018-02-24 01:26:21,0.00213300,14.89000000
2018-02-24 01:26:22,0.00213850,0.56000000
2018-02-24 01:26:23,0.00213330,20.92000000
2018-02-24 01:26:26,0.00213850,0.70000000
2018-02-24 01:26:26,0.00213850,1.15000000
2018-02-24 01:26:27,0.00213850,2.72000000
2018-02-24 01:26:27,0.00213850,0.03000000
2018-02-24 01:26:30,0.00214020,0.74000000
2018-02-24 01:26:30,0.00214040,20.92000000
2018-02-24 01:26:34,0.00214040,1.40000000
2018-02-24 01:26:35,0.00214040,3.95000000
2018-02-24 01:26:35,0.00214260,2.42000000
2018-02-24 01:26:37,0.00213510,20.92000000
2018-02-24 01:26:41,0.00214390,0.50000000
2018-02-24 01:26:44,0.00214390,11.97000000
2018-02-24 01:26:44,0.00214480,4.53000000
2018-02-24 01:26:44,0.00214940,1.40000000
2018-02-24 01:26:44,0.00215040,3.02000000
2018-02-24 01:26:45,0.00213980,10.00000000
2018-02-24 01:26:48,0.00214130,7.85000000
2018-02-24 01:26:49,0.00215000,2.78000000
2018-02-24 01:26:50,0.00214450,1.20000000
2018-02-24 01:26:51,0.00215000,8.78000000
2018-02-24 01:26:51,0.00214450,6.45000000
2018-02-24 01:26:51,0.00214450,1.50000000
2018-02-24 01:26:52,0.00214560,4.53000000
2018-02-24 01:26:52,0.00214570,3.61000000
2018-02-24 01:26:54,0.00214570,3.20000000
2018-02-24 01:26:55,0.00214990,21.56000000
2018-02-24 01:27:00,0.00214990,2.56000000
2018-02-24 01:27:01,0.00214990,0.47000000
2018-02-24 01:27:01,0.00214990,2.33000000
2018-02-24 01:27:01,0.00214420,5.20000000
2018-02-24 01:27:01,0.00214410,4.19000000
2018-02-24 01:27:03,0.00214980,2.72000000
2018-02-24 01:27:04,0.00214970,0.47000000
2018-02-24 01:27:05,0.00214390,4.66000000
2018-02-24 01:27:05,0.00214380,4.53000000
2018-02-24 01:27:05,0.00214330,1.39000000
2018-02-24 01:27:05,0.00214170,19.53000000
2018-02-24 01:27:05,0.00213960,1.40000000
2018-02-24 01:27:05,0.00213840,1.33000000
2018-02-24 01:27:05,0.00213250,4.88000000
2018-02-24 01:27:05,0.00213240,36.79000000
2018-02-24 01:27:05,0.00213200,2.15000000
2018-02-24 01:27:05,0.00213000,14.26000000
2018-02-24 01:27:05,0.00213000,2.33000000
2018-02-24 01:27:05,0.00213000,35.14000000
2018-02-24 01:27:05,0.00213000,2.33000000
2018-02-24 01:27:05,0.00213000,2.33000000
2018-02-24 01:27:05,0.00213000,2.34000000
2018-02-24 01:27:05,0.00213000,1.94000000
2018-02-24 01:27:05,0.00213000,10.17000000
2018-02-24 01:27:05,0.00213000,12.62000000
2018-02-24 01:27:05,0.00212990,0.55000000
2018-02-24 01:27:06,0.00212990,9.04000000
2018-02-24 01:27:06,0.00212990,2.72000000
2018-02-24 01:27:06,0.00212990,2.32000000
2018-02-24 01:27:06,0.00212990,2.32000000
2018-02-24 01:27:06,0.00212990,2.22000000
2018-02-24 01:27:06,0.00212990,1.50000000
2018-02-24 01:27:07,0.00212990,2.95000000
2018-02-24 01:27:07,0.00212990,1.17000000
2018-02-24 01:27:11,0.00212730,9.75000000
2018-02-24 01:27:11,0.00212720,23.47000000
2018-02-24 01:27:11,0.00212730,8.17000000
2018-02-24 01:27:11,0.00212730,3.00000000
2018-02-24 01:27:12,0.00212930,2.48000000
2018-02-24 01:27:12,0.00212970,0.89000000
2018-02-24 01:27:12,0.00212990,0.95000000
2018-02-24 01:27:12,0.00213000,6.09000000
2018-02-24 01:27:14,0.00213000,2.07000000
2018-02-24 01:27:15,0.00213000,1.15000000
2018-02-24 01:27:15,0.00213000,4.61000000
2018-02-24 01:27:16,0.00213000,10.52000000
2018-02-24 01:27:16,0.00213000,2.08000000
2018-02-24 01:27:16,0.00213000,1.57000000
2018-02-24 01:27:17,0.00213000,7.03000000
2018-02-24 01:27:17,0.00213000,1.17000000
2018-02-24 01:27:17,0.00213000,683.32000000
2018-02-24 01:27:17,0.00213000,5.31000000
2018-02-24 01:27:18,0.00213000,1.15000000
2018-02-24 01:27:18,0.00213000,2.39000000
2018-02-24 01:27:18,0.00213000,20.92000000
2018-02-24 01:27:18,0.00213000,1.38000000
2018-02-24 01:27:18,0.00213000,4.91000000
2018-02-24 01:27:18,0.00213000,4.60000000
2018-02-24 01:27:18,0.00213000,3.76000000
2018-02-24 01:27:19,0.00213000,0.75000000
2018-02-24 01:27:19,0.00213000,3.23000000
2018-02-24 01:27:19,0.00213000,122.89000000
2018-02-24 01:27:20,0.00213000,1.17000000
2018-02-24 01:27:21,0.00213000,1.61000000
2018-02-24 01:27:21,0.00213000,4.93000000
2018-02-24 01:27:22,0.00213000,3.20000000
2018-02-24 01:27:22,0.00213000,76.13000000
2018-02-24 01:27:24,0.00213000,1.15000000
2018-02-24 01:27:24,0.00213000,127.19000000
2018-02-24 01:27:24,0.00213000,3.76000000
2018-02-24 01:27:24,0.00213000,3.70000000
2018-02-24 01:27:25,0.00212720,9.29000000
2018-02-24 01:27:25,0.00212720,10.14000000
2018-02-24 01:27:26,0.00212720,0.88000000
2018-02-24 01:27:27,0.00212720,0.59000000
2018-02-24 01:27:27,0.00212720,0.02000000
2018-02-24 01:27:29,0.00213000,0.78000000
2018-02-24 01:27:30,0.00212990,1.17000000
2018-02-24 01:27:31,0.00212990,1.27000000
2018-02-24 01:27:32,0.00212990,9.31000000
2018-02-24 01:27:32,0.00213000,11.61000000
2018-02-24 01:27:33,0.00213000,0.92000000
2018-02-24 01:27:33,0.00213000,1.41000000
2018-02-24 01:27:34,0.00213000,4.60000000
2018-02-24 01:27:34,0.00213000,11.08000000
2018-02-24 01:27:34,0.00213000,9.31000000
2018-02-24 01:27:35,0.00213000,1.39000000
2018-02-24 01:27:35,0.00213000,0.94000000
2018-02-24 01:27:35,0.00213000,70.42000000
2018-02-24 01:27:35,0.00213000,1.74000000
2018-02-24 01:27:35,0.00213000,0.70000000
2018-02-24 01:27:36,0.00213000,4.32000000
2018-02-24 01:27:36,0.00213000,1.64000000
2018-02-24 01:27:36,0.00213000,1.14000000
2018-02-24 01:27:37,0.00213000,51.64000000
2018-02-24 01:27:37,0.00213000,2.35000000
2018-02-24 01:27:37,0.00213000,1.54000000
2018-02-24 01:27:38,0.00213000,0.47000000
2018-02-24 01:27:38,0.00213000,1.60000000
2018-02-24 01:27:38,0.00213000,1.01000000
2018-02-24 01:27:38,0.00213000,4.60000000
2018-02-24 01:27:38,0.00213000,0.68000000
2018-02-24 01:27:39,0.00213000,1.41000000
2018-02-24 01:27:39,0.00213000,1.17000000
2018-02-24 01:27:39,0.00213000,1.14000000
2018-02-24 01:27:40,0.00212750,10.00000000
2018-02-24 01:27:40,0.00212750,1.88000000
2018-02-24 01:27:40,0.00212750,1.14000000
2018-02-24 01:27:40,0.00212750,3.02000000
2018-02-24 01:27:41,0.00212750,0.60000000
2018-02-24 01:27:41,0.00212750,2.82000000
2018-02-24 01:27:42,0.00212750,1.18000000
2018-02-24 01:27:45,0.00212750,0.28000000
2018-02-24 01:27:45,0.00213000,10.10000000
2018-02-24 01:27:46,0.00213000,1.01000000
2018-02-24 01:27:46,0.00213000,7.16000000
2018-02-24 01:27:47,0.00213000,1.52000000
2018-02-24 01:27:48,0.00213000,1.15000000
2018-02-24 01:27:48,0.00213000,93.90000000
2018-02-24 01:27:48,0.00213000,20.92000000
2018-02-24 01:27:49,0.00213000,2.28000000
2018-02-24 01:27:49,0.00213000,0.47000000
2018-02-24 01:27:49,0.00212720,1.38000000
2018-02-24 01:27:49,0.00212710,5.00000000
2018-02-24 01:27:49,0.00212700,10.00000000
2018-02-24 01:27:49,0.00212650,2.49000000
2018-02-24 01:27:49,0.00212530,2.31000000
2018-02-24 01:27:49,0.00212300,5.65000000
2018-02-24 01:27:49,0.00212720,2.75000000
2018-02-24 01:27:50,0.00212720,0.01000000
2018-02-24 01:27:50,0.00213000,2.29000000
2018-02-24 01:27:51,0.00213000,5.31000000
2018-02-24 01:27:53,0.00212580,2.06000000
2018-02-24 01:27:53,0.00213000,2.30000000
2018-02-24 01:27:53,0.00212990,0.94000000
2018-02-24 01:27:54,0.00212990,7.91000000
2018-02-24 01:27:54,0.00213000,10.87000000
2018-02-24 01:27:54,0.00213000,2.20000000
2018-02-24 01:27:55,0.00212990,20.92000000
2018-02-24 01:27:56,0.00213000,1.41000000
2018-02-24 01:28:00,0.00213000,17.55000000
2018-02-24 01:28:01,0.00213000,1.93000000
2018-02-24 01:28:02,0.00213000,20.92000000
2018-02-24 01:28:03,0.00213000,1.03000000
2018-02-24 01:28:06,0.00213000,1.03000000
2018-02-24 01:28:08,0.00213000,103.82000000
2018-02-24 01:28:09,0.00212990,20.33000000
2018-02-24 01:28:17,0.00212980,4.61000000
2018-02-24 01:28:17,0.00212990,1.67000000
2018-02-24 01:28:17,0.00213000,195.17000000
2018-02-24 01:28:19,0.00213000,5.93000000
2018-02-24 01:28:21,0.00212990,3.90000000
2018-02-24 01:28:22,0.00212990,3.85000000
2018-02-24 01:28:22,0.00213000,17.07000000
2018-02-24 01:28:22,0.00213000,2.76000000
2018-02-24 01:28:22,0.00213000,196.99000000
2018-02-24 01:28:23,0.00213000,0.85000000
2018-02-24 01:28:26,0.00213000,0.88000000
2018-02-24 01:28:29,0.00212620,1.89000000
2018-02-24 01:28:29,0.00212620,14.09000000
2018-02-24 01:28:29,0.00212620,4.94000000
2018-02-24 01:28:29,0.00212590,4.94000000
2018-02-24 01:28:30,0.00212980,4.94000000
2018-02-24 01:28:32,0.00212980,1.03000000
2018-02-24 01:28:33,0.00212980,13.29000000
2018-02-24 01:28:36,0.00212990,1.40000000
2018-02-24 01:28:36,0.00213000,19.52000000
2018-02-24 01:28:36,0.00213000,40.39000000
2018-02-24 01:28:38,0.00213000,189.47000000
2018-02-24 01:28:39,0.00213000,20.00000000
2018-02-24 01:28:42,0.00213000,0.85000000
2018-02-24 01:28:43,0.00212590,20.92000000
2018-02-24 01:28:43,0.00213000,3.33000000
2018-02-24 01:28:43,0.00213000,1.41000000
2018-02-24 01:28:44,0.00213000,7.27000000
2018-02-24 01:28:44,0.00213000,0.80000000
2018-02-24 01:28:44,0.00213000,40.39000000
2018-02-24 01:28:45,0.00213000,0.47000000
2018-02-24 01:28:49,0.00213000,157.81000000
2018-02-24 01:28:50,0.00213000,20.92000000
2018-02-24 01:28:55,0.00212630,3.49000000
2018-02-24 01:28:55,0.00213000,0.94000000
2018-02-24 01:28:56,0.00213000,0.56000000
2018-02-24 01:28:57,0.00212630,1.20000000
2018-02-24 01:28:57,0.00212630,4.19000000
2018-02-24 01:28:57,0.00212630,4.19000000
2018-02-24 01:28:57,0.00212620,0.65000000
2018-02-24 01:28:58,0.00212630,2.35000000
2018-02-24 01:29:03,0.00212630,4.15000000
2018-02-24 01:29:03,0.00212630,8.59000000
2018-02-24 01:29:03,0.00213000,4.14000000
2018-02-24 01:29:04,0.00213000,20.92000000
2018-02-24 01:29:06,0.00213000,1.41000000
2018-02-24 01:29:06,0.00213000,1.85000000
2018-02-24 01:29:06,0.00213000,1.13000000
2018-02-24 01:29:06,0.00213000,1.88000000
2018-02-24 01:29:07,0.00213000,1.15000000
2018-02-24 01:29:07,0.00213000,2.12000000
2018-02-24 01:29:08,0.00213000,1.16000000
2018-02-24 01:29:08,0.00213000,1.15000000
2018-02-24 01:29:08,0.00213000,138.21000000
2018-02-24 01:29:08,0.00213000,0.54000000
2018-02-24 01:29:09,0.00213000,1.11000000
2018-02-24 01:29:10,0.00213000,2.31000000
2018-02-24 01:29:10,0.00213000,3.29000000
2018-02-24 01:29:10,0.00213000,1.29000000
2018-02-24 01:29:10,0.00213000,1.15000000
2018-02-24 01:29:10,0.00213000,35.08000000
2018-02-24 01:29:11,0.00213000,13.63000000
2018-02-24 01:29:12,0.00212620,2.17000000
2018-02-24 01:29:12,0.00212620,1.03000000
2018-02-24 01:29:12,0.00212620,13.63000000
2018-02-24 01:29:14,0.00212620,4.09000000
2018-02-24 01:29:14,0.00213000,5.10000000
2018-02-24 01:29:14,0.00213000,1.17000000
2018-02-24 01:29:14,0.00213000,583.69000000
2018-02-24 01:29:19,0.00213000,20.92000000
2018-02-24 01:29:21,0.00213000,2.11000000
2018-02-24 01:29:22,0.00213000,1.15000000
2018-02-24 01:29:22,0.00213000,16.70000000
2018-02-24 01:29:26,0.00212590,20.92000000
2018-02-24 01:29:28,0.00213000,1.15000000
2018-02-24 01:29:28,0.00213000,0.55000000
2018-02-24 01:29:33,0.00213000,20.92000000
2018-02-24 01:29:39,0.00212600,8.88000000
2018-02-24 01:29:40,0.00212600,0.51000000
2018-02-24 01:29:41,0.00212600,0.60000000
2018-02-24 01:29:41,0.00212600,2.00000000
2018-02-24 01:29:45,0.00212600,1.17000000
2018-02-24 01:29:47,0.00212600,0.94000000
2018-02-24 01:29:50,0.00212600,4.91000000
2018-02-24 01:29:53,0.00212590,4.18000000
2018-02-24 01:30:09,0.00212600,4.70000000
2018-02-24 01:30:14,0.00212600,1.15000000
2018-02-24 01:30:14,0.00212970,4.69000000
2018-02-24 01:30:14,0.00212980,4.53000000
2018-02-24 01:30:14,0.00213000,10.55000000
2018-02-24 01:30:16,0.00212990,1.03000000
2018-02-24 01:30:17,0.00212990,6.92000000
2018-02-24 01:30:17,0.00212990,1.17000000
2018-02-24 01:30:18,0.00212990,1.17000000
2018-02-24 01:30:18,0.00212990,2.93000000
2018-02-24 01:30:18,0.00212990,1.15000000
2018-02-24 01:30:19,0.00212990,0.52000000
2018-02-24 01:30:19,0.00212990,0.99000000
2018-02-24 01:30:19,0.00212990,4.12000000
2018-02-24 01:30:21,0.00212600,20.00000000
2018-02-24 01:30:21,0.00212600,0.65000000
2018-02-24 01:30:21,0.00212600,0.27000000
2018-02-24 01:30:21,0.00213000,1.17000000
2018-02-24 01:30:22,0.00213000,1.17000000
2018-02-24 01:30:22,0.00213000,1.08000000
2018-02-24 01:30:22,0.00213000,2.68000000
2018-02-24 01:30:22,0.00213000,1.36000000
2018-02-24 01:30:23,0.00213000,40.47000000
2018-02-24 01:30:24,0.00213000,1.03000000
2018-02-24 01:30:25,0.00213000,2.35000000
2018-02-24 01:30:25,0.00213000,1.17000000
2018-02-24 01:30:25,0.00213000,4.01000000
2018-02-24 01:30:26,0.00213000,1.20000000
2018-02-24 01:30:26,0.00213000,1.41000000
2018-02-24 01:30:26,0.00213000,14.08000000
2018-02-24 01:30:26,0.00213000,1.17000000
2018-02-24 01:30:27,0.00213000,1.17000000
2018-02-24 01:30:27,0.00213000,1.17000000
2018-02-24 01:30:27,0.00213000,1.17000000
2018-02-24 01:30:28,0.00213000,2.00000000
2018-02-24 01:30:28,0.00213000,20.92000000
2018-02-24 01:30:28,0.00213000,0.94000000
2018-02-24 01:30:28,0.00213000,1.27000000
2018-02-24 01:30:28,0.00213000,0.92000000
2018-02-24 01:30:32,0.00213200,1.41000000
2018-02-24 01:30:32,0.00213200,7.04000000
2018-02-24 01:30:32,0.00213200,2.11000000
2018-02-24 01:30:33,0.00213200,3.28000000
2018-02-24 01:30:33,0.00213200,1.88000000
2018-02-24 01:30:33,0.00213200,1.17000000
2018-02-24 01:30:33,0.00213200,1.88000000
2018-02-24 01:30:34,0.00213200,1.23000000
2018-02-24 01:30:35,0.00212770,20.92000000
2018-02-24 01:30:35,0.00213210,1.17000000
2018-02-24 01:30:36,0.00213210,0.22000000
2018-02-24 01:30:38,0.00212850,4.69000000
2018-02-24 01:30:40,0.00213350,4.27000000
2018-02-24 01:30:40,0.00213350,0.73000000
2018-02-24 01:30:42,0.00213430,2.31000000
2018-02-24 01:30:42,0.00213580,18.61000000
2018-02-24 01:30:44,0.00213570,1.17000000
2018-02-24 01:30:45,0.00213560,19.95000000
2018-02-24 01:30:45,0.00213560,2.34000000
2018-02-24 01:30:45,0.00213560,20.00000000
2018-02-24 01:30:45,0.00213560,2.48000000
2018-02-24 01:30:46,0.00213560,1.17000000
2018-02-24 01:30:46,0.00213560,1.40000000
2018-02-24 01:30:48,0.00213810,0.56000000
2018-02-24 01:30:48,0.00213050,0.95000000
2018-02-24 01:30:49,0.00213810,1.59000000
2018-02-24 01:30:50,0.00213810,0.56000000
2018-02-24 01:30:50,0.00213090,20.92000000
2018-02-24 01:30:51,0.00213960,1.17000000
2018-02-24 01:30:53,0.00213960,0.93000000
2018-02-24 01:30:53,0.00213960,1.17000000
2018-02-24 01:30:54,0.00213960,15.75000000
2018-02-24 01:30:54,0.00213960,1.64000000
2018-02-24 01:30:54,0.00213960,0.51000000
2018-02-24 01:30:54,0.00213970,0.47000000
2018-02-24 01:30:55,0.00213970,2.62000000
2018-02-24 01:30:56,0.00213210,40.00000000
2018-02-24 01:30:56,0.00213200,21.39000000
2018-02-24 01:30:56,0.00213190,14.21000000
2018-02-24 01:30:56,0.00213950,1.40000000
2018-02-24 01:30:56,0.00213950,1.64000000
2018-02-24 01:30:56,0.00213950,20.92000000
2018-02-24 01:30:57,0.00213940,0.56000000
2018-02-24 01:30:57,0.00213930,1.50000000
2018-02-24 01:30:59,0.00213890,8.74000000
2018-02-24 01:30:59,0.00213890,0.56000000
2018-02-24 01:31:01,0.00213850,1.17000000
2018-02-24 01:31:02,0.00213830,5.56000000
2018-02-24 01:31:03,0.00213820,1.17000000
2018-02-24 01:31:04,0.00213250,5.38000000
2018-02-24 01:31:04,0.00213240,4.68000000
2018-02-24 01:31:05,0.00213220,8.17000000
2018-02-24 01:31:06,0.00213200,0.94000000
2018-02-24 01:31:12,0.00213100,1.17000000
2018-02-24 01:31:13,0.00213080,1.64000000
2018-02-24 01:31:13,0.00213080,3.21000000
2018-02-24 01:31:14,0.00213070,18.83000000
2018-02-24 01:31:14,0.00213080,2.35000000
2018-02-24 01:31:15,0.00213080,5.22000000
2018-02-24 01:31:15,0.00213100,3.26000000
2018-02-24 01:31:18,0.00212990,2.00000000
2018-02-24 01:31:19,0.00212980,0.56000000
2018-02-24 01:31:22,0.00212970,1.15000000
2018-02-24 01:31:23,0.00212970,4.91000000
2018-02-24 01:31:24,0.00212970,2.33000000
2018-02-24 01:31:24,0.00212960,4.82000000
2018-02-24 01:31:24,0.00213000,2.34000000
2018-02-24 01:31:28,0.00213000,1.17000000
2018-02-24 01:31:29,0.00213000,7.87000000
2018-02-24 01:31:29,0.00213000,0.92000000
2018-02-24 01:31:29,0.00213000,1.17000000
2018-02-24 01:31:31,0.00213000,70.13000000
2018-02-24 01:31:31,0.00213000,1.17000000
2018-02-24 01:31:32,0.00213000,25.80000000
2018-02-24 01:31:33,0.00212620,5.29000000
2018-02-24 01:31:33,0.00212590,9.00000000
2018-02-24 01:31:35,0.00213000,4.69000000
2018-02-24 01:31:39,0.00213000,1.17000000
2018-02-24 01:31:39,0.00213000,6.43000000
2018-02-24 01:31:43,0.00213000,1.15000000
2018-02-24 01:31:43,0.00213000,4.69000000
2018-02-24 01:31:44,0.00213000,1.17000000
2018-02-24 01:31:46,0.00213000,1.15000000
2018-02-24 01:31:50,0.00213000,0.47000000
2018-02-24 01:31:53,0.00212780,3.45000000
2018-02-24 01:31:53,0.00212900,2.35000000
2018-02-24 01:31:56,0.00212900,6.81000000
2018-02-24 01:31:56,0.00212900,1.32000000
2018-02-24 01:32:09,0.00212900,2.35000000
2018-02-24 01:32:12,0.00212900,1.17000000
2018-02-24 01:32:43,0.00212900,1.17000000
2018-02-24 01:32:58,0.00212890,1.17000000
2018-02-24 01:33:00,0.00212890,0.99000000
2018-02-24 01:33:01,0.00212680,1.80000000
2018-02-24 01:33:01,0.00212590,87.28000000
2018-02-24 01:33:01,0.00212580,94.08000000
2018-02-24 01:33:01,0.00212430,4.53000000
2018-02-24 01:33:01,0.00212300,145.07000000
2018-02-24 01:33:01,0.00212250,5.85000000
2018-02-24 01:33:01,0.00212200,128.37000000
2018-02-24 01:33:01,0.00212170,17.32000000
2018-02-24 01:33:01,0.00212080,10.00000000
2018-02-24 01:33:01,0.00212010,60.00000000
2018-02-24 01:33:01,0.00212000,75.63000000
2018-02-24 01:33:01,0.00212000,14.12000000
2018-02-24 01:33:01,0.00212000,8.11000000
2018-02-24 01:33:01,0.00212000,1.11000000
2018-02-24 01:33:01,0.00212000,3.20000000
2018-02-24 01:33:01,0.00212000,29.47000000
2018-02-24 01:33:01,0.00212000,14.12000000
2018-02-24 01:33:01,0.00212000,1.11000000
2018-02-24 01:33:01,0.00212000,7.18000000
2018-02-24 01:33:01,0.00212000,1.11000000
2018-02-24 01:33:01,0.00212000,0.79000000
2018-02-24 01:33:02,0.00212000,0.78000000
2018-02-24 01:33:02,0.00212000,0.79000000
2018-02-24 01:33:02,0.00212000,71.50000000
2018-02-24 01:33:02,0.00212000,0.79000000
2018-02-24 01:33:02,0.00212000,4.53000000
2018-02-24 01:33:02,0.00211970,2.64000000
2018-02-24 01:33:02,0.00212000,1.91000000
2018-02-24 01:33:02,0.00212000,2.61000000
2018-02-24 01:33:02,0.00211930,0.79000000
2018-02-24 01:33:02,0.00211930,1.92000000
2018-02-24 01:33:02,0.00212000,0.79000000
2018-02-24 01:33:02,0.00212000,4.55000000
2018-02-24 01:33:02,0.00212000,0.77000000
2018-02-24 01:33:03,0.00212000,33.29000000
2018-02-24 01:33:03,0.00212000,0.07000000
2018-02-24 01:33:06,0.00212000,0.52000000
2018-02-24 01:33:07,0.00212000,11.32000000
2018-02-24 01:33:07,0.00212000,4.72000000
2018-02-24 01:33:11,0.00211930,0.20000000
2018-02-24 01:33:11,0.00211930,0.59000000
2018-02-24 01:33:11,0.00212000,0.01000000
2018-02-24 01:33:13,0.00212000,1.22000000
2018-02-24 01:33:14,0.00212000,5.52000000
2018-02-24 01:33:16,0.00212000,33.29000000
2018-02-24 01:33:16,0.00211680,1.33000000
2018-02-24 01:33:21,0.00212000,14.29000000
2018-02-24 01:33:27,0.00212000,1.81000000
2018-02-24 01:33:28,0.00212000,33.29000000
2018-02-24 01:33:29,0.00212000,1.41000000
2018-02-24 01:33:33,0.00211680,1.10000000
2018-02-24 01:33:33,0.00211630,6.68000000
2018-02-24 01:33:33,0.00211610,1.83000000
2018-02-24 01:33:33,0.00211500,9.45000000
2018-02-24 01:33:33,0.00211450,1.60000000
2018-02-24 01:33:33,0.00211120,4.53000000
2018-02-24 01:33:33,0.00211110,23.68000000
2018-02-24 01:33:33,0.00211090,647.04000000
2018-02-24 01:33:33,0.00211100,26.46000000
2018-02-24 01:33:33,0.00211100,14.18000000
2018-02-24 01:33:34,0.00211100,26.46000000
2018-02-24 01:33:34,0.00211100,33.60000000
2018-02-24 01:33:34,0.00211100,14.17000000
2018-02-24 01:33:34,0.00211100,5.29000000
2018-02-24 01:33:34,0.00211090,8.89000000
2018-02-24 01:33:34,0.00211100,14.19000000
2018-02-24 01:33:34,0.00211100,4.49000000
2018-02-24 01:33:34,0.00211100,11.16000000
2018-02-24 01:33:34,0.00212000,8.93000000
2018-02-24 01:33:35,0.00211930,5.46000000
2018-02-24 01:33:35,0.00211690,14.16000000
2018-02-24 01:33:35,0.00211690,0.84000000
2018-02-24 01:33:36,0.00211690,2.10000000
2018-02-24 01:33:37,0.00211680,5.46000000
2018-02-24 01:33:37,0.00211680,3.31000000
2018-02-24 01:33:39,0.00211560,4.37000000
2018-02-24 01:33:40,0.00211560,0.92000000
2018-02-24 01:33:40,0.00211570,1.84000000
2018-02-24 01:33:41,0.00211570,2.69000000
2018-02-24 01:33:41,0.00211660,2.59000000
2018-02-24 01:33:42,0.00211660,4.58000000
2018-02-24 01:33:42,0.00211660,2.36000000
2018-02-24 01:33:42,0.00211660,1.81000000
2018-02-24 01:33:43,0.00211660,0.70000000
2018-02-24 01:33:43,0.00211660,1.18000000
2018-02-24 01:33:44,0.00211660,2.00000000
2018-02-24 01:33:46,0.00211660,1.04000000
2018-02-24 01:33:50,0.00211660,2.22000000
2018-02-24 01:33:51,0.00211660,7.98000000
2018-02-24 01:33:51,0.00211670,4.68000000
2018-02-24 01:33:51,0.00211690,0.20000000
2018-02-24 01:33:51,0.00211780,4.53000000
2018-02-24 01:33:51,0.00211980,1.89000000
2018-02-24 01:33:53,0.00211980,0.64000000
2018-02-24 01:33:53,0.00211990,15.11000000
2018-02-24 01:33:55,0.00211990,1.13000000
2018-02-24 01:33:55,0.00211990,1.18000000
2018-02-24 01:33:55,0.00211990,0.92000000
2018-02-24 01:33:56,0.00211990,1.08000000
2018-02-24 01:33:56,0.00211990,0.54000000
2018-02-24 01:33:56,0.00211990,1.46000000
2018-02-24 01:33:56,0.00211990,2.26000000
2018-02-24 01:33:57,0.00211990,5.18000000
2018-02-24 01:33:57,0.00211990,0.91000000
2018-02-24 01:33:58,0.00211990,0.94000000
2018-02-24 01:33:58,0.00211990,1.82000000
2018-02-24 01:33:58,0.00211990,1.13000000
2018-02-24 01:33:58,0.00211990,1.25000000
2018-02-24 01:33:58,0.00211990,29.28000000
2018-02-24 01:33:58,0.00212000,110.91000000
2018-02-24 01:33:58,0.00212000,5.98000000
2018-02-24 01:33:59,0.00212000,2.61000000
2018-02-24 01:33:59,0.00212000,13.60000000
2018-02-24 01:33:59,0.00212000,0.57000000
2018-02-24 01:33:59,0.00212000,0.50000000
2018-02-24 01:33:59,0.00212000,1.16000000
2018-02-24 01:33:59,0.00212000,14.03000000
2018-02-24 01:33:59,0.00212000,27.69000000
2018-02-24 01:33:59,0.00212000,0.54000000
2018-02-24 01:34:00,0.00212000,6.85000000
2018-02-24 01:34:00,0.00212000,1.18000000
2018-02-24 01:34:01,0.00212000,3.69000000
2018-02-24 01:34:01,0.00212000,14.46000000
2018-02-24 01:34:01,0.00212000,1.39000000
2018-02-24 01:34:01,0.00212000,0.98000000
2018-02-24 01:34:02,0.00212000,0.97000000
2018-02-24 01:34:02,0.00212000,2.21000000
2018-02-24 01:34:02,0.00211990,1.61000000
2018-02-24 01:34:02,0.00211990,4.72000000
2018-02-24 01:34:02,0.00211990,1.25000000
2018-02-24 01:34:02,0.00211990,1.16000000
2018-02-24 01:34:02,0.00211990,4.16000000
2018-02-24 01:34:02,0.00211990,16.16000000
2018-02-24 01:34:03,0.00211990,2.36000000
2018-02-24 01:34:03,0.00211990,1.15000000
2018-02-24 01:34:03,0.00211990,8.64000000
2018-02-24 01:34:03,0.00212000,24.38000000
2018-02-24 01:34:03,0.00212000,2.32000000
2018-02-24 01:34:03,0.00212000,1.42000000
2018-02-24 01:34:03,0.00212000,1.42000000
2018-02-24 01:34:03,0.00212000,0.50000000
2018-02-24 01:34:03,0.00212000,2.18000000
2018-02-24 01:34:04,0.00212000,1.06000000
2018-02-24 01:34:04,0.00212000,1.27000000
2018-02-24 01:34:04,0.00212000,11.79000000
2018-02-24 01:34:05,0.00212000,1.18000000
2018-02-24 01:34:05,0.00212000,8.73000000
2018-02-24 01:34:05,0.00212000,2.13000000
2018-02-24 01:34:05,0.00212000,1.48000000
2018-02-24 01:34:05,0.00212000,1.73000000
2018-02-24 01:34:06,0.00212000,33.29000000
2018-02-24 01:34:07,0.00212000,1.16000000
2018-02-24 01:34:08,0.00212000,1.16000000
2018-02-24 01:34:08,0.00212000,1.14000000
2018-02-24 01:34:09,0.00212000,1.16000000
2018-02-24 01:34:09,0.00212000,4.60000000
2018-02-24 01:34:11,0.00212000,1.62000000
2018-02-24 01:34:12,0.00212000,3.30000000
2018-02-24 01:34:12,0.00212000,2.36000000
2018-02-24 01:34:13,0.00212000,5.00000000
2018-02-24 01:34:16,0.00212000,3.30000000
2018-02-24 01:34:18,0.00212000,0.05000000
2018-02-24 01:34:19,0.00212000,33.29000000
2018-02-24 01:34:20,0.00212000,1.18000000
2018-02-24 01:34:20,0.00212000,2.27000000
2018-02-24 01:34:27,0.00211990,1.51000000
2018-02-24 01:34:29,0.00211990,3.11000000
2018-02-24 01:34:31,0.00211990,33.29000000
2018-02-24 01:34:32,0.00211860,2.36000000
2018-02-24 01:34:32,0.00211850,2.36000000
2018-02-24 01:34:34,0.00211850,1.58000000
2018-02-24 01:34:36,0.00211850,1.37000000
2018-02-24 01:34:39,0.00211850,1.01000000
2018-02-24 01:34:40,0.00211840,2.17000000
2018-02-24 01:34:41,0.00211800,12.81000000
2018-02-24 01:34:41,0.00211850,3.69000000
2018-02-24 01:34:41,0.00211990,1.45000000
2018-02-24 01:34:44,0.00211850,17.62000000
2018-02-24 01:34:46,0.00211660,36.32000000
2018-02-24 01:34:46,0.00211570,4.72000000
2018-02-24 01:34:46,0.00211660,5.04000000
2018-02-24 01:34:49,0.00211660,1.26000000
2018-02-24 01:34:49,0.00211660,28.70000000
2018-02-24 01:34:50,0.00211670,16.80000000
2018-02-24 01:34:50,0.00211340,4.70000000
2018-02-24 01:34:50,0.00211330,7.88000000
2018-02-24 01:34:51,0.00211850,4.50000000
2018-02-24 01:34:53,0.00211850,29.46000000
2018-02-24 01:34:53,0.00211990,17.62000000
2018-02-24 01:34:53,0.00212000,231.46000000
2018-02-24 01:34:56,0.00212000,0.73000000
2018-02-24 01:34:57,0.00212000,33.29000000
2018-02-24 01:34:58,0.00212000,2.31000000
2018-02-24 01:35:02,0.00212000,1.21000000
2018-02-24 01:35:02,0.00212000,1.16000000
2018-02-24 01:35:02,0.00212000,0.49000000
2018-02-24 01:35:03,0.00212000,0.88000000
2018-02-24 01:35:03,0.00212000,0.55000000
2018-02-24 01:35:03,0.00212000,4.72000000
2018-02-24 01:35:03,0.00212000,2.36000000
2018-02-24 01:35:03,0.00211670,5.00000000
2018-02-24 01:35:04,0.00212000,4.49000000
2018-02-24 01:35:04,0.00212000,1.16000000
2018-02-24 01:35:05,0.00212000,4.10000000
2018-02-24 01:35:05,0.00212000,0.93000000
2018-02-24 01:35:05,0.00212000,1.18000000
2018-02-24 01:35:05,0.00212000,3.54000000
2018-02-24 01:35:05,0.00212000,4.17000000
2018-02-24 01:35:06,0.00212000,1.42000000
2018-02-24 01:35:07,0.00212000,2.36000000
2018-02-24 01:35:07,0.00212000,2.02000000
2018-02-24 01:35:07,0.00212000,1.18000000
2018-02-24 01:35:08,0.00212000,1.36000000
2018-02-24 01:35:08,0.00212000,4.26000000
2018-02-24 01:35:08,0.00212000,5.28000000
2018-02-24 01:35:08,0.00212000,4.72000000
2018-02-24 01:35:08,0.00212000,9.53000000
2018-02-24 01:35:08,0.00212000,1.42000000
2018-02-24 01:35:09,0.00212000,1682.31000000
2018-02-24 01:35:09,0.00212000,5.86000000
2018-02-24 01:35:09,0.00212000,33.29000000
2018-02-24 01:35:09,0.00212000,0.61000000
2018-02-24 01:35:09,0.00212000,1.02000000
2018-02-24 01:35:10,0.00212000,9.43000000
2018-02-24 01:35:10,0.00212000,4.39000000
2018-02-24 01:35:11,0.00212000,3.77000000
2018-02-24 01:35:11,0.00212000,0.94000000
2018-02-24 01:35:11,0.00212000,1.15000000
2018-02-24 01:35:11,0.00212000,0.52000000
2018-02-24 01:35:11,0.00212000,1.08000000
2018-02-24 01:35:12,0.00212000,1.18000000
2018-02-24 01:35:12,0.00212000,3.54000000
2018-02-24 01:35:13,0.00212000,1.14000000
2018-02-24 01:35:13,0.00212000,1.18000000
2018-02-24 01:35:14,0.00212000,1.04000000
2018-02-24 01:35:15,0.00212000,1.42000000
2018-02-24 01:35:15,0.00212000,17.45000000
2018-02-24 01:35:16,0.00212000,0.80000000
2018-02-24 01:35:16,0.00212000,1.18000000
2018-02-24 01:35:16,0.00212000,1.42000000
2018-02-24 01:35:17,0.00212000,5.00000000
2018-02-24 01:35:18,0.00212000,1.18000000
2018-02-24 01:35:18,0.00212000,2.36000000
2018-02-24 01:35:19,0.00211990,5.00000000
2018-02-24 01:35:19,0.00212000,31.74000000
2018-02-24 01:35:22,0.00212000,2.27000000
2018-02-24 01:35:22,0.00212000,33.29000000
2018-02-24 01:35:24,0.00212000,1.42000000
2018-02-24 01:35:24,0.00212000,1.18000000
2018-02-24 01:35:26,0.00212000,0.57000000
2018-02-24 01:35:27,0.00212000,2.50000000
2018-02-24 01:35:27,0.00212000,2.36000000
2018-02-24 01:35:28,0.00212000,2.78000000
2018-02-24 01:35:28,0.00212000,1.42000000
2018-02-24 01:35:29,0.00212000,1.04000000
2018-02-24 01:35:29,0.00212000,2.36000000
2018-02-24 01:35:30,0.00212000,9.43000000
2018-02-24 01:35:30,0.00212000,3.40000000
2018-02-24 01:35:31,0.00212000,1.18000000
2018-02-24 01:35:32,0.00212000,0.71000000
2018-02-24 01:35:32,0.00212000,1.18000000
2018-02-24 01:35:33,0.00212000,1.42000000
2018-02-24 01:35:34,0.00212000,33.29000000
2018-02-24 01:35:35,0.00212000,4.72000000
2018-02-24 01:35:35,0.00212000,30.66000000
2018-02-24 01:35:36,0.00212000,1.04000000
2018-02-24 01:35:37,0.00212000,1.18000000
2018-02-24 01:35:37,0.00212000,11.18000000
2018-02-24 01:35:37,0.00212000,1.04000000
2018-02-24 01:35:40,0.00212000,2.00000000
2018-02-24 01:35:47,0.00212000,8.48000000
2018-02-24 01:35:48,0.00212000,0.01000000
2018-02-24 01:35:53,0.00212000,2.12000000
2018-02-24 01:35:53,0.00212000,4.63000000
2018-02-24 01:35:54,0.00212000,1.18000000
2018-02-24 01:35:57,0.00212000,2.36000000
2018-02-24 01:35:58,0.00212000,1.18000000
2018-02-24 01:35:59,0.00212000,1.18000000
2018-02-24 01:36:08,0.00212000,20.74000000
2018-02-24 01:36:08,0.00212000,1.18000000
2018-02-24 01:36:09,0.00211670,46.84000000
2018-02-24 01:36:09,0.00211670,4.86000000
2018-02-24 01:36:10,0.00211670,2.44000000
2018-02-24 01:36:13,0.00212000,1.18000000
2018-02-24 01:36:13,0.00212000,16.74000000
2018-02-24 01:36:13,0.00212000,0.94000000
2018-02-24 01:36:14,0.00212000,0.94000000
2018-02-24 01:36:15,0.00212000,22.18000000
2018-02-24 01:36:21,0.00211850,1.37000000
2018-02-24 01:36:22,0.00212000,10.14000000
2018-02-24 01:36:24,0.00212000,0.94000000
2018-02-24 01:36:25,0.00212000,34.88000000
2018-02-24 01:36:27,0.00212000,33.29000000
2018-02-24 01:36:34,0.00212000,23.52000000
2018-02-24 01:36:35,0.00212000,1.42000000
2018-02-24 01:36:46,0.00211980,9.48000000
2018-02-24 01:36:48,0.00211980,0.57000000
2018-02-24 01:36:52,0.00211980,2.99000000
2018-02-24 01:36:55,0.00211980,1.22000000
2018-02-24 01:36:57,0.00211960,0.56000000
2018-02-24 01:37:00,0.00211940,4.00000000
2018-02-24 01:37:01,0.00211940,1.18000000
2018-02-24 01:37:01,0.00211950,1.65000000
2018-02-24 01:37:01,0.00211970,1.12000000
2018-02-24 01:37:03,0.00211940,0.55000000
2018-02-24 01:37:03,0.00211970,3.45000000
2018-02-24 01:37:07,0.00211970,0.13000000
2018-02-24 01:37:07,0.00211990,3.87000000
2018-02-24 01:37:12,0.00211990,0.13000000
2018-02-24 01:37:12,0.00211990,0.98000000
2018-02-24 01:37:13,0.00211990,0.50000000
2018-02-24 01:37:13,0.00211990,0.96000000
2018-02-24 01:37:13,0.00212000,39.36000000
2018-02-24 01:37:13,0.00212000,20.00000000
2018-02-24 01:37:13,0.00212000,4.00000000
2018-02-24 01:37:17,0.00212000,18.60000000
2018-02-24 01:37:18,0.00212000,2.46000000
2018-02-24 01:37:18,0.00212000,4.00000000
2018-02-24 01:37:23,0.00212000,2.27000000
2018-02-24 01:37:27,0.00211990,21.01000000
2018-02-24 01:37:27,0.00211670,0.01000000
2018-02-24 01:37:27,0.00211670,19.03000000
2018-02-24 01:37:27,0.00212000,33.29000000
2018-02-24 01:37:33,0.00212000,39.36000000
2018-02-24 01:37:36,0.00212000,69.73000000
2018-02-24 01:37:39,0.00212000,33.29000000
2018-02-24 01:37:40,0.00212000,4.71000000
2018-02-24 01:37:42,0.00212000,4.00000000
2018-02-24 01:37:47,0.00212000,4.00000000
2018-02-24 01:37:49,0.00211670,56.66000000
2018-02-24 01:37:52,0.00212000,4.00000000
2018-02-24 01:37:53,0.00212000,4.86000000
2018-02-24 01:38:08,0.00212000,12.08000000
2018-02-24 01:38:11,0.00212000,8.88000000
2018-02-24 01:38:16,0.00212000,33.37000000
2018-02-24 01:38:18,0.00212000,5.75000000
2018-02-24 01:38:18,0.00212000,8.50000000
2018-02-24 01:38:23,0.00212000,0.55000000
2018-02-24 01:38:27,0.00211690,3.00000000
2018-02-24 01:38:31,0.00212000,1.18000000
2018-02-24 01:38:41,0.00212000,10.00000000
2018-02-24 01:38:45,0.00212000,139.39000000
2018-02-24 01:39:02,0.00212000,4.11000000
2018-02-24 01:39:11,0.00211980,20.00000000
2018-02-24 01:39:17,0.00211970,1.93000000
2018-02-24 01:39:20,0.00211970,1.07000000
2018-02-24 01:39:21,0.00211980,2.92000000
2018-02-24 01:39:24,0.00211970,1.04000000
2018-02-24 01:39:44,0.00211970,1.18000000
2018-02-24 01:39:56,0.00211970,9.43000000
2018-02-24 01:39:57,0.00211970,0.94000000
2018-02-24 01:39:57,0.00211750,20.00000000
2018-02-24 01:39:57,0.00211740,21.53000000
2018-02-24 01:39:57,0.00211970,3.19000000
2018-02-24 01:40:00,0.00211970,3.01000000
2018-02-24 01:40:06,0.00211970,2.36000000
2018-02-24 01:40:07,0.00211970,1.42000000
2018-02-24 01:40:07,0.00211970,1.04000000
2018-02-24 01:40:08,0.00211970,2.12000000
2018-02-24 01:40:08,0.00211970,0.97000000
2018-02-24 01:40:14,0.00211980,4.55000000
2018-02-24 01:40:14,0.00211990,13.94000000
2018-02-24 01:40:15,0.00211990,2.55000000
2018-02-24 01:40:15,0.00211990,3.07000000
2018-02-24 01:40:16,0.00211990,9.25000000
2018-02-24 01:40:17,0.00211990,3.98000000
2018-02-24 01:40:19,0.00212000,5.28000000
2018-02-24 01:40:20,0.00212000,55.13000000
2018-02-24 01:40:23,0.00212420,4.72000000
2018-02-24 01:40:23,0.00212620,4.88000000
2018-02-24 01:40:23,0.00212720,19.58000000
2018-02-24 01:40:23,0.00212750,4.35000000
2018-02-24 01:40:23,0.00212760,2.52000000
2018-02-24 01:40:23,0.00212770,3.57000000
2018-02-24 01:40:25,0.00212760,2.26000000
2018-02-24 01:40:25,0.00212760,2.58000000
2018-02-24 01:40:25,0.00212760,1.17000000
2018-02-24 01:40:26,0.00212760,6.11000000
2018-02-24 01:40:26,0.00212750,1.17000000
2018-02-24 01:40:26,0.00212750,1.08000000
2018-02-24 01:40:27,0.00212750,14.19000000
2018-02-24 01:40:27,0.00212750,1.18000000
2018-02-24 01:40:27,0.00212750,2.38000000
2018-02-24 01:40:27,0.00212780,2.35000000
2018-02-24 01:40:27,0.00212780,20.00000000
2018-02-24 01:40:27,0.00212780,0.56000000
2018-02-24 01:40:27,0.00212780,3.28000000
2018-02-24 01:40:27,0.00212780,1.13000000
2018-02-24 01:40:27,0.00212780,1.04000000
2018-02-24 01:40:27,0.00212780,0.56000000
2018-02-24 01:40:28,0.00212750,2.82000000
2018-02-24 01:40:28,0.00212740,4.93000000
2018-02-24 01:40:28,0.00212740,1.18000000
2018-02-24 01:40:28,0.00212740,1.15000000
2018-02-24 01:40:28,0.00212740,2.35000000
2018-02-24 01:40:28,0.00212740,1.88000000
2018-02-24 01:40:28,0.00212740,2.16000000
2018-02-24 01:40:29,0.00212740,6.35000000
2018-02-24 01:40:29,0.00212750,7.30000000
2018-02-24 01:40:29,0.00212750,1.17000000
2018-02-24 01:40:29,0.00212750,0.47000000
2018-02-24 01:40:29,0.00212750,1.18000000
2018-02-24 01:40:29,0.00212750,1.18000000
2018-02-24 01:40:29,0.00212750,0.54000000
2018-02-24 01:40:29,0.00212750,1.03000000
2018-02-24 01:40:29,0.00212750,9.22000000
2018-02-24 01:40:30,0.00212800,6.35000000
2018-02-24 01:40:32,0.00212170,47.14000000
2018-02-24 01:40:32,0.00212180,27.32000000
2018-02-24 01:40:33,0.00212190,5.08000000
2018-02-24 01:40:33,0.00212200,5.28000000
2018-02-24 01:40:33,0.00212190,36.79000000
2018-02-24 01:40:33,0.00212890,0.97000000
2018-02-24 01:40:33,0.00212900,1.04000000
2018-02-24 01:40:33,0.00212210,42.07000000
2018-02-24 01:40:34,0.00212860,1.04000000
2018-02-24 01:40:35,0.00212160,4.70000000
2018-02-24 01:40:35,0.00212770,3.91000000
2018-02-24 01:40:35,0.00212850,1.88000000
2018-02-24 01:40:35,0.00212770,3.05000000
2018-02-24 01:40:35,0.00212170,20.75000000
2018-02-24 01:40:35,0.00212750,2.21000000
2018-02-24 01:40:35,0.00212170,3.90000000
2018-02-24 01:40:35,0.00212750,1.17000000
2018-02-24 01:40:35,0.00212170,16.85000000
2018-02-24 01:40:35,0.00212750,1.03000000
2018-02-24 01:40:35,0.00212750,3.21000000
2018-02-24 01:40:35,0.00212760,6.33000000
2018-02-24 01:40:36,0.00212760,0.65000000
2018-02-24 01:40:36,0.00212770,5.36000000
2018-02-24 01:40:36,0.00212770,1.27000000
2018-02-24 01:40:36,0.00212760,1.17000000
2018-02-24 01:40:36,0.00212740,2.72000000
2018-02-24 01:40:36,0.00212740,0.94000000
2018-02-24 01:40:36,0.00212760,1.17000000
2018-02-24 01:40:37,0.00212730,2.82000000
2018-02-24 01:40:37,0.00212730,0.23000000
2018-02-24 01:40:37,0.00212750,4.47000000
2018-02-24 01:40:37,0.00212750,2.49000000
2018-02-24 01:40:37,0.00212770,1.27000000
2018-02-24 01:40:37,0.00212770,1.17000000
2018-02-24 01:40:37,0.00212770,4.93000000
2018-02-24 01:40:37,0.00212840,4.24000000
2018-02-24 01:40:37,0.00212750,2.63000000
2018-02-24 01:40:38,0.00212740,3.06000000
2018-02-24 01:40:38,0.00212710,1.27000000
2018-02-24 01:40:38,0.00212710,1.41000000
2018-02-24 01:40:38,0.00212710,1.96000000
2018-02-24 01:40:38,0.00212710,1.41000000
2018-02-24 01:40:39,0.00212710,3.15000000
2018-02-24 01:40:39,0.00212710,11.75000000
2018-02-24 01:40:39,0.00212710,4.70000000
2018-02-24 01:40:39,0.00212710,1.41000000
2018-02-24 01:40:39,0.00212710,3.57000000
2018-02-24 01:40:39,0.00212710,4.75000000
2018-02-24 01:40:39,0.00212020,6.58000000
2018-02-24 01:40:39,0.00212010,3.42000000
2018-02-24 01:40:40,0.00212710,1.65000000
2018-02-24 01:40:40,0.00212710,5.03000000
2018-02-24 01:40:40,0.00212700,0.99000000
2018-02-24 01:40:40,0.00212700,1.15000000
2018-02-24 01:40:40,0.00212700,1.18000000
2018-02-24 01:40:40,0.00212700,1.46000000
2018-02-24 01:40:40,0.00212690,0.56000000
2018-02-24 01:40:41,0.00212680,0.85000000
2018-02-24 01:40:41,0.00212670,13.92000000
2018-02-24 01:40:42,0.00212660,1.65000000
2018-02-24 01:40:42,0.00212660,8.46000000
2018-02-24 01:40:42,0.00212660,1.83000000
2018-02-24 01:40:43,0.00212660,4.54000000
2018-02-24 01:40:43,0.00212660,1.03000000
2018-02-24 01:40:43,0.00212660,2.40000000
2018-02-24 01:40:43,0.00212660,0.56000000
2018-02-24 01:40:43,0.00212650,0.50000000
2018-02-24 01:40:43,0.00212680,0.85000000
2018-02-24 01:40:43,0.00212680,3.00000000
2018-02-24 01:40:46,0.00212800,2.68000000
2018-02-24 01:40:47,0.00212800,1.41000000
2018-02-24 01:40:48,0.00212800,0.89000000
2018-02-24 01:40:48,0.00212800,1.41000000
2018-02-24 01:40:48,0.00212710,0.71000000
2018-02-24 01:40:48,0.00212710,40.32000000
2018-02-24 01:40:48,0.00212050,13.92000000
2018-02-24 01:40:48,0.00212040,4.71000000
2018-02-24 01:40:48,0.00212020,1.77000000
2018-02-24 01:40:48,0.00212010,1.00000000
2018-02-24 01:40:48,0.00212000,9.29000000
2018-02-24 01:40:48,0.00211970,9.63000000
2018-02-24 01:40:48,0.00212800,6.30000000
2018-02-24 01:40:48,0.00211970,0.87000000
2018-02-24 01:40:49,0.00212790,2.35000000
2018-02-24 01:40:49,0.00212780,10.62000000
2018-02-24 01:40:50,0.00212780,1.83000000
2018-02-24 01:40:50,0.00212780,1.13000000
2018-02-24 01:40:50,0.00212770,2.35000000
2018-02-24 01:40:50,0.00212070,18.87000000
2018-02-24 01:40:51,0.00212540,1.17000000
2018-02-24 01:40:51,0.00212530,4.71000000
2018-02-24 01:40:51,0.00212540,8.03000000
2018-02-24 01:40:51,0.00212540,1.18000000
2018-02-24 01:40:52,0.00212530,2.35000000
2018-02-24 01:40:52,0.00212520,3.20000000
2018-02-24 01:40:52,0.00212510,0.56000000
2018-02-24 01:40:52,0.00212510,0.99000000
2018-02-24 01:40:52,0.00212510,23.50000000
2018-02-24 01:40:52,0.00212040,8.07000000
2018-02-24 01:40:52,0.00212510,0.89000000
2018-02-24 01:40:52,0.00212520,0.28000000
2018-02-24 01:40:53,0.00212040,11.00000000
2018-02-24 01:40:53,0.00212490,1.69000000
2018-02-24 01:40:54,0.00212490,1.17000000
2018-02-24 01:40:54,0.00212490,1.13000000
2018-02-24 01:40:54,0.00212480,1.08000000
2018-02-24 01:40:55,0.00212480,1.88000000
2018-02-24 01:40:56,0.00212450,1.18000000
2018-02-24 01:40:57,0.00212440,3.39000000
2018-02-24 01:40:57,0.00212440,14.44000000
2018-02-24 01:40:58,0.00212430,0.88000000
2018-02-24 01:40:58,0.00212050,0.89000000
2018-02-24 01:40:58,0.00212430,0.56000000
2018-02-24 01:40:59,0.00212420,0.56000000
2018-02-24 01:41:00,0.00212060,8.07000000
2018-02-24 01:41:07,0.00212330,6.43000000
2018-02-24 01:41:07,0.00212340,16.40000000
2018-02-24 01:41:08,0.00212340,0.56000000
2018-02-24 01:41:08,0.00212340,1.18000000
2018-02-24 01:41:10,0.00212010,18.57000000
2018-02-24 01:41:11,0.00211990,3.82000000
2018-02-24 01:41:12,0.00211980,2.82000000
2018-02-24 01:41:13,0.00211980,1.74000000
2018-02-24 01:41:14,0.00211970,22.76000000
2018-02-24 01:41:14,0.00211980,5.61000000
2018-02-24 01:41:14,0.00211990,0.94000000
2018-02-24 01:41:14,0.00212000,11.93000000
2018-02-24 01:41:15,0.00212000,1.18000000
2018-02-24 01:41:15,0.00212000,3.54000000
2018-02-24 01:41:15,0.00212000,3.54000000
2018-02-24 01:41:15,0.00211970,3.54000000
2018-02-24 01:41:17,0.00212000,100.00000000
2018-02-24 01:41:18,0.00212000,1.18000000
2018-02-24 01:41:24,0.00211980,2.33000000
2018-02-24 01:41:26,0.00211980,2.38000000
2018-02-24 01:41:28,0.00211990,2.34000000
2018-02-24 01:41:28,0.00212000,3.30000000
2018-02-24 01:41:29,0.00212000,4.71000000
2018-02-24 01:41:34,0.00212000,7.08000000
2018-02-24 01:41:36,0.00212000,3.32000000
2018-02-24 01:41:42,0.00212000,9.92000000
2018-02-24 01:41:45,0.00212000,9.48000000
2018-02-24 01:41:47,0.00212000,1.16000000
2018-02-24 01:41:48,0.00212000,21.58000000
2018-02-24 01:41:48,0.00212000,0.93000000
2018-02-24 01:41:57,0.00212000,70.75000000
2018-02-24 01:41:59,0.00212000,0.93000000
2018-02-24 01:42:01,0.00212000,3.25000000
2018-02-24 01:42:02,0.00212000,29.76000000
2018-02-24 01:42:06,0.00212000,7.08000000
2018-02-24 01:42:07,0.00212000,1.22000000
2018-02-24 01:42:08,0.00212000,23.40000000
2018-02-24 01:42:12,0.00212000,0.60000000
2018-02-24 01:42:12,0.00212000,0.60000000
2018-02-24 01:42:19,0.00212000,32.64000000
2018-02-24 01:42:31,0.00212000,5.25000000
2018-02-24 01:42:33,0.00212000,1.18000000
2018-02-24 01:42:33,0.00212000,4.71000000
2018-02-24 01:42:33,0.00212000,1.89000000
2018-02-24 01:42:37,0.00212000,8.30000000
2018-02-24 01:42:37,0.00212000,1.04000000
2018-02-24 01:42:46,0.00212000,0.51000000
2018-02-24 01:42:49,0.00212000,4.18000000
2018-02-24 01:42:51,0.00212000,75.39000000
2018-02-24 01:42:53,0.00212000,0.94000000
2018-02-24 01:42:55,0.00212000,41.44000000
2018-02-24 01:43:06,0.00212000,5.00000000
2018-02-24 01:43:07,0.00212000,246.57000000
2018-02-24 01:43:09,0.00212000,4.50000000
2018-02-24 01:43:13,0.00212000,18.03000000
2018-02-24 01:43:23,0.00212000,39.75000000
2018-02-24 01:43:28,0.00212000,39.75000000
2018-02-24 01:43:31,0.00212000,100.00000000
2018-02-24 01:43:31,0.00212000,46.79000000
2018-02-24 01:43:31,0.00212000,70.07000000
2018-02-24 01:43:32,0.00211720,15.04000000
2018-02-24 01:43:33,0.00212000,40.00000000
2018-02-24 01:43:34,0.00212000,4.00000000
2018-02-24 01:43:39,0.00212000,18.32000000
2018-02-24 01:43:41,0.00212000,1.50000000
2018-02-24 01:43:42,0.00212000,7.25000000
2018-02-24 01:43:42,0.00212170,4.53000000
2018-02-24 01:43:42,0.00212350,1.77000000
2018-02-24 01:43:42,0.00212380,3.42000000
2018-02-24 01:43:42,0.00212450,251.33000000
2018-02-24 01:43:43,0.00212440,2.21000000
2018-02-24 01:43:43,0.00212440,17.79000000
2018-02-24 01:43:43,0.00212450,20.33000000
2018-02-24 01:43:45,0.00212510,1.00000000
2018-02-24 01:43:45,0.00212650,81.90000000
2018-02-24 01:43:45,0.00212660,50.37000000
2018-02-24 01:43:47,0.00212700,3.29000000
2018-02-24 01:43:47,0.00212700,0.48000000
2018-02-24 01:43:48,0.00212700,2.30000000
2018-02-24 01:43:48,0.00211890,47.21000000
2018-02-24 01:43:48,0.00211880,4.71000000
2018-02-24 01:43:48,0.00211840,22.96000000
2018-02-24 01:43:48,0.00211830,5.72000000
2018-02-24 01:43:48,0.00212700,5.36000000
2018-02-24 01:43:49,0.00212690,8.27000000
2018-02-24 01:43:50,0.00212690,21.16000000
2018-02-24 01:43:51,0.00212690,18.44000000
2018-02-24 01:43:52,0.00212680,2.19000000
2018-02-24 01:43:52,0.00212680,1.18000000
2018-02-24 01:43:53,0.00212670,0.56000000
2018-02-24 01:43:53,0.00212680,1.18000000
2018-02-24 01:43:53,0.00212660,1.20000000
2018-02-24 01:43:54,0.00212660,2.80000000
2018-02-24 01:43:54,0.00212680,12.43000000
2018-02-24 01:43:54,0.00212680,6.80000000
2018-02-24 01:43:56,0.00212680,3.79000000
2018-02-24 01:43:57,0.00212680,0.74000000
2018-02-24 01:43:59,0.00212670,7.01000000
2018-02-24 01:44:00,0.00212670,1.02000000
2018-02-24 01:44:01,0.00212670,1.18000000
2018-02-24 01:44:01,0.00212670,1.41000000
2018-02-24 01:44:02,0.00212670,1.13000000
2018-02-24 01:44:02,0.00212710,0.71000000
2018-02-24 01:44:03,0.00212780,0.48000000
2018-02-24 01:44:06,0.00212800,1.13000000
2018-02-24 01:44:06,0.00212800,20.00000000
2018-02-24 01:44:06,0.00212580,2.37000000
2018-02-24 01:44:07,0.00212800,4.09000000
2018-02-24 01:44:09,0.00212800,1.17000000
2018-02-24 01:44:09,0.00212800,4.23000000
2018-02-24 01:44:10,0.00212800,0.47000000
2018-02-24 01:44:10,0.00212800,1.23000000
2018-02-24 01:44:12,0.00212800,1.97000000
2018-02-24 01:44:12,0.00212800,6.72000000
2018-02-24 01:44:12,0.00212800,39.75000000
2018-02-24 01:44:12,0.00212800,1.09000000
2018-02-24 01:44:15,0.00212800,0.56000000
2018-02-24 01:44:15,0.00212800,18.80000000
2018-02-24 01:44:16,0.00212800,16.38000000
2018-02-24 01:44:17,0.00212580,14.55000000
2018-02-24 01:44:17,0.00212400,2.68000000
2018-02-24 01:44:17,0.00212400,2.30000000
2018-02-24 01:44:17,0.00212400,3.69000000
2018-02-24 01:44:18,0.00212400,6.82000000
2018-02-24 01:44:18,0.00212400,3.66000000
2018-02-24 01:44:19,0.00212160,17.25000000
2018-02-24 01:44:21,0.00212390,6.40000000
2018-02-24 01:44:27,0.00212370,3.59000000
2018-02-24 01:44:27,0.00212380,3.71000000
2018-02-24 01:44:29,0.00212380,3.57000000
2018-02-24 01:44:34,0.00212370,20.00000000
2018-02-24 01:44:34,0.00212380,12.91000000
2018-02-24 01:44:36,0.00211960,10.00000000
2018-02-24 01:44:37,0.00212370,7.63000000
2018-02-24 01:44:38,0.00212360,8.57000000
2018-02-24 01:44:38,0.00212360,1.43000000
2018-02-24 01:44:38,0.00212370,1.65000000
2018-02-24 01:44:38,0.00212380,5.62000000
2018-02-24 01:44:44,0.00212380,27.99000000
2018-02-24 01:44:44,0.00212400,118.78000000
2018-02-24 01:44:44,0.00212400,11.40000000
2018-02-24 01:44:48,0.00212400,0.94000000
2018-02-24 01:44:51,0.00212380,0.91000000
2018-02-24 01:44:53,0.00212400,4.90000000
2018-02-24 01:44:55,0.00212400,7.02000000
2018-02-24 01:44:56,0.00212400,4.19000000
2018-02-24 01:44:59,0.00212400,0.94000000
2018-02-24 01:45:05,0.00212400,0.65000000
2018-02-24 01:45:08,0.00212400,209.51000000
2018-02-24 01:45:10,0.00212400,1.18000000
2018-02-24 01:45:10,0.00212400,1.22000000
2018-02-24 01:45:14,0.00212400,1.98000000
2018-02-24 01:45:15,0.00212400,1.51000000
2018-02-24 01:45:17,0.00212400,4.71000000
2018-02-24 01:45:20,0.00212400,2.35000000
2018-02-24 01:45:20,0.00212400,1.41000000
2018-02-24 01:45:21,0.00212400,1.41000000
2018-02-24 01:45:22,0.00212400,2.68000000
2018-02-24 01:45:25,0.00212400,12.42000000
2018-02-24 01:45:26,0.00212400,7.77000000
2018-02-24 01:45:27,0.00212400,0.80000000
2018-02-24 01:45:29,0.00212400,4.52000000
2018-02-24 01:45:32,0.00212400,1.65000000
2018-02-24 01:45:32,0.00212400,2.35000000
2018-02-24 01:45:34,0.00212400,1.98000000
2018-02-24 01:45:37,0.00212400,1.24000000
2018-02-24 01:45:37,0.00212400,0.70000000
2018-02-24 01:45:38,0.00212400,11.77000000
2018-02-24 01:45:38,0.00212400,7.06000000
2018-02-24 01:45:40,0.00212400,1.18000000
2018-02-24 01:45:42,0.00212000,14.15000000
2018-02-24 01:45:42,0.00212000,2.81000000
2018-02-24 01:45:42,0.00212000,2.88000000
2018-02-24 01:45:43,0.00211990,5.81000000
2018-02-24 01:45:43,0.00211990,14.15000000
2018-02-24 01:45:43,0.00211990,0.93000000
2018-02-24 01:45:43,0.00212400,1.40000000
2018-02-24 01:45:43,0.00211990,2.06000000
2018-02-24 01:45:44,0.00211980,4.07000000
2018-02-24 01:45:44,0.00211980,0.94000000
2018-02-24 01:45:44,0.00212390,1.18000000
2018-02-24 01:45:47,0.00212360,1.15000000
2018-02-24 01:45:47,0.00212350,1.18000000
2018-02-24 01:45:50,0.00212290,3.41000000
2018-02-24 01:45:53,0.00212280,0.60000000
2018-02-24 01:45:56,0.00211970,9.37000000
2018-02-24 01:45:56,0.00211870,2.93000000
2018-02-24 01:45:56,0.00211820,4.72000000
2018-02-24 01:45:56,0.00211800,3.42000000
2018-02-24 01:45:58,0.00212260,19.95000000
2018-02-24 01:46:00,0.00212260,7.69000000
2018-02-24 01:46:00,0.00212350,1.65000000
2018-02-24 01:46:04,0.00212340,4.53000000
2018-02-24 01:46:06,0.00212340,1.18000000
2018-02-24 01:46:06,0.00212340,9.99000000
2018-02-24 01:46:10,0.00212340,4.14000000
2018-02-24 01:46:11,0.00212350,1.35000000
2018-02-24 01:46:11,0.00212400,10.35000000
2018-02-24 01:46:11,0.00212400,4.14000000
2018-02-24 01:46:13,0.00212400,4.11000000
2018-02-24 01:46:19,0.00212400,1.18000000
2018-02-24 01:46:20,0.00212400,182.76000000
2018-02-24 01:46:22,0.00212400,22.89000000
2018-02-24 01:46:24,0.00212400,5.04000000
2018-02-24 01:46:25,0.00212400,1.87000000
2018-02-24 01:46:27,0.00212400,6.00000000
2018-02-24 01:46:29,0.00212400,14.15000000
2018-02-24 01:46:29,0.00212400,1.98000000
2018-02-24 01:46:32,0.00212400,66.00000000
2018-02-24 01:46:43,0.00212400,0.99000000
2018-02-24 01:46:48,0.00212400,1.32000000
2018-02-24 01:46:52,0.00212400,5.80000000
2018-02-24 01:46:54,0.00212400,2.54000000
2018-02-24 01:46:56,0.00212400,20.00000000
2018-02-24 01:46:59,0.00212400,0.99000000
2018-02-24 01:47:04,0.00212400,0.94000000
2018-02-24 01:47:34,0.00212400,26.52000000
2018-02-24 01:47:35,0.00212400,93.64000000
2018-02-24 01:47:46,0.00212400,34.55000000
2018-02-24 01:47:47,0.00212400,0.97000000
2018-02-24 01:47:58,0.00212400,13.85000000
2018-02-24 01:48:12,0.00212400,23.54000000
2018-02-24 01:48:15,0.00212400,0.06000000
2018-02-24 01:48:23,0.00212410,8.81000000
2018-02-24 01:48:32,0.00212410,9.42000000
2018-02-24 01:48:40,0.00212410,26.92000000
2018-02-24 01:48:41,0.00212410,84.69000000
2018-02-24 01:48:44,0.00212800,0.69000000
2018-02-24 01:48:46,0.00212800,0.47000000
2018-02-24 01:48:47,0.00212800,1.06000000
2018-02-24 01:48:49,0.00212800,8.65000000
2018-02-24 01:48:51,0.00212800,3.52000000
2018-02-24 01:48:53,0.00212800,5.32000000
2018-02-24 01:48:57,0.00212800,2.73000000
2018-02-24 01:48:59,0.00212800,25.44000000
2018-02-24 01:48:59,0.00212800,10.00000000
2018-02-24 01:49:07,0.00212800,9.41000000
2018-02-24 01:49:08,0.00212800,1.64000000
2018-02-24 01:49:09,0.00212800,0.47000000
2018-02-24 01:49:09,0.00212420,0.69000000
2018-02-24 01:49:11,0.00212420,2.77000000
2018-02-24 01:49:16,0.00212800,93.98000000
2018-02-24 01:49:17,0.00212800,19.03000000
2018-02-24 01:49:17,0.00212910,0.97000000
2018-02-24 01:49:17,0.00212950,1.09000000
2018-02-24 01:49:20,0.00212950,0.47000000
2018-02-24 01:49:21,0.00212800,0.82000000
2018-02-24 01:49:25,0.00212800,0.82000000
2018-02-24 01:49:27,0.00212800,1.17000000
2018-02-24 01:49:29,0.00212800,1.30000000
2018-02-24 01:49:29,0.00212800,9.61000000
2018-02-24 01:49:29,0.00212440,2.67000000
2018-02-24 01:49:37,0.00212870,3.10000000
2018-02-24 01:49:55,0.00212870,0.02000000
2018-02-24 01:49:56,0.00212880,3.10000000
2018-02-24 01:49:59,0.00212880,3.92000000
2018-02-24 01:49:59,0.00212950,0.26000000
2018-02-24 01:49:59,0.00213000,11.49000000
2018-02-24 01:49:59,0.00213100,115.30000000
2018-02-24 01:50:05,0.00213150,0.61000000
2018-02-24 01:50:06,0.00213150,1.17000000
2018-02-24 01:50:07,0.00213200,4.51000000
2018-02-24 01:50:08,0.00213200,2.56000000
2018-02-24 01:50:12,0.00213140,1.04000000
2018-02-24 01:50:13,0.00212710,4.70000000
2018-02-24 01:50:13,0.00212700,3.20000000
2018-02-24 01:50:13,0.00213140,4.78000000
2018-02-24 01:50:16,0.00213080,3.20000000
2018-02-24 01:50:16,0.00213090,2.15000000
2018-02-24 01:50:23,0.00213080,1.04000000
2018-02-24 01:50:24,0.00213090,1.04000000
2018-02-24 01:50:26,0.00213090,8.72000000
2018-02-24 01:50:27,0.00213090,0.68000000
2018-02-24 01:50:27,0.00213090,3.84000000
2018-02-24 01:50:27,0.00213130,1.51000000
2018-02-24 01:50:27,0.00213140,1.02000000
2018-02-24 01:50:27,0.00213100,4.65000000
2018-02-24 01:50:28,0.00213120,1.04000000
2018-02-24 01:50:34,0.00213130,1.04000000
2018-02-24 01:50:36,0.00213100,10.04000000
2018-02-24 01:50:36,0.00213090,23.94000000
2018-02-24 01:50:36,0.00212590,1.67000000
2018-02-24 01:50:36,0.00212530,8.30000000
2018-02-24 01:50:36,0.00212490,1.33000000
2018-02-24 01:50:36,0.00212430,4.69000000
2018-02-24 01:50:36,0.00212420,24.78000000
2018-02-24 01:50:36,0.00212410,450.79000000
2018-02-24 01:50:36,0.00212400,3.17000000
2018-02-24 01:50:36,0.00212330,2.38000000
2018-02-24 01:50:36,0.00212260,5.58000000
2018-02-24 01:50:36,0.00212000,5.07000000
2018-02-24 01:50:36,0.00212000,4.99000000
2018-02-24 01:50:36,0.00212000,4.99000000
2018-02-24 01:50:36,0.00212000,4.16000000
2018-02-24 01:50:36,0.00212000,4.99000000
2018-02-24 01:50:36,0.00212000,4.99000000
2018-02-24 01:50:36,0.00212000,5.01000000
2018-02-24 01:50:36,0.00212000,1.89000000
2018-02-24 01:50:36,0.00212000,1.89000000
2018-02-24 01:50:36,0.00212000,1.89000000
2018-02-24 01:50:36,0.00212000,1.89000000
2018-02-24 01:50:36,0.00212000,1.89000000
2018-02-24 01:50:36,0.00211430,4.99000000
2018-02-24 01:50:36,0.00212000,0.91000000
2018-02-24 01:50:37,0.00212000,3.67000000
2018-02-24 01:50:37,0.00212000,1.89000000
2018-02-24 01:50:37,0.00211430,1.89000000
2018-02-24 01:50:37,0.00212000,1.78000000
2018-02-24 01:50:37,0.00211430,3.67000000
2018-02-24 01:50:37,0.00211430,1.78000000
2018-02-24 01:50:37,0.00212000,4.53000000
2018-02-24 01:50:38,0.00212000,4.69000000
2018-02-24 01:50:38,0.00212000,4.58000000
2018-02-24 01:50:38,0.00212000,2.55000000
2018-02-24 01:50:40,0.00211890,4.53000000
2018-02-24 01:50:40,0.00211990,9.62000000
2018-02-24 01:50:40,0.00211500,8.30000000
2018-02-24 01:50:41,0.00211880,6.56000000
2018-02-24 01:50:42,0.00211860,5.77000000
2018-02-24 01:50:42,0.00211850,6.00000000
2018-02-24 01:50:44,0.00211850,0.71000000
2018-02-24 01:50:44,0.00211850,1.10000000
2018-02-24 01:50:44,0.00211850,0.49000000
2018-02-24 01:50:44,0.00211920,1.87000000
2018-02-24 01:50:44,0.00211920,2.66000000
2018-02-24 01:50:44,0.00211990,9.62000000
2018-02-24 01:50:46,0.00211500,2.96000000
2018-02-24 01:50:50,0.00211590,3.90000000
2018-02-24 01:50:50,0.00211560,4.72000000
2018-02-24 01:50:50,0.00211540,3.90000000
2018-02-24 01:50:50,0.00211500,2.00000000
2018-02-24 01:50:50,0.00211470,3.90000000
2018-02-24 01:50:50,0.00211370,4.05000000
2018-02-24 01:50:50,0.00211350,1.82000000
2018-02-24 01:50:50,0.00211330,19.21000000
2018-02-24 01:50:51,0.00211580,2.96000000
2018-02-24 01:50:51,0.00211590,0.94000000
2018-02-24 01:50:51,0.00211590,0.66000000
2018-02-24 01:50:51,0.00211590,2.40000000
2018-02-24 01:50:51,0.00211990,0.66000000
2018-02-24 01:51:03,0.00211810,2.35000000
2018-02-24 01:51:03,0.00211820,4.72000000
2018-02-24 01:51:03,0.00211830,2.23000000
2018-02-24 01:51:03,0.00211830,0.13000000
2018-02-24 01:51:03,0.00211990,9.17000000
2018-02-24 01:51:11,0.00211980,1.42000000
2018-02-24 01:51:12,0.00211980,3.27000000
2018-02-24 01:51:12,0.00211990,4.08000000
2018-02-24 01:51:12,0.00212000,388.43000000
2018-02-24 01:51:23,0.00212000,2.99000000
2018-02-24 01:51:24,0.00212000,158.60000000
2018-02-24 01:51:24,0.00212000,859.83000000
2018-02-24 01:51:25,0.00212000,9.18000000
2018-02-24 01:51:26,0.00212000,124.23000000
2018-02-24 01:51:26,0.00212000,2.33000000
2018-02-24 01:51:29,0.00212000,13.85000000
2018-02-24 01:51:34,0.00212000,39.85000000
2018-02-24 01:51:36,0.00212000,4.68000000
2018-02-24 01:51:43,0.00212000,1.51000000
2018-02-24 01:51:43,0.00212000,39.85000000
2018-02-24 01:51:52,0.00212000,39.85000000
2018-02-24 01:51:58,0.00211620,1.98000000
2018-02-24 01:52:06,0.00212000,39.85000000
2018-02-24 01:52:07,0.00211630,4.53000000
2018-02-24 01:52:07,0.00211630,4.54000000
2018-02-24 01:52:08,0.00211640,14.17000000
2018-02-24 01:52:08,0.00211640,0.85000000
2018-02-24 01:52:08,0.00211630,14.16000000
2018-02-24 01:52:09,0.00211630,7.62000000
2018-02-24 01:52:13,0.00212000,39.85000000
2018-02-24 01:52:17,0.00212000,5.66000000
2018-02-24 01:52:23,0.00212000,39.85000000
2018-02-24 01:52:33,0.00212000,39.85000000
2018-02-24 01:52:38,0.00212000,39.85000000
2018-02-24 01:52:42,0.00212000,4.95000000
2018-02-24 01:52:45,0.00212000,37.74000000
2018-02-24 01:53:17,0.00212000,11.06000000
2018-02-24 01:53:23,0.00211710,12.54000000
2018-02-24 01:53:27,0.00211710,12.76000000
2018-02-24 01:53:27,0.00211710,7.51000000
2018-02-24 01:53:27,0.00211710,0.89000000
2018-02-24 01:53:27,0.00211710,7.51000000
2018-02-24 01:53:27,0.00211700,7.51000000
2018-02-24 01:53:27,0.00211710,7.31000000
2018-02-24 01:53:27,0.00212000,7.50000000
2018-02-24 01:53:37,0.00212000,15.91000000
2018-02-24 01:53:47,0.00211720,75.00000000
2018-02-24 01:53:47,0.00211700,11.94000000
2018-02-24 01:53:51,0.00212000,1.70000000
2018-02-24 01:53:52,0.00212000,24.21000000
2018-02-24 01:53:56,0.00212000,7.94000000
2018-02-24 01:54:06,0.00211710,10.96000000
2018-02-24 01:54:08,0.00211990,19.24000000
2018-02-24 01:54:12,0.00211990,1.18000000
2018-02-24 01:54:24,0.00211720,2.74000000
2018-02-24 01:54:24,0.00211710,63.63000000
2018-02-24 01:54:43,0.00211710,2.00000000
2018-02-24 01:54:55,0.00211970,1.30000000
2018-02-24 01:55:06,0.00211970,3.30000000
2018-02-24 01:55:08,0.00211970,0.12000000
2018-02-24 01:55:10,0.00211970,0.82000000
2018-02-24 01:55:10,0.00211970,1.40000000
2018-02-24 01:55:11,0.00211970,0.80000000
2018-02-24 01:55:11,0.00211970,6.73000000
2018-02-24 01:55:14,0.00211970,13.43000000
2018-02-24 01:55:21,0.00211970,0.99000000
2018-02-24 01:55:23,0.00211990,1.40000000
2018-02-24 01:55:30,0.00211990,30.70000000
2018-02-24 01:55:39,0.00211990,21.96000000
2018-02-24 01:55:39,0.00211990,77.44000000
2018-02-24 01:55:42,0.00211990,4.71000000
2018-02-24 01:55:43,0.00211990,2.45000000
2018-02-24 01:55:47,0.00211980,8.10000000
2018-02-24 01:55:48,0.00211980,30.33000000
2018-02-24 01:55:52,0.00211990,1.30000000
2018-02-24 01:56:00,0.00212000,0.94000000
2018-02-24 01:56:06,0.00212000,39.74000000
2018-02-24 01:56:07,0.00212000,20.00000000
2018-02-24 01:56:10,0.00212000,2.97000000
2018-02-24 01:56:10,0.00212000,8.08000000
2018-02-24 01:56:10,0.00212390,4.11000000
2018-02-24 01:56:11,0.00211750,47.22000000
2018-02-24 01:56:11,0.00211740,16.10000000
2018-02-24 01:56:11,0.00211730,4.71000000
2018-02-24 01:56:11,0.00211710,23.61000000
2018-02-24 01:56:11,0.00211700,42.53000000
2018-02-24 01:56:12,0.00212380,1.18000000
2018-02-24 01:56:13,0.00212360,7.31000000
2018-02-24 01:56:17,0.00212340,1.79000000
2018-02-24 01:56:17,0.00212340,1.18000000
2018-02-24 01:56:18,0.00212340,1.41000000
2018-02-24 01:56:18,0.00212340,10.25000000
2018-02-24 01:56:20,0.00212340,2.78000000
2018-02-24 01:56:21,0.00212340,21.32000000
2018-02-24 01:56:27,0.00212340,2.57000000
2018-02-24 01:56:41,0.00212340,1.22000000
2018-02-24 01:56:41,0.00212340,4.50000000
2018-02-24 01:56:41,0.00212340,0.01000000
2018-02-24 01:56:41,0.00212340,4.40000000
2018-02-24 01:56:42,0.00212340,2.77000000
2018-02-24 01:56:47,0.00212500,1.02000000
2018-02-24 01:56:51,0.00212340,13.99000000
2018-02-24 01:56:58,0.00212500,0.98000000
2018-02-24 01:57:00,0.00212670,1.05000000
2018-02-24 01:57:01,0.00212670,2.42000000
2018-02-24 01:57:02,0.00212730,3.43000000
2018-02-24 01:57:02,0.00212730,1.88000000
2018-02-24 01:57:09,0.00212730,9.44000000
2018-02-24 01:57:10,0.00212730,0.75000000
2018-02-24 01:57:15,0.00212730,13.37000000
2018-02-24 01:57:18,0.00212730,2.63000000
2018-02-24 01:57:20,0.00212730,1.33000000
2018-02-24 01:57:21,0.00213060,3.28000000
2018-02-24 01:57:21,0.00213140,7.78000000
2018-02-24 01:57:21,0.00213240,4.71000000
2018-02-24 01:57:21,0.00213240,0.89000000
2018-02-24 01:57:21,0.00213240,0.17000000
2018-02-24 01:57:21,0.00212740,0.88000000
2018-02-24 01:57:23,0.00212760,4.58000000
2018-02-24 01:57:24,0.00213240,2.33000000
2018-02-24 01:57:24,0.00213250,10.65000000
2018-02-24 01:57:30,0.00213250,0.61000000
2018-02-24 01:57:30,0.00212830,22.83000000
2018-02-24 01:57:30,0.00212810,4.69000000
2018-02-24 01:57:31,0.00212730,5.46000000
2018-02-24 01:57:31,0.00212730,22.83000000
2018-02-24 01:57:31,0.00212740,3.75000000
2018-02-24 01:57:32,0.00212740,1.17000000
2018-02-24 01:57:34,0.00212740,1.08000000
2018-02-24 01:57:34,0.00212740,1.88000000
2018-02-24 01:57:35,0.00212740,15.47000000
2018-02-24 01:57:37,0.00212730,50.59000000
2018-02-24 01:57:38,0.00212740,10.13000000
2018-02-24 01:57:38,0.00213250,4.28000000
2018-02-24 01:57:38,0.00213270,0.49000000
2018-02-24 01:57:42,0.00213260,0.47000000
2018-02-24 01:57:44,0.00213260,4.22000000
2018-02-24 01:57:44,0.00213270,0.91000000
2018-02-24 01:57:44,0.00213290,15.79000000
2018-02-24 01:57:47,0.00213290,1.17000000
2018-02-24 01:57:48,0.00213290,6.65000000
2018-02-24 01:57:48,0.00213310,1.15000000
2018-02-24 01:57:50,0.00212860,20.92000000
2018-02-24 01:57:54,0.00213310,1.01000000
2018-02-24 01:57:56,0.00213310,0.75000000
2018-02-24 01:57:58,0.00213300,20.92000000
2018-02-24 01:57:59,0.00212880,4.69000000
2018-02-24 01:57:59,0.00212680,11.41000000
2018-02-24 01:58:05,0.00212680,20.00000000
2018-02-24 01:58:05,0.00212670,0.92000000
2018-02-24 01:58:07,0.00213160,2.34000000
2018-02-24 01:58:08,0.00212680,4.36000000
2018-02-24 01:58:10,0.00213070,1.04000000
2018-02-24 01:58:12,0.00213050,20.92000000
2018-02-24 01:58:12,0.00213030,4.93000000
2018-02-24 01:58:18,0.00212670,0.49000000
2018-02-24 01:58:20,0.00212640,5.00000000
2018-02-24 01:58:21,0.00212640,0.88000000
2018-02-24 01:58:22,0.00212640,1.18000000
2018-02-24 01:58:25,0.00212620,4.53000000
2018-02-24 01:58:29,0.00212620,0.10000000
2018-02-24 01:58:29,0.00212630,4.72000000
2018-02-24 01:58:39,0.00212670,2.35000000
2018-02-24 01:58:47,0.00212360,3.88000000
2018-02-24 01:58:48,0.00212660,1.50000000
2018-02-24 01:58:51,0.00212360,14.81000000
2018-02-24 01:58:51,0.00212350,3.77000000
2018-02-24 01:58:57,0.00212660,2.57000000
2018-02-24 01:59:08,0.00212660,5.85000000
2018-02-24 01:59:08,0.00212660,0.78000000
2018-02-24 01:59:14,0.00212640,1.39000000
2018-02-24 01:59:18,0.00212650,0.07000000
2018-02-24 01:59:33,0.00212360,63.96000000
2018-02-24 01:59:33,0.00212350,112.35000000
2018-02-24 01:59:33,0.00212340,444.72000000
2018-02-24 01:59:33,0.00212240,8.90000000
2018-02-24 01:59:33,0.00212220,1.40000000
2018-02-24 01:59:33,0.00212030,4.53000000
2018-02-24 01:59:33,0.00211970,4.12000000
2018-02-24 01:59:33,0.00211820,4.88000000
2018-02-24 01:59:33,0.00211810,1.33000000
2018-02-24 01:59:33,0.00211750,4.00000000
2018-02-24 01:59:33,0.00211700,0.50000000
2018-02-24 01:59:33,0.00211670,2.65000000
2018-02-24 01:59:33,0.00211650,2.49000000
2018-02-24 01:59:33,0.00211400,19.81000000
2018-02-24 01:59:33,0.00211400,9.78000000
2018-02-24 01:59:33,0.00211400,16.51000000
2018-02-24 01:59:33,0.00211400,19.81000000
2018-02-24 01:59:33,0.00211400,14.15000000
2018-02-24 01:59:33,0.00211400,6.55000000
2018-02-24 01:59:33,0.00211400,19.86000000
2018-02-24 01:59:35,0.00211400,0.90000000
2018-02-24 01:59:35,0.00211400,12.13000000
2018-02-24 01:59:36,0.00211400,0.02000000
2018-02-24 01:59:38,0.00211400,0.71000000
2018-02-24 01:59:39,0.00211400,216.16000000
2018-02-24 01:59:40,0.00211400,0.85000000
2018-02-24 01:59:40,0.00211400,1.18000000
2018-02-24 01:59:41,0.00211400,2.07000000
2018-02-24 01:59:45,0.00211390,3.28000000
2018-02-24 01:59:49,0.00211390,0.13000000
2018-02-24 01:59:49,0.00211400,14.06000000
2018-02-24 01:59:51,0.00211390,1.37000000
2018-02-24 01:59:51,0.00211400,10.50000000
2018-02-24 01:59:54,0.00211400,6.00000000
2018-02-24 01:59:59,0.00211390,15.51000000
