DATE,PRICE,VOLUME
2018-02-28 09:00:20,0.00180110,1.01000000
2018-02-28 09:01:07,0.00180240,5.54000000
2018-02-28 09:01:08,0.00180240,5.58000000
2018-02-28 09:01:08,0.00180250,8.96000000
2018-02-28 09:01:11,0.00180110,5.15000000
2018-02-28 09:01:16,0.00180240,140.00000000
2018-02-28 09:01:17,0.00180240,15.56000000
2018-02-28 09:01:17,0.00180240,5.23000000
2018-02-28 09:01:32,0.00180240,1.85000000
2018-02-28 09:01:40,0.00180240,20.00000000
2018-02-28 09:01:51,0.00180250,0.89000000
2018-02-28 09:03:40,0.00179890,6.70000000
2018-02-28 09:03:40,0.00180170,17.16000000
2018-02-28 09:03:42,0.00180180,16.96000000
2018-02-28 09:04:23,0.00179890,2.46000000
2018-02-28 09:04:26,0.00179890,3.90000000
2018-02-28 09:04:39,0.00179980,2.77000000
2018-02-28 09:05:00,0.00179890,12.30000000
2018-02-28 09:05:05,0.00179890,5.00000000
2018-02-28 09:05:08,0.00179890,1.91000000
2018-02-28 09:05:14,0.00180180,10.00000000
2018-02-28 09:05:24,0.00180180,66.90000000
2018-02-28 09:05:26,0.00179890,161.38000000
2018-02-28 09:05:39,0.00180170,11.80000000
2018-02-28 09:05:40,0.00179890,25.00000000
2018-02-28 09:05:45,0.00179890,66.00000000
2018-02-28 09:05:46,0.00179890,52.34000000
2018-02-28 09:06:01,0.00179510,1.60000000
2018-02-28 09:06:03,0.00179880,0.91000000
2018-02-28 09:06:10,0.00179530,26.24000000
2018-02-28 09:06:10,0.00179520,11.14000000
2018-02-28 09:06:10,0.00179360,9.75000000
2018-02-28 09:06:10,0.00179310,56.02000000
2018-02-28 09:06:10,0.00179310,402.63000000
2018-02-28 09:06:11,0.00179250,8.32000000
2018-02-28 09:06:11,0.00179240,2.64000000
2018-02-28 09:06:11,0.00179230,139.13000000
2018-02-28 09:06:12,0.00179200,10.00000000
2018-02-28 09:06:12,0.00179100,28.50000000
2018-02-28 09:06:12,0.00179080,2.32000000
2018-02-28 09:06:12,0.00179070,1.11000000
2018-02-28 09:06:12,0.00179060,1.34000000
2018-02-28 09:06:12,0.00179000,16.81000000
2018-02-28 09:06:12,0.00179000,2.16000000
2018-02-28 09:06:12,0.00178980,2.41000000
2018-02-28 09:06:12,0.00178950,1.67000000
2018-02-28 09:06:12,0.00178950,26.17000000
2018-02-28 09:06:12,0.00178960,0.36000000
2018-02-28 09:06:12,0.00179860,1.67000000
2018-02-28 09:06:23,0.00179270,25.67000000
2018-02-28 09:06:26,0.00179290,2.23000000
2018-02-28 09:06:26,0.00179280,1.67000000
2018-02-28 09:06:26,0.00179260,1.46000000
2018-02-28 09:06:27,0.00179860,1.11000000
2018-02-28 09:06:30,0.00179790,3.84000000
2018-02-28 09:06:34,0.00179750,1.39000000
2018-02-28 09:06:35,0.00179740,3.34000000
2018-02-28 09:06:51,0.00179610,2.77000000
2018-02-28 09:06:54,0.00179590,0.01000000
2018-02-28 09:07:04,0.00179510,3.34000000
2018-02-28 09:07:06,0.00179080,1.67000000
2018-02-28 09:07:06,0.00179000,3.28000000
2018-02-28 09:07:07,0.00179160,1.80000000
2018-02-28 09:07:07,0.00179000,3.18000000
2018-02-28 09:07:24,0.00179320,2.00000000
2018-02-28 09:07:24,0.00179000,4.54000000
2018-02-28 09:07:24,0.00178980,1.39000000
2018-02-28 09:07:24,0.00178910,12.07000000
2018-02-28 09:07:24,0.00178910,10.86000000
2018-02-28 09:07:24,0.00178900,15.60000000
2018-02-28 09:07:29,0.00179000,128.09000000
2018-02-28 09:07:29,0.00179000,127.01000000
2018-02-28 09:07:29,0.00179000,9.97000000
2018-02-28 09:07:29,0.00179430,3.93000000
2018-02-28 09:07:32,0.00179000,5.44000000
2018-02-28 09:07:32,0.00178900,5.44000000
2018-02-28 09:07:32,0.00178900,17.22000000
2018-02-28 09:07:32,0.00178900,1.48000000
2018-02-28 09:07:32,0.00179410,3.34000000
2018-02-28 09:07:33,0.00179410,4.00000000
2018-02-28 09:07:33,0.00179410,4.00000000
2018-02-28 09:07:34,0.00179410,0.17000000
2018-02-28 09:07:34,0.00179420,6.13000000
2018-02-28 09:07:34,0.00179590,10.01000000
2018-02-28 09:07:34,0.00179600,3.02000000
2018-02-28 09:07:34,0.00179630,3.38000000
2018-02-28 09:07:40,0.00179630,4.84000000
2018-02-28 09:07:43,0.00179610,8.00000000
2018-02-28 09:07:44,0.00179610,0.78000000
2018-02-28 09:07:45,0.00179630,1.76000000
2018-02-28 09:07:45,0.00179650,2.87000000
2018-02-28 09:07:58,0.00179630,25.60000000
2018-02-28 09:07:59,0.00179150,4.96000000
2018-02-28 09:08:01,0.00179630,12.29000000
2018-02-28 09:08:03,0.00179640,6.83000000
2018-02-28 09:08:04,0.00179640,6.83000000
2018-02-28 09:08:05,0.00179640,1.34000000
2018-02-28 09:08:05,0.00179650,5.08000000
2018-02-28 09:08:05,0.00179650,5.91000000
2018-02-28 09:08:06,0.00179650,0.91000000
2018-02-28 09:08:07,0.00179650,24.16000000
2018-02-28 09:08:13,0.00179650,15.71000000
2018-02-28 09:08:22,0.00179640,4.96000000
2018-02-28 09:08:22,0.00179650,10.91000000
2018-02-28 09:08:57,0.00179520,1.80000000
2018-02-28 09:09:00,0.00179130,10.47000000
2018-02-28 09:09:13,0.00179230,7.71000000
2018-02-28 09:09:13,0.00179640,4.54000000
2018-02-28 09:09:14,0.00179250,2.39000000
2018-02-28 09:09:16,0.00179640,1.70000000
2018-02-28 09:09:22,0.00179290,6.18000000
2018-02-28 09:09:27,0.00179640,3.05000000
2018-02-28 09:09:30,0.00179640,1.11000000
2018-02-28 09:09:56,0.00179290,1.14000000
2018-02-28 09:09:56,0.00179280,9.86000000
2018-02-28 09:10:31,0.00179050,1.29000000
2018-02-28 09:10:31,0.00179040,1.67000000
2018-02-28 09:10:31,0.00178930,2.38000000
2018-02-28 09:10:38,0.00179270,2.60000000
2018-02-28 09:10:38,0.00179270,3.35000000
2018-02-28 09:10:53,0.00179270,1.00000000
2018-02-28 09:10:58,0.00179270,20.94000000
2018-02-28 09:10:58,0.00179280,179.06000000
2018-02-28 09:10:59,0.00178930,39.73000000
2018-02-28 09:11:04,0.00178930,3.35000000
2018-02-28 09:11:05,0.00178930,2.08000000
2018-02-28 09:11:18,0.00178930,3.89000000
2018-02-28 09:11:19,0.00178930,2.78000000
2018-02-28 09:11:19,0.00178930,32.00000000
2018-02-28 09:11:19,0.00179280,18.00000000
2018-02-28 09:11:22,0.00179280,36.24000000
2018-02-28 09:11:23,0.00179280,8.62000000
2018-02-28 09:11:23,0.00179280,0.73000000
2018-02-28 09:11:23,0.00179280,1.05000000
2018-02-28 09:11:23,0.00179280,13.07000000
2018-02-28 09:11:23,0.00179370,10.01000000
2018-02-28 09:11:26,0.00179380,1.34000000
2018-02-28 09:11:33,0.00179010,27.94000000
2018-02-28 09:11:33,0.00179000,11.17000000
2018-02-28 09:11:34,0.00178960,2.69000000
2018-02-28 09:11:35,0.00178960,13.80000000
2018-02-28 09:11:42,0.00178960,9.25000000
2018-02-28 09:11:48,0.00178920,1.65000000
2018-02-28 09:11:48,0.00178960,2.20000000
2018-02-28 09:11:48,0.00178970,7.80000000
2018-02-28 09:11:52,0.00178970,8.49000000
2018-02-28 09:12:15,0.00178920,0.02000000
2018-02-28 09:12:15,0.00178900,3.32000000
2018-02-28 09:12:15,0.00178880,1.67000000
2018-02-28 09:12:15,0.00178740,1.80000000
2018-02-28 09:12:15,0.00178710,8.81000000
2018-02-28 09:12:15,0.00178610,6.74000000
2018-02-28 09:12:15,0.00178600,0.26000000
2018-02-28 09:12:15,0.00178600,4.74000000
2018-02-28 09:12:15,0.00178580,0.56000000
2018-02-28 09:12:15,0.00178570,1.70000000
2018-02-28 09:12:15,0.00178600,1.06000000
2018-02-28 09:12:25,0.00178900,3.34000000
2018-02-28 09:12:25,0.00179180,1.62000000
2018-02-28 09:12:28,0.00178920,14.21000000
2018-02-28 09:12:32,0.00179330,2.26000000
2018-02-28 09:12:32,0.00179330,5.80000000
2018-02-28 09:12:32,0.00179330,0.67000000
2018-02-28 09:12:33,0.00179330,2.44000000
2018-02-28 09:12:33,0.00178940,13.75000000
2018-02-28 09:12:36,0.00179330,18.87000000
2018-02-28 09:12:37,0.00178910,11.16000000
2018-02-28 09:12:37,0.00179330,2.38000000
2018-02-28 09:12:39,0.00179290,12.31000000
2018-02-28 09:12:39,0.00179300,0.43000000
2018-02-28 09:12:40,0.00178910,7.75000000
2018-02-28 09:12:40,0.00178910,4.69000000
2018-02-28 09:12:41,0.00178910,6.91000000
2018-02-28 09:12:41,0.00178910,8.60000000
2018-02-28 09:12:41,0.00178900,2.04000000
2018-02-28 09:12:41,0.00178900,0.01000000
2018-02-28 09:12:41,0.00178900,0.75000000
2018-02-28 09:12:47,0.00179230,0.69000000
2018-02-28 09:12:56,0.00179160,3.97000000
2018-02-28 09:12:57,0.00179160,9.28000000
2018-02-28 09:12:58,0.00178700,1.22000000
2018-02-28 09:13:00,0.00178700,3.30000000
2018-02-28 09:13:12,0.00178640,3.05000000
2018-02-28 09:13:14,0.00178640,7.12000000
2018-02-28 09:13:14,0.00178650,1.01000000
2018-02-28 09:13:14,0.00178670,1.49000000
2018-02-28 09:13:15,0.00178670,1.31000000
2018-02-28 09:13:15,0.00178680,45.44000000
2018-02-28 09:13:15,0.00178690,2.36000000
2018-02-28 09:13:15,0.00178710,7.38000000
2018-02-28 09:13:15,0.00178590,2.56000000
2018-02-28 09:13:19,0.00179030,4.84000000
2018-02-28 09:13:20,0.00179030,1.34000000
2018-02-28 09:13:21,0.00179030,4.30000000
2018-02-28 09:13:22,0.00178640,27.95000000
2018-02-28 09:13:24,0.00179050,2.69000000
2018-02-28 09:13:25,0.00179050,9.20000000
2018-02-28 09:13:25,0.00179050,9.28000000
2018-02-28 09:13:27,0.00179050,0.57000000
2018-02-28 09:13:28,0.00179050,8.77000000
2018-02-28 09:13:28,0.00179280,8.34000000
2018-02-28 09:13:28,0.00179380,0.48000000
2018-02-28 09:13:28,0.00179490,32.41000000
2018-02-28 09:13:32,0.00179490,4.24000000
2018-02-28 09:13:33,0.00179490,115.68000000
2018-02-28 09:13:34,0.00178740,1.14000000
2018-02-28 09:13:36,0.00179490,33.60000000
2018-02-28 09:13:36,0.00179490,0.87000000
2018-02-28 09:13:36,0.00178790,1.15000000
2018-02-28 09:13:37,0.00178810,15.27000000
2018-02-28 09:13:38,0.00178810,6.83000000
2018-02-28 09:13:39,0.00179490,1.14000000
2018-02-28 09:13:40,0.00178870,0.85000000
2018-02-28 09:13:40,0.00178870,0.91000000
2018-02-28 09:13:42,0.00178900,5.02000000
2018-02-28 09:13:43,0.00178910,0.91000000
2018-02-28 09:13:43,0.00178910,3.20000000
2018-02-28 09:13:43,0.00178910,20.76000000
2018-02-28 09:13:45,0.00178930,0.91000000
2018-02-28 09:13:46,0.00178930,0.94000000
2018-02-28 09:13:46,0.00178930,4.29000000
2018-02-28 09:13:48,0.00178920,8.82000000
2018-02-28 09:13:50,0.00179410,0.56000000
2018-02-28 09:13:51,0.00178910,11.17000000
2018-02-28 09:13:51,0.00178900,1.67000000
2018-02-28 09:13:51,0.00178750,9.75000000
2018-02-28 09:13:51,0.00178740,31.41000000
2018-02-28 09:13:51,0.00179370,6.42000000
2018-02-28 09:13:55,0.00179310,1.10000000
2018-02-28 09:14:01,0.00179230,3.37000000
2018-02-28 09:14:03,0.00178720,133.63000000
2018-02-28 09:14:03,0.00178710,35.21000000
2018-02-28 09:14:03,0.00178620,1.39000000
2018-02-28 09:14:03,0.00178600,14.07000000
2018-02-28 09:14:03,0.00178590,2.78000000
2018-02-28 09:14:03,0.00178570,2.75000000
2018-02-28 09:14:03,0.00178520,0.57000000
2018-02-28 09:14:03,0.00178490,9.60000000
2018-02-28 09:14:04,0.00178970,17.67000000
2018-02-28 09:14:04,0.00178980,19.99000000
2018-02-28 09:14:04,0.00179000,54.09000000
2018-02-28 09:14:05,0.00178710,1.87000000
2018-02-28 09:14:05,0.00178710,0.91000000
2018-02-28 09:14:10,0.00178710,1.81000000
2018-02-28 09:14:11,0.00178710,0.43000000
2018-02-28 09:14:11,0.00178720,24.57000000
2018-02-28 09:14:14,0.00178720,3.36000000
2018-02-28 09:14:15,0.00178720,4.75000000
2018-02-28 09:14:16,0.00178720,1.12000000
2018-02-28 09:14:32,0.00178720,5.98000000
2018-02-28 09:14:33,0.00178720,3.81000000
2018-02-28 09:15:07,0.00178720,1.93000000
2018-02-28 09:15:08,0.00178480,50.00000000
2018-02-28 09:15:15,0.00178720,5.28000000
2018-02-28 09:15:24,0.00178720,37.94000000
2018-02-28 09:16:02,0.00178710,3.36000000
2018-02-28 09:16:10,0.00178480,4.24000000
2018-02-28 09:16:11,0.00178480,1.78000000
2018-02-28 09:16:11,0.00178400,2.31000000
2018-02-28 09:16:11,0.00178350,11.21000000
2018-02-28 09:16:11,0.00178340,3.72000000
2018-02-28 09:16:11,0.00178300,10.00000000
2018-02-28 09:16:11,0.00178260,1.41000000
2018-02-28 09:16:11,0.00178150,5.57000000
2018-02-28 09:16:17,0.00178160,2.99000000
2018-02-28 09:16:20,0.00178180,1.00000000
2018-02-28 09:16:32,0.00178540,3.36000000
2018-02-28 09:16:50,0.00178510,2.78000000
2018-02-28 09:16:50,0.00178520,3.99000000
2018-02-28 09:16:50,0.00178530,9.14000000
2018-02-28 09:16:50,0.00178720,20.45000000
2018-02-28 09:16:50,0.00178800,12.04000000
2018-02-28 09:16:53,0.00178900,2.66000000
2018-02-28 09:16:53,0.00178900,1.42000000
2018-02-28 09:16:54,0.00178900,1.35000000
2018-02-28 09:16:55,0.00178900,1.08000000
2018-02-28 09:16:56,0.00178550,2.77000000
2018-02-28 09:16:57,0.00178900,1.40000000
2018-02-28 09:17:22,0.00178550,4.32000000
2018-02-28 09:17:23,0.00178900,2.66000000
2018-02-28 09:17:32,0.00178900,4.31000000
2018-02-28 09:18:03,0.00179000,2.56000000
2018-02-28 09:18:04,0.00179000,2.56000000
2018-02-28 09:18:11,0.00179000,1.45000000
2018-02-28 09:18:11,0.00178900,0.05000000
2018-02-28 09:18:11,0.00178650,10.51000000
2018-02-28 09:18:12,0.00179000,1.22000000
2018-02-28 09:18:12,0.00179000,0.02000000
2018-02-28 09:18:12,0.00179240,2.67000000
2018-02-28 09:18:12,0.00179240,2.31000000
2018-02-28 09:18:13,0.00179240,42.87000000
2018-02-28 09:18:13,0.00179250,9.75000000
2018-02-28 09:18:13,0.00179260,10.01000000
2018-02-28 09:18:13,0.00179270,2.78000000
2018-02-28 09:18:13,0.00179400,20.31000000
2018-02-28 09:18:13,0.00179230,24.88000000
2018-02-28 09:18:14,0.00179390,47.85000000
2018-02-28 09:18:14,0.00179400,243.65000000
2018-02-28 09:18:19,0.00179220,1.29000000
2018-02-28 09:18:19,0.00179220,0.56000000
2018-02-28 09:18:23,0.00179220,15.75000000
2018-02-28 09:18:23,0.00179450,3.36000000
2018-02-28 09:18:23,0.00179500,3.97000000
2018-02-28 09:18:23,0.00179600,5.04000000
2018-02-28 09:18:23,0.00179610,3.36000000
2018-02-28 09:18:23,0.00179630,314.88000000
2018-02-28 09:18:23,0.00179650,12.33000000
2018-02-28 09:18:23,0.00179800,3.35000000
2018-02-28 09:18:23,0.00179820,3.35000000
2018-02-28 09:18:23,0.00179890,4.16000000
2018-02-28 09:18:23,0.00179960,4.88000000
2018-02-28 09:18:23,0.00180000,8.32000000
2018-02-28 09:18:23,0.00180010,28.00000000
2018-02-28 09:18:23,0.00180070,1.91000000
2018-02-28 09:18:23,0.00180170,3.35000000
2018-02-28 09:18:23,0.00180180,2.00000000
2018-02-28 09:18:23,0.00180250,15.71000000
2018-02-28 09:18:25,0.00179270,104.05000000
2018-02-28 09:18:25,0.00179260,27.88000000
2018-02-28 09:18:25,0.00179250,75.57000000
2018-02-28 09:18:25,0.00179240,9.82000000
2018-02-28 09:18:25,0.00179230,2.68000000
2018-02-28 09:18:25,0.00180230,3.74000000
2018-02-28 09:18:30,0.00180130,2.13000000
2018-02-28 09:18:32,0.00180110,3.39000000
2018-02-28 09:18:37,0.00180000,1.46000000
2018-02-28 09:18:39,0.00179990,0.56000000
2018-02-28 09:18:47,0.00179450,5.03000000
2018-02-28 09:18:47,0.00179450,3.90000000
2018-02-28 09:19:12,0.00179600,5.00000000
2018-02-28 09:19:12,0.00179600,13.06000000
2018-02-28 09:19:29,0.00179600,0.56000000
2018-02-28 09:19:36,0.00179290,2.47000000
2018-02-28 09:19:36,0.00179260,2.47000000
2018-02-28 09:19:36,0.00179220,11.06000000
2018-02-28 09:19:37,0.00179230,4.94000000
2018-02-28 09:19:37,0.00179230,22.94000000
2018-02-28 09:19:37,0.00179220,4.94000000
2018-02-28 09:19:37,0.00178980,19.93000000
2018-02-28 09:19:37,0.00178930,4.44000000
2018-02-28 09:19:37,0.00178910,25.01000000
2018-02-28 09:19:37,0.00178900,6.68000000
2018-02-28 09:19:37,0.00179150,3.62000000
2018-02-28 09:19:37,0.00179140,0.91000000
2018-02-28 09:19:37,0.00178900,2.47000000
2018-02-28 09:19:38,0.00179140,26.77000000
2018-02-28 09:19:39,0.00179140,10.67000000
2018-02-28 09:19:39,0.00179130,2.27000000
2018-02-28 09:19:42,0.00179110,0.94000000
2018-02-28 09:19:43,0.00179110,14.93000000
2018-02-28 09:19:44,0.00178900,200.00000000
2018-02-28 09:19:46,0.00179080,1.12000000
2018-02-28 09:19:48,0.00179070,1.78000000
2018-02-28 09:19:56,0.00178900,10.85000000
2018-02-28 09:19:56,0.00178550,1.01000000
2018-02-28 09:19:56,0.00178500,1.14000000
2018-02-28 09:19:56,0.00179040,1.60000000
2018-02-28 09:20:01,0.00179030,22.67000000
2018-02-28 09:20:20,0.00179010,2.34000000
2018-02-28 09:20:21,0.00178540,8.00000000
2018-02-28 09:20:52,0.00178660,1.49000000
2018-02-28 09:20:57,0.00178660,4.20000000
2018-02-28 09:20:58,0.00178660,8.84000000
2018-02-28 09:20:59,0.00179010,10.00000000
2018-02-28 09:21:00,0.00178660,1.15000000
2018-02-28 09:21:00,0.00178660,4.31000000
2018-02-28 09:21:02,0.00178650,7.41000000
2018-02-28 09:21:08,0.00178620,5.61000000
2018-02-28 09:21:10,0.00178560,3.20000000
2018-02-28 09:21:45,0.00178560,0.58000000
2018-02-28 09:21:46,0.00178550,7.36000000
2018-02-28 09:21:46,0.00178500,4.78000000
2018-02-28 09:21:47,0.00178500,13.25000000
2018-02-28 09:21:59,0.00178510,3.36000000
2018-02-28 09:22:08,0.00178500,0.01000000
2018-02-28 09:22:15,0.00178450,1.12000000
2018-02-28 09:22:16,0.00178430,0.81000000
2018-02-28 09:22:29,0.00178380,1.15000000
2018-02-28 09:22:30,0.00178390,3.36000000
2018-02-28 09:22:33,0.00178380,2.58000000
2018-02-28 09:22:56,0.00178240,2.99000000
2018-02-28 09:22:56,0.00178180,0.68000000
2018-02-28 09:22:56,0.00178150,2.00000000
2018-02-28 09:22:56,0.00178110,1.80000000
2018-02-28 09:22:56,0.00178090,3.13000000
2018-02-28 09:23:00,0.00178290,3.36000000
2018-02-28 09:23:08,0.00178250,8.62000000
2018-02-28 09:23:08,0.00178440,41.38000000
2018-02-28 09:23:08,0.00178440,5.08000000
2018-02-28 09:23:09,0.00178440,2.19000000
2018-02-28 09:23:10,0.00178440,1.35000000
2018-02-28 09:23:10,0.00178440,6.00000000
2018-02-28 09:23:11,0.00178440,1.35000000
2018-02-28 09:23:14,0.00178490,2.86000000
2018-02-28 09:23:17,0.00178500,4.32000000
2018-02-28 09:23:18,0.00178500,1.35000000
2018-02-28 09:23:19,0.00178500,9.43000000
2018-02-28 09:23:20,0.00178500,1.35000000
2018-02-28 09:23:22,0.00178500,11.31000000
2018-02-28 09:23:24,0.00178500,10.00000000
2018-02-28 09:23:36,0.00178490,8.38000000
2018-02-28 09:23:42,0.00178140,23.80000000
2018-02-28 09:24:06,0.00178140,15.47000000
2018-02-28 09:24:06,0.00178090,57.40000000
2018-02-28 09:24:06,0.00178080,56.01000000
2018-02-28 09:24:06,0.00178020,100.00000000
2018-02-28 09:24:06,0.00178010,8.81000000
2018-02-28 09:24:06,0.00178000,12.31000000
2018-02-28 09:24:12,0.00178000,24.03000000
2018-02-28 09:24:21,0.00178000,1.11000000
2018-02-28 09:24:24,0.00178350,2.68000000
2018-02-28 09:24:45,0.00178350,8.68000000
2018-02-28 09:25:01,0.00178350,8.68000000
2018-02-28 09:25:13,0.00178000,8.13000000
2018-02-28 09:25:15,0.00177990,3.00000000
2018-02-28 09:25:17,0.00177990,0.01000000
2018-02-28 09:25:19,0.00177990,0.62000000
2018-02-28 09:25:25,0.00177990,4.37000000
2018-02-28 09:25:25,0.00177990,0.01000000
2018-02-28 09:25:28,0.00178320,2.36000000
2018-02-28 09:25:30,0.00178350,11.23000000
2018-02-28 09:25:33,0.00178350,1.79000000
2018-02-28 09:25:36,0.00178000,28.06000000
2018-02-28 09:25:36,0.00177990,14.59000000
2018-02-28 09:25:36,0.00177780,4.88000000
2018-02-28 09:25:36,0.00177770,3.02000000
2018-02-28 09:25:36,0.00177710,2.37000000
2018-02-28 09:25:36,0.00177710,87.08000000
2018-02-28 09:25:40,0.00178070,1.32000000
2018-02-28 09:25:42,0.00178070,7.52000000
2018-02-28 09:25:44,0.00177770,79.09000000
2018-02-28 09:25:55,0.00178070,1.60000000
2018-02-28 09:26:07,0.00178070,10.00000000
2018-02-28 09:26:21,0.00178070,50.00000000
2018-02-28 09:26:37,0.00178070,30.00000000
2018-02-28 09:26:39,0.00177770,13.83000000
2018-02-28 09:26:39,0.00177670,51.82000000
2018-02-28 09:27:09,0.00178060,7.66000000
2018-02-28 09:27:16,0.00177700,2.77000000
2018-02-28 09:27:38,0.00177700,21.48000000
2018-02-28 09:27:39,0.00177700,2.06000000
2018-02-28 09:27:40,0.00178060,0.01000000
2018-02-28 09:27:42,0.00178060,50.00000000
2018-02-28 09:27:43,0.00178000,2.00000000
2018-02-28 09:27:43,0.00177700,2.00000000
2018-02-28 09:27:43,0.00177700,5.62000000
2018-02-28 09:27:44,0.00177700,8.34000000
2018-02-28 09:27:44,0.00177630,21.82000000
2018-02-28 09:27:45,0.00177630,5.16000000
2018-02-28 09:27:46,0.00177970,3.37000000
2018-02-28 09:27:56,0.00177630,0.02000000
2018-02-28 09:27:56,0.00177620,1.09000000
2018-02-28 09:27:56,0.00177620,21.30000000
2018-02-28 09:27:57,0.00177620,2.38000000
2018-02-28 09:27:57,0.00177630,2.76000000
2018-02-28 09:27:57,0.00177560,1.90000000
2018-02-28 09:27:57,0.00177560,1.39000000
2018-02-28 09:27:57,0.00177560,4.17000000
2018-02-28 09:27:57,0.00177560,1.39000000
2018-02-28 09:27:58,0.00177560,1.20000000
2018-02-28 09:27:58,0.00177570,1.39000000
2018-02-28 09:28:04,0.00177580,3.45000000
2018-02-28 09:28:05,0.00177970,1.54000000
2018-02-28 09:28:16,0.00177950,3.37000000
2018-02-28 09:28:22,0.00177580,17.23000000
2018-02-28 09:28:26,0.00177950,1.00000000
2018-02-28 09:28:30,0.00177950,0.50000000
2018-02-28 09:28:32,0.00177940,1.12000000
2018-02-28 09:28:33,0.00177940,6.36000000
2018-02-28 09:28:40,0.00177920,1.28000000
2018-02-28 09:28:48,0.00177900,3.37000000
2018-02-28 09:29:11,0.00177550,1.60000000
2018-02-28 09:29:11,0.00177540,8.14000000
2018-02-28 09:29:12,0.00177500,2.00000000
2018-02-28 09:29:12,0.00177320,4.09000000
2018-02-28 09:29:14,0.00177540,6.68000000
2018-02-28 09:29:15,0.00177540,3.78000000
2018-02-28 09:29:15,0.00177550,8.36000000
2018-02-28 09:29:15,0.00177670,1.60000000
2018-02-28 09:29:15,0.00177900,4.82000000
2018-02-28 09:29:15,0.00177900,53.74000000
2018-02-28 09:29:15,0.00177900,10.00000000
2018-02-28 09:29:16,0.00177900,1.15000000
2018-02-28 09:29:16,0.00177900,19.44000000
2018-02-28 09:29:16,0.00177900,0.92000000
2018-02-28 09:29:18,0.00177950,3.22000000
2018-02-28 09:29:19,0.00177950,1.35000000
2018-02-28 09:29:20,0.00177950,2.58000000
2018-02-28 09:29:20,0.00177950,1.39000000
2018-02-28 09:29:20,0.00177950,0.61000000
2018-02-28 09:29:21,0.00177950,1.35000000
2018-02-28 09:29:22,0.00177950,0.79000000
2018-02-28 09:29:22,0.00177950,9.68000000
2018-02-28 09:29:23,0.00177950,13.48000000
2018-02-28 09:29:24,0.00177950,0.64000000
2018-02-28 09:29:24,0.00177950,8.52000000
2018-02-28 09:29:33,0.00177900,16.26000000
2018-02-28 09:29:34,0.00177900,10.35000000
2018-02-28 09:29:34,0.00177950,50.00000000
2018-02-28 09:29:44,0.00177950,2.78000000
2018-02-28 09:29:44,0.00177950,1.12000000
2018-02-28 09:29:48,0.00177950,19.65000000
2018-02-28 09:29:48,0.00177900,0.02000000
2018-02-28 09:29:48,0.00177360,11.27000000
2018-02-28 09:29:48,0.00177330,7.80000000
2018-02-28 09:29:48,0.00177270,2.86000000
2018-02-28 09:29:48,0.00177210,39.53000000
2018-02-28 09:29:48,0.00177130,394.30000000
2018-02-28 09:29:48,0.00177100,23.26000000
2018-02-28 09:29:48,0.00177070,214.88000000
2018-02-28 09:29:48,0.00177060,286.43000000
2018-02-28 09:29:48,0.00177060,7.51000000
2018-02-28 09:29:51,0.00178010,6.36000000
2018-02-28 09:29:51,0.00177100,5.54000000
2018-02-28 09:30:10,0.00177880,1.18000000
2018-02-28 09:30:17,0.00177880,3.37000000
2018-02-28 09:30:22,0.00177880,11.24000000
2018-02-28 09:30:40,0.00177870,5.88000000
2018-02-28 09:30:52,0.00177870,3.37000000
2018-02-28 09:30:57,0.00177080,2.44000000
2018-02-28 09:31:05,0.00177800,2.47000000
2018-02-28 09:31:11,0.00177420,8.99000000
2018-02-28 09:31:25,0.00177650,3.38000000
2018-02-28 09:31:39,0.00177100,16.69000000
2018-02-28 09:31:41,0.00177530,5.61000000
2018-02-28 09:31:41,0.00177540,2.56000000
2018-02-28 09:31:44,0.00177520,1.12000000
2018-02-28 09:31:57,0.00177480,3.38000000
2018-02-28 09:32:08,0.00177440,1.13000000
2018-02-28 09:32:08,0.00177440,5.47000000
2018-02-28 09:32:10,0.00177110,26.97000000
2018-02-28 09:32:11,0.00177500,4.00000000
2018-02-28 09:32:16,0.00177440,10.36000000
2018-02-28 09:32:25,0.00177420,3.38000000
2018-02-28 09:32:28,0.00177420,22.20000000
2018-02-28 09:32:28,0.00177520,41.35000000
2018-02-28 09:32:28,0.00177680,90.61000000
2018-02-28 09:32:28,0.00177690,153.49000000
2018-02-28 09:32:30,0.00177660,5.38000000
2018-02-28 09:32:30,0.00177660,1.18000000
2018-02-28 09:32:31,0.00177660,1.56000000
2018-02-28 09:32:31,0.00177670,29.16000000
2018-02-28 09:32:34,0.00177680,9.28000000
2018-02-28 09:32:35,0.00177680,1.32000000
2018-02-28 09:32:40,0.00177690,2.70000000
2018-02-28 09:33:07,0.00177430,20.00000000
2018-02-28 09:33:07,0.00177420,8.90000000
2018-02-28 09:33:09,0.00177780,4.26000000
2018-02-28 09:33:17,0.00177800,6.95000000
2018-02-28 09:33:17,0.00177810,4.56000000
2018-02-28 09:33:17,0.00177860,20.00000000
2018-02-28 09:33:17,0.00177900,284.07000000
2018-02-28 09:33:22,0.00178040,8.26000000
2018-02-28 09:33:29,0.00178090,4.84000000
2018-02-28 09:33:30,0.00178090,7.90000000
2018-02-28 09:33:30,0.00178090,5.46000000
2018-02-28 09:33:38,0.00177730,5.62000000
2018-02-28 09:33:38,0.00177730,3.20000000
2018-02-28 09:33:38,0.00177730,5.62000000
2018-02-28 09:33:38,0.00177730,33.18000000
2018-02-28 09:33:38,0.00177470,5.62000000
2018-02-28 09:33:38,0.00177470,4.99000000
2018-02-28 09:33:40,0.00177690,1.84000000
2018-02-28 09:33:44,0.00177590,14.00000000
2018-02-28 09:33:47,0.00177570,11.11000000
2018-02-28 09:33:50,0.00177570,1.16000000
2018-02-28 09:33:50,0.00177580,11.25000000
2018-02-28 09:33:52,0.00177710,12.18000000
2018-02-28 09:34:03,0.00177380,12.16000000
2018-02-28 09:34:04,0.00177380,14.25000000
2018-02-28 09:34:08,0.00177730,1.15000000
2018-02-28 09:34:08,0.00177990,19.95000000
2018-02-28 09:34:08,0.00178090,1.38000000
2018-02-28 09:34:10,0.00178080,5.33000000
2018-02-28 09:34:18,0.00177640,13.92000000
2018-02-28 09:34:18,0.00177630,5.33000000
2018-02-28 09:34:18,0.00177590,11.26000000
2018-02-28 09:34:19,0.00177420,5.01000000
2018-02-28 09:34:21,0.00178060,0.57000000
2018-02-28 09:34:31,0.00177760,7.92000000
2018-02-28 09:34:33,0.00177740,8.64000000
2018-02-28 09:34:35,0.00177680,9.27000000
2018-02-28 09:34:38,0.00177610,1.75000000
2018-02-28 09:34:38,0.00177620,3.87000000
2018-02-28 09:34:45,0.00178030,21.14000000
2018-02-28 09:34:45,0.00178040,5.10000000
2018-02-28 09:35:01,0.00178040,1.12000000
2018-02-28 09:35:01,0.00177980,0.70000000
2018-02-28 09:35:01,0.00178040,1.66000000
2018-02-28 09:35:01,0.00178060,3.42000000
2018-02-28 09:35:11,0.00178060,2.74000000
2018-02-28 09:35:11,0.00178060,3.10000000
2018-02-28 09:35:12,0.00177730,20.00000000
2018-02-28 09:35:12,0.00177700,5.76000000
2018-02-28 09:35:12,0.00177410,19.95000000
2018-02-28 09:35:12,0.00177390,27.72000000
2018-02-28 09:35:12,0.00177380,197.67000000
2018-02-28 09:35:28,0.00178040,5.76000000
2018-02-28 09:35:28,0.00178070,9.65000000
2018-02-28 09:35:39,0.00177710,1.45000000
2018-02-28 09:35:44,0.00177710,37.97000000
2018-02-28 09:35:44,0.00177250,8.34000000
2018-02-28 09:35:44,0.00177060,108.51000000
2018-02-28 09:35:44,0.00177000,33.62000000
2018-02-28 09:35:44,0.00176980,1.12000000
2018-02-28 09:35:44,0.00176950,4.17000000
2018-02-28 09:35:44,0.00176770,3.43000000
2018-02-28 09:35:44,0.00176750,10.94000000
2018-02-28 09:35:44,0.00176750,1.08000000
2018-02-28 09:35:44,0.00176700,1.67000000
2018-02-28 09:35:44,0.00176700,1.30000000
2018-02-28 09:35:44,0.00177000,2.76000000
2018-02-28 09:35:44,0.00177000,2.30000000
2018-02-28 09:35:44,0.00177000,2.61000000
2018-02-28 09:35:44,0.00177000,2.76000000
2018-02-28 09:35:44,0.00177000,5.63000000
2018-02-28 09:35:44,0.00176700,2.76000000
2018-02-28 09:35:44,0.00177000,3.20000000
2018-02-28 09:35:44,0.00177000,15.22000000
2018-02-28 09:35:44,0.00176990,0.92000000
2018-02-28 09:35:44,0.00176990,1.13000000
2018-02-28 09:35:45,0.00176990,26.12000000
2018-02-28 09:35:45,0.00177000,16.50000000
2018-02-28 09:35:45,0.00177000,3.88000000
2018-02-28 09:35:45,0.00177000,3.39000000
2018-02-28 09:35:45,0.00177000,3.39000000
2018-02-28 09:35:45,0.00177000,5.63000000
2018-02-28 09:35:45,0.00176700,3.39000000
2018-02-28 09:35:45,0.00177000,5.63000000
2018-02-28 09:35:45,0.00177000,1.60000000
2018-02-28 09:35:46,0.00177000,15.53000000
2018-02-28 09:35:48,0.00176710,0.27000000
2018-02-28 09:35:48,0.00176730,0.30000000
2018-02-28 09:35:50,0.00177000,15.53000000
2018-02-28 09:35:54,0.00177000,134.54000000
2018-02-28 09:35:54,0.00177050,11.25000000
2018-02-28 09:35:54,0.00177290,4.28000000
2018-02-28 09:35:57,0.00177580,15.53000000
2018-02-28 09:35:57,0.00177580,0.14000000
2018-02-28 09:35:57,0.00177840,17.62000000
2018-02-28 09:36:00,0.00178060,3.36000000
2018-02-28 09:36:01,0.00178060,2.14000000
2018-02-28 09:36:01,0.00177250,15.49000000
2018-02-28 09:36:01,0.00178060,6.52000000
2018-02-28 09:36:02,0.00177570,11.26000000
2018-02-28 09:36:02,0.00177560,0.01000000
2018-02-28 09:36:02,0.00177580,13.73000000
2018-02-28 09:36:03,0.00178050,1.40000000
2018-02-28 09:36:04,0.00178050,1.46000000
2018-02-28 09:36:05,0.00178040,11.26000000
2018-02-28 09:36:05,0.00178050,0.68000000
2018-02-28 09:36:05,0.00178050,0.99000000
2018-02-28 09:36:06,0.00178050,5.62000000
2018-02-28 09:36:14,0.00178070,17.77000000
2018-02-28 09:36:17,0.00177700,14.50000000
2018-02-28 09:36:17,0.00177690,11.25000000
2018-02-28 09:36:17,0.00177560,10.13000000
2018-02-28 09:36:17,0.00177430,10.60000000
2018-02-28 09:36:32,0.00177280,6.00000000
2018-02-28 09:36:34,0.00177300,9.47000000
2018-02-28 09:36:35,0.00177400,2.20000000
2018-02-28 09:36:37,0.00177310,9.47000000
2018-02-28 09:36:38,0.00177380,3.38000000
2018-02-28 09:36:38,0.00177380,2.70000000
2018-02-28 09:36:42,0.00177380,9.46000000
2018-02-28 09:36:47,0.00177330,0.01000000
2018-02-28 09:36:47,0.00177330,49.36000000
2018-02-28 09:36:47,0.00177320,54.37000000
2018-02-28 09:36:50,0.00177290,7.34000000
2018-02-28 09:36:52,0.00177290,3.15000000
2018-02-28 09:36:52,0.00177300,53.41000000
2018-02-28 09:36:59,0.00177350,13.65000000
2018-02-28 09:36:59,0.00177350,3.75000000
2018-02-28 09:37:06,0.00177350,3.94000000
2018-02-28 09:37:09,0.00177350,36.73000000
2018-02-28 09:37:09,0.00177370,10.67000000
2018-02-28 09:37:09,0.00177380,79.61000000
2018-02-28 09:37:09,0.00177380,129.34000000
2018-02-28 09:37:09,0.00177430,6.62000000
2018-02-28 09:37:11,0.00177740,8.09000000
2018-02-28 09:37:15,0.00177580,2.70000000
2018-02-28 09:37:16,0.00177580,1.36000000
2018-02-28 09:37:28,0.00177580,5.63000000
2018-02-28 09:37:34,0.00177350,3.38000000
2018-02-28 09:37:34,0.00177340,68.80000000
2018-02-28 09:37:45,0.00177340,2.77000000
2018-02-28 09:37:55,0.00177580,1.12000000
2018-02-28 09:38:24,0.00177580,1.24000000
2018-02-28 09:38:37,0.00177580,9.67000000
2018-02-28 09:38:52,0.00177580,2.53000000
2018-02-28 09:39:19,0.00177570,0.88000000
2018-02-28 09:39:42,0.00177560,1.24000000
2018-02-28 09:40:17,0.00177350,0.85000000
2018-02-28 09:40:19,0.00177560,3.00000000
2018-02-28 09:40:30,0.00177350,0.02000000
2018-02-28 09:40:30,0.00177340,26.00000000
2018-02-28 09:40:30,0.00177220,4.94000000
2018-02-28 09:40:31,0.00177350,2.74000000
2018-02-28 09:41:02,0.00177310,2.82000000
2018-02-28 09:41:05,0.00177310,0.56000000
2018-02-28 09:41:26,0.00177300,3.12000000
2018-02-28 09:41:26,0.00177310,1.25000000
2018-02-28 09:41:27,0.00177310,0.68000000
2018-02-28 09:41:31,0.00177300,2.26000000
2018-02-28 09:41:31,0.00177310,5.58000000
2018-02-28 09:41:32,0.00177300,3.38000000
2018-02-28 09:41:35,0.00177310,6.88000000
2018-02-28 09:41:35,0.00177310,20.10000000
2018-02-28 09:41:39,0.00177310,0.01000000
2018-02-28 09:41:39,0.00177090,4.52000000
2018-02-28 09:42:06,0.00177090,2.41000000
2018-02-28 09:42:12,0.00177350,1.50000000
2018-02-28 09:42:21,0.00177350,21.37000000
2018-02-28 09:42:21,0.00177550,8.10000000
2018-02-28 09:42:21,0.00177560,11.82000000
2018-02-28 09:42:52,0.00177530,1.97000000
2018-02-28 09:43:51,0.00177430,6.61000000
2018-02-28 09:43:53,0.00177430,5.00000000
2018-02-28 09:44:11,0.00177550,0.85000000
2018-02-28 09:44:11,0.00177560,3.89000000
2018-02-28 09:44:11,0.00177580,66.54000000
2018-02-28 09:44:12,0.00177440,28.17000000
2018-02-28 09:44:12,0.00177430,51.43000000
2018-02-28 09:44:12,0.00177420,28.17000000
2018-02-28 09:44:14,0.00177430,134.65000000
2018-02-28 09:44:17,0.00177430,33.50000000
2018-02-28 09:44:17,0.00177430,108.76000000
2018-02-28 09:44:18,0.00177430,6.42000000
2018-02-28 09:44:18,0.00177430,27.28000000
2018-02-28 09:44:18,0.00177430,30.80000000
2018-02-28 09:44:18,0.00177430,33.50000000
2018-02-28 09:44:18,0.00177430,27.23000000
2018-02-28 09:44:19,0.00177430,32.49000000
2018-02-28 09:44:19,0.00177430,27.23000000
2018-02-28 09:44:20,0.00177430,215.15000000
2018-02-28 09:44:22,0.00177430,2.66000000
2018-02-28 09:44:23,0.00177430,3.14000000
2018-02-28 09:44:23,0.00177430,30.23000000
2018-02-28 09:44:24,0.00177430,19.61000000
2018-02-28 09:44:26,0.00177430,100.00000000
2018-02-28 09:44:26,0.00177430,19.59000000
2018-02-28 09:44:29,0.00177430,36.60000000
2018-02-28 09:44:30,0.00177430,66.42000000
2018-02-28 09:44:30,0.00177840,35.92000000
2018-02-28 09:44:33,0.00177840,1.18000000
2018-02-28 09:44:33,0.00177840,1.12000000
2018-02-28 09:44:34,0.00177840,7.89000000
2018-02-28 09:44:35,0.00177840,1.41000000
2018-02-28 09:44:39,0.00177840,11.19000000
2018-02-28 09:44:41,0.00177840,2.81000000
2018-02-28 09:44:41,0.00177840,35.95000000
2018-02-28 09:44:44,0.00177840,17.49000000
2018-02-28 09:45:11,0.00177840,0.79000000
2018-02-28 09:45:13,0.00177840,403.78000000
2018-02-28 09:45:13,0.00177960,4.44000000
2018-02-28 09:45:13,0.00178040,1.82000000
2018-02-28 09:45:13,0.00178070,0.60000000
2018-02-28 09:45:13,0.00178090,21.95000000
2018-02-28 09:45:13,0.00178100,10.60000000
2018-02-28 09:45:13,0.00178130,1.73000000
2018-02-28 09:45:13,0.00178130,7.05000000
2018-02-28 09:45:13,0.00178200,6.76000000
2018-02-28 09:45:13,0.00178240,3.38000000
2018-02-28 09:45:13,0.00178300,3.38000000
2018-02-28 09:45:13,0.00178310,3.38000000
2018-02-28 09:45:13,0.00178380,103.06000000
2018-02-28 09:45:13,0.00178380,69.57000000
2018-02-28 09:45:13,0.00177870,2.80000000
2018-02-28 09:45:20,0.00178490,1.40000000
2018-02-28 09:45:22,0.00178490,1.06000000
2018-02-28 09:45:30,0.00178490,0.57000000
2018-02-28 09:45:47,0.00178480,2.80000000
2018-02-28 09:45:47,0.00178490,192.87000000
2018-02-28 09:45:47,0.00178500,3.20000000
2018-02-28 09:45:47,0.00178500,201.21000000
2018-02-28 09:45:47,0.00178500,198.01000000
2018-02-28 09:45:51,0.00178500,169.76000000
2018-02-28 09:45:51,0.00178500,1.97000000
2018-02-28 09:46:00,0.00178510,4.96000000
2018-02-28 09:46:06,0.00178550,5.60000000
2018-02-28 09:46:23,0.00178520,1.52000000
2018-02-28 09:46:23,0.00178540,5.53000000
2018-02-28 09:46:23,0.00178550,7.95000000
2018-02-28 09:46:26,0.00178550,9.58000000
2018-02-28 09:46:55,0.00178550,178.08000000
2018-02-28 09:47:02,0.00178560,3.37000000
2018-02-28 09:47:04,0.00178550,596.29000000
2018-02-28 09:47:04,0.00178120,3.71000000
2018-02-28 09:47:11,0.00178550,3.70000000
2018-02-28 09:47:12,0.00178550,0.01000000
2018-02-28 09:47:18,0.00178560,0.01000000
2018-02-28 09:47:18,0.00178570,0.83000000
2018-02-28 09:47:19,0.00178570,4.66000000
2018-02-28 09:47:24,0.00178550,80.00000000
2018-02-28 09:47:28,0.00178570,0.01000000
2018-02-28 09:47:28,0.00178580,2.64000000
2018-02-28 09:47:28,0.00178660,0.99000000
2018-02-28 09:47:28,0.00178710,1.91000000
2018-02-28 09:47:28,0.00178760,2.13000000
2018-02-28 09:47:29,0.00178760,1.22000000
2018-02-28 09:47:35,0.00178760,0.02000000
2018-02-28 09:47:42,0.00178770,7.34000000
2018-02-28 09:47:42,0.00178800,3.37000000
2018-02-28 09:47:42,0.00178840,3.37000000
2018-02-28 09:47:42,0.00178870,3.37000000
2018-02-28 09:47:42,0.00178880,3.16000000
2018-02-28 09:48:02,0.00178870,0.56000000
2018-02-28 09:48:03,0.00178870,5.00000000
2018-02-28 09:48:07,0.00178870,20.00000000
2018-02-28 09:48:12,0.00178870,19.92000000
2018-02-28 09:48:21,0.00178870,18.00000000
2018-02-28 09:48:34,0.00178870,1.12000000
2018-02-28 09:48:57,0.00178790,0.56000000
2018-02-28 09:48:57,0.00178800,91.13000000
2018-02-28 09:49:10,0.00178800,0.56000000
2018-02-28 09:49:10,0.00178870,8.15000000
2018-02-28 09:49:10,0.00178880,0.21000000
2018-02-28 09:49:10,0.00179130,8.42000000
2018-02-28 09:49:30,0.00178550,0.76000000
2018-02-28 09:49:32,0.00178980,20.00000000
2018-02-28 09:49:36,0.00178980,4.88000000
2018-02-28 09:49:39,0.00178980,12.65000000
2018-02-28 09:49:41,0.00178970,6.82000000
2018-02-28 09:50:09,0.00178970,14.25000000
2018-02-28 09:50:10,0.00178970,20.00000000
2018-02-28 09:50:18,0.00178930,2.79000000
2018-02-28 09:50:18,0.00178930,1.67000000
2018-02-28 09:50:18,0.00178930,5.02000000
2018-02-28 09:50:19,0.00178930,5.58000000
2018-02-28 09:50:19,0.00178930,1.11000000
2018-02-28 09:50:20,0.00178930,9.43000000
2018-02-28 09:50:20,0.00178930,1.95000000
2018-02-28 09:50:20,0.00178930,1.34000000
2018-02-28 09:50:21,0.00178930,1.39000000
2018-02-28 09:50:21,0.00178930,1.11000000
2018-02-28 09:50:21,0.00178930,0.42000000
2018-02-28 09:50:21,0.00178950,0.69000000
2018-02-28 09:50:21,0.00178950,2.79000000
2018-02-28 09:50:23,0.00178950,1.11000000
2018-02-28 09:50:26,0.00178950,1.11000000
2018-02-28 09:50:28,0.00178950,2.79000000
2018-02-28 09:50:56,0.00178950,0.56000000
2018-02-28 09:51:11,0.00178940,11.06000000
2018-02-28 09:51:23,0.00178940,1.15000000
2018-02-28 09:52:29,0.00178600,240.00000000
2018-02-28 09:52:49,0.00178600,3.80000000
2018-02-28 09:52:52,0.00178600,4.52000000
2018-02-28 09:53:06,0.00178600,57.95000000
2018-02-28 09:53:10,0.00178920,0.56000000
2018-02-28 09:53:13,0.00178600,0.66000000
2018-02-28 09:53:13,0.00178240,0.48000000
2018-02-28 09:53:17,0.00178920,0.56000000
2018-02-28 09:53:17,0.00178930,0.68000000
2018-02-28 09:53:32,0.00178930,0.91000000
2018-02-28 09:53:34,0.00178930,0.93000000
2018-02-28 09:53:36,0.00178930,0.91000000
2018-02-28 09:53:36,0.00178930,0.91000000
2018-02-28 09:53:36,0.00178930,0.91000000
2018-02-28 09:53:37,0.00178930,10.38000000
2018-02-28 09:54:28,0.00178440,16.17000000
2018-02-28 09:54:32,0.00178900,0.56000000
2018-02-28 09:54:32,0.00178910,4.37000000
2018-02-28 09:54:32,0.00178930,31.79000000
2018-02-28 09:54:34,0.00178920,0.56000000
2018-02-28 09:54:36,0.00178900,0.03000000
2018-02-28 09:54:39,0.00178900,1.04000000
2018-02-28 09:54:40,0.00178900,0.05000000
2018-02-28 09:55:03,0.00178720,5.00000000
2018-02-28 09:55:07,0.00178580,5.05000000
2018-02-28 09:55:07,0.00178570,3.50000000
2018-02-28 09:55:07,0.00178470,2.51000000
2018-02-28 09:55:08,0.00178720,1.37000000
2018-02-28 09:55:16,0.00178660,9.24000000
2018-02-28 09:55:16,0.00178670,2.99000000
2018-02-28 09:55:17,0.00178730,1.07000000
2018-02-28 09:55:28,0.00178380,26.97000000
2018-02-28 09:55:31,0.00178720,5.58000000
2018-02-28 09:55:50,0.00178460,21.39000000
2018-02-28 09:55:50,0.00178470,106.66000000
2018-02-28 09:55:51,0.00178720,2.28000000
2018-02-28 09:56:07,0.00178730,5.15000000
2018-02-28 09:56:11,0.00178720,27.05000000
2018-02-28 09:56:23,0.00178720,5.00000000
2018-02-28 09:56:29,0.00178370,34.47000000
2018-02-28 09:56:41,0.00178710,39.15000000
2018-02-28 09:56:47,0.00178370,2.79000000
2018-02-28 09:56:48,0.00178370,4.12000000
2018-02-28 09:56:49,0.00178370,1.62000000
2018-02-28 09:56:57,0.00178370,17.28000000
2018-02-28 09:56:58,0.00178370,44.87000000
2018-02-28 09:56:58,0.00178360,11.21000000
2018-02-28 09:56:58,0.00178090,18.28000000
2018-02-28 09:57:34,0.00178470,0.56000000
2018-02-28 09:57:40,0.00178050,5.00000000
2018-02-28 09:57:59,0.00178050,0.08000000
2018-02-28 09:58:11,0.00178140,1.71000000
2018-02-28 09:58:11,0.00178040,1.12000000
2018-02-28 09:58:11,0.00178010,1.34000000
2018-02-28 09:58:11,0.00178000,39.69000000
2018-02-28 09:58:11,0.00177910,1.65000000
2018-02-28 09:58:11,0.00177900,11.14000000
2018-02-28 09:58:11,0.00177890,184.69000000
2018-02-28 09:58:11,0.00177880,26.98000000
2018-02-28 09:58:11,0.00177770,47.68000000
2018-02-28 09:58:11,0.00177650,16.82000000
2018-02-28 09:58:11,0.00177610,1.29000000
2018-02-28 09:58:11,0.00177350,1.34000000
2018-02-28 09:58:11,0.00177350,1.34000000
2018-02-28 09:58:14,0.00177930,5.08000000
2018-02-28 09:58:14,0.00177940,20.00000000
2018-02-28 09:58:14,0.00177950,10.65000000
2018-02-28 09:58:14,0.00177980,33.08000000
2018-02-28 09:58:14,0.00178000,3.20000000
2018-02-28 09:58:14,0.00178110,19.93000000
2018-02-28 09:58:14,0.00178140,0.07000000
2018-02-28 09:58:18,0.00178050,1.64000000
2018-02-28 09:58:20,0.00178050,13.13000000
2018-02-28 09:58:21,0.00178050,883.55000000
2018-02-28 09:58:22,0.00177910,1.12000000
2018-02-28 09:58:34,0.00178000,13.61000000
2018-02-28 09:58:34,0.00178050,3.27000000
2018-02-28 09:58:37,0.00177910,52.31000000
2018-02-28 09:58:41,0.00177910,0.73000000
2018-02-28 09:58:46,0.00177990,0.59000000
2018-02-28 09:58:46,0.00177910,24.91000000
2018-02-28 09:58:46,0.00177510,20.00000000
2018-02-28 09:58:46,0.00177400,7.80000000
2018-02-28 09:58:46,0.00177370,118.97000000
2018-02-28 09:58:46,0.00177360,5.62000000
2018-02-28 09:58:46,0.00177360,8.35000000
2018-02-28 09:58:47,0.00177360,7.40000000
2018-02-28 09:58:47,0.00177360,12.50000000
2018-02-28 09:58:47,0.00177360,3.24000000
2018-02-28 09:58:50,0.00177360,1.37000000
2018-02-28 09:58:50,0.00177360,39.50000000
2018-02-28 09:58:51,0.00177360,28.18000000
2018-02-28 09:58:51,0.00177360,15.39000000
2018-02-28 09:58:51,0.00177360,1.43000000
2018-02-28 09:58:52,0.00177360,19.01000000
2018-02-28 09:58:56,0.00177990,1.18000000
2018-02-28 09:58:57,0.00177990,4.40000000
2018-02-28 09:58:58,0.00177990,4.27000000
2018-02-28 09:59:09,0.00177530,2.04000000
2018-02-28 09:59:41,0.00177650,5.62000000
2018-02-28 09:59:41,0.00177650,4.83000000
2018-02-28 09:59:41,0.00177650,1.68000000
2018-02-28 09:59:42,0.00177530,3.93000000
2018-02-28 09:59:49,0.00177960,1.12000000
2018-02-28 09:59:57,0.00177520,5.63000000
