DATE,PRICE,VOLUME
2018-02-26 20:00:16,0.00201130,1.62000000
2018-02-26 20:00:29,0.00201130,0.78000000
2018-02-26 20:00:29,0.00201190,3.27000000
2018-02-26 20:00:49,0.00201190,0.87000000
2018-02-26 20:01:06,0.00201000,1.50000000
2018-02-26 20:01:07,0.00201190,25.11000000
2018-02-26 20:01:20,0.00201190,8.86000000
2018-02-26 20:01:20,0.00201200,12.04000000
2018-02-26 20:01:20,0.00201210,83.47000000
2018-02-26 20:01:26,0.00201000,3.84000000
2018-02-26 20:01:30,0.00201000,10.95000000
2018-02-26 20:01:51,0.00201210,12.50000000
2018-02-26 20:02:12,0.00201000,1.60000000
2018-02-26 20:03:06,0.00201070,1.00000000
2018-02-26 20:03:17,0.00201070,4.00000000
2018-02-26 20:03:24,0.00201070,2.42000000
2018-02-26 20:03:24,0.00201210,0.26000000
2018-02-26 20:03:56,0.00201070,6.82000000
2018-02-26 20:04:05,0.00201070,1.19000000
2018-02-26 20:04:05,0.00201070,1.04000000
2018-02-26 20:04:11,0.00201000,5.25000000
2018-02-26 20:04:11,0.00200900,0.50000000
2018-02-26 20:04:11,0.00200810,3.90000000
2018-02-26 20:04:11,0.00200630,1.23000000
2018-02-26 20:04:13,0.00200900,6.16000000
2018-02-26 20:04:14,0.00200900,1.60000000
2018-02-26 20:04:15,0.00200900,1.44000000
2018-02-26 20:04:16,0.00200670,2.19000000
2018-02-26 20:04:16,0.00200630,8.60000000
2018-02-26 20:04:16,0.00200570,145.67000000
2018-02-26 20:04:20,0.00200900,4.64000000
2018-02-26 20:04:24,0.00200900,21.46000000
2018-02-26 20:04:25,0.00200900,5.79000000
2018-02-26 20:04:25,0.00200900,8.91000000
2018-02-26 20:04:27,0.00200580,1.03000000
2018-02-26 20:04:47,0.00200620,2.49000000
2018-02-26 20:04:47,0.00200570,3.62000000
2018-02-26 20:05:04,0.00200580,2.00000000
2018-02-26 20:05:07,0.00200940,1.03000000
2018-02-26 20:05:09,0.00200940,2.00000000
2018-02-26 20:06:20,0.00200570,1.08000000
2018-02-26 20:06:31,0.00200570,32.20000000
2018-02-26 20:06:33,0.00200620,2.49000000
2018-02-26 20:06:34,0.00200950,2.11000000
2018-02-26 20:06:34,0.00200950,1.12000000
2018-02-26 20:06:35,0.00200580,0.50000000
2018-02-26 20:06:36,0.00201000,2.30000000
2018-02-26 20:06:36,0.00201070,0.92000000
2018-02-26 20:06:37,0.00201060,4.53000000
2018-02-26 20:06:38,0.00201060,1.12000000
2018-02-26 20:06:45,0.00201060,14.35000000
2018-02-26 20:06:45,0.00201070,129.89000000
2018-02-26 20:06:48,0.00201210,8.52000000
2018-02-26 20:06:49,0.00201210,3.96000000
2018-02-26 20:06:55,0.00201450,1.04000000
2018-02-26 20:07:10,0.00201480,41.59000000
2018-02-26 20:07:10,0.00201490,15.27000000
2018-02-26 20:07:10,0.00201490,1.71000000
2018-02-26 20:07:11,0.00201500,20.00000000
2018-02-26 20:07:11,0.00201490,0.02000000
2018-02-26 20:07:11,0.00201490,2.50000000
2018-02-26 20:07:11,0.00201490,2.91000000
2018-02-26 20:07:12,0.00201490,0.51000000
2018-02-26 20:07:12,0.00201490,8.01000000
2018-02-26 20:07:15,0.00201530,0.55000000
2018-02-26 20:07:21,0.00201490,18.18000000
2018-02-26 20:07:24,0.00201480,8.52000000
2018-02-26 20:07:28,0.00201100,0.01000000
2018-02-26 20:08:13,0.00201100,5.58000000
2018-02-26 20:08:31,0.00201100,4.97000000
2018-02-26 20:08:42,0.00201100,3.05000000
2018-02-26 20:08:45,0.00201100,5.00000000
2018-02-26 20:08:45,0.00201100,42.32000000
2018-02-26 20:08:57,0.00200680,24.89000000
2018-02-26 20:08:57,0.00200560,3.14000000
2018-02-26 20:08:57,0.00200470,7.43000000
2018-02-26 20:08:57,0.00200460,49.87000000
2018-02-26 20:08:57,0.00200430,50.08000000
2018-02-26 20:08:57,0.00200430,2.79000000
2018-02-26 20:09:11,0.00200890,25.32000000
2018-02-26 20:09:33,0.00200880,5.58000000
2018-02-26 20:09:33,0.00201130,1.18000000
2018-02-26 20:09:39,0.00200900,1.37000000
2018-02-26 20:09:42,0.00200900,19.95000000
2018-02-26 20:09:53,0.00200900,12.67000000
2018-02-26 20:11:15,0.00201260,20.00000000
2018-02-26 20:11:32,0.00201270,4.45000000
2018-02-26 20:11:36,0.00201360,5.00000000
2018-02-26 20:11:38,0.00201360,2.44000000
2018-02-26 20:11:38,0.00201420,49.82000000
2018-02-26 20:11:42,0.00201800,6.50000000
2018-02-26 20:11:42,0.00201990,31.25000000
2018-02-26 20:11:43,0.00201990,4.12000000
2018-02-26 20:11:44,0.00201370,1.34000000
2018-02-26 20:11:45,0.00201390,8.15000000
2018-02-26 20:11:47,0.00201430,1.18000000
2018-02-26 20:11:57,0.00202180,15.83000000
2018-02-26 20:11:57,0.00202200,34.59000000
2018-02-26 20:12:02,0.00202200,1.00000000
2018-02-26 20:12:02,0.00202340,3.86000000
2018-02-26 20:12:02,0.00202420,1.00000000
2018-02-26 20:12:02,0.00202440,75.57000000
2018-02-26 20:12:02,0.00202440,2.60000000
2018-02-26 20:12:02,0.00202440,0.52000000
2018-02-26 20:12:02,0.00201770,2.60000000
2018-02-26 20:12:03,0.00201770,3.12000000
2018-02-26 20:12:09,0.00201890,2.12000000
2018-02-26 20:12:13,0.00201990,1.10000000
2018-02-26 20:12:14,0.00202010,6.37000000
2018-02-26 20:12:14,0.00202000,14.37000000
2018-02-26 20:12:15,0.00202410,24.88000000
2018-02-26 20:12:15,0.00202420,2.60000000
2018-02-26 20:12:15,0.00202440,6.93000000
2018-02-26 20:12:15,0.00202440,1.39000000
2018-02-26 20:12:15,0.00201660,6.93000000
2018-02-26 20:12:15,0.00201660,4.93000000
2018-02-26 20:12:26,0.00201690,2.44000000
2018-02-26 20:12:41,0.00202420,2.94000000
2018-02-26 20:12:41,0.00202480,82.81000000
2018-02-26 20:12:42,0.00201980,2.08000000
2018-02-26 20:12:43,0.00201980,10.82000000
2018-02-26 20:12:43,0.00201980,9.41000000
2018-02-26 20:12:45,0.00201990,5.50000000
2018-02-26 20:12:47,0.00202390,20.00000000
2018-02-26 20:12:51,0.00201950,1.46000000
2018-02-26 20:12:53,0.00202310,4.75000000
2018-02-26 20:13:14,0.00201950,2.02000000
2018-02-26 20:13:14,0.00201500,2.48000000
2018-02-26 20:13:47,0.00201610,24.79000000
2018-02-26 20:13:55,0.00201580,24.72000000
2018-02-26 20:14:09,0.00201550,5.48000000
2018-02-26 20:14:16,0.00201060,0.02000000
2018-02-26 20:14:17,0.00201060,0.09000000
2018-02-26 20:14:33,0.00201100,5.21000000
2018-02-26 20:14:51,0.00201510,5.36000000
2018-02-26 20:15:05,0.00200880,4.00000000
2018-02-26 20:15:10,0.00200900,4.00000000
2018-02-26 20:15:12,0.00200900,18.74000000
2018-02-26 20:15:15,0.00200900,4.00000000
2018-02-26 20:15:16,0.00200910,0.50000000
2018-02-26 20:15:19,0.00200920,2.97000000
2018-02-26 20:15:30,0.00200930,0.50000000
2018-02-26 20:15:44,0.00201510,0.03000000
2018-02-26 20:15:44,0.00201750,4.88000000
2018-02-26 20:15:44,0.00201800,0.05000000
2018-02-26 20:16:08,0.00201800,7.65000000
2018-02-26 20:16:31,0.00201460,4.00000000
2018-02-26 20:16:36,0.00201480,0.81000000
2018-02-26 20:16:37,0.00201480,0.81000000
2018-02-26 20:16:38,0.00201480,0.81000000
2018-02-26 20:16:39,0.00201480,0.81000000
2018-02-26 20:16:39,0.00201480,7.00000000
2018-02-26 20:16:44,0.00201480,10.62000000
2018-02-26 20:16:44,0.00201240,3.87000000
2018-02-26 20:16:44,0.00201070,1.46000000
2018-02-26 20:16:44,0.00201060,5.00000000
2018-02-26 20:16:44,0.00200930,0.50000000
2018-02-26 20:16:44,0.00200820,0.55000000
2018-02-26 20:16:48,0.00200840,5.00000000
2018-02-26 20:17:00,0.00200940,4.00000000
2018-02-26 20:17:53,0.00201230,3.24000000
2018-02-26 20:17:53,0.00201210,4.39000000
2018-02-26 20:17:53,0.00201190,2.48000000
2018-02-26 20:17:53,0.00200940,4.47000000
2018-02-26 20:17:53,0.00200930,24.86000000
2018-02-26 20:17:53,0.00200940,0.55000000
2018-02-26 20:18:22,0.00201020,0.50000000
2018-02-26 20:18:22,0.00201400,1.00000000
2018-02-26 20:18:22,0.00200990,20.74000000
2018-02-26 20:18:37,0.00201130,4.10000000
2018-02-26 20:18:37,0.00200980,1.38000000
2018-02-26 20:19:49,0.00201180,24.82000000
2018-02-26 20:19:57,0.00200980,3.70000000
2018-02-26 20:19:58,0.00201170,7.62000000
2018-02-26 20:20:01,0.00201150,0.81000000
2018-02-26 20:20:03,0.00201150,0.81000000
2018-02-26 20:20:06,0.00201150,0.84000000
2018-02-26 20:20:11,0.00201000,0.50000000
2018-02-26 20:20:22,0.00201140,0.55000000
2018-02-26 20:20:55,0.00201720,5.00000000
2018-02-26 20:20:55,0.00201980,0.98000000
2018-02-26 20:20:55,0.00202170,36.26000000
2018-02-26 20:21:22,0.00201330,0.17000000
2018-02-26 20:22:09,0.00201330,1.00000000
2018-02-26 20:22:27,0.00201330,4.46000000
2018-02-26 20:22:47,0.00202070,0.74000000
2018-02-26 20:24:06,0.00202030,5.00000000
2018-02-26 20:24:12,0.00202030,4.03000000
2018-02-26 20:24:20,0.00201330,2.17000000
2018-02-26 20:24:27,0.00202030,5.00000000
2018-02-26 20:24:34,0.00201330,0.74000000
2018-02-26 20:25:31,0.00202030,6.57000000
2018-02-26 20:26:33,0.00201480,16.30000000
2018-02-26 20:27:19,0.00201690,24.79000000
2018-02-26 20:28:11,0.00201690,5.48000000
2018-02-26 20:28:12,0.00201690,3.20000000
2018-02-26 20:28:13,0.00201690,1.49000000
2018-02-26 20:28:24,0.00202160,0.50000000
2018-02-26 20:28:29,0.00201770,1.50000000
2018-02-26 20:28:50,0.00202150,2.00000000
2018-02-26 20:28:50,0.00202160,62.58000000
2018-02-26 20:28:50,0.00202170,86.96000000
2018-02-26 20:28:50,0.00202200,3.01000000
2018-02-26 20:29:00,0.00202100,0.72000000
2018-02-26 20:29:00,0.00202180,5.87000000
2018-02-26 20:29:03,0.00202180,2.50000000
2018-02-26 20:29:14,0.00201700,4.69000000
2018-02-26 20:29:42,0.00201690,3.04000000
2018-02-26 20:29:42,0.00201080,14.88000000
2018-02-26 20:29:43,0.00201690,1.63000000
2018-02-26 20:29:51,0.00201690,14.90000000
2018-02-26 20:29:56,0.00201700,1.20000000
2018-02-26 20:30:22,0.00201700,0.02000000
2018-02-26 20:30:22,0.00202200,0.48000000
2018-02-26 20:30:26,0.00202200,8.08000000
2018-02-26 20:30:36,0.00201700,4.00000000
2018-02-26 20:30:36,0.00201700,4.00000000
2018-02-26 20:30:41,0.00201700,3.98000000
2018-02-26 20:30:44,0.00202190,0.50000000
2018-02-26 20:30:45,0.00202190,4.01000000
2018-02-26 20:30:46,0.00201700,4.00000000
2018-02-26 20:30:52,0.00201600,2.86000000
2018-02-26 20:30:52,0.00201540,1.14000000
2018-02-26 20:30:57,0.00201540,5.37000000
2018-02-26 20:30:57,0.00201070,17.39000000
2018-02-26 20:31:37,0.00201890,4.23000000
2018-02-26 20:32:14,0.00201170,0.50000000
2018-02-26 20:32:24,0.00201170,1.69000000
2018-02-26 20:32:24,0.00201170,7.64000000
2018-02-26 20:32:29,0.00201710,3.74000000
2018-02-26 20:32:31,0.00201100,4.51000000
2018-02-26 20:32:39,0.00201700,3.27000000
2018-02-26 20:32:51,0.00201220,4.00000000
2018-02-26 20:32:53,0.00201220,16.35000000
2018-02-26 20:32:53,0.00201190,2.19000000
2018-02-26 20:32:53,0.00201180,2.26000000
2018-02-26 20:33:16,0.00201180,2.74000000
2018-02-26 20:33:16,0.00201000,1.26000000
2018-02-26 20:33:17,0.00201630,3.78000000
2018-02-26 20:33:18,0.00201610,0.81000000
2018-02-26 20:33:18,0.00201610,20.26000000
2018-02-26 20:33:18,0.00201600,0.81000000
2018-02-26 20:33:20,0.00201600,4.00000000
2018-02-26 20:33:20,0.00201660,2.87000000
2018-02-26 20:33:20,0.00201700,17.92000000
2018-02-26 20:33:22,0.00201690,9.81000000
2018-02-26 20:33:35,0.00201340,3.99000000
2018-02-26 20:33:38,0.00201420,4.00000000
2018-02-26 20:33:42,0.00201480,4.00000000
2018-02-26 20:33:44,0.00201880,2.82000000
2018-02-26 20:33:47,0.00201040,4.00000000
2018-02-26 20:34:01,0.00201030,8.00000000
2018-02-26 20:34:01,0.00201620,9.18000000
2018-02-26 20:34:03,0.00201030,0.50000000
2018-02-26 20:34:14,0.00201480,1.00000000
2018-02-26 20:34:14,0.00201000,3.00000000
2018-02-26 20:34:23,0.00201180,4.00000000
2018-02-26 20:34:52,0.00201790,0.93000000
2018-02-26 20:34:59,0.00201600,0.81000000
2018-02-26 20:35:02,0.00201590,0.81000000
2018-02-26 20:35:03,0.00201590,4.37000000
2018-02-26 20:35:04,0.00201590,0.81000000
2018-02-26 20:35:05,0.00201590,0.81000000
2018-02-26 20:35:07,0.00201590,0.85000000
2018-02-26 20:35:12,0.00201160,20.84000000
2018-02-26 20:35:12,0.00201160,19.12000000
2018-02-26 20:35:12,0.00201580,17.87000000
2018-02-26 20:35:16,0.00201010,0.50000000
2018-02-26 20:35:52,0.00201580,0.51000000
2018-02-26 20:35:52,0.00201590,24.82000000
2018-02-26 20:35:52,0.00201590,0.02000000
2018-02-26 20:35:52,0.00201600,28.00000000
2018-02-26 20:35:52,0.00201790,0.02000000
2018-02-26 20:35:54,0.00201780,4.15000000
2018-02-26 20:35:54,0.00201790,2.25000000
2018-02-26 20:35:54,0.00201590,2.48000000
2018-02-26 20:36:19,0.00201590,4.98000000
2018-02-26 20:36:38,0.00201590,12.54000000
2018-02-26 20:36:39,0.00201590,3.35000000
2018-02-26 20:36:41,0.00201590,5.00000000
2018-02-26 20:36:43,0.00201590,0.81000000
2018-02-26 20:36:44,0.00201590,1.37000000
2018-02-26 20:36:48,0.00201590,0.02000000
2018-02-26 20:36:50,0.00201590,6.35000000
2018-02-26 20:37:16,0.00201790,2.24000000
2018-02-26 20:37:20,0.00201940,0.50000000
2018-02-26 20:37:42,0.00201940,2.20000000
2018-02-26 20:38:58,0.00201590,22.12000000
2018-02-26 20:38:58,0.00201580,2.48000000
2018-02-26 20:38:58,0.00201230,1.48000000
2018-02-26 20:39:28,0.00201320,24.81000000
2018-02-26 20:39:28,0.00201290,36.26000000
2018-02-26 20:39:28,0.00201250,25.00000000
2018-02-26 20:39:28,0.00201240,5.50000000
2018-02-26 20:39:28,0.00201110,200.00000000
2018-02-26 20:39:28,0.00201010,6.87000000
2018-02-26 20:39:28,0.00201000,88.49000000
2018-02-26 20:39:28,0.00200980,5.92000000
2018-02-26 20:39:28,0.00200940,9.95000000
2018-02-26 20:39:28,0.00200750,2.22000000
2018-02-26 20:39:28,0.00200730,4.88000000
2018-02-26 20:39:28,0.00200720,25.00000000
2018-02-26 20:39:28,0.00200700,10.00000000
2018-02-26 20:39:28,0.00200670,2.63000000
2018-02-26 20:39:28,0.00200570,31.11000000
2018-02-26 20:39:28,0.00200520,2.93000000
2018-02-26 20:39:28,0.00200500,57.57000000
2018-02-26 20:39:28,0.00200490,49.86000000
2018-02-26 20:39:28,0.00200420,3.00000000
2018-02-26 20:39:28,0.00200400,17.14000000
2018-02-26 20:39:28,0.00200310,9.75000000
2018-02-26 20:39:28,0.00200300,20.00000000
2018-02-26 20:39:28,0.00200240,2.14000000
2018-02-26 20:39:28,0.00200200,62.04000000
2018-02-26 20:39:28,0.00200180,21.96000000
2018-02-26 20:39:28,0.00200160,49.00000000
2018-02-26 20:39:28,0.00200150,79.73000000
2018-02-26 20:39:28,0.00200130,23.34000000
2018-02-26 20:39:28,0.00200110,216.04000000
2018-02-26 20:40:02,0.00201590,1.38000000
2018-02-26 20:40:09,0.00201530,7.97000000
2018-02-26 20:40:12,0.00201510,1.00000000
2018-02-26 20:40:15,0.00201510,0.89000000
2018-02-26 20:40:21,0.00201470,0.81000000
2018-02-26 20:40:22,0.00201470,9.16000000
2018-02-26 20:40:51,0.00201250,3.60000000
2018-02-26 20:40:51,0.00201260,16.34000000
2018-02-26 20:40:51,0.00201260,3.64000000
2018-02-26 20:40:51,0.00201260,3.58000000
2018-02-26 20:40:51,0.00201260,6.19000000
2018-02-26 20:40:52,0.00201310,32.78000000
2018-02-26 20:40:55,0.00201290,0.50000000
2018-02-26 20:41:03,0.00201290,3.56000000
2018-02-26 20:41:03,0.00200720,0.35000000
2018-02-26 20:41:05,0.00201410,19.85000000
2018-02-26 20:41:13,0.00201540,7.97000000
2018-02-26 20:41:19,0.00201060,0.93000000
2018-02-26 20:41:22,0.00201560,20.00000000
2018-02-26 20:41:26,0.00201560,4.96000000
2018-02-26 20:41:31,0.00201100,4.00000000
2018-02-26 20:41:32,0.00201600,5.00000000
2018-02-26 20:41:32,0.00201670,1.14000000
2018-02-26 20:41:32,0.00201940,1.83000000
2018-02-26 20:41:33,0.00201100,4.00000000
2018-02-26 20:41:41,0.00201560,24.85000000
2018-02-26 20:41:41,0.00201890,6.34000000
2018-02-26 20:41:41,0.00201930,17.85000000
2018-02-26 20:41:51,0.00201160,16.94000000
2018-02-26 20:41:51,0.00201150,20.00000000
2018-02-26 20:41:51,0.00201110,17.93000000
2018-02-26 20:41:51,0.00201010,19.89000000
2018-02-26 20:41:51,0.00200750,5.00000000
2018-02-26 20:41:51,0.00200690,1.15000000
2018-02-26 20:41:51,0.00200660,1.14000000
2018-02-26 20:41:51,0.00200500,2.92000000
2018-02-26 20:41:51,0.00200490,20.05000000
2018-02-26 20:41:51,0.00200310,75.57000000
2018-02-26 20:41:51,0.00200280,9.75000000
2018-02-26 20:41:51,0.00200150,170.85000000
2018-02-26 20:42:02,0.00201430,1.00000000
2018-02-26 20:42:02,0.00201420,1.00000000
2018-02-26 20:42:02,0.00201410,25.21000000
2018-02-26 20:42:04,0.00201400,20.66000000
2018-02-26 20:42:04,0.00201400,18.32000000
2018-02-26 20:42:05,0.00201420,9.75000000
2018-02-26 20:42:06,0.00201420,30.48000000
2018-02-26 20:42:06,0.00201430,4.58000000
2018-02-26 20:42:07,0.00201430,7.97000000
2018-02-26 20:42:08,0.00201500,5.00000000
2018-02-26 20:42:20,0.00200930,0.99000000
2018-02-26 20:42:26,0.00201420,1.00000000
2018-02-26 20:42:26,0.00201430,1.12000000
2018-02-26 20:42:36,0.00201430,0.02000000
2018-02-26 20:42:36,0.00201570,1.98000000
2018-02-26 20:42:42,0.00201210,4.79000000
2018-02-26 20:42:45,0.00201570,6.35000000
2018-02-26 20:42:45,0.00201570,0.50000000
2018-02-26 20:42:51,0.00201310,1.14000000
2018-02-26 20:43:00,0.00201570,11.20000000
2018-02-26 20:43:00,0.00201580,0.74000000
2018-02-26 20:43:00,0.00201600,5.00000000
2018-02-26 20:43:00,0.00201720,1.01000000
2018-02-26 20:43:15,0.00201350,4.00000000
2018-02-26 20:43:16,0.00201420,6.33000000
2018-02-26 20:43:30,0.00201020,4.00000000
2018-02-26 20:43:42,0.00200970,10.05000000
2018-02-26 20:43:42,0.00200960,3.57000000
2018-02-26 20:43:59,0.00201420,0.01000000
2018-02-26 20:43:59,0.00201710,1.99000000
2018-02-26 20:44:01,0.00201100,4.00000000
2018-02-26 20:44:16,0.00201270,2.09000000
2018-02-26 20:44:16,0.00201230,5.58000000
2018-02-26 20:44:16,0.00201190,1.08000000
2018-02-26 20:44:16,0.00201090,1.46000000
2018-02-26 20:44:16,0.00201030,2.19000000
2018-02-26 20:44:16,0.00200930,5.00000000
2018-02-26 20:44:16,0.00200910,17.60000000
2018-02-26 20:44:29,0.00201500,1.00000000
2018-02-26 20:44:31,0.00201480,1.01000000
2018-02-26 20:44:32,0.00201490,5.50000000
2018-02-26 20:44:34,0.00201610,4.96000000
2018-02-26 20:44:51,0.00201500,1.46000000
2018-02-26 20:44:51,0.00201610,6.52000000
2018-02-26 20:45:08,0.00201610,1.84000000
2018-02-26 20:45:18,0.00201200,0.04000000
2018-02-26 20:45:21,0.00201740,8.00000000
2018-02-26 20:45:41,0.00201740,0.50000000
2018-02-26 20:45:52,0.00201750,14.08000000
2018-02-26 20:45:55,0.00201700,29.74000000
2018-02-26 20:46:02,0.00201630,2.35000000
2018-02-26 20:46:02,0.00201630,1.12000000
2018-02-26 20:46:02,0.00201200,5.28000000
2018-02-26 20:46:06,0.00201630,0.02000000
2018-02-26 20:46:06,0.00201700,3.57000000
2018-02-26 20:46:06,0.00201710,1.41000000
2018-02-26 20:46:16,0.00201710,5.96000000
2018-02-26 20:46:24,0.00201710,22.06000000
2018-02-26 20:46:33,0.00201200,19.58000000
2018-02-26 20:46:33,0.00200880,2.61000000
2018-02-26 20:46:40,0.00201510,12.27000000
2018-02-26 20:47:00,0.00201350,12.59000000
2018-02-26 20:47:10,0.00201350,10.04000000
2018-02-26 20:47:25,0.00201100,1.74000000
2018-02-26 20:47:31,0.00201660,2.95000000
2018-02-26 20:47:31,0.00201660,0.01000000
2018-02-26 20:47:31,0.00201670,2.94000000
2018-02-26 20:47:31,0.00201670,4.98000000
2018-02-26 20:47:32,0.00201690,30.32000000
2018-02-26 20:47:56,0.00201690,0.02000000
2018-02-26 20:47:57,0.00201700,1.72000000
2018-02-26 20:48:07,0.00201690,9.09000000
2018-02-26 20:48:15,0.00201690,0.89000000
2018-02-26 20:48:27,0.00201700,34.45000000
2018-02-26 20:48:33,0.00201690,42.14000000
2018-02-26 20:48:43,0.00201690,42.14000000
2018-02-26 20:49:26,0.00201650,5.30000000
2018-02-26 20:50:29,0.00201720,18.34000000
2018-02-26 20:50:44,0.00201720,0.67000000
2018-02-26 20:50:47,0.00201720,16.14000000
2018-02-26 20:50:56,0.00201720,21.66000000
2018-02-26 20:50:58,0.00201720,5.46000000
2018-02-26 20:51:08,0.00201880,42.08000000
2018-02-26 20:51:16,0.00201880,8.15000000
2018-02-26 20:51:18,0.00201500,1.89000000
2018-02-26 20:51:18,0.00201500,56.67000000
2018-02-26 20:51:27,0.00201880,4.95000000
2018-02-26 20:52:17,0.00201880,1.10000000
2018-02-26 20:53:36,0.00201880,26.56000000
2018-02-26 20:53:44,0.00201880,0.51000000
2018-02-26 20:53:58,0.00201940,10.00000000
2018-02-26 20:53:58,0.00201990,2.00000000
2018-02-26 20:53:58,0.00202000,36.43000000
2018-02-26 20:54:25,0.00201880,2.15000000
2018-02-26 20:54:50,0.00201880,10.00000000
2018-02-26 20:55:01,0.00201720,3.00000000
2018-02-26 20:55:23,0.00201720,1.54000000
2018-02-26 20:56:05,0.00201800,1.00000000
2018-02-26 20:56:48,0.00201720,38.38000000
2018-02-26 20:57:08,0.00202000,2.00000000
2018-02-26 20:57:10,0.00201720,4.98000000
2018-02-26 20:57:14,0.00201720,0.50000000
2018-02-26 20:57:29,0.00201720,5.74000000
2018-02-26 20:58:25,0.00201500,15.88000000
2018-02-26 20:58:25,0.00201300,1.00000000
2018-02-26 20:58:25,0.00201010,3.47000000
2018-02-26 20:58:25,0.00200860,24.39000000
2018-02-26 20:58:25,0.00200810,1.50000000
2018-02-26 20:58:25,0.00200800,1.14000000
2018-02-26 20:58:25,0.00200790,0.86000000
2018-02-26 20:58:25,0.00200670,6.21000000
2018-02-26 20:58:25,0.00200600,7.45000000
2018-02-26 20:58:25,0.00200590,30.46000000
2018-02-26 20:58:25,0.00200540,49.85000000
2018-02-26 20:58:25,0.00200490,1.21000000
2018-02-26 20:58:25,0.00200420,1.13000000
2018-02-26 20:58:25,0.00200410,145.63000000
2018-02-26 20:58:46,0.00200820,3.00000000
2018-02-26 20:58:51,0.00200820,4.96000000
2018-02-26 20:58:52,0.00200820,0.94000000
2018-02-26 20:59:01,0.00201420,1.87000000
2018-02-26 20:59:22,0.00201390,10.00000000
