DATE,PRICE,VOLUME
2018-02-27 08:00:02,0.00191440,2.50000000
2018-02-27 08:00:13,0.00191440,2.51000000
2018-02-27 08:00:19,0.00191440,3.79000000
2018-02-27 08:00:19,0.00191450,1.43000000
2018-02-27 08:00:40,0.00191450,3.77000000
2018-02-27 08:00:53,0.00191450,3.45000000
2018-02-27 08:01:01,0.00191450,28.60000000
2018-02-27 08:01:02,0.00191460,5.22000000
2018-02-27 08:01:02,0.00191460,3.96000000
2018-02-27 08:01:06,0.00191470,1.04000000
2018-02-27 08:01:06,0.00191470,6.50000000
2018-02-27 08:01:10,0.00191460,5.24000000
2018-02-27 08:01:11,0.00191460,15.33000000
2018-02-27 08:01:15,0.00191460,87.18000000
2018-02-27 08:01:15,0.00191470,1.45000000
2018-02-27 08:01:15,0.00191480,11.07000000
2018-02-27 08:01:15,0.00191490,10.78000000
2018-02-27 08:01:15,0.00191550,15.04000000
2018-02-27 08:01:15,0.00191560,41.53000000
2018-02-27 08:01:18,0.00191560,1.95000000
2018-02-27 08:01:32,0.00191560,15.27000000
2018-02-27 08:01:43,0.00191560,8.91000000
2018-02-27 08:01:54,0.00191560,15.18000000
2018-02-27 08:02:05,0.00191570,1.05000000
2018-02-27 08:02:06,0.00191560,0.53000000
2018-02-27 08:02:11,0.00191560,14.95000000
2018-02-27 08:02:22,0.00191570,0.01000000
2018-02-27 08:02:27,0.00191720,1.09000000
2018-02-27 08:02:29,0.00191740,1.42000000
2018-02-27 08:02:32,0.00191780,24.98000000
2018-02-27 08:02:32,0.00191790,5.20000000
2018-02-27 08:02:49,0.00191560,2.31000000
2018-02-27 08:03:19,0.00191560,30.00000000
2018-02-27 08:03:24,0.00191560,20.95000000
2018-02-27 08:03:33,0.00191560,19.32000000
2018-02-27 08:03:34,0.00191550,1.06000000
2018-02-27 08:03:34,0.00191460,28.00000000
2018-02-27 08:04:29,0.00191510,26.43000000
2018-02-27 08:04:29,0.00191520,13.06000000
2018-02-27 08:04:29,0.00191540,13.35000000
2018-02-27 08:04:30,0.00191540,6.90000000
2018-02-27 08:05:12,0.00191480,1.06000000
2018-02-27 08:05:31,0.00191470,6.94000000
2018-02-27 08:05:39,0.00191470,5.00000000
2018-02-27 08:05:39,0.00191480,0.22000000
2018-02-27 08:05:40,0.00191480,3.66000000
2018-02-27 08:05:43,0.00191480,11.81000000
2018-02-27 08:05:43,0.00191490,12.49000000
2018-02-27 08:05:44,0.00191500,39.35000000
2018-02-27 08:05:44,0.00191510,152.30000000
2018-02-27 08:05:49,0.00191510,3.00000000
2018-02-27 08:06:14,0.00191490,11.42000000
2018-02-27 08:06:14,0.00191500,1.67000000
2018-02-27 08:06:16,0.00191500,1.53000000
2018-02-27 08:06:17,0.00191500,2.50000000
2018-02-27 08:06:26,0.00191500,0.72000000
2018-02-27 08:06:38,0.00191490,11.16000000
2018-02-27 08:06:38,0.00191500,5.25000000
2018-02-27 08:06:39,0.00191500,21.28000000
2018-02-27 08:06:40,0.00191490,5.04000000
2018-02-27 08:06:40,0.00191490,4.66000000
2018-02-27 08:06:41,0.00191490,1.53000000
2018-02-27 08:06:41,0.00191500,47.99000000
2018-02-27 08:06:41,0.00191500,2.31000000
2018-02-27 08:06:43,0.00191500,48.00000000
2018-02-27 08:06:44,0.00191500,465.29000000
2018-02-27 08:06:48,0.00191500,4.99000000
2018-02-27 08:06:51,0.00191500,2.79000000
2018-02-27 08:06:52,0.00191490,4.62000000
2018-02-27 08:06:56,0.00191430,2.00000000
2018-02-27 08:06:57,0.00191430,8.43000000
2018-02-27 08:06:58,0.00191430,6.52000000
2018-02-27 08:06:58,0.00191430,1.30000000
2018-02-27 08:07:06,0.00191490,8.76000000
2018-02-27 08:07:10,0.00191500,90.25000000
2018-02-27 08:07:11,0.00191500,0.78000000
2018-02-27 08:07:12,0.00191500,3.45000000
2018-02-27 08:07:35,0.00191470,10.43000000
2018-02-27 08:07:37,0.00191480,10.66000000
2018-02-27 08:07:39,0.00191500,312.98000000
2018-02-27 08:07:41,0.00191510,93.07000000
2018-02-27 08:07:42,0.00191510,7.83000000
2018-02-27 08:07:42,0.00191480,71.50000000
2018-02-27 08:07:46,0.00191510,4.41000000
2018-02-27 08:07:50,0.00191480,1.83000000
2018-02-27 08:07:57,0.00191480,1.83000000
2018-02-27 08:08:00,0.00191500,1.04000000
2018-02-27 08:08:01,0.00191480,6.10000000
2018-02-27 08:08:03,0.00191480,1.83000000
2018-02-27 08:08:18,0.00191480,1.83000000
2018-02-27 08:08:24,0.00191480,1.83000000
2018-02-27 08:08:29,0.00191490,0.04000000
2018-02-27 08:08:33,0.00191480,8.72000000
2018-02-27 08:08:34,0.00191480,25.54000000
2018-02-27 08:08:47,0.00191430,7.82000000
2018-02-27 08:08:47,0.00191470,10.63000000
2018-02-27 08:08:52,0.00191280,8.90000000
2018-02-27 08:08:55,0.00191280,4.46000000
2018-02-27 08:08:55,0.00191280,34.86000000
2018-02-27 08:08:57,0.00191410,0.78000000
2018-02-27 08:09:00,0.00191040,26.14000000
2018-02-27 08:09:00,0.00191040,8.80000000
2018-02-27 08:09:00,0.00191040,10.58000000
2018-02-27 08:09:00,0.00191030,2.52000000
2018-02-27 08:09:00,0.00191030,2.50000000
2018-02-27 08:09:02,0.00191030,2.47000000
2018-02-27 08:09:14,0.00191000,1.02000000
2018-02-27 08:09:16,0.00191010,7.25000000
2018-02-27 08:09:17,0.00191000,0.05000000
2018-02-27 08:09:22,0.00190960,1.01000000
2018-02-27 08:09:22,0.00190910,7.79000000
2018-02-27 08:09:22,0.00190900,2.00000000
2018-02-27 08:09:22,0.00190900,1.05000000
2018-02-27 08:09:30,0.00190860,1.23000000
2018-02-27 08:09:39,0.00190830,1.30000000
2018-02-27 08:09:40,0.00190800,0.53000000
2018-02-27 08:09:46,0.00190360,2.35000000
2018-02-27 08:09:46,0.00190320,2.72000000
2018-02-27 08:09:46,0.00190300,4.93000000
2018-02-27 08:09:54,0.00190680,1.42000000
2018-02-27 08:09:59,0.00190680,10.82000000
2018-02-27 08:09:59,0.00190720,1.21000000
2018-02-27 08:09:59,0.00190750,5.23000000
2018-02-27 08:09:59,0.00190750,3.99000000
2018-02-27 08:09:59,0.00190750,0.80000000
2018-02-27 08:10:01,0.00190860,0.16000000
2018-02-27 08:10:01,0.00190890,10.44000000
2018-02-27 08:10:01,0.00190890,0.01000000
2018-02-27 08:10:01,0.00190960,10.56000000
2018-02-27 08:10:02,0.00190960,9.38000000
2018-02-27 08:10:02,0.00191000,1.05000000
2018-02-27 08:10:02,0.00191020,0.78000000
2018-02-27 08:10:03,0.00191020,6.98000000
2018-02-27 08:10:05,0.00191020,1.15000000
2018-02-27 08:10:06,0.00190780,2.21000000
2018-02-27 08:10:06,0.00190760,2.79000000
2018-02-27 08:10:06,0.00191020,0.32000000
2018-02-27 08:10:09,0.00191280,31.04000000
2018-02-27 08:10:10,0.00191280,7.56000000
2018-02-27 08:10:10,0.00191280,25.74000000
2018-02-27 08:10:11,0.00191270,0.54000000
2018-02-27 08:10:11,0.00191280,6.28000000
2018-02-27 08:10:11,0.00191280,4.60000000
2018-02-27 08:10:11,0.00191280,1.29000000
2018-02-27 08:10:11,0.00191280,2.42000000
2018-02-27 08:10:11,0.00191280,5.07000000
2018-02-27 08:10:12,0.00191280,11.07000000
2018-02-27 08:10:13,0.00191280,0.76000000
2018-02-27 08:10:13,0.00191280,4.84000000
2018-02-27 08:10:13,0.00191280,1.22000000
2018-02-27 08:10:14,0.00191010,2.28000000
2018-02-27 08:10:14,0.00191010,3.88000000
2018-02-27 08:10:14,0.00191010,1.21000000
2018-02-27 08:10:16,0.00191010,2.51000000
2018-02-27 08:10:16,0.00191280,1.85000000
2018-02-27 08:10:18,0.00191280,6.83000000
2018-02-27 08:10:19,0.00191280,2.42000000
2018-02-27 08:10:21,0.00191280,4.64000000
2018-02-27 08:10:47,0.00191240,16.33000000
2018-02-27 08:10:47,0.00191250,132.15000000
2018-02-27 08:11:10,0.00191230,39.56000000
2018-02-27 08:11:11,0.00191230,8.96000000
2018-02-27 08:11:13,0.00191220,9.35000000
2018-02-27 08:11:13,0.00191230,0.33000000
2018-02-27 08:11:17,0.00191210,2.42000000
2018-02-27 08:11:23,0.00191210,2.40000000
2018-02-27 08:11:31,0.00191210,2.34000000
2018-02-27 08:11:55,0.00190850,20.00000000
2018-02-27 08:11:56,0.00190840,2.87000000
2018-02-27 08:12:13,0.00191100,4.66000000
2018-02-27 08:12:16,0.00191100,4.08000000
2018-02-27 08:12:18,0.00191100,78.36000000
2018-02-27 08:12:19,0.00191100,19.60000000
2018-02-27 08:12:22,0.00190840,3.01000000
2018-02-27 08:12:41,0.00190840,80.93000000
2018-02-27 08:12:47,0.00190840,2.56000000
2018-02-27 08:12:59,0.00191000,0.58000000
2018-02-27 08:13:09,0.00191000,1.07000000
2018-02-27 08:13:14,0.00190990,8.39000000
2018-02-27 08:13:14,0.00191000,75.16000000
2018-02-27 08:13:21,0.00191000,4.68000000
2018-02-27 08:14:07,0.00190530,14.17000000
2018-02-27 08:14:07,0.00190970,2.61000000
2018-02-27 08:14:11,0.00190570,1.08000000
2018-02-27 08:14:11,0.00190570,6.94000000
2018-02-27 08:14:11,0.00190570,4.03000000
2018-02-27 08:14:12,0.00190560,4.70000000
2018-02-27 08:14:17,0.00190810,9.04000000
2018-02-27 08:14:20,0.00190360,0.71000000
2018-02-27 08:14:21,0.00190790,1.30000000
2018-02-27 08:14:33,0.00190300,15.88000000
2018-02-27 08:14:38,0.00190310,1.26000000
2018-02-27 08:14:38,0.00190720,4.96000000
2018-02-27 08:14:38,0.00190740,8.01000000
2018-02-27 08:14:38,0.00190960,2.57000000
2018-02-27 08:14:40,0.00190360,8.00000000
2018-02-27 08:14:41,0.00190950,6.34000000
2018-02-27 08:14:41,0.00190950,2.34000000
2018-02-27 08:14:41,0.00190950,1.26000000
2018-02-27 08:14:41,0.00190950,2.42000000
2018-02-27 08:14:42,0.00190950,3.40000000
2018-02-27 08:14:42,0.00190950,1.00000000
2018-02-27 08:14:43,0.00190950,3.14000000
2018-02-27 08:14:43,0.00190950,0.10000000
2018-02-27 08:14:44,0.00190460,1.16000000
2018-02-27 08:14:45,0.00190960,4.60000000
2018-02-27 08:14:45,0.00190960,1.02000000
2018-02-27 08:14:52,0.00190600,1.00000000
2018-02-27 08:14:52,0.00190600,17.24000000
2018-02-27 08:14:52,0.00190590,5.24000000
2018-02-27 08:14:52,0.00190570,20.00000000
2018-02-27 08:14:54,0.00190550,6.90000000
2018-02-27 08:14:56,0.00190550,18.24000000
2018-02-27 08:14:57,0.00190550,1.29000000
2018-02-27 08:15:02,0.00190460,1.26000000
2018-02-27 08:15:07,0.00190550,0.97000000
2018-02-27 08:15:07,0.00190560,14.03000000
2018-02-27 08:15:10,0.00190560,1.24000000
2018-02-27 08:15:12,0.00190540,2.20000000
2018-02-27 08:15:13,0.00190540,5.47000000
2018-02-27 08:15:13,0.00190560,31.10000000
2018-02-27 08:15:15,0.00190300,1.94000000
2018-02-27 08:15:15,0.00190300,6.35000000
2018-02-27 08:15:16,0.00190290,0.01000000
2018-02-27 08:15:16,0.00190560,4.66000000
2018-02-27 08:15:25,0.00190550,1.16000000
2018-02-27 08:15:25,0.00190550,4.08000000
2018-02-27 08:15:26,0.00190180,7.20000000
2018-02-27 08:15:36,0.00190530,7.20000000
2018-02-27 08:15:41,0.00190160,1.38000000
2018-02-27 08:15:42,0.00190160,20.76000000
2018-02-27 08:15:42,0.00190160,0.81000000
2018-02-27 08:15:42,0.00190160,0.85000000
2018-02-27 08:15:43,0.00190160,0.85000000
2018-02-27 08:15:44,0.00190150,4.75000000
2018-02-27 08:15:45,0.00190150,1.91000000
2018-02-27 08:15:46,0.00190150,16.17000000
2018-02-27 08:15:46,0.00190170,0.09000000
2018-02-27 08:15:51,0.00190150,0.01000000
2018-02-27 08:15:52,0.00190150,1.65000000
2018-02-27 08:15:52,0.00190140,5.25000000
2018-02-27 08:15:53,0.00190150,6.16000000
2018-02-27 08:15:57,0.00190130,9.16000000
2018-02-27 08:16:04,0.00190130,0.01000000
2018-02-27 08:16:04,0.00190120,12.33000000
2018-02-27 08:16:04,0.00190100,7.14000000
2018-02-27 08:16:04,0.00190100,19.48000000
2018-02-27 08:16:04,0.00190100,19.48000000
2018-02-27 08:16:04,0.00190100,0.96000000
2018-02-27 08:16:07,0.00190100,8.67000000
2018-02-27 08:16:07,0.00190070,80.30000000
2018-02-27 08:16:07,0.00190020,26.31000000
2018-02-27 08:16:07,0.00190010,172.74000000
2018-02-27 08:16:07,0.00190000,618.57000000
2018-02-27 08:16:09,0.00190010,27.12000000
2018-02-27 08:16:09,0.00190010,48.45000000
2018-02-27 08:16:09,0.00190000,97.69000000
2018-02-27 08:16:09,0.00190090,10.86000000
2018-02-27 08:16:09,0.00190000,6.79000000
2018-02-27 08:16:09,0.00190000,6.20000000
2018-02-27 08:16:10,0.00190000,4.20000000
2018-02-27 08:16:11,0.00190000,8.75000000
2018-02-27 08:16:11,0.00190000,237.93000000
2018-02-27 08:16:11,0.00190000,6.58000000
2018-02-27 08:16:11,0.00190000,4.87000000
2018-02-27 08:16:12,0.00190090,1.10000000
2018-02-27 08:16:14,0.00190090,4.78000000
2018-02-27 08:16:14,0.00190100,9.19000000
2018-02-27 08:16:14,0.00190140,7.59000000
2018-02-27 08:16:14,0.00190160,7.55000000
2018-02-27 08:16:14,0.00190180,31.73000000
2018-02-27 08:16:24,0.00190180,3.15000000
2018-02-27 08:16:27,0.00190000,4.67000000
2018-02-27 08:16:28,0.00190000,5.00000000
2018-02-27 08:16:37,0.00190000,35.21000000
2018-02-27 08:16:51,0.00190170,7.41000000
2018-02-27 08:16:51,0.00190180,9.91000000
2018-02-27 08:16:53,0.00190160,7.45000000
2018-02-27 08:16:53,0.00190180,39.76000000
2018-02-27 08:16:53,0.00190180,35.41000000
2018-02-27 08:16:53,0.00190540,4.34000000
2018-02-27 08:16:56,0.00190510,9.44000000
2018-02-27 08:16:57,0.00190510,4.28000000
2018-02-27 08:16:58,0.00190500,1.54000000
2018-02-27 08:16:58,0.00190500,2.44000000
2018-02-27 08:16:59,0.00190500,1.27000000
2018-02-27 08:16:59,0.00190520,2.37000000
2018-02-27 08:17:05,0.00190520,1.27000000
2018-02-27 08:17:16,0.00190510,5.66000000
2018-02-27 08:17:24,0.00190510,1.82000000
2018-02-27 08:17:29,0.00190540,36.48000000
2018-02-27 08:17:36,0.00190530,7.31000000
2018-02-27 08:17:36,0.00190540,35.13000000
2018-02-27 08:17:40,0.00190540,35.88000000
2018-02-27 08:17:57,0.00190210,13.72000000
2018-02-27 08:17:57,0.00190200,5.57000000
2018-02-27 08:17:57,0.00190160,17.64000000
2018-02-27 08:18:00,0.00190160,2.63000000
2018-02-27 08:18:04,0.00190160,1.04000000
2018-02-27 08:18:11,0.00190160,3.16000000
2018-02-27 08:18:17,0.00190150,1.35000000
2018-02-27 08:18:25,0.00190000,115.92000000
2018-02-27 08:18:47,0.00190000,42.95000000
2018-02-27 08:18:52,0.00190090,6.13000000
2018-02-27 08:18:59,0.00190090,1.10000000
2018-02-27 08:18:59,0.00190100,2.16000000
2018-02-27 08:19:06,0.00190100,3.16000000
2018-02-27 08:19:07,0.00190100,1.23000000
2018-02-27 08:19:12,0.00190100,7.26000000
2018-02-27 08:19:20,0.00190140,7.17000000
2018-02-27 08:19:27,0.00190140,0.03000000
2018-02-27 08:19:27,0.00190150,5.22000000
2018-02-27 08:19:47,0.00190130,5.25000000
2018-02-27 08:19:58,0.00190100,16.27000000
2018-02-27 08:20:03,0.00190120,6.94000000
2018-02-27 08:20:04,0.00190130,1.85000000
2018-02-27 08:20:05,0.00190140,3.18000000
2018-02-27 08:20:09,0.00190100,38.66000000
2018-02-27 08:20:09,0.00190140,0.01000000
2018-02-27 08:20:09,0.00190150,0.80000000
2018-02-27 08:20:09,0.00190530,1.19000000
2018-02-27 08:20:11,0.00190520,0.86000000
2018-02-27 08:20:12,0.00190150,6.96000000
2018-02-27 08:20:14,0.00190530,1.76000000
2018-02-27 08:20:23,0.00190530,16.43000000
2018-02-27 08:20:49,0.00190520,1.92000000
2018-02-27 08:21:17,0.00190490,3.38000000
2018-02-27 08:21:38,0.00190130,7.97000000
2018-02-27 08:21:38,0.00190010,15.08000000
2018-02-27 08:21:38,0.00190000,111.86000000
2018-02-27 08:21:38,0.00190010,10.00000000
2018-02-27 08:21:43,0.00190370,3.58000000
2018-02-27 08:21:47,0.00190380,3.11000000
2018-02-27 08:21:47,0.00190380,4.96000000
2018-02-27 08:21:49,0.00190010,2.99000000
2018-02-27 08:21:58,0.00190360,2.99000000
2018-02-27 08:21:58,0.00190370,2.69000000
2018-02-27 08:21:59,0.00190370,3.46000000
2018-02-27 08:21:59,0.00190470,1.79000000
2018-02-27 08:22:18,0.00190450,3.45000000
2018-02-27 08:22:30,0.00190450,0.01000000
2018-02-27 08:22:32,0.00190450,5.94000000
2018-02-27 08:22:40,0.00190450,4.04000000
2018-02-27 08:22:41,0.00190460,6.07000000
2018-02-27 08:22:50,0.00190480,4.37000000
2018-02-27 08:23:10,0.00190460,2.62000000
2018-02-27 08:23:10,0.00190450,0.01000000
2018-02-27 08:23:10,0.00190130,0.42000000
2018-02-27 08:23:20,0.00190460,1.00000000
2018-02-27 08:23:32,0.00190450,5.45000000
2018-02-27 08:23:34,0.00190440,1.70000000
2018-02-27 08:23:42,0.00190450,1.55000000
2018-02-27 08:23:49,0.00190450,2.04000000
2018-02-27 08:23:57,0.00190060,31.53000000
2018-02-27 08:23:57,0.00190000,3.23000000
2018-02-27 08:24:16,0.00190350,13.89000000
2018-02-27 08:24:35,0.00190330,6.44000000
2018-02-27 08:24:50,0.00190330,5.94000000
2018-02-27 08:24:50,0.00190340,0.85000000
2018-02-27 08:24:51,0.00190320,0.80000000
2018-02-27 08:25:01,0.00190320,1.05000000
2018-02-27 08:25:07,0.00190120,0.75000000
2018-02-27 08:25:07,0.00190100,2.63000000
2018-02-27 08:25:08,0.00190100,1.05000000
2018-02-27 08:25:08,0.00190100,1.54000000
2018-02-27 08:25:08,0.00190100,10.77000000
2018-02-27 08:25:09,0.00190320,8.34000000
2018-02-27 08:25:09,0.00190320,0.02000000
2018-02-27 08:25:09,0.00190340,3.20000000
2018-02-27 08:25:09,0.00190340,0.88000000
2018-02-27 08:25:11,0.00190310,4.95000000
2018-02-27 08:25:17,0.00190310,0.02000000
2018-02-27 08:25:17,0.00190340,0.27000000
2018-02-27 08:25:17,0.00190350,3.71000000
2018-02-27 08:25:17,0.00190350,1.38000000
2018-02-27 08:25:18,0.00190350,19.96000000
2018-02-27 08:25:20,0.00190360,5.29000000
2018-02-27 08:25:20,0.00190350,1.44000000
2018-02-27 08:25:33,0.00190340,3.92000000
2018-02-27 08:25:33,0.00190340,0.93000000
2018-02-27 08:25:33,0.00190340,0.01000000
2018-02-27 08:25:34,0.00190350,0.02000000
2018-02-27 08:25:34,0.00190360,0.02000000
2018-02-27 08:25:34,0.00190420,5.26000000
2018-02-27 08:25:34,0.00190440,5.43000000
2018-02-27 08:25:34,0.00190450,50.30000000
2018-02-27 08:25:35,0.00190450,2.95000000
2018-02-27 08:25:36,0.00190450,11.52000000
2018-02-27 08:25:37,0.00190450,31.34000000
2018-02-27 08:25:38,0.00190110,2.22000000
2018-02-27 08:25:38,0.00190080,19.60000000
2018-02-27 08:25:38,0.00190080,5.25000000
2018-02-27 08:25:38,0.00190080,3.93000000
2018-02-27 08:25:38,0.00190080,31.43000000
2018-02-27 08:25:38,0.00190060,1.32000000
2018-02-27 08:25:38,0.00190080,17.92000000
2018-02-27 08:25:38,0.00190080,2.72000000
2018-02-27 08:25:39,0.00190080,1.10000000
2018-02-27 08:25:52,0.00190020,0.60000000
2018-02-27 08:25:53,0.00190010,147.33000000
2018-02-27 08:25:53,0.00190000,35.67000000
2018-02-27 08:25:53,0.00190000,15.08000000
2018-02-27 08:25:54,0.00190070,4.87000000
2018-02-27 08:25:54,0.00190080,0.39000000
2018-02-27 08:25:56,0.00190080,3.49000000
2018-02-27 08:26:03,0.00190000,75.18000000
2018-02-27 08:26:09,0.00190000,179.58000000
2018-02-27 08:26:18,0.00190000,167.03000000
2018-02-27 08:26:24,0.00190000,62.94000000
2018-02-27 08:26:47,0.00190000,3.52000000
2018-02-27 08:27:01,0.00190000,5.00000000
2018-02-27 08:27:06,0.00190050,2.47000000
2018-02-27 08:27:14,0.00190000,172.99000000
2018-02-27 08:27:39,0.00190000,0.93000000
2018-02-27 08:27:42,0.00190010,1.00000000
2018-02-27 08:27:42,0.00190010,13.83000000
2018-02-27 08:27:45,0.00190000,2.22000000
2018-02-27 08:27:52,0.00190000,6.84000000
2018-02-27 08:28:00,0.00190010,35.83000000
2018-02-27 08:28:01,0.00190010,1.35000000
2018-02-27 08:28:10,0.00190000,70.27000000
2018-02-27 08:28:12,0.00190000,6.09000000
2018-02-27 08:28:31,0.00190000,5.54000000
2018-02-27 08:28:42,0.00190000,164.95000000
2018-02-27 08:28:42,0.00190010,1.00000000
2018-02-27 08:28:50,0.00190010,6.47000000
2018-02-27 08:28:51,0.00190000,4.10000000
2018-02-27 08:28:51,0.00190010,5.12000000
2018-02-27 08:28:51,0.00190010,1.11000000
2018-02-27 08:28:51,0.00190000,5.07000000
2018-02-27 08:29:12,0.00190010,6.31000000
2018-02-27 08:29:14,0.00190020,3.06000000
2018-02-27 08:29:21,0.00190020,1.49000000
2018-02-27 08:29:21,0.00190040,4.67000000
2018-02-27 08:29:21,0.00190050,2.40000000
2018-02-27 08:29:21,0.00190060,4.94000000
2018-02-27 08:29:21,0.00190070,4.91000000
2018-02-27 08:29:21,0.00190450,173.20000000
2018-02-27 08:29:21,0.00190480,4.52000000
2018-02-27 08:29:21,0.00190540,78.87000000
2018-02-27 08:29:42,0.00190520,2.44000000
2018-02-27 08:30:11,0.00190150,21.05000000
2018-02-27 08:30:12,0.00190150,26.32000000
2018-02-27 08:30:13,0.00190150,2.98000000
2018-02-27 08:30:13,0.00190470,6.21000000
2018-02-27 08:30:21,0.00190080,2.88000000
2018-02-27 08:30:36,0.00190440,2.05000000
2018-02-27 08:30:42,0.00190440,0.79000000
2018-02-27 08:30:53,0.00190430,5.78000000
2018-02-27 08:30:57,0.00190430,22.47000000
2018-02-27 08:30:58,0.00190430,4.26000000
2018-02-27 08:30:59,0.00190430,2.62000000
2018-02-27 08:31:10,0.00190100,9.99000000
2018-02-27 08:31:15,0.00190340,8.13000000
2018-02-27 08:31:16,0.00190100,9.01000000
2018-02-27 08:31:16,0.00190070,1.78000000
2018-02-27 08:31:20,0.00190340,4.64000000
2018-02-27 08:31:21,0.00190300,1.17000000
2018-02-27 08:31:21,0.00190340,3.47000000
2018-02-27 08:31:24,0.00190340,1.28000000
2018-02-27 08:31:24,0.00190420,5.69000000
2018-02-27 08:31:24,0.00190430,2.39000000
2018-02-27 08:31:35,0.00190420,5.43000000
2018-02-27 08:31:35,0.00190430,12.34000000
2018-02-27 08:32:03,0.00190420,4.99000000
2018-02-27 08:32:03,0.00190430,25.49000000
2018-02-27 08:32:03,0.00190450,5.30000000
2018-02-27 08:32:03,0.00190480,3.10000000
2018-02-27 08:32:03,0.00190500,6.05000000
2018-02-27 08:32:03,0.00190510,6.23000000
2018-02-27 08:32:03,0.00190520,3.94000000
2018-02-27 08:32:03,0.00190540,339.13000000
2018-02-27 08:32:08,0.00190430,3.14000000
2018-02-27 08:32:20,0.00190420,1.55000000
2018-02-27 08:32:22,0.00190120,1.53000000
2018-02-27 08:32:36,0.00190420,0.98000000
2018-02-27 08:32:36,0.00190430,0.89000000
2018-02-27 08:32:44,0.00190430,0.26000000
2018-02-27 08:33:02,0.00190150,6.85000000
2018-02-27 08:33:02,0.00190140,29.00000000
2018-02-27 08:33:02,0.00190100,6.20000000
2018-02-27 08:33:02,0.00190040,4.43000000
2018-02-27 08:33:02,0.00190010,25.58000000
2018-02-27 08:33:02,0.00190000,1427.94000000
2018-02-27 08:33:06,0.00190420,4.43000000
2018-02-27 08:33:06,0.00190430,0.69000000
2018-02-27 08:33:06,0.00190540,44.88000000
2018-02-27 08:33:18,0.00190410,3.30000000
2018-02-27 08:33:38,0.00190170,1.02000000
2018-02-27 08:34:13,0.00190500,3.43000000
2018-02-27 08:34:42,0.00190140,3.00000000
2018-02-27 08:34:43,0.00190500,15.89000000
2018-02-27 08:34:50,0.00190510,5.24000000
2018-02-27 08:35:17,0.00190510,5.44000000
2018-02-27 08:35:19,0.00190500,75.57000000
2018-02-27 08:35:19,0.00190510,163.55000000
2018-02-27 08:35:26,0.00190510,42.92000000
2018-02-27 08:35:30,0.00190180,13.88000000
2018-02-27 08:35:30,0.00190180,3.07000000
2018-02-27 08:35:30,0.00190170,10.88000000
2018-02-27 08:35:32,0.00190190,1.06000000
2018-02-27 08:35:37,0.00190510,42.92000000
2018-02-27 08:35:40,0.00190190,1.71000000
2018-02-27 08:35:40,0.00190190,1.08000000
2018-02-27 08:35:46,0.00190510,5.24000000
2018-02-27 08:35:48,0.00190510,5.24000000
2018-02-27 08:36:07,0.00190510,42.92000000
2018-02-27 08:36:13,0.00190510,1.36000000
2018-02-27 08:36:28,0.00190210,3.33000000
2018-02-27 08:36:32,0.00190500,6.00000000
2018-02-27 08:36:32,0.00190210,10.49000000
2018-02-27 08:36:32,0.00190210,2.51000000
2018-02-27 08:36:40,0.00190500,9.22000000
2018-02-27 08:36:44,0.00190500,5.24000000
2018-02-27 08:36:56,0.00190500,34.37000000
2018-02-27 08:37:50,0.00190480,5.80000000
2018-02-27 08:37:50,0.00190490,2.20000000
2018-02-27 08:38:03,0.00190230,26.64000000
2018-02-27 08:38:07,0.00190230,5.28000000
2018-02-27 08:38:12,0.00190230,1.37000000
2018-02-27 08:38:13,0.00190220,5.87000000
2018-02-27 08:38:16,0.00190220,29.29000000
2018-02-27 08:38:16,0.00190210,7.57000000
2018-02-27 08:38:31,0.00190210,30.43000000
2018-02-27 08:38:31,0.00190200,13.31000000
2018-02-27 08:38:33,0.00190200,7.78000000
2018-02-27 08:38:33,0.00190190,1.10000000
2018-02-27 08:38:37,0.00190200,7.08000000
2018-02-27 08:38:40,0.00190200,11.00000000
2018-02-27 08:38:43,0.00190190,10.81000000
2018-02-27 08:38:51,0.00190170,1.71000000
2018-02-27 08:38:51,0.00190150,2.38000000
2018-02-27 08:38:53,0.00190150,4.85000000
2018-02-27 08:39:01,0.00190130,0.01000000
2018-02-27 08:39:01,0.00190130,8.38000000
2018-02-27 08:39:01,0.00190030,2.49000000
2018-02-27 08:39:01,0.00190000,38.68000000
2018-02-27 08:39:11,0.00190150,7.86000000
2018-02-27 08:39:16,0.00190150,1.00000000
2018-02-27 08:39:39,0.00190100,1.07000000
2018-02-27 08:39:39,0.00190010,15.29000000
2018-02-27 08:39:41,0.00190140,2.62000000
2018-02-27 08:39:44,0.00190140,1.72000000
2018-02-27 08:39:45,0.00190140,1.00000000
2018-02-27 08:39:49,0.00190140,2.50000000
2018-02-27 08:39:49,0.00190150,7.50000000
2018-02-27 08:40:00,0.00190130,7.97000000
2018-02-27 08:40:00,0.00190150,13.16000000
2018-02-27 08:40:09,0.00190150,0.53000000
2018-02-27 08:40:13,0.00190150,6.22000000
2018-02-27 08:40:43,0.00190130,7.62000000
2018-02-27 08:40:44,0.00190140,11.36000000
2018-02-27 08:40:44,0.00190200,12.66000000
2018-02-27 08:41:14,0.00190010,5.12000000
2018-02-27 08:41:23,0.00190100,5.00000000
2018-02-27 08:41:30,0.00190110,1.05000000
2018-02-27 08:41:31,0.00190110,6.26000000
2018-02-27 08:41:31,0.00190120,6.85000000
2018-02-27 08:41:31,0.00190200,11.89000000
2018-02-27 08:41:31,0.00190100,7.15000000
2018-02-27 08:42:09,0.00190100,10.00000000
2018-02-27 08:42:12,0.00190100,6.83000000
2018-02-27 08:42:15,0.00190100,1.00000000
2018-02-27 08:42:17,0.00190100,4.99000000
2018-02-27 08:42:32,0.00190020,2.72000000
2018-02-27 08:42:37,0.00190020,7.28000000
2018-02-27 08:42:44,0.00190100,8.06000000
2018-02-27 08:42:44,0.00190110,0.72000000
2018-02-27 08:42:44,0.00190190,2.58000000
2018-02-27 08:42:45,0.00190190,8.32000000
2018-02-27 08:42:45,0.00190100,0.85000000
2018-02-27 08:42:45,0.00190100,19.60000000
2018-02-27 08:42:47,0.00190100,0.85000000
2018-02-27 08:42:47,0.00190100,2.14000000
2018-02-27 08:42:49,0.00190200,7.20000000
2018-02-27 08:42:49,0.00190100,0.85000000
2018-02-27 08:42:49,0.00190100,0.85000000
2018-02-27 08:42:49,0.00190200,13.34000000
2018-02-27 08:42:50,0.00190100,2.14000000
2018-02-27 08:42:51,0.00190100,10.32000000
2018-02-27 08:43:19,0.00190100,0.88000000
2018-02-27 08:43:19,0.00190100,0.88000000
2018-02-27 08:43:27,0.00190100,19.44000000
2018-02-27 08:43:27,0.00190010,154.09000000
2018-02-27 08:43:30,0.00190010,4.73000000
2018-02-27 08:43:35,0.00190000,1.01000000
2018-02-27 08:43:39,0.00190000,269.63000000
2018-02-27 08:43:43,0.00190000,3.33000000
2018-02-27 08:43:48,0.00190000,100.10000000
2018-02-27 08:43:53,0.00190000,5.86000000
2018-02-27 08:43:57,0.00190010,3.66000000
2018-02-27 08:43:58,0.00190000,5.00000000
2018-02-27 08:44:11,0.00190000,1.02000000
2018-02-27 08:44:32,0.00190000,31.42000000
2018-02-27 08:44:34,0.00190000,73.00000000
2018-02-27 08:44:35,0.00190000,1.70000000
2018-02-27 08:44:36,0.00190000,1.54000000
2018-02-27 08:44:38,0.00190000,529.07000000
2018-02-27 08:44:43,0.00190050,21.87000000
2018-02-27 08:44:43,0.00190060,2.85000000
2018-02-27 08:44:53,0.00190000,228.14000000
2018-02-27 08:44:55,0.00190000,519.01000000
2018-02-27 08:45:03,0.00190000,78.26000000
2018-02-27 08:45:06,0.00190000,28.97000000
2018-02-27 08:45:10,0.00190000,100.00000000
2018-02-27 08:45:15,0.00190000,6.87000000
2018-02-27 08:45:24,0.00190000,45.27000000
2018-02-27 08:45:29,0.00190040,3.78000000
2018-02-27 08:45:31,0.00190000,1.40000000
2018-02-27 08:45:33,0.00190000,197.05000000
2018-02-27 08:45:33,0.00189990,9.95000000
2018-02-27 08:45:52,0.00189990,5.68000000
2018-02-27 08:45:58,0.00189990,7.66000000
2018-02-27 08:46:10,0.00189990,1.66000000
2018-02-27 08:46:10,0.00190000,42.74000000
2018-02-27 08:46:12,0.00189990,0.05000000
2018-02-27 08:46:15,0.00189870,1.10000000
2018-02-27 08:46:18,0.00189990,5.47000000
2018-02-27 08:46:18,0.00190000,9.03000000
2018-02-27 08:46:27,0.00189870,0.26000000
2018-02-27 08:46:27,0.00189840,9.13000000
2018-02-27 08:46:31,0.00189770,1.19000000
2018-02-27 08:46:33,0.00189800,4.04000000
2018-02-27 08:46:38,0.00189800,19.96000000
2018-02-27 08:46:38,0.00189870,0.82000000
2018-02-27 08:46:38,0.00189990,1.90000000
2018-02-27 08:46:38,0.00190000,7.91000000
2018-02-27 08:46:43,0.00190000,19.90000000
2018-02-27 08:46:44,0.00190000,4.64000000
2018-02-27 08:46:44,0.00190000,4.64000000
2018-02-27 08:46:44,0.00190000,8.24000000
2018-02-27 08:46:44,0.00190000,18.55000000
2018-02-27 08:46:46,0.00190000,7.76000000
2018-02-27 08:46:47,0.00190000,4.60000000
2018-02-27 08:47:11,0.00189800,0.90000000
2018-02-27 08:47:11,0.00189990,5.05000000
2018-02-27 08:47:11,0.00190000,23.99000000
2018-02-27 08:47:11,0.00190030,2.74000000
2018-02-27 08:47:11,0.00190040,0.02000000
2018-02-27 08:47:11,0.00190050,3.38000000
2018-02-27 08:47:11,0.00190090,4.09000000
2018-02-27 08:47:11,0.00190100,14.92000000
2018-02-27 08:47:11,0.00190140,5.88000000
2018-02-27 08:47:11,0.00190150,63.86000000
2018-02-27 08:47:11,0.00190160,32.89000000
2018-02-27 08:47:11,0.00190170,80.90000000
2018-02-27 08:47:11,0.00190180,2.38000000
2018-02-27 08:47:12,0.00189790,5.15000000
2018-02-27 08:47:14,0.00190180,1.31000000
2018-02-27 08:47:15,0.00190180,2.92000000
2018-02-27 08:47:17,0.00190000,0.57000000
2018-02-27 08:47:18,0.00190000,4.44000000
2018-02-27 08:47:19,0.00190200,0.02000000
2018-02-27 08:47:21,0.00190400,1.43000000
2018-02-27 08:47:22,0.00190400,10.24000000
2018-02-27 08:47:26,0.00190400,13.33000000
2018-02-27 08:47:26,0.00190490,0.66000000
2018-02-27 08:47:29,0.00190490,3.82000000
2018-02-27 08:47:34,0.00189990,8.52000000
2018-02-27 08:47:34,0.00189990,4.00000000
2018-02-27 08:47:46,0.00190390,5.27000000
2018-02-27 08:47:46,0.00190490,38.81000000
2018-02-27 08:47:49,0.00190490,5.24000000
2018-02-27 08:47:50,0.00190490,13.12000000
2018-02-27 08:47:58,0.00190370,2.62000000
2018-02-27 08:48:01,0.00190370,9.94000000
2018-02-27 08:48:01,0.00190380,5.17000000
2018-02-27 08:48:01,0.00190490,4.91000000
2018-02-27 08:48:09,0.00190490,1.36000000
2018-02-27 08:48:15,0.00190080,1.08000000
2018-02-27 08:48:23,0.00190100,1.38000000
2018-02-27 08:48:27,0.00190100,23.84000000
2018-02-27 08:48:27,0.00190090,5.26000000
2018-02-27 08:48:28,0.00190090,0.53000000
2018-02-27 08:49:45,0.00190010,19.94000000
2018-02-27 08:49:54,0.00189990,0.57000000
2018-02-27 08:49:54,0.00190000,4.48000000
2018-02-27 08:49:54,0.00190020,4.58000000
2018-02-27 08:49:54,0.00190040,2.37000000
2018-02-27 08:50:14,0.00189850,1.05000000
2018-02-27 08:50:14,0.00189800,52.63000000
2018-02-27 08:50:25,0.00190030,2.92000000
2018-02-27 08:50:46,0.00189770,0.02000000
2018-02-27 08:50:46,0.00189680,3.84000000
2018-02-27 08:50:46,0.00189590,24.05000000
2018-02-27 08:50:46,0.00189510,26.36000000
2018-02-27 08:50:46,0.00189390,7.84000000
2018-02-27 08:50:46,0.00189380,19.99000000
2018-02-27 08:50:46,0.00189360,2.77000000
2018-02-27 08:50:46,0.00189310,4.88000000
2018-02-27 08:50:46,0.00189270,128.71000000
2018-02-27 08:50:46,0.00189230,1.17000000
2018-02-27 08:50:46,0.00189210,9.75000000
2018-02-27 08:50:46,0.00189200,14.41000000
2018-02-27 08:50:46,0.00189190,115.20000000
2018-02-27 08:50:46,0.00189190,5.00000000
2018-02-27 08:50:47,0.00189600,4.95000000
2018-02-27 08:50:49,0.00189310,0.99000000
2018-02-27 08:50:54,0.00189310,1.03000000
2018-02-27 08:51:01,0.00189310,103.98000000
2018-02-27 08:51:08,0.00189600,1.21000000
2018-02-27 08:51:08,0.00189600,0.02000000
2018-02-27 08:51:08,0.00190000,0.77000000
2018-02-27 08:51:10,0.00189980,4.49000000
2018-02-27 08:51:10,0.00189990,2.91000000
2018-02-27 08:51:12,0.00189590,4.14000000
2018-02-27 08:51:14,0.00189370,26.41000000
2018-02-27 08:51:14,0.00189360,22.91000000
2018-02-27 08:51:14,0.00189320,5.11000000
2018-02-27 08:51:14,0.00189980,1.82000000
2018-02-27 08:51:15,0.00189950,5.52000000
2018-02-27 08:51:18,0.00189870,5.56000000
2018-02-27 08:51:22,0.00189770,5.11000000
2018-02-27 08:51:22,0.00189780,1.19000000
2018-02-27 08:51:22,0.00189780,1.58000000
2018-02-27 08:51:27,0.00189660,3.16000000
2018-02-27 08:51:31,0.00189600,6.12000000
2018-02-27 08:51:32,0.00189580,1.44000000
2018-02-27 08:51:33,0.00189570,1.05000000
2018-02-27 08:51:39,0.00189700,3.25000000
2018-02-27 08:51:43,0.00189570,41.85000000
2018-02-27 08:51:43,0.00189570,0.01000000
2018-02-27 08:51:43,0.00189700,7.13000000
2018-02-27 08:52:00,0.00189690,0.50000000
2018-02-27 08:52:01,0.00189690,3.46000000
2018-02-27 08:52:01,0.00189700,4.11000000
2018-02-27 08:52:03,0.00189330,36.03000000
2018-02-27 08:52:06,0.00189700,0.01000000
2018-02-27 08:52:14,0.00189690,0.92000000
2018-02-27 08:52:15,0.00189690,2.95000000
2018-02-27 08:52:15,0.00189700,4.45000000
2018-02-27 08:52:26,0.00189700,1.58000000
2018-02-27 08:53:02,0.00189690,3.69000000
2018-02-27 08:53:02,0.00189700,5.31000000
2018-02-27 08:53:29,0.00189630,14.71000000
2018-02-27 08:53:35,0.00189360,9.99000000
2018-02-27 08:53:47,0.00189360,3.29000000
2018-02-27 08:53:56,0.00189620,1.28000000
2018-02-27 08:53:56,0.00189620,2.14000000
2018-02-27 08:54:14,0.00189610,3.64000000
2018-02-27 08:54:28,0.00189620,3.54000000
2018-02-27 08:54:28,0.00189630,10.35000000
2018-02-27 08:54:31,0.00189610,3.62000000
2018-02-27 08:54:37,0.00189600,5.25000000
2018-02-27 08:54:40,0.00189600,0.02000000
2018-02-27 08:54:40,0.00189610,0.01000000
2018-02-27 08:54:40,0.00189630,0.02000000
2018-02-27 08:54:40,0.00189650,0.76000000
2018-02-27 08:54:40,0.00189650,3.12000000
2018-02-27 08:54:41,0.00189650,3.95000000
2018-02-27 08:54:52,0.00189640,2.14000000
2018-02-27 08:55:02,0.00189640,1.43000000
2018-02-27 08:55:13,0.00189630,3.52000000
2018-02-27 08:55:34,0.00189620,3.47000000
2018-02-27 08:55:42,0.00189600,1.03000000
2018-02-27 08:55:48,0.00189530,9.86000000
2018-02-27 08:55:54,0.00189500,4.53000000
2018-02-27 08:55:54,0.00189610,2.68000000
2018-02-27 08:56:01,0.00189620,0.01000000
2018-02-27 08:56:01,0.00189630,44.75000000
2018-02-27 08:56:02,0.00189630,35.35000000
2018-02-27 08:56:02,0.00189630,52.52000000
2018-02-27 08:56:02,0.00189630,116.43000000
2018-02-27 08:56:02,0.00189630,4.53000000
2018-02-27 08:56:03,0.00189630,2.54000000
2018-02-27 08:56:16,0.00189620,2.63000000
2018-02-27 08:56:22,0.00189610,1.10000000
2018-02-27 08:56:33,0.00189610,1.92000000
2018-02-27 08:56:48,0.00189500,1.43000000
2018-02-27 08:56:49,0.00189500,9.33000000
2018-02-27 08:57:02,0.00189600,7.83000000
2018-02-27 08:57:30,0.00189590,2.84000000
2018-02-27 08:57:37,0.00189580,3.08000000
2018-02-27 08:57:43,0.00189360,61.83000000
2018-02-27 08:57:52,0.00189580,2.18000000
2018-02-27 08:57:53,0.00189360,1.64000000
2018-02-27 08:58:07,0.00189360,11.60000000
2018-02-27 08:58:09,0.00189580,6.54000000
2018-02-27 08:58:09,0.00189580,8.85000000
2018-02-27 08:58:13,0.00189570,1.68000000
2018-02-27 08:58:13,0.00189590,0.22000000
2018-02-27 08:58:13,0.00189600,1.28000000
2018-02-27 08:58:32,0.00189600,9.32000000
2018-02-27 08:58:41,0.00189590,1.69000000
2018-02-27 08:58:41,0.00189600,3.53000000
2018-02-27 08:58:55,0.00189590,1.77000000
2018-02-27 08:58:55,0.00189600,1.05000000
2018-02-27 08:58:55,0.00189610,1.08000000
2018-02-27 08:58:55,0.00189620,7.57000000
2018-02-27 08:59:18,0.00189390,1.62000000
