DATE,PRICE,VOLUME
2018-02-23 18:00:03,0.00221480,8.27000000
2018-02-23 18:00:11,0.00221480,220.00000000
2018-02-23 18:00:12,0.00221490,2.91000000
2018-02-23 18:00:12,0.00221480,21.69000000
2018-02-23 18:00:12,0.00221480,0.84000000
2018-02-23 18:00:26,0.00221480,7.33000000
2018-02-23 18:00:45,0.00221500,0.87000000
2018-02-23 18:00:53,0.00221480,26.59000000
2018-02-23 18:00:53,0.00221410,105.60000000
2018-02-23 18:00:54,0.00221480,1.13000000
2018-02-23 18:01:05,0.00221500,54.36000000
2018-02-23 18:01:08,0.00221500,1.07000000
2018-02-23 18:01:15,0.00221500,2.21000000
2018-02-23 18:01:24,0.00221500,5.00000000
2018-02-23 18:01:27,0.00221500,18.81000000
2018-02-23 18:01:28,0.00221500,6.76000000
2018-02-23 18:01:28,0.00221490,6.25000000
2018-02-23 18:01:28,0.00221480,5.09000000
2018-02-23 18:01:28,0.00221480,16.62000000
2018-02-23 18:01:28,0.00221500,1.41000000
2018-02-23 18:01:30,0.00221710,5.00000000
2018-02-23 18:01:30,0.00221720,6.15000000
2018-02-23 18:01:31,0.00221720,0.12000000
2018-02-23 18:01:31,0.00221840,1.38000000
2018-02-23 18:01:33,0.00221840,2.32000000
2018-02-23 18:01:33,0.00221990,2.54000000
2018-02-23 18:01:33,0.00221990,1.50000000
2018-02-23 18:01:37,0.00221990,0.47000000
2018-02-23 18:01:37,0.00222000,1.03000000
2018-02-23 18:01:40,0.00222000,0.80000000
2018-02-23 18:01:43,0.00222000,0.18000000
2018-02-23 18:01:46,0.00222000,0.06000000
2018-02-23 18:01:50,0.00221700,1.10000000
2018-02-23 18:01:53,0.00222000,6.76000000
2018-02-23 18:02:04,0.00222000,4.03000000
2018-02-23 18:02:22,0.00222000,5.63000000
2018-02-23 18:02:30,0.00221790,2.91000000
2018-02-23 18:02:32,0.00222000,1.05000000
2018-02-23 18:02:34,0.00221790,1.08000000
2018-02-23 18:02:36,0.00221790,24.83000000
2018-02-23 18:02:36,0.00221660,13.53000000
2018-02-23 18:02:36,0.00221560,0.96000000
2018-02-23 18:02:36,0.00221520,4.50000000
2018-02-23 18:02:36,0.00221510,22.32000000
2018-02-23 18:02:36,0.00221480,33.29000000
2018-02-23 18:02:36,0.00221420,2.08000000
2018-02-23 18:02:36,0.00221410,273.58000000
2018-02-23 18:02:36,0.00221120,4.50000000
2018-02-23 18:02:36,0.00220920,18.17000000
2018-02-23 18:02:36,0.00220790,1.33000000
2018-02-23 18:02:36,0.00220380,3.41000000
2018-02-23 18:02:36,0.00220350,10.00000000
2018-02-23 18:02:36,0.00220330,0.09000000
2018-02-23 18:02:36,0.00220140,128.97000000
2018-02-23 18:02:38,0.00221410,1.33000000
2018-02-23 18:02:38,0.00221860,17.96000000
2018-02-23 18:02:39,0.00221850,16.48000000
2018-02-23 18:02:39,0.00221850,5.83000000
2018-02-23 18:02:40,0.00221850,0.01000000
2018-02-23 18:02:40,0.00221860,0.45000000
2018-02-23 18:02:40,0.00221430,0.46000000
2018-02-23 18:02:41,0.00221860,4.50000000
2018-02-23 18:02:41,0.00221860,8.58000000
2018-02-23 18:02:41,0.00221870,4.50000000
2018-02-23 18:02:41,0.00221960,220.27000000
2018-02-23 18:02:42,0.00221460,1.29000000
2018-02-23 18:02:42,0.00221460,0.91000000
2018-02-23 18:02:46,0.00221530,0.90000000
2018-02-23 18:02:58,0.00221890,1.60000000
2018-02-23 18:03:03,0.00221870,0.60000000
2018-02-23 18:03:03,0.00221880,3.34000000
2018-02-23 18:03:09,0.00221850,0.83000000
2018-02-23 18:03:21,0.00221820,102.23000000
2018-02-23 18:03:21,0.00221830,128.14000000
2018-02-23 18:03:21,0.00221850,128.14000000
2018-02-23 18:03:21,0.00221870,4.50000000
2018-02-23 18:03:21,0.00221900,4.50000000
2018-02-23 18:03:21,0.00222000,19.53000000
2018-02-23 18:03:21,0.00221900,9.33000000
2018-02-23 18:03:22,0.00221900,5.62000000
2018-02-23 18:03:29,0.00222000,4.50000000
2018-02-23 18:03:31,0.00221900,2.97000000
2018-02-23 18:03:40,0.00221900,1.10000000
2018-02-23 18:03:44,0.00221900,33.50000000
2018-02-23 18:03:44,0.00221900,91.97000000
2018-02-23 18:03:47,0.00221590,0.55000000
2018-02-23 18:03:48,0.00221600,8.85000000
2018-02-23 18:03:56,0.00221510,1.60000000
2018-02-23 18:04:03,0.00221500,1.60000000
2018-02-23 18:04:04,0.00221510,0.69000000
2018-02-23 18:04:04,0.00221510,1.31000000
2018-02-23 18:04:05,0.00221480,1.14000000
2018-02-23 18:04:16,0.00221480,4.50000000
2018-02-23 18:04:16,0.00221260,39.30000000
2018-02-23 18:04:27,0.00221500,7.26000000
2018-02-23 18:04:34,0.00221290,1.43000000
2018-02-23 18:04:46,0.00221480,4.62000000
2018-02-23 18:04:51,0.00221300,24.00000000
2018-02-23 18:04:51,0.00221290,2.00000000
2018-02-23 18:04:51,0.00221270,123.14000000
2018-02-23 18:04:51,0.00221260,36.12000000
2018-02-23 18:04:51,0.00221480,1.00000000
2018-02-23 18:04:52,0.00221260,24.04000000
2018-02-23 18:04:52,0.00221010,21.40000000
2018-02-23 18:04:54,0.00221020,1.37000000
2018-02-23 18:04:55,0.00221020,0.64000000
2018-02-23 18:04:59,0.00221450,28.14000000
2018-02-23 18:05:03,0.00221290,56.02000000
2018-02-23 18:05:03,0.00221020,4.50000000
2018-02-23 18:05:03,0.00221010,0.48000000
2018-02-23 18:05:04,0.00221190,3.04000000
2018-02-23 18:05:04,0.00221190,1.68000000
2018-02-23 18:05:04,0.00221190,0.79000000
2018-02-23 18:05:09,0.00221240,1.21000000
2018-02-23 18:05:09,0.00221230,0.55000000
2018-02-23 18:05:09,0.00221240,5.50000000
2018-02-23 18:05:12,0.00221010,7.95000000
2018-02-23 18:05:13,0.00221230,4.07000000
2018-02-23 18:05:15,0.00221020,2.40000000
2018-02-23 18:05:15,0.00221020,2.60000000
2018-02-23 18:05:18,0.00221010,1.59000000
2018-02-23 18:05:19,0.00221010,24.07000000
2018-02-23 18:05:24,0.00221000,1.11000000
2018-02-23 18:05:25,0.00221000,7.59000000
2018-02-23 18:05:25,0.00221000,25.81000000
2018-02-23 18:05:38,0.00221000,8.80000000
2018-02-23 18:05:40,0.00221000,10.66000000
2018-02-23 18:05:40,0.00221000,4.01000000
2018-02-23 18:05:44,0.00221000,1.02000000
2018-02-23 18:05:45,0.00220970,9.00000000
2018-02-23 18:05:47,0.00220980,4.50000000
2018-02-23 18:05:51,0.00220970,0.91000000
2018-02-23 18:05:59,0.00220940,0.01000000
2018-02-23 18:06:06,0.00220560,9.53000000
2018-02-23 18:06:06,0.00220560,10.75000000
2018-02-23 18:06:06,0.00220560,10.75000000
2018-02-23 18:06:06,0.00220120,10.75000000
2018-02-23 18:06:07,0.00220560,1.14000000
2018-02-23 18:06:10,0.00220160,2.01000000
2018-02-23 18:06:14,0.00220190,3.33000000
2018-02-23 18:06:14,0.00220160,0.21000000
2018-02-23 18:06:14,0.00220040,1.46000000
2018-02-23 18:06:18,0.00220420,1.00000000
2018-02-23 18:06:20,0.00220400,1.00000000
2018-02-23 18:06:21,0.00220380,1.00000000
2018-02-23 18:06:28,0.00220100,1.27000000
2018-02-23 18:06:28,0.00220030,19.05000000
2018-02-23 18:06:30,0.00220260,7.73000000
2018-02-23 18:06:37,0.00220030,3.66000000
2018-02-23 18:06:37,0.00220000,166.34000000
2018-02-23 18:06:41,0.00220000,1.00000000
2018-02-23 18:06:47,0.00220160,5.34000000
2018-02-23 18:06:54,0.00220130,5.03000000
2018-02-23 18:06:54,0.00220160,0.02000000
2018-02-23 18:06:57,0.00220120,4.99000000
2018-02-23 18:06:57,0.00220170,0.02000000
2018-02-23 18:07:06,0.00220150,1.81000000
2018-02-23 18:07:06,0.00220160,3.64000000
2018-02-23 18:07:18,0.00220210,22.28000000
2018-02-23 18:07:18,0.00220200,1.02000000
2018-02-23 18:07:21,0.00220220,5.00000000
2018-02-23 18:07:21,0.00220200,2.29000000
2018-02-23 18:07:25,0.00220560,2.27000000
2018-02-23 18:07:37,0.00220480,5.00000000
2018-02-23 18:07:37,0.00220470,20.01000000
2018-02-23 18:07:49,0.00220990,1.00000000
2018-02-23 18:07:50,0.00220980,1.00000000
2018-02-23 18:07:50,0.00220420,45.36000000
2018-02-23 18:07:50,0.00220410,20.00000000
2018-02-23 18:07:50,0.00220390,22.28000000
2018-02-23 18:07:50,0.00220210,2.92000000
2018-02-23 18:07:50,0.00220200,96.69000000
2018-02-23 18:07:50,0.00220200,1.78000000
2018-02-23 18:07:50,0.00220200,1.78000000
2018-02-23 18:07:50,0.00220200,1.48000000
2018-02-23 18:07:50,0.00220200,1.78000000
2018-02-23 18:07:50,0.00220170,7.58000000
2018-02-23 18:07:50,0.00220130,11.42000000
2018-02-23 18:07:50,0.00220200,1.15000000
2018-02-23 18:07:51,0.00220440,3.85000000
2018-02-23 18:07:51,0.00220180,1.58000000
2018-02-23 18:07:54,0.00220130,20.43000000
2018-02-23 18:07:54,0.00220140,15.00000000
2018-02-23 18:07:54,0.00220130,21.51000000
2018-02-23 18:07:55,0.00220120,4.20000000
2018-02-23 18:07:55,0.00220120,0.68000000
2018-02-23 18:07:58,0.00220080,20.41000000
2018-02-23 18:08:04,0.00220000,6.29000000
2018-02-23 18:08:13,0.00220010,5.17000000
2018-02-23 18:08:20,0.00220010,2.93000000
2018-02-23 18:08:20,0.00220000,3.51000000
2018-02-23 18:08:23,0.00220010,106.40000000
2018-02-23 18:08:23,0.00220000,5.00000000
2018-02-23 18:08:32,0.00220010,29.85000000
2018-02-23 18:08:47,0.00220010,106.40000000
2018-02-23 18:08:51,0.00220080,1.27000000
2018-02-23 18:08:53,0.00220080,1.71000000
2018-02-23 18:08:58,0.00220130,7.97000000
2018-02-23 18:08:58,0.00220180,7.97000000
2018-02-23 18:08:58,0.00220180,13.61000000
2018-02-23 18:08:58,0.00220180,3.35000000
2018-02-23 18:09:02,0.00220530,6.94000000
2018-02-23 18:09:02,0.00220540,2.92000000
2018-02-23 18:09:02,0.00220650,11.91000000
2018-02-23 18:09:02,0.00220650,6.94000000
2018-02-23 18:09:09,0.00220630,5.01000000
2018-02-23 18:09:14,0.00220970,1.08000000
2018-02-23 18:09:16,0.00220620,9.39000000
2018-02-23 18:09:36,0.00220640,4.83000000
2018-02-23 18:09:44,0.00220950,3.93000000
2018-02-23 18:09:44,0.00220960,9.39000000
2018-02-23 18:09:44,0.00221000,23.98000000
2018-02-23 18:09:44,0.00221240,7.51000000
2018-02-23 18:09:46,0.00220710,0.46000000
2018-02-23 18:09:52,0.00220780,3.00000000
2018-02-23 18:09:53,0.00221200,0.46000000
2018-02-23 18:09:53,0.00221210,0.54000000
2018-02-23 18:10:12,0.00221120,1.00000000
2018-02-23 18:10:12,0.00221160,3.00000000
2018-02-23 18:10:12,0.00221230,4.50000000
2018-02-23 18:10:12,0.00221240,3.25000000
2018-02-23 18:10:31,0.00221100,3.94000000
2018-02-23 18:11:20,0.00220870,3.84000000
2018-02-23 18:11:24,0.00221200,3.84000000
2018-02-23 18:11:24,0.00221210,6.16000000
2018-02-23 18:11:24,0.00221230,5.88000000
2018-02-23 18:11:24,0.00221240,1.58000000
2018-02-23 18:12:00,0.00221220,1.00000000
2018-02-23 18:12:00,0.00221240,1.49000000
2018-02-23 18:12:05,0.00221100,10.50000000
2018-02-23 18:12:08,0.00220900,0.68000000
2018-02-23 18:12:09,0.00221240,1.17000000
2018-02-23 18:12:11,0.00221230,0.65000000
2018-02-23 18:12:31,0.00220920,0.02000000
2018-02-23 18:12:37,0.00220920,4.98000000
2018-02-23 18:12:37,0.00220900,0.28000000
2018-02-23 18:12:40,0.00220840,0.03000000
2018-02-23 18:12:54,0.00220890,5.00000000
2018-02-23 18:12:54,0.00220880,2.30000000
2018-02-23 18:12:56,0.00220840,12.47000000
2018-02-23 18:13:02,0.00220830,5.00000000
2018-02-23 18:13:15,0.00220840,1.00000000
2018-02-23 18:13:20,0.00220840,18.95000000
2018-02-23 18:13:46,0.00220800,3.00000000
2018-02-23 18:13:46,0.00220580,24.05000000
2018-02-23 18:13:57,0.00220580,1.55000000
2018-02-23 18:13:58,0.00220580,19.51000000
2018-02-23 18:13:58,0.00220580,0.68000000
2018-02-23 18:13:58,0.00220580,35.81000000
2018-02-23 18:13:59,0.00220570,3.67000000
2018-02-23 18:14:00,0.00220570,1.33000000
2018-02-23 18:14:00,0.00220580,7.03000000
2018-02-23 18:14:01,0.00220580,8.03000000
2018-02-23 18:14:12,0.00220570,7.61000000
2018-02-23 18:14:12,0.00220580,20.17000000
2018-02-23 18:14:12,0.00220580,7.61000000
2018-02-23 18:14:15,0.00220330,0.46000000
2018-02-23 18:14:15,0.00220840,0.46000000
2018-02-23 18:14:24,0.00220840,0.46000000
2018-02-23 18:15:05,0.00220830,1.70000000
2018-02-23 18:15:07,0.00220830,1.96000000
2018-02-23 18:15:07,0.00220830,1.67000000
2018-02-23 18:15:07,0.00220830,1.67000000
2018-02-23 18:15:07,0.00220830,2.00000000
2018-02-23 18:15:12,0.00220600,2.00000000
2018-02-23 18:15:23,0.00220610,10.09000000
2018-02-23 18:15:53,0.00220830,0.11000000
2018-02-23 18:16:14,0.00220780,1.90000000
2018-02-23 18:16:18,0.00220800,1.37000000
2018-02-23 18:16:41,0.00220800,3.32000000
2018-02-23 18:16:44,0.00220830,3.68000000
2018-02-23 18:16:52,0.00220800,3.07000000
2018-02-23 18:16:56,0.00220650,6.30000000
2018-02-23 18:17:07,0.00220660,10.00000000
2018-02-23 18:17:10,0.00220660,8.80000000
2018-02-23 18:17:11,0.00220660,12.15000000
2018-02-23 18:17:12,0.00220660,64.26000000
2018-02-23 18:17:12,0.00220750,9.17000000
2018-02-23 18:17:15,0.00220750,133.06000000
2018-02-23 18:17:26,0.00220750,4.78000000
2018-02-23 18:17:29,0.00220750,45.87000000
2018-02-23 18:17:44,0.00220790,1.82000000
2018-02-23 18:17:44,0.00220800,0.18000000
2018-02-23 18:17:53,0.00220750,8.76000000
2018-02-23 18:17:53,0.00220750,22.06000000
2018-02-23 18:18:08,0.00220750,5.00000000
2018-02-23 18:18:14,0.00220800,6.66000000
2018-02-23 18:18:23,0.00220800,4.06000000
2018-02-23 18:18:25,0.00220750,50.82000000
2018-02-23 18:18:38,0.00220800,25.26000000
2018-02-23 18:18:54,0.00220800,2.50000000
2018-02-23 18:19:10,0.00220840,71.96000000
2018-02-23 18:19:10,0.00220860,6.25000000
2018-02-23 18:19:10,0.00221000,41.79000000
2018-02-23 18:19:25,0.00221000,6.98000000
2018-02-23 18:19:27,0.00220830,1.02000000
2018-02-23 18:19:35,0.00220900,0.64000000
2018-02-23 18:19:42,0.00221000,23.10000000
2018-02-23 18:20:57,0.00221290,3.34000000
2018-02-23 18:20:57,0.00221270,2.67000000
2018-02-23 18:20:58,0.00221210,4.50000000
2018-02-23 18:21:01,0.00221490,2.67000000
2018-02-23 18:21:01,0.00221500,5.00000000
2018-02-23 18:21:01,0.00221520,10.27000000
2018-02-23 18:21:02,0.00221220,4.97000000
2018-02-23 18:21:03,0.00221530,5.95000000
2018-02-23 18:21:04,0.00221520,1.17000000
2018-02-23 18:21:37,0.00221300,3.26000000
2018-02-23 18:21:37,0.00221510,1.95000000
2018-02-23 18:21:43,0.00221480,1.00000000
2018-02-23 18:21:55,0.00221480,2.80000000
2018-02-23 18:21:55,0.00221500,4.50000000
2018-02-23 18:21:55,0.00221510,22.26000000
2018-02-23 18:21:55,0.00221520,127.47000000
2018-02-23 18:22:15,0.00221500,4.79000000
2018-02-23 18:22:27,0.00221500,1.31000000
2018-02-23 18:22:28,0.00221500,10.73000000
2018-02-23 18:22:33,0.00221510,1.76000000
2018-02-23 18:22:36,0.00221510,35.65000000
2018-02-23 18:22:36,0.00221510,12.13000000
2018-02-23 18:22:37,0.00221520,34.38000000
2018-02-23 18:22:45,0.00221500,8.00000000
2018-02-23 18:23:01,0.00221500,2.27000000
2018-02-23 18:23:35,0.00221500,6.44000000
2018-02-23 18:23:36,0.00221490,0.99000000
2018-02-23 18:23:37,0.00221490,0.01000000
2018-02-23 18:23:37,0.00221500,0.98000000
2018-02-23 18:23:53,0.00221460,0.99000000
2018-02-23 18:24:19,0.00221210,1.00000000
2018-02-23 18:24:19,0.00221460,13.11000000
2018-02-23 18:24:38,0.00221460,1.00000000
2018-02-23 18:25:21,0.00221460,24.92000000
2018-02-23 18:25:40,0.00221460,226.28000000
2018-02-23 18:25:40,0.00221460,0.65000000
2018-02-23 18:26:00,0.00221460,118.99000000
2018-02-23 18:26:16,0.00221460,19.01000000
2018-02-23 18:26:17,0.00221490,0.29000000
2018-02-23 18:26:20,0.00221460,37.00000000
2018-02-23 18:26:21,0.00221460,393.21000000
2018-02-23 18:27:09,0.00221440,1.00000000
2018-02-23 18:27:29,0.00221420,11.50000000
2018-02-23 18:27:29,0.00221430,0.71000000
2018-02-23 18:27:29,0.00221440,33.64000000
2018-02-23 18:27:29,0.00221440,7.48000000
2018-02-23 18:27:29,0.00221440,1.23000000
2018-02-23 18:27:30,0.00221460,9.21000000
2018-02-23 18:27:50,0.00221460,16.14000000
2018-02-23 18:27:55,0.00221440,26.30000000
2018-02-23 18:27:55,0.00221220,78.72000000
2018-02-23 18:27:55,0.00221210,44.63000000
2018-02-23 18:27:55,0.00221160,13.56000000
2018-02-23 18:27:55,0.00220900,18.83000000
2018-02-23 18:27:55,0.00220820,3.52000000
2018-02-23 18:27:55,0.00220800,10.00000000
2018-02-23 18:27:55,0.00220750,8.83000000
2018-02-23 18:27:58,0.00221410,1.10000000
2018-02-23 18:28:16,0.00221410,8.79000000
2018-02-23 18:28:16,0.00221410,4.77000000
2018-02-23 18:28:16,0.00221420,3.52000000
2018-02-23 18:28:16,0.00221440,10.00000000
2018-02-23 18:28:16,0.00221460,27.81000000
2018-02-23 18:28:16,0.00221460,9.21000000
2018-02-23 18:28:31,0.00221160,1.52000000
2018-02-23 18:28:46,0.00221390,1.52000000
2018-02-23 18:28:46,0.00221450,18.90000000
2018-02-23 18:28:55,0.00221460,183.79000000
2018-02-23 18:28:55,0.00221520,111.71000000
2018-02-23 18:28:58,0.00221240,5.00000000
2018-02-23 18:28:59,0.00221240,2.04000000
2018-02-23 18:29:02,0.00221460,1.12000000
2018-02-23 18:29:26,0.00221460,0.08000000
2018-02-23 18:29:26,0.00221240,17.96000000
2018-02-23 18:29:26,0.00221160,13.56000000
2018-02-23 18:29:26,0.00221110,21.23000000
2018-02-23 18:29:26,0.00221020,1.00000000
2018-02-23 18:29:26,0.00221010,35.00000000
2018-02-23 18:29:26,0.00221000,25.92000000
2018-02-23 18:29:33,0.00221400,20.00000000
2018-02-23 18:29:34,0.00221400,2.22000000
2018-02-23 18:29:34,0.00221410,11.34000000
2018-02-23 18:29:37,0.00221390,5.00000000
2018-02-23 18:29:50,0.00221520,706.57000000
2018-02-23 18:29:51,0.00221530,11.00000000
2018-02-23 18:29:57,0.00221530,14.85000000
2018-02-23 18:30:00,0.00221530,10.50000000
2018-02-23 18:30:24,0.00221530,13.65000000
2018-02-23 18:30:24,0.00221540,2.22000000
2018-02-23 18:30:24,0.00221850,4.62000000
2018-02-23 18:30:24,0.00221990,1.00000000
2018-02-23 18:30:24,0.00222000,51.51000000
2018-02-23 18:30:29,0.00222000,0.09000000
2018-02-23 18:30:31,0.00221620,0.91000000
2018-02-23 18:30:33,0.00221620,13.53000000
2018-02-23 18:30:33,0.00221610,5.00000000
2018-02-23 18:30:33,0.00221600,22.15000000
2018-02-23 18:30:33,0.00221520,74.04000000
2018-02-23 18:30:33,0.00221460,1.30000000
2018-02-23 18:30:33,0.00221150,21.00000000
2018-02-23 18:30:33,0.00221010,3.51000000
2018-02-23 18:30:33,0.00221000,7.22000000
2018-02-23 18:30:51,0.00221320,0.29000000
2018-02-23 18:31:06,0.00221260,0.72000000
2018-02-23 18:31:06,0.00221610,0.99000000
2018-02-23 18:31:07,0.00221600,0.99000000
2018-02-23 18:31:08,0.00221140,0.72000000
2018-02-23 18:31:14,0.00221510,0.99000000
2018-02-23 18:31:17,0.00221470,0.48000000
2018-02-23 18:31:17,0.00221480,7.10000000
2018-02-23 18:31:17,0.00221460,9.52000000
2018-02-23 18:31:20,0.00221440,13.82000000
2018-02-23 18:31:25,0.00221420,4.00000000
2018-02-23 18:31:39,0.00221410,0.91000000
2018-02-23 18:31:44,0.00221410,8.08000000
2018-02-23 18:31:44,0.00221410,0.01000000
2018-02-23 18:31:45,0.00221420,0.01000000
2018-02-23 18:31:45,0.00221440,0.79000000
2018-02-23 18:31:45,0.00221550,6.43000000
2018-02-23 18:31:45,0.00221840,0.85000000
2018-02-23 18:32:02,0.00221950,10.28000000
2018-02-23 18:33:09,0.00221680,5.00000000
2018-02-23 18:33:09,0.00221650,7.13000000
2018-02-23 18:33:15,0.00221680,17.55000000
2018-02-23 18:33:16,0.00221950,3.50000000
2018-02-23 18:33:16,0.00221960,5.00000000
2018-02-23 18:33:16,0.00221990,7.13000000
2018-02-23 18:33:17,0.00222000,1.92000000
2018-02-23 18:33:18,0.00221990,17.55000000
2018-02-23 18:33:32,0.00221990,2.45000000
2018-02-23 18:33:32,0.00222000,87.22000000
2018-02-23 18:33:35,0.00221720,12.50000000
2018-02-23 18:34:01,0.00221990,0.11000000
2018-02-23 18:34:10,0.00221990,3.20000000
2018-02-23 18:34:10,0.00222000,7.50000000
2018-02-23 18:34:13,0.00222000,106.63000000
2018-02-23 18:34:22,0.00221990,2.28000000
2018-02-23 18:34:27,0.00222000,5.95000000
2018-02-23 18:34:28,0.00221990,13.51000000
2018-02-23 18:34:28,0.00222000,45.33000000
2018-02-23 18:34:28,0.00221990,13.51000000
2018-02-23 18:34:28,0.00221990,7.80000000
2018-02-23 18:34:28,0.00221990,13.51000000
2018-02-23 18:34:28,0.00222000,1.81000000
2018-02-23 18:34:54,0.00222000,5.00000000
2018-02-23 18:34:58,0.00222000,4.50000000
2018-02-23 18:35:12,0.00222000,15.26000000
2018-02-23 18:35:37,0.00222000,6.00000000
2018-02-23 18:35:41,0.00221990,9.08000000
2018-02-23 18:35:44,0.00221990,15.46000000
2018-02-23 18:35:54,0.00222000,0.60000000
2018-02-23 18:36:24,0.00222000,4.79000000
2018-02-23 18:36:37,0.00221990,1.50000000
2018-02-23 18:36:41,0.00222000,3.45000000
2018-02-23 18:36:43,0.00222000,8.50000000
2018-02-23 18:36:45,0.00222000,2.99000000
2018-02-23 18:36:51,0.00222000,64.78000000
2018-02-23 18:36:51,0.00222000,14.00000000
2018-02-23 18:36:51,0.00222000,13.46000000
2018-02-23 18:36:51,0.00222000,10.91000000
2018-02-23 18:36:51,0.00222000,25.73000000
2018-02-23 18:36:51,0.00222000,76.88000000
2018-02-23 18:36:51,0.00222000,14.00000000
2018-02-23 18:36:51,0.00221990,13.46000000
2018-02-23 18:36:52,0.00222000,33.17000000
2018-02-23 18:36:57,0.00222000,1.59000000
2018-02-23 18:36:57,0.00222000,3.22000000
2018-02-23 18:36:57,0.00221990,15.96000000
2018-02-23 18:37:00,0.00222000,41.81000000
2018-02-23 18:37:00,0.00222000,30.87000000
2018-02-23 18:37:13,0.00222000,6.58000000
2018-02-23 18:37:27,0.00222000,5.19000000
2018-02-23 18:37:28,0.00221990,21.00000000
2018-02-23 18:37:29,0.00222000,43.53000000
2018-02-23 18:37:32,0.00222000,0.63000000
2018-02-23 18:37:38,0.00222000,102.56000000
2018-02-23 18:37:41,0.00222000,20.01000000
2018-02-23 18:37:48,0.00222000,16.43000000
2018-02-23 18:37:48,0.00222040,3.02000000
2018-02-23 18:37:48,0.00222100,18.70000000
2018-02-23 18:37:48,0.00222200,11.85000000
2018-02-23 18:37:53,0.00222040,4.31000000
2018-02-23 18:37:58,0.00222040,21.42000000
2018-02-23 18:38:05,0.00222040,73.07000000
2018-02-23 18:38:09,0.00222040,11.68000000
2018-02-23 18:38:09,0.00222040,9.33000000
2018-02-23 18:38:14,0.00222030,2.35000000
2018-02-23 18:38:14,0.00222190,7.54000000
2018-02-23 18:38:14,0.00222200,4.65000000
2018-02-23 18:38:24,0.00222200,0.99000000
2018-02-23 18:38:32,0.00221870,4.98000000
2018-02-23 18:38:32,0.00221850,13.52000000
2018-02-23 18:38:42,0.00222110,0.99000000
2018-02-23 18:38:43,0.00222090,0.99000000
2018-02-23 18:38:46,0.00222060,0.99000000
2018-02-23 18:38:47,0.00222050,0.99000000
2018-02-23 18:38:55,0.00221490,2.28000000
2018-02-23 18:39:01,0.00221880,0.99000000
2018-02-23 18:39:27,0.00221540,1.29000000
2018-02-23 18:39:27,0.00221550,3.00000000
2018-02-23 18:39:27,0.00221570,4.76000000
2018-02-23 18:39:29,0.00221760,1.18000000
2018-02-23 18:39:29,0.00221770,10.35000000
2018-02-23 18:39:30,0.00222030,0.99000000
2018-02-23 18:39:32,0.00222030,14.08000000
2018-02-23 18:39:32,0.00222030,0.46000000
2018-02-23 18:39:32,0.00222030,4.01000000
2018-02-23 18:39:33,0.00222030,0.46000000
2018-02-23 18:39:33,0.00222040,1.19000000
2018-02-23 18:39:33,0.00222050,1.95000000
2018-02-23 18:39:35,0.00222200,0.99000000
2018-02-23 18:39:38,0.00222200,3.84000000
2018-02-23 18:39:39,0.00222200,6.43000000
2018-02-23 18:39:40,0.00222200,4.99000000
2018-02-23 18:39:46,0.00222250,0.47000000
2018-02-23 18:39:55,0.00222250,3.33000000
2018-02-23 18:39:55,0.00222410,0.67000000
2018-02-23 18:39:55,0.00222460,0.97000000
2018-02-23 18:39:55,0.00222480,2.01000000
2018-02-23 18:39:55,0.00222500,36.96000000
2018-02-23 18:39:55,0.00222590,16.03000000
2018-02-23 18:39:55,0.00222800,5.02000000
2018-02-23 18:40:00,0.00222800,20.00000000
2018-02-23 18:40:01,0.00222110,15.73000000
2018-02-23 18:40:10,0.00222790,10.21000000
2018-02-23 18:40:10,0.00222800,238.04000000
2018-02-23 18:40:25,0.00222840,15.73000000
2018-02-23 18:40:25,0.00222850,0.58000000
2018-02-23 18:40:25,0.00222950,5.61000000
2018-02-23 18:40:25,0.00222990,2.41000000
2018-02-23 18:40:25,0.00223000,3.64000000
2018-02-23 18:40:30,0.00222570,13.47000000
2018-02-23 18:40:31,0.00222570,4.96000000
2018-02-23 18:40:31,0.00222400,4.46000000
2018-02-23 18:40:31,0.00222200,10.66000000
2018-02-23 18:40:31,0.00222070,18.87000000
2018-02-23 18:40:31,0.00222000,2.40000000
2018-02-23 18:40:31,0.00221660,11.97000000
2018-02-23 18:40:34,0.00221780,0.48000000
2018-02-23 18:40:34,0.00222960,0.99000000
2018-02-23 18:40:35,0.00221800,2.96000000
2018-02-23 18:40:38,0.00221900,5.48000000
2018-02-23 18:40:39,0.00221900,1.37000000
2018-02-23 18:40:42,0.00221940,0.46000000
2018-02-23 18:41:07,0.00221880,20.00000000
2018-02-23 18:41:11,0.00222450,0.99000000
2018-02-23 18:41:23,0.00221900,4.11000000
2018-02-23 18:41:24,0.00222210,2.91000000
2018-02-23 18:41:25,0.00222210,0.99000000
2018-02-23 18:41:32,0.00222140,0.99000000
2018-02-23 18:41:33,0.00221900,0.52000000
2018-02-23 18:41:34,0.00222130,0.99000000
2018-02-23 18:41:34,0.00222130,0.99000000
2018-02-23 18:41:57,0.00221940,6.62000000
2018-02-23 18:41:57,0.00221900,0.37000000
2018-02-23 18:41:57,0.00221800,9.59000000
2018-02-23 18:42:00,0.00221900,0.99000000
2018-02-23 18:42:01,0.00221880,19.01000000
2018-02-23 18:42:01,0.00221890,0.63000000
2018-02-23 18:42:13,0.00221800,8.91000000
2018-02-23 18:42:41,0.00221630,1.48000000
2018-02-23 18:42:47,0.00221330,2.74000000
2018-02-23 18:42:50,0.00221570,3.52000000
2018-02-23 18:42:51,0.00221560,1.80000000
2018-02-23 18:42:56,0.00221520,0.99000000
2018-02-23 18:42:57,0.00221510,0.99000000
2018-02-23 18:43:02,0.00221500,0.99000000
2018-02-23 18:43:06,0.00221470,3.73000000
2018-02-23 18:43:07,0.00221460,1.18000000
2018-02-23 18:43:07,0.00221480,12.48000000
2018-02-23 18:43:07,0.00221490,6.85000000
2018-02-23 18:43:07,0.00221660,83.93000000
2018-02-23 18:43:08,0.00221660,164.25000000
2018-02-23 18:43:08,0.00221830,18.87000000
2018-02-23 18:43:08,0.00223000,8.04000000
2018-02-23 18:43:08,0.00223090,3.72000000
2018-02-23 18:43:11,0.00223050,15.42000000
2018-02-23 18:43:11,0.00223060,17.90000000
2018-02-23 18:43:17,0.00221760,8.27000000
2018-02-23 18:43:26,0.00222030,0.12000000
2018-02-23 18:43:32,0.00222950,4.00000000
2018-02-23 18:43:33,0.00222240,10.17000000
2018-02-23 18:43:42,0.00222480,2.91000000
2018-02-23 18:43:43,0.00222500,14.00000000
2018-02-23 18:43:45,0.00222940,18.89000000
2018-02-23 18:43:50,0.00222900,1.73000000
2018-02-23 18:43:51,0.00222580,5.00000000
2018-02-23 18:43:52,0.00222590,4.91000000
2018-02-23 18:43:56,0.00222210,4.50000000
2018-02-23 18:43:56,0.00222210,1.28000000
2018-02-23 18:43:57,0.00222240,1.45000000
2018-02-23 18:43:58,0.00222240,1.36000000
2018-02-23 18:43:58,0.00222240,0.55000000
2018-02-23 18:43:58,0.00222240,3.18000000
2018-02-23 18:44:10,0.00222560,3.28000000
2018-02-23 18:44:16,0.00222010,2.59000000
2018-02-23 18:44:16,0.00222010,1.14000000
2018-02-23 18:44:29,0.00222230,1.00000000
2018-02-23 18:44:30,0.00222200,1.00000000
2018-02-23 18:44:32,0.00222180,0.75000000
2018-02-23 18:44:33,0.00222140,1.35000000
2018-02-23 18:44:36,0.00222130,1.00000000
2018-02-23 18:44:36,0.00222120,1.08000000
2018-02-23 18:44:36,0.00222130,4.72000000
2018-02-23 18:44:39,0.00222080,0.99000000
2018-02-23 18:44:41,0.00221550,21.34000000
2018-02-23 18:44:44,0.00222000,0.99000000
2018-02-23 18:44:49,0.00221840,5.54000000
2018-02-23 18:44:49,0.00221840,6.93000000
2018-02-23 18:44:51,0.00221360,1.82000000
2018-02-23 18:44:52,0.00221830,13.51000000
2018-02-23 18:44:52,0.00221380,1.73000000
2018-02-23 18:44:53,0.00221810,5.00000000
2018-02-23 18:44:53,0.00221800,4.26000000
2018-02-23 18:44:53,0.00221800,0.01000000
2018-02-23 18:44:53,0.00221790,4.79000000
2018-02-23 18:44:54,0.00221800,6.54000000
2018-02-23 18:44:54,0.00221790,3.91000000
2018-02-23 18:45:00,0.00222890,7.06000000
2018-02-23 18:45:01,0.00221610,0.60000000
2018-02-23 18:45:14,0.00222830,0.99000000
2018-02-23 18:45:16,0.00222460,1.73000000
2018-02-23 18:45:18,0.00222820,0.60000000
2018-02-23 18:45:18,0.00222830,15.92000000
2018-02-23 18:45:18,0.00222830,3.74000000
2018-02-23 18:45:18,0.00222830,13.46000000
2018-02-23 18:45:18,0.00222830,14.54000000
2018-02-23 18:45:18,0.00222180,13.45000000
2018-02-23 18:45:19,0.00222810,5.81000000
2018-02-23 18:45:19,0.00222820,10.88000000
2018-02-23 18:45:20,0.00222820,0.99000000
2018-02-23 18:45:21,0.00222810,1.98000000
2018-02-23 18:45:21,0.00222820,1.61000000
2018-02-23 18:45:21,0.00222960,3.23000000
2018-02-23 18:45:27,0.00222950,0.81000000
2018-02-23 18:45:31,0.00222520,6.17000000
2018-02-23 18:45:34,0.00222540,4.82000000
2018-02-23 18:45:35,0.00222540,5.08000000
2018-02-23 18:46:02,0.00222540,5.15000000
2018-02-23 18:46:12,0.00221860,50.00000000
2018-02-23 18:46:12,0.00221860,1.73000000
2018-02-23 18:46:27,0.00222130,13.45000000
2018-02-23 18:46:27,0.00222140,23.55000000
2018-02-23 18:46:47,0.00221940,1.73000000
2018-02-23 18:46:47,0.00221940,3.27000000
2018-02-23 18:46:47,0.00221960,1.73000000
2018-02-23 18:46:56,0.00221960,5.95000000
2018-02-23 18:47:03,0.00221960,3.24000000
2018-02-23 18:47:04,0.00221960,1.67000000
2018-02-23 18:47:17,0.00221960,15.76000000
2018-02-23 18:47:23,0.00221650,1.06000000
2018-02-23 18:47:31,0.00221950,1.00000000
2018-02-23 18:47:36,0.00221960,7.78000000
2018-02-23 18:47:40,0.00221990,2.79000000
2018-02-23 18:47:41,0.00222520,0.45000000
2018-02-23 18:47:47,0.00222520,0.79000000
2018-02-23 18:47:47,0.00222540,8.43000000
2018-02-23 18:47:48,0.00222540,13.48000000
2018-02-23 18:47:48,0.00222540,8.45000000
2018-02-23 18:47:48,0.00222540,8.48000000
2018-02-23 18:47:48,0.00222540,38.82000000
2018-02-23 18:47:48,0.00222540,13.47000000
2018-02-23 18:47:48,0.00222540,38.82000000
2018-02-23 18:47:49,0.00222540,3.52000000
2018-02-23 18:47:49,0.00222540,0.01000000
2018-02-23 18:47:51,0.00222550,0.99000000
2018-02-23 18:48:11,0.00222150,5.00000000
2018-02-23 18:48:11,0.00222140,13.50000000
2018-02-23 18:48:11,0.00222130,21.24000000
2018-02-23 18:48:11,0.00221990,0.46000000
2018-02-23 18:48:11,0.00221950,1.58000000
2018-02-23 18:48:11,0.00221860,5.00000000
2018-02-23 18:48:11,0.00221780,18.87000000
2018-02-23 18:48:11,0.00221550,45.14000000
2018-02-23 18:48:11,0.00221450,1.33000000
2018-02-23 18:48:11,0.00221440,22.57000000
2018-02-23 18:48:11,0.00221010,22.18000000
2018-02-23 18:48:11,0.00221000,181.95000000
2018-02-23 18:48:11,0.00220860,26.27000000
2018-02-23 18:48:11,0.00220750,27.41000000
2018-02-23 18:48:11,0.00220750,5.00000000
2018-02-23 18:48:11,0.00221000,7.10000000
2018-02-23 18:48:11,0.00221000,29.70000000
2018-02-23 18:48:11,0.00220760,11.31000000
2018-02-23 18:48:11,0.00220750,13.89000000
2018-02-23 18:48:11,0.00221000,2.99000000
2018-02-23 18:48:11,0.00220750,10.34000000
2018-02-23 18:48:12,0.00221000,5.03000000
2018-02-23 18:48:12,0.00220980,5.00000000
2018-02-23 18:48:12,0.00221000,46.92000000
2018-02-23 18:48:12,0.00220750,3.00000000
2018-02-23 18:48:12,0.00220990,22.23000000
2018-02-23 18:48:12,0.00221000,11.37000000
2018-02-23 18:48:12,0.00221000,5.19000000
2018-02-23 18:48:12,0.00221000,6.35000000
2018-02-23 18:48:13,0.00221000,7.02000000
2018-02-23 18:48:13,0.00221000,33.50000000
2018-02-23 18:48:14,0.00221000,61.00000000
2018-02-23 18:48:14,0.00221000,13.62000000
2018-02-23 18:48:14,0.00221090,8.60000000
2018-02-23 18:48:15,0.00221090,2.00000000
2018-02-23 18:48:15,0.00221090,2.00000000
2018-02-23 18:48:16,0.00220760,2.00000000
2018-02-23 18:48:19,0.00221410,0.90000000
2018-02-23 18:48:19,0.00221420,8.41000000
2018-02-23 18:48:20,0.00221420,0.99000000
2018-02-23 18:48:20,0.00221420,9.31000000
2018-02-23 18:48:20,0.00221050,0.99000000
2018-02-23 18:48:22,0.00221050,0.40000000
2018-02-23 18:48:22,0.00221860,2.01000000
2018-02-23 18:48:22,0.00221890,8.75000000
2018-02-23 18:48:22,0.00222040,8.75000000
2018-02-23 18:48:22,0.00222080,1.33000000
2018-02-23 18:48:22,0.00222130,8.86000000
2018-02-23 18:48:28,0.00222130,1.69000000
2018-02-23 18:48:29,0.00221120,5.00000000
2018-02-23 18:48:29,0.00221100,13.56000000
2018-02-23 18:48:29,0.00221080,3.42000000
2018-02-23 18:48:33,0.00222080,0.99000000
2018-02-23 18:48:36,0.00221150,1.78000000
2018-02-23 18:48:36,0.00222020,6.39000000
2018-02-23 18:48:36,0.00222030,20.31000000
2018-02-23 18:48:36,0.00222040,14.67000000
2018-02-23 18:48:37,0.00221140,1.78000000
2018-02-23 18:48:37,0.00221140,14.06000000
2018-02-23 18:48:37,0.00221150,4.78000000
2018-02-23 18:48:39,0.00221150,15.66000000
2018-02-23 18:48:41,0.00221150,2.54000000
2018-02-23 18:48:41,0.00221150,13.56000000
2018-02-23 18:48:41,0.00221150,12.32000000
2018-02-23 18:48:42,0.00221140,13.56000000
2018-02-23 18:48:42,0.00221130,5.09000000
2018-02-23 18:48:46,0.00221130,0.46000000
2018-02-23 18:48:56,0.00221050,1.38000000
2018-02-23 18:48:56,0.00220980,0.64000000
2018-02-23 18:49:02,0.00221150,4.78000000
2018-02-23 18:49:02,0.00221150,6.04000000
2018-02-23 18:49:02,0.00221610,0.99000000
2018-02-23 18:49:05,0.00220990,0.49000000
2018-02-23 18:49:06,0.00220990,8.41000000
2018-02-23 18:49:22,0.00221150,1.00000000
2018-02-23 18:49:22,0.00221130,4.00000000
2018-02-23 18:49:25,0.00221350,5.00000000
2018-02-23 18:49:25,0.00221380,4.23000000
2018-02-23 18:49:31,0.00221150,4.00000000
2018-02-23 18:49:32,0.00221150,0.91000000
2018-02-23 18:49:36,0.00221360,3.38000000
2018-02-23 18:49:41,0.00221340,4.74000000
2018-02-23 18:49:48,0.00221340,3.16000000
2018-02-23 18:49:55,0.00221340,1.58000000
2018-02-23 18:50:03,0.00221150,0.09000000
2018-02-23 18:50:03,0.00221130,6.20000000
2018-02-23 18:50:04,0.00221100,1.03000000
2018-02-23 18:50:04,0.00221090,1.10000000
2018-02-23 18:50:10,0.00221000,2.13000000
2018-02-23 18:50:10,0.00220990,18.10000000
2018-02-23 18:50:13,0.00221000,23.09000000
2018-02-23 18:50:14,0.00220990,5.00000000
2018-02-23 18:50:14,0.00221000,20.10000000
2018-02-23 18:50:14,0.00221100,40.71000000
2018-02-23 18:50:19,0.00221010,5.00000000
2018-02-23 18:50:19,0.00220990,23.41000000
2018-02-23 18:50:34,0.00220990,1.92000000
2018-02-23 18:50:36,0.00221100,39.96000000
2018-02-23 18:50:36,0.00220990,4.52000000
2018-02-23 18:50:50,0.00221300,5.00000000
2018-02-23 18:50:50,0.00221320,13.56000000
2018-02-23 18:50:50,0.00221360,2.79000000
2018-02-23 18:50:50,0.00221370,13.51000000
2018-02-23 18:50:50,0.00221380,15.14000000
2018-02-23 18:50:54,0.00221020,1.05000000
2018-02-23 18:50:56,0.00221030,1.07000000
2018-02-23 18:50:56,0.00221040,0.90000000
2018-02-23 18:51:07,0.00221330,2.33000000
2018-02-23 18:51:18,0.00221370,1.05000000
2018-02-23 18:51:18,0.00221380,78.96000000
2018-02-23 18:51:19,0.00221330,4.44000000
2018-02-23 18:51:19,0.00221330,0.01000000
2018-02-23 18:51:31,0.00221040,4.09000000
2018-02-23 18:51:54,0.00221040,0.01000000
2018-02-23 18:51:54,0.00221030,18.72000000
2018-02-23 18:51:54,0.00221020,0.11000000
2018-02-23 18:51:55,0.00221020,11.45000000
2018-02-23 18:51:55,0.00221020,2.00000000
2018-02-23 18:51:56,0.00220990,22.13000000
2018-02-23 18:51:56,0.00220980,0.01000000
2018-02-23 18:51:56,0.00220980,8.32000000
2018-02-23 18:51:56,0.00220750,13.80000000
2018-02-23 18:51:57,0.00220750,7.62000000
2018-02-23 18:52:02,0.00221020,2.49000000
2018-02-23 18:52:05,0.00221020,2.51000000
2018-02-23 18:52:05,0.00221030,15.58000000
2018-02-23 18:52:05,0.00221030,2.03000000
2018-02-23 18:52:05,0.00221040,1.59000000
2018-02-23 18:52:20,0.00221000,2.26000000
2018-02-23 18:52:20,0.00221010,0.17000000
2018-02-23 18:52:21,0.00221010,2.26000000
2018-02-23 18:52:21,0.00221030,3.27000000
2018-02-23 18:52:25,0.00221020,4.91000000
2018-02-23 18:52:25,0.00221020,4.91000000
2018-02-23 18:52:26,0.00220810,4.09000000
2018-02-23 18:52:26,0.00220810,3.14000000
2018-02-23 18:52:26,0.00220800,1.77000000
2018-02-23 18:52:26,0.00221000,2.00000000
2018-02-23 18:52:29,0.00221030,1.17000000
2018-02-23 18:52:29,0.00221040,50.37000000
2018-02-23 18:52:34,0.00221010,2.21000000
2018-02-23 18:52:34,0.00221010,14.29000000
2018-02-23 18:52:34,0.00221010,1.82000000
2018-02-23 18:52:34,0.00221010,0.39000000
2018-02-23 18:52:34,0.00220850,1.82000000
2018-02-23 18:52:35,0.00220850,2.21000000
2018-02-23 18:52:35,0.00221010,13.57000000
2018-02-23 18:52:35,0.00221010,2.92000000
2018-02-23 18:52:36,0.00221020,4.95000000
2018-02-23 18:52:37,0.00221010,0.01000000
2018-02-23 18:52:41,0.00220980,4.95000000
2018-02-23 18:52:41,0.00220980,4.94000000
2018-02-23 18:52:41,0.00220980,0.01000000
2018-02-23 18:52:41,0.00220830,4.94000000
2018-02-23 18:52:44,0.00220970,11.30000000
2018-02-23 18:52:44,0.00220990,0.70000000
2018-02-23 18:52:49,0.00220990,16.90000000
2018-02-23 18:52:49,0.00220990,7.04000000
2018-02-23 18:52:49,0.00220990,9.84000000
2018-02-23 18:52:49,0.00220990,0.02000000
2018-02-23 18:52:51,0.00220980,5.60000000
2018-02-23 18:52:51,0.00220980,4.25000000
2018-02-23 18:52:52,0.00220980,4.80000000
2018-02-23 18:52:57,0.00221010,5.00000000
2018-02-23 18:52:57,0.00220990,0.05000000
2018-02-23 18:52:57,0.00220990,5.00000000
2018-02-23 18:53:00,0.00220980,5.00000000
2018-02-23 18:53:00,0.00221000,5.00000000
2018-02-23 18:53:01,0.00220770,14.00000000
2018-02-23 18:53:06,0.00220810,5.00000000
2018-02-23 18:53:11,0.00220830,4.19000000
2018-02-23 18:53:11,0.00220790,2.04000000
2018-02-23 18:53:12,0.00220840,1.05000000
2018-02-23 18:53:12,0.00220790,21.60000000
2018-02-23 18:53:14,0.00220800,3.20000000
2018-02-23 18:53:14,0.00221160,2.00000000
2018-02-23 18:53:16,0.00221150,3.16000000
2018-02-23 18:53:16,0.00221130,3.16000000
2018-02-23 18:53:17,0.00221130,1.84000000
2018-02-23 18:53:17,0.00221150,10.40000000
2018-02-23 18:53:17,0.00221160,6.13000000
2018-02-23 18:53:19,0.00220800,0.75000000
2018-02-23 18:53:20,0.00220800,12.83000000
2018-02-23 18:53:21,0.00220810,2.60000000
2018-02-23 18:53:21,0.00220810,0.01000000
2018-02-23 18:53:21,0.00221120,5.00000000
2018-02-23 18:53:30,0.00220800,0.01000000
2018-02-23 18:53:30,0.00220790,0.01000000
2018-02-23 18:53:30,0.00220750,11.32000000
2018-02-23 18:53:30,0.00220750,6.60000000
2018-02-23 18:53:42,0.00220920,5.05000000
2018-02-23 18:53:44,0.00220750,0.05000000
2018-02-23 18:53:45,0.00220910,5.05000000
2018-02-23 18:53:45,0.00220920,0.82000000
2018-02-23 18:53:45,0.00221000,1.22000000
2018-02-23 18:53:45,0.00221080,13.58000000
2018-02-23 18:53:45,0.00221110,2.59000000
2018-02-23 18:53:45,0.00221370,1.53000000
2018-02-23 18:53:45,0.00221380,24.83000000
2018-02-23 18:53:45,0.00221000,2.04000000
2018-02-23 18:53:45,0.00220750,2.03000000
2018-02-23 18:53:56,0.00220920,0.95000000
2018-02-23 18:54:02,0.00221370,0.95000000
2018-02-23 18:54:02,0.00221380,11.35000000
2018-02-23 18:54:12,0.00221040,2.74000000
2018-02-23 18:54:34,0.00221050,5.00000000
2018-02-23 18:54:34,0.00221030,10.43000000
2018-02-23 18:54:43,0.00221000,11.00000000
2018-02-23 18:55:26,0.00221000,2.74000000
2018-02-23 18:55:26,0.00221010,5.00000000
2018-02-23 18:55:26,0.00221030,13.57000000
2018-02-23 18:55:26,0.00221030,1.40000000
2018-02-23 18:55:26,0.00221030,4.46000000
2018-02-23 18:56:02,0.00221040,4.79000000
2018-02-23 18:56:27,0.00221040,2.75000000
2018-02-23 18:56:28,0.00221040,3.37000000
2018-02-23 18:56:28,0.00221040,0.57000000
2018-02-23 18:57:10,0.00221040,0.02000000
2018-02-23 18:57:11,0.00221270,0.58000000
2018-02-23 18:57:15,0.00221270,0.02000000
2018-02-23 18:57:15,0.00221010,3.13000000
2018-02-23 18:57:15,0.00221000,2.39000000
2018-02-23 18:57:15,0.00220750,17.86000000
2018-02-23 18:57:15,0.00220650,0.48000000
2018-02-23 18:57:33,0.00220830,18.37000000
2018-02-23 18:58:00,0.00221210,3.00000000
2018-02-23 18:58:02,0.00221190,1.00000000
2018-02-23 18:58:03,0.00221180,1.00000000
2018-02-23 18:58:14,0.00221120,1.00000000
2018-02-23 18:58:32,0.00221120,4.52000000
2018-02-23 18:58:37,0.00221120,1.00000000
2018-02-23 18:58:54,0.00221040,2.39000000
2018-02-23 18:59:22,0.00221040,2.61000000
2018-02-23 18:59:23,0.00221030,1.00000000
2018-02-23 18:59:24,0.00221030,1.00000000
