DATE,PRICE,VOLUME
2018-02-28 17:00:06,0.00178940,1.39000000
2018-02-28 17:00:09,0.00179320,26.97000000
2018-02-28 17:00:09,0.00179330,30.77000000
2018-02-28 17:00:09,0.00179570,9.52000000
2018-02-28 17:00:10,0.00178980,1.39000000
2018-02-28 17:00:15,0.00179090,3.23000000
2018-02-28 17:00:36,0.00179240,1.67000000
2018-02-28 17:00:36,0.00179230,5.57000000
2018-02-28 17:00:36,0.00179200,26.84000000
2018-02-28 17:00:36,0.00179170,1.03000000
2018-02-28 17:00:36,0.00179120,4.64000000
2018-02-28 17:00:37,0.00178970,6.01000000
2018-02-28 17:00:40,0.00178980,26.84000000
2018-02-28 17:00:40,0.00179000,253.04000000
2018-02-28 17:01:29,0.00179420,2.10000000
2018-02-28 17:01:29,0.00179430,1.67000000
2018-02-28 17:01:29,0.00179450,5.57000000
2018-02-28 17:01:29,0.00179530,351.68000000
2018-02-28 17:01:35,0.00179180,27.86000000
2018-02-28 17:01:35,0.00179170,5.58000000
2018-02-28 17:01:35,0.00179160,26.87000000
2018-02-28 17:01:35,0.00179150,219.00000000
2018-02-28 17:01:35,0.00179110,59.65000000
2018-02-28 17:01:35,0.00179100,2.70000000
2018-02-28 17:01:35,0.00179090,26.83000000
2018-02-28 17:01:41,0.00179000,5.00000000
2018-02-28 17:01:41,0.00178990,1.03000000
2018-02-28 17:01:41,0.00179000,21.83000000
2018-02-28 17:01:41,0.00179100,158.44000000
2018-02-28 17:01:44,0.00179530,1.23000000
2018-02-28 17:01:45,0.00179520,1.23000000
2018-02-28 17:02:03,0.00179160,27.70000000
2018-02-28 17:02:19,0.00179160,0.16000000
2018-02-28 17:02:24,0.00179150,27.86000000
2018-02-28 17:02:36,0.00179160,6.55000000
2018-02-28 17:02:38,0.00179160,2.42000000
2018-02-28 17:02:54,0.00179480,1.23000000
2018-02-28 17:02:54,0.00179490,3.77000000
2018-02-28 17:02:54,0.00179490,0.23000000
2018-02-28 17:02:54,0.00179530,4.35000000
2018-02-28 17:03:09,0.00179200,3.72000000
2018-02-28 17:03:33,0.00179210,0.56000000
2018-02-28 17:03:35,0.00179210,17.81000000
2018-02-28 17:03:52,0.00179430,9.60000000
2018-02-28 17:03:52,0.00179540,2.70000000
2018-02-28 17:03:52,0.00179550,0.57000000
2018-02-28 17:03:52,0.00179550,2.13000000
2018-02-28 17:03:52,0.00179590,0.53000000
2018-02-28 17:04:11,0.00179250,116.58000000
2018-02-28 17:04:14,0.00179250,316.82000000
2018-02-28 17:04:15,0.00179590,0.85000000
2018-02-28 17:04:15,0.00179860,9.31000000
2018-02-28 17:04:15,0.00179990,45.71000000
2018-02-28 17:04:15,0.00180000,33.47000000
2018-02-28 17:04:22,0.00179970,20.00000000
2018-02-28 17:04:22,0.00179980,5.65000000
2018-02-28 17:04:30,0.00179590,7.54000000
2018-02-28 17:04:35,0.00179940,3.73000000
2018-02-28 17:05:10,0.00179590,22.57000000
2018-02-28 17:05:21,0.00179940,2.34000000
2018-02-28 17:05:21,0.00179950,1.15000000
2018-02-28 17:05:24,0.00179980,2.34000000
2018-02-28 17:05:35,0.00180380,1.15000000
2018-02-28 17:05:35,0.00180390,0.07000000
2018-02-28 17:06:07,0.00180390,2.27000000
2018-02-28 17:06:07,0.00180390,5.54000000
2018-02-28 17:06:07,0.00180390,0.64000000
2018-02-28 17:06:07,0.00180390,1.11000000
2018-02-28 17:06:07,0.00180390,5.54000000
2018-02-28 17:06:07,0.00180390,2.31000000
2018-02-28 17:06:07,0.00180060,2.15000000
2018-02-28 17:06:20,0.00180390,1.11000000
2018-02-28 17:06:31,0.00180390,7.16000000
2018-02-28 17:06:41,0.00180400,5.54000000
2018-02-28 17:06:42,0.00180400,4.46000000
2018-02-28 17:06:42,0.00180570,9.72000000
2018-02-28 17:06:44,0.00180570,1.77000000
2018-02-28 17:06:49,0.00180570,0.82000000
2018-02-28 17:06:54,0.00180570,2.80000000
2018-02-28 17:06:54,0.00180390,4.79000000
2018-02-28 17:06:54,0.00180170,2.40000000
2018-02-28 17:06:57,0.00180200,2.83000000
2018-02-28 17:06:57,0.00180200,30.43000000
2018-02-28 17:06:58,0.00180210,1.40000000
2018-02-28 17:06:59,0.00180120,4.00000000
2018-02-28 17:07:00,0.00180200,1.97000000
2018-02-28 17:07:02,0.00180200,0.67000000
2018-02-28 17:07:07,0.00180510,1.22000000
2018-02-28 17:07:08,0.00180490,9.79000000
2018-02-28 17:07:08,0.00180490,1.22000000
2018-02-28 17:07:10,0.00180210,7.78000000
2018-02-28 17:07:12,0.00180200,0.57000000
2018-02-28 17:07:17,0.00180200,9.66000000
2018-02-28 17:07:29,0.00180450,2.45000000
2018-02-28 17:07:29,0.00180450,12.68000000
2018-02-28 17:07:33,0.00180450,27.20000000
2018-02-28 17:07:33,0.00180560,5.54000000
2018-02-28 17:07:37,0.00180680,2.86000000
2018-02-28 17:07:37,0.00180770,147.81000000
2018-02-28 17:07:41,0.00180560,1.71000000
2018-02-28 17:07:56,0.00180680,1.36000000
2018-02-28 17:07:58,0.00180770,29.72000000
2018-02-28 17:07:58,0.00180790,11.33000000
2018-02-28 17:08:03,0.00180790,0.56000000
2018-02-28 17:08:03,0.00180790,0.58000000
2018-02-28 17:08:27,0.00180890,2.14000000
2018-02-28 17:08:31,0.00180890,7.86000000
2018-02-28 17:08:40,0.00180900,9.97000000
2018-02-28 17:08:50,0.00180890,2.70000000
2018-02-28 17:09:03,0.00180900,4.94000000
2018-02-28 17:09:03,0.00181000,25.88000000
2018-02-28 17:09:03,0.00181020,2.32000000
2018-02-28 17:09:03,0.00181110,1.12000000
2018-02-28 17:09:03,0.00181160,35.74000000
2018-02-28 17:09:08,0.00181160,5.36000000
2018-02-28 17:09:17,0.00181160,130.02000000
2018-02-28 17:09:18,0.00180940,1.54000000
2018-02-28 17:09:20,0.00180940,4.03000000
2018-02-28 17:09:21,0.00181140,2.76000000
2018-02-28 17:09:21,0.00181160,3.92000000
2018-02-28 17:09:24,0.00181160,1.90000000
2018-02-28 17:09:24,0.00181160,2.79000000
2018-02-28 17:09:27,0.00181160,19.17000000
2018-02-28 17:09:38,0.00181180,3.91000000
2018-02-28 17:09:39,0.00181180,1.38000000
2018-02-28 17:09:45,0.00181180,0.72000000
2018-02-28 17:09:46,0.00181180,1.99000000
2018-02-28 17:09:46,0.00181160,13.33000000
2018-02-28 17:09:58,0.00181180,7.46000000
2018-02-28 17:09:59,0.00181180,0.54000000
2018-02-28 17:09:59,0.00181160,20.93000000
2018-02-28 17:09:59,0.00181160,1.11000000
2018-02-28 17:10:04,0.00181160,0.62000000
2018-02-28 17:10:05,0.00181200,5.10000000
2018-02-28 17:10:05,0.00181270,5.32000000
2018-02-28 17:10:05,0.00181270,1.88000000
2018-02-28 17:10:06,0.00181270,7.54000000
2018-02-28 17:10:13,0.00181280,2.29000000
2018-02-28 17:10:13,0.00181290,1.12000000
2018-02-28 17:10:13,0.00181580,1.12000000
2018-02-28 17:10:13,0.00181650,3.76000000
2018-02-28 17:10:13,0.00181290,1.34000000
2018-02-28 17:10:15,0.00181290,1.34000000
2018-02-28 17:10:16,0.00181290,1.34000000
2018-02-28 17:10:17,0.00181300,7.96000000
2018-02-28 17:10:24,0.00181630,7.42000000
2018-02-28 17:10:24,0.00181640,34.77000000
2018-02-28 17:10:24,0.00181650,60.08000000
2018-02-28 17:10:26,0.00181310,2.01000000
2018-02-28 17:10:33,0.00181310,1.72000000
2018-02-28 17:10:33,0.00181300,6.50000000
2018-02-28 17:10:46,0.00181330,3.10000000
2018-02-28 17:10:50,0.00181330,2.01000000
2018-02-28 17:10:51,0.00181330,0.89000000
2018-02-28 17:10:51,0.00181310,3.37000000
2018-02-28 17:11:08,0.00181310,0.55000000
2018-02-28 17:11:20,0.00181550,1.00000000
2018-02-28 17:11:21,0.00181310,19.82000000
2018-02-28 17:11:26,0.00181550,1.01000000
2018-02-28 17:11:28,0.00181560,1.05000000
2018-02-28 17:11:28,0.00181570,10.00000000
2018-02-28 17:11:30,0.00181590,0.56000000
2018-02-28 17:11:30,0.00181650,4.64000000
2018-02-28 17:11:30,0.00181670,37.04000000
2018-02-28 17:11:33,0.00181590,1.62000000
2018-02-28 17:11:34,0.00181670,9.30000000
2018-02-28 17:11:34,0.00181670,1.54000000
2018-02-28 17:11:34,0.00181670,0.91000000
2018-02-28 17:11:35,0.00181670,5.04000000
2018-02-28 17:11:35,0.00181670,0.69000000
2018-02-28 17:11:37,0.00181670,25.67000000
2018-02-28 17:11:38,0.00181670,0.01000000
2018-02-28 17:11:38,0.00181670,1.38000000
2018-02-28 17:11:38,0.00181680,62.84000000
2018-02-28 17:11:38,0.00181680,26.64000000
2018-02-28 17:11:38,0.00181680,0.01000000
2018-02-28 17:11:38,0.00181680,6.79000000
2018-02-28 17:11:38,0.00181680,3.00000000
2018-02-28 17:11:38,0.00181680,32.24000000
2018-02-28 17:11:41,0.00181680,2.79000000
2018-02-28 17:11:47,0.00181820,25.60000000
2018-02-28 17:11:52,0.00181820,21.98000000
2018-02-28 17:11:54,0.00181820,1.52000000
2018-02-28 17:11:58,0.00181860,1.77000000
2018-02-28 17:12:01,0.00181860,3.62000000
2018-02-28 17:12:01,0.00181870,2.44000000
2018-02-28 17:12:01,0.00181890,15.11000000
2018-02-28 17:12:01,0.00181890,1.49000000
2018-02-28 17:12:02,0.00181890,9.72000000
2018-02-28 17:12:02,0.00181890,1.20000000
2018-02-28 17:12:03,0.00181890,23.58000000
2018-02-28 17:12:03,0.00181820,5.89000000
2018-02-28 17:12:03,0.00181590,0.53000000
2018-02-28 17:12:05,0.00181640,0.67000000
2018-02-28 17:12:07,0.00181640,5.10000000
2018-02-28 17:12:18,0.00181610,2.00000000
2018-02-28 17:12:18,0.00181610,3.50000000
2018-02-28 17:12:18,0.00181600,11.78000000
2018-02-28 17:12:22,0.00181590,0.27000000
2018-02-28 17:12:25,0.00181610,2.61000000
2018-02-28 17:12:26,0.00181930,5.77000000
2018-02-28 17:12:26,0.00181940,5.48000000
2018-02-28 17:12:30,0.00181930,1.10000000
2018-02-28 17:12:30,0.00181630,0.88000000
2018-02-28 17:12:36,0.00181670,2.49000000
2018-02-28 17:12:41,0.00182000,0.50000000
2018-02-28 17:12:41,0.00182050,0.90000000
2018-02-28 17:12:41,0.00182060,9.60000000
2018-02-28 17:12:47,0.00181710,1.54000000
2018-02-28 17:12:49,0.00181700,4.00000000
2018-02-28 17:12:52,0.00181690,0.90000000
2018-02-28 17:12:52,0.00181680,4.45000000
2018-02-28 17:12:52,0.00181680,25.04000000
2018-02-28 17:12:52,0.00181670,244.78000000
2018-02-28 17:12:52,0.00181630,4.60000000
2018-02-28 17:12:52,0.00181610,2.03000000
2018-02-28 17:12:52,0.00181420,5.35000000
2018-02-28 17:12:54,0.00181430,1.34000000
2018-02-28 17:12:57,0.00181430,2.14000000
2018-02-28 17:12:57,0.00181680,2.80000000
2018-02-28 17:13:00,0.00181860,1.21000000
2018-02-28 17:13:01,0.00181700,1.98000000
2018-02-28 17:13:02,0.00181800,1.21000000
2018-02-28 17:13:02,0.00181700,1.40000000
2018-02-28 17:13:05,0.00181700,0.84000000
2018-02-28 17:13:08,0.00181710,5.30000000
2018-02-28 17:13:14,0.00181710,0.63000000
2018-02-28 17:13:28,0.00181710,5.63000000
2018-02-28 17:13:33,0.00181720,1.58000000
2018-02-28 17:13:33,0.00181720,25.00000000
2018-02-28 17:13:40,0.00181720,5.62000000
2018-02-28 17:13:41,0.00181920,1.01000000
2018-02-28 17:13:45,0.00181720,3.60000000
2018-02-28 17:13:50,0.00181920,35.94000000
2018-02-28 17:13:50,0.00181930,5.50000000
2018-02-28 17:13:50,0.00181960,1.85000000
2018-02-28 17:13:50,0.00182060,36.21000000
2018-02-28 17:14:05,0.00181910,4.64000000
2018-02-28 17:14:05,0.00182070,3.00000000
2018-02-28 17:14:13,0.00182070,5.73000000
2018-02-28 17:14:16,0.00182190,1.12000000
2018-02-28 17:14:16,0.00182210,12.23000000
2018-02-28 17:14:16,0.00182220,1.18000000
2018-02-28 17:14:16,0.00182070,18.32000000
2018-02-28 17:14:17,0.00182070,1.32000000
2018-02-28 17:14:17,0.00182070,3.30000000
2018-02-28 17:14:19,0.00182070,1.32000000
2018-02-28 17:14:19,0.00182070,2.49000000
2018-02-28 17:14:21,0.00182220,2.99000000
2018-02-28 17:14:21,0.00182440,29.71000000
2018-02-28 17:14:21,0.00182080,2.64000000
2018-02-28 17:14:22,0.00182450,4.99000000
2018-02-28 17:14:22,0.00182450,1.73000000
2018-02-28 17:14:22,0.00182450,33.82000000
2018-02-28 17:14:22,0.00182450,10.19000000
2018-02-28 17:14:22,0.00182090,5.47000000
2018-02-28 17:14:22,0.00182340,2.64000000
2018-02-28 17:14:22,0.00182350,24.76000000
2018-02-28 17:14:22,0.00182430,16.54000000
2018-02-28 17:14:22,0.00182430,2.70000000
2018-02-28 17:14:23,0.00182070,15.63000000
2018-02-28 17:14:29,0.00182070,0.55000000
2018-02-28 17:14:30,0.00182400,5.47000000
2018-02-28 17:14:30,0.00182410,2.65000000
2018-02-28 17:14:32,0.00182400,3.97000000
2018-02-28 17:14:34,0.00182400,1.84000000
2018-02-28 17:14:36,0.00182400,10.14000000
2018-02-28 17:14:36,0.00182090,26.21000000
2018-02-28 17:14:36,0.00182080,7.29000000
2018-02-28 17:14:37,0.00182580,7.82000000
2018-02-28 17:14:37,0.00182590,1.80000000
2018-02-28 17:14:37,0.00182690,7.71000000
2018-02-28 17:14:38,0.00182130,5.36000000
2018-02-28 17:14:38,0.00182130,1.34000000
2018-02-28 17:14:41,0.00182680,3.33000000
2018-02-28 17:14:41,0.00182170,20.73000000
2018-02-28 17:14:41,0.00182160,4.40000000
2018-02-28 17:14:46,0.00182590,4.72000000
2018-02-28 17:14:48,0.00182140,2.95000000
2018-02-28 17:14:52,0.00182130,3.33000000
2018-02-28 17:14:52,0.00182120,1.40000000
2018-02-28 17:14:59,0.00182130,5.36000000
2018-02-28 17:14:59,0.00182130,17.35000000
2018-02-28 17:14:59,0.00182140,0.52000000
2018-02-28 17:15:01,0.00182120,18.48000000
2018-02-28 17:15:02,0.00182120,1.57000000
2018-02-28 17:15:02,0.00182120,3.27000000
2018-02-28 17:15:03,0.00182120,1.22000000
2018-02-28 17:15:03,0.00182120,1.57000000
2018-02-28 17:15:04,0.00182120,2.37000000
2018-02-28 17:15:05,0.00182120,0.92000000
2018-02-28 17:15:06,0.00182140,15.14000000
2018-02-28 17:15:07,0.00182140,10.55000000
2018-02-28 17:15:07,0.00182160,83.45000000
2018-02-28 17:15:07,0.00182500,4.40000000
2018-02-28 17:15:07,0.00182580,75.60000000
2018-02-28 17:15:12,0.00182210,5.48000000
2018-02-28 17:15:23,0.00182210,29.03000000
2018-02-28 17:15:23,0.00182530,5.48000000
2018-02-28 17:15:23,0.00182540,15.58000000
2018-02-28 17:15:23,0.00182590,22.25000000
2018-02-28 17:15:25,0.00182570,1.40000000
2018-02-28 17:15:25,0.00182570,1.21000000
2018-02-28 17:15:27,0.00182570,12.97000000
2018-02-28 17:15:27,0.00182580,1.36000000
2018-02-28 17:15:39,0.00182170,19.48000000
2018-02-28 17:15:39,0.00182510,5.86000000
2018-02-28 17:15:42,0.00182210,5.00000000
2018-02-28 17:15:42,0.00182570,20.00000000
2018-02-28 17:15:43,0.00182220,8.00000000
2018-02-28 17:15:47,0.00182570,5.00000000
2018-02-28 17:15:51,0.00182230,8.77000000
2018-02-28 17:15:53,0.00182560,1.21000000
2018-02-28 17:15:53,0.00182220,52.14000000
2018-02-28 17:16:09,0.00182290,1.41000000
2018-02-28 17:16:09,0.00182290,8.75000000
2018-02-28 17:16:10,0.00182290,3.00000000
2018-02-28 17:16:11,0.00182290,31.73000000
2018-02-28 17:16:29,0.00182550,1.21000000
2018-02-28 17:16:29,0.00182570,31.76000000
2018-02-28 17:16:29,0.00182580,1.78000000
2018-02-28 17:16:29,0.00182290,3.72000000
2018-02-28 17:16:44,0.00182290,3.50000000
2018-02-28 17:16:48,0.00182290,85.41000000
2018-02-28 17:16:48,0.00182540,1.95000000
2018-02-28 17:16:57,0.00182290,85.41000000
2018-02-28 17:17:02,0.00182290,0.60000000
2018-02-28 17:17:07,0.00182320,1.76000000
2018-02-28 17:17:07,0.00182300,0.87000000
2018-02-28 17:17:08,0.00182300,1.53000000
2018-02-28 17:17:08,0.00182290,169.77000000
2018-02-28 17:17:08,0.00182250,79.57000000
2018-02-28 17:17:24,0.00182300,20.00000000
2018-02-28 17:17:32,0.00182300,23.76000000
2018-02-28 17:17:42,0.00182300,64.68000000
2018-02-28 17:17:46,0.00182290,2.20000000
2018-02-28 17:17:51,0.00182250,3.20000000
2018-02-28 17:17:53,0.00182250,6.00000000
2018-02-28 17:18:01,0.00182280,0.65000000
2018-02-28 17:18:01,0.00182290,1.09000000
2018-02-28 17:18:01,0.00182300,698.76000000
2018-02-28 17:18:10,0.00182300,2.36000000
2018-02-28 17:18:12,0.00182570,99.71000000
2018-02-28 17:18:12,0.00182580,122.05000000
2018-02-28 17:18:19,0.00182680,1.00000000
2018-02-28 17:18:20,0.00182680,82.21000000
2018-02-28 17:18:23,0.00182370,2.79000000
2018-02-28 17:18:24,0.00182560,1.21000000
2018-02-28 17:18:29,0.00182560,1.58000000
2018-02-28 17:18:29,0.00182560,20.17000000
2018-02-28 17:18:29,0.00182560,1.21000000
2018-02-28 17:18:29,0.00182570,20.29000000
2018-02-28 17:18:29,0.00182720,256.65000000
2018-02-28 17:18:31,0.00182560,21.07000000
2018-02-28 17:18:32,0.00182710,96.14000000
2018-02-28 17:18:32,0.00182730,15.86000000
2018-02-28 17:18:35,0.00182580,5.47000000
2018-02-28 17:18:43,0.00182580,0.72000000
2018-02-28 17:18:43,0.00182560,2.18000000
2018-02-28 17:18:49,0.00182560,3.27000000
2018-02-28 17:18:49,0.00182560,1.14000000
2018-02-28 17:18:50,0.00182560,15.76000000
2018-02-28 17:18:50,0.00182720,0.66000000
2018-02-28 17:18:58,0.00182570,2.50000000
2018-02-28 17:18:58,0.00182720,2.64000000
2018-02-28 17:18:58,0.00182730,2.73000000
2018-02-28 17:19:01,0.00182570,25.00000000
2018-02-28 17:19:02,0.00182570,23.53000000
2018-02-28 17:19:02,0.00182570,1.62000000
2018-02-28 17:19:07,0.00182570,148.00000000
2018-02-28 17:19:21,0.00182570,0.01000000
2018-02-28 17:19:21,0.00182560,0.02000000
2018-02-28 17:19:21,0.00182410,5.61000000
2018-02-28 17:19:23,0.00182370,17.28000000
2018-02-28 17:19:25,0.00182370,8.17000000
2018-02-28 17:19:28,0.00182370,16.96000000
2018-02-28 17:19:28,0.00182370,157.45000000
2018-02-28 17:19:29,0.00182370,1.20000000
2018-02-28 17:19:35,0.00182400,50.46000000
2018-02-28 17:19:40,0.00182560,2.52000000
2018-02-28 17:19:40,0.00182730,14.78000000
2018-02-28 17:19:46,0.00182380,2.60000000
2018-02-28 17:19:59,0.00182410,1.23000000
2018-02-28 17:20:18,0.00182400,2.27000000
2018-02-28 17:20:24,0.00182400,30.00000000
2018-02-28 17:20:29,0.00182400,19.94000000
2018-02-28 17:20:32,0.00182400,2.21000000
2018-02-28 17:20:36,0.00182400,25.00000000
2018-02-28 17:20:38,0.00182400,30.00000000
2018-02-28 17:20:39,0.00182400,0.56000000
2018-02-28 17:20:40,0.00182690,1.00000000
2018-02-28 17:21:00,0.00182400,125.60000000
2018-02-28 17:21:00,0.00182370,4.03000000
2018-02-28 17:21:10,0.00182680,1.00000000
2018-02-28 17:21:12,0.00182370,4.96000000
2018-02-28 17:21:22,0.00182670,1.74000000
2018-02-28 17:21:22,0.00182680,12.01000000
2018-02-28 17:21:22,0.00182690,52.14000000
2018-02-28 17:21:23,0.00182690,62.92000000
2018-02-28 17:21:29,0.00182690,308.00000000
2018-02-28 17:21:29,0.00182370,287.12000000
2018-02-28 17:21:29,0.00182360,5.48000000
2018-02-28 17:21:29,0.00182240,18.60000000
2018-02-28 17:21:29,0.00182140,83.66000000
2018-02-28 17:21:31,0.00182190,1.39000000
2018-02-28 17:21:33,0.00182230,3.40000000
2018-02-28 17:21:34,0.00182230,3.88000000
2018-02-28 17:21:35,0.00182230,5.32000000
2018-02-28 17:21:35,0.00182230,14.42000000
2018-02-28 17:21:36,0.00182230,0.42000000
2018-02-28 17:21:38,0.00182150,16.52000000
2018-02-28 17:21:40,0.00182150,0.94000000
2018-02-28 17:21:40,0.00182190,2.74000000
2018-02-28 17:21:40,0.00182150,40.16000000
2018-02-28 17:21:40,0.00182140,56.44000000
2018-02-28 17:21:40,0.00182070,12.55000000
2018-02-28 17:21:41,0.00182070,20.00000000
2018-02-28 17:21:43,0.00182070,5.61000000
2018-02-28 17:21:44,0.00182070,1.18000000
2018-02-28 17:21:46,0.00182070,2.78000000
2018-02-28 17:21:47,0.00182070,6.81000000
2018-02-28 17:21:49,0.00182090,1.38000000
2018-02-28 17:22:02,0.00182330,15.67000000
2018-02-28 17:22:02,0.00182110,1.06000000
2018-02-28 17:22:08,0.00182330,13.11000000
2018-02-28 17:22:21,0.00182080,20.84000000
2018-02-28 17:22:21,0.00182070,17.67000000
2018-02-28 17:22:31,0.00182110,2.63000000
2018-02-28 17:22:31,0.00182070,112.51000000
2018-02-28 17:22:31,0.00182330,0.05000000
2018-02-28 17:22:32,0.00182360,1.97000000
2018-02-28 17:22:35,0.00182330,1.05000000
2018-02-28 17:22:35,0.00182070,1.46000000
2018-02-28 17:22:40,0.00182360,0.02000000
2018-02-28 17:22:40,0.00182430,5.46000000
2018-02-28 17:22:57,0.00182340,26.20000000
2018-02-28 17:22:57,0.00182330,3.19000000
2018-02-28 17:23:24,0.00182120,22.94000000
2018-02-28 17:23:29,0.00182480,4.64000000
2018-02-28 17:23:41,0.00182100,3.00000000
2018-02-28 17:23:42,0.00182090,22.94000000
2018-02-28 17:23:42,0.00182100,3.87000000
2018-02-28 17:23:42,0.00182100,1.77000000
2018-02-28 17:23:42,0.00182100,6.36000000
2018-02-28 17:23:43,0.00182090,21.56000000
2018-02-28 17:23:56,0.00182120,27.43000000
2018-02-28 17:23:56,0.00182120,17.07000000
2018-02-28 17:23:56,0.00182120,18.59000000
2018-02-28 17:23:59,0.00182440,3.79000000
2018-02-28 17:24:35,0.00182400,23.64000000
2018-02-28 17:24:35,0.00182410,2.74000000
2018-02-28 17:24:35,0.00182440,13.33000000
2018-02-28 17:24:38,0.00182440,0.55000000
2018-02-28 17:24:47,0.00182440,1.56000000
2018-02-28 17:25:20,0.00182460,9.37000000
2018-02-28 17:25:27,0.00182330,3.73000000
2018-02-28 17:25:31,0.00182450,10.16000000
2018-02-28 17:25:31,0.00182460,120.11000000
2018-02-28 17:26:05,0.00182490,3.00000000
2018-02-28 17:26:05,0.00182500,67.19000000
2018-02-28 17:26:15,0.00182500,8.28000000
2018-02-28 17:26:17,0.00182660,45.31000000
2018-02-28 17:26:22,0.00182660,1.26000000
2018-02-28 17:26:22,0.00182730,0.23000000
2018-02-28 17:26:32,0.00182730,2.30000000
2018-02-28 17:26:43,0.00182730,28.83000000
2018-02-28 17:27:06,0.00182730,7.77000000
2018-02-28 17:27:06,0.00182760,2.56000000
2018-02-28 17:27:22,0.00182760,9.99000000
2018-02-28 17:27:22,0.00182800,11.05000000
2018-02-28 17:27:27,0.00182800,4.25000000
2018-02-28 17:27:30,0.00182730,1.87000000
2018-02-28 17:27:31,0.00182730,5.47000000
2018-02-28 17:27:31,0.00182730,5.47000000
2018-02-28 17:27:32,0.00182730,0.90000000
2018-02-28 17:27:34,0.00182730,0.90000000
2018-02-28 17:27:36,0.00182740,1.81000000
2018-02-28 17:27:36,0.00182740,0.93000000
2018-02-28 17:27:38,0.00182740,1.81000000
2018-02-28 17:27:38,0.00182740,25.28000000
2018-02-28 17:27:49,0.00182800,15.49000000
2018-02-28 17:27:49,0.00182800,12.51000000
2018-02-28 17:28:02,0.00182800,4.86000000
2018-02-28 17:28:02,0.00182850,3.72000000
2018-02-28 17:28:02,0.00182980,1.42000000
2018-02-28 17:28:20,0.00182810,2.70000000
2018-02-28 17:28:22,0.00182980,0.66000000
2018-02-28 17:28:22,0.00182980,1.69000000
2018-02-28 17:28:26,0.00182980,0.02000000
2018-02-28 17:28:30,0.00182980,2.87000000
2018-02-28 17:28:30,0.00182980,11.93000000
2018-02-28 17:28:34,0.00182980,58.80000000
2018-02-28 17:28:34,0.00183000,0.45000000
2018-02-28 17:28:39,0.00183000,45.35000000
2018-02-28 17:28:40,0.00183000,22.50000000
2018-02-28 17:28:53,0.00183000,18.74000000
2018-02-28 17:29:15,0.00183000,102.18000000
2018-02-28 17:29:15,0.00183150,1.80000000
2018-02-28 17:29:15,0.00183450,18.64000000
2018-02-28 17:29:15,0.00183450,4.91000000
2018-02-28 17:29:15,0.00183450,4.91000000
2018-02-28 17:29:16,0.00183450,200.00000000
2018-02-28 17:29:16,0.00183450,5.11000000
2018-02-28 17:29:16,0.00183450,5.48000000
2018-02-28 17:29:17,0.00183450,2.00000000
2018-02-28 17:29:18,0.00183450,30.00000000
2018-02-28 17:29:21,0.00183450,1.00000000
2018-02-28 17:29:25,0.00183450,36.70000000
2018-02-28 17:29:25,0.00183450,30.00000000
2018-02-28 17:29:26,0.00183450,18.76000000
2018-02-28 17:29:29,0.00183450,0.90000000
2018-02-28 17:29:30,0.00183450,56.25000000
2018-02-28 17:29:34,0.00183450,7.95000000
2018-02-28 17:29:35,0.00183460,22.63000000
2018-02-28 17:29:35,0.00183470,93.44000000
2018-02-28 17:29:35,0.00183470,9.97000000
2018-02-28 17:29:36,0.00183470,5.66000000
2018-02-28 17:29:36,0.00183470,24.00000000
2018-02-28 17:29:39,0.00183470,30.00000000
2018-02-28 17:29:41,0.00183470,1.64000000
2018-02-28 17:29:41,0.00183470,1.64000000
2018-02-28 17:29:43,0.00183470,30.00000000
2018-02-28 17:29:44,0.00183470,20.00000000
2018-02-28 17:29:45,0.00183490,1.41000000
2018-02-28 17:29:45,0.00183500,15.05000000
2018-02-28 17:29:46,0.00183470,0.12000000
2018-02-28 17:29:46,0.00183450,2.23000000
2018-02-28 17:29:51,0.00183450,11.19000000
2018-02-28 17:29:54,0.00183450,87.35000000
2018-02-28 17:29:55,0.00183460,2.55000000
2018-02-28 17:29:57,0.00183450,8.24000000
2018-02-28 17:30:01,0.00183450,1.26000000
2018-02-28 17:30:02,0.00183460,53.86000000
2018-02-28 17:30:03,0.00183460,2.73000000
2018-02-28 17:30:03,0.00183460,3.25000000
2018-02-28 17:30:05,0.00183460,4.44000000
2018-02-28 17:30:07,0.00183460,44.73000000
2018-02-28 17:30:07,0.00183450,81.46000000
2018-02-28 17:30:13,0.00183450,36.26000000
2018-02-28 17:30:13,0.00183450,37.22000000
2018-02-28 17:30:17,0.00183450,30.00000000
2018-02-28 17:30:19,0.00183450,3.00000000
2018-02-28 17:30:35,0.00183450,11.64000000
2018-02-28 17:30:36,0.00183450,15.71000000
2018-02-28 17:30:36,0.00183450,352.93000000
2018-02-28 17:30:36,0.00183440,7.31000000
2018-02-28 17:30:36,0.00183440,73.96000000
2018-02-28 17:30:36,0.00183440,51.92000000
2018-02-28 17:30:38,0.00183030,27.29000000
2018-02-28 17:30:38,0.00183020,5.46000000
2018-02-28 17:30:40,0.00183000,5.40000000
2018-02-28 17:30:40,0.00183000,13.29000000
2018-02-28 17:30:44,0.00182810,5.84000000
2018-02-28 17:30:44,0.00182810,3.45000000
2018-02-28 17:30:45,0.00182990,9.90000000
2018-02-28 17:30:45,0.00182990,8.41000000
2018-02-28 17:30:46,0.00182730,1.00000000
2018-02-28 17:30:49,0.00182380,1.33000000
2018-02-28 17:30:49,0.00182370,1.02000000
2018-02-28 17:30:50,0.00182950,5.78000000
2018-02-28 17:30:50,0.00182390,6.07000000
2018-02-28 17:30:50,0.00182370,2.57000000
2018-02-28 17:30:50,0.00182950,3.20000000
2018-02-28 17:30:50,0.00182960,5.45000000
2018-02-28 17:30:51,0.00182380,0.67000000
2018-02-28 17:30:52,0.00182950,7.25000000
2018-02-28 17:30:52,0.00182400,2.56000000
2018-02-28 17:30:53,0.00182440,5.00000000
2018-02-28 17:30:53,0.00182440,0.73000000
2018-02-28 17:30:54,0.00182460,4.72000000
2018-02-28 17:30:57,0.00182540,4.38000000
2018-02-28 17:30:58,0.00182540,1.95000000
2018-02-28 17:30:59,0.00182560,5.67000000
2018-02-28 17:30:59,0.00182560,1.12000000
2018-02-28 17:31:00,0.00182560,5.64000000
2018-02-28 17:31:00,0.00182560,5.64000000
2018-02-28 17:31:00,0.00182560,5.61000000
2018-02-28 17:31:01,0.00182560,2.14000000
2018-02-28 17:31:01,0.00182340,3.49000000
2018-02-28 17:31:02,0.00182350,5.61000000
2018-02-28 17:31:02,0.00182500,232.88000000
2018-02-28 17:31:02,0.00182500,5.46000000
2018-02-28 17:31:02,0.00182500,70.00000000
2018-02-28 17:31:03,0.00182500,1.10000000
2018-02-28 17:31:03,0.00182490,0.68000000
2018-02-28 17:31:03,0.00182490,3.45000000
2018-02-28 17:31:03,0.00182490,8.50000000
2018-02-28 17:31:03,0.00182340,5.61000000
2018-02-28 17:31:04,0.00182490,11.25000000
2018-02-28 17:31:05,0.00182490,7.25000000
2018-02-28 17:31:06,0.00182490,2.00000000
2018-02-28 17:31:13,0.00182490,4.00000000
2018-02-28 17:31:14,0.00182350,2.74000000
2018-02-28 17:31:14,0.00182340,1.19000000
2018-02-28 17:31:14,0.00182330,1.71000000
2018-02-28 17:31:14,0.00182330,5.59000000
2018-02-28 17:31:14,0.00182340,1.10000000
2018-02-28 17:31:15,0.00182340,1.00000000
2018-02-28 17:31:16,0.00182340,1.13000000
2018-02-28 17:31:17,0.00182330,1.40000000
2018-02-28 17:31:19,0.00182330,4.33000000
2018-02-28 17:31:20,0.00182330,22.36000000
2018-02-28 17:31:21,0.00182330,8.86000000
2018-02-28 17:31:21,0.00182350,1.45000000
2018-02-28 17:31:21,0.00182350,1.47000000
2018-02-28 17:31:26,0.00182330,1.11000000
2018-02-28 17:31:40,0.00182270,1.38000000
2018-02-28 17:31:41,0.00182270,1.36000000
2018-02-28 17:31:41,0.00182350,0.01000000
2018-02-28 17:31:43,0.00182110,0.96000000
2018-02-28 17:31:43,0.00182090,2.74000000
2018-02-28 17:31:43,0.00182080,1.92000000
2018-02-28 17:31:43,0.00182080,46.49000000
2018-02-28 17:31:43,0.00182070,5.00000000
2018-02-28 17:31:44,0.00182070,5.65000000
2018-02-28 17:31:44,0.00182070,5.59000000
2018-02-28 17:31:45,0.00182070,5.67000000
2018-02-28 17:31:45,0.00182070,4.34000000
2018-02-28 17:31:45,0.00181920,1.31000000
2018-02-28 17:31:46,0.00181910,0.56000000
2018-02-28 17:31:46,0.00181860,1.00000000
2018-02-28 17:31:46,0.00181710,1.20000000
2018-02-28 17:31:46,0.00181450,2.90000000
2018-02-28 17:31:46,0.00182000,7.73000000
2018-02-28 17:31:46,0.00181990,5.46000000
2018-02-28 17:31:46,0.00182000,22.91000000
2018-02-28 17:31:46,0.00182070,1.87000000
2018-02-28 17:31:46,0.00182070,5.59000000
2018-02-28 17:31:47,0.00182070,5.62000000
2018-02-28 17:31:48,0.00182070,5.62000000
2018-02-28 17:31:50,0.00182070,1.34000000
2018-02-28 17:31:50,0.00182000,4.29000000
2018-02-28 17:31:51,0.00182010,5.67000000
2018-02-28 17:31:51,0.00182000,5.64000000
2018-02-28 17:31:52,0.00182000,5.66000000
2018-02-28 17:31:52,0.00182000,5.63000000
2018-02-28 17:31:53,0.00182000,5.64000000
2018-02-28 17:31:54,0.00182000,4.99000000
2018-02-28 17:31:54,0.00181980,0.66000000
2018-02-28 17:31:55,0.00181990,5.64000000
2018-02-28 17:31:55,0.00181990,5.63000000
2018-02-28 17:31:56,0.00181990,5.63000000
2018-02-28 17:31:58,0.00181990,8.98000000
2018-02-28 17:32:06,0.00181990,1.56000000
2018-02-28 17:32:06,0.00181980,4.83000000
2018-02-28 17:32:06,0.00181650,10.07000000
2018-02-28 17:32:13,0.00182250,16.44000000
2018-02-28 17:32:13,0.00182250,0.90000000
2018-02-28 17:32:14,0.00182250,0.90000000
2018-02-28 17:32:15,0.00182230,9.22000000
2018-02-28 17:32:15,0.00182240,0.90000000
2018-02-28 17:32:18,0.00182230,5.66000000
2018-02-28 17:32:19,0.00181830,9.63000000
2018-02-28 17:32:20,0.00182220,2.68000000
2018-02-28 17:32:21,0.00182220,7.50000000
2018-02-28 17:32:31,0.00182220,0.02000000
2018-02-28 17:32:35,0.00182230,0.01000000
2018-02-28 17:32:35,0.00182290,5.47000000
2018-02-28 17:32:37,0.00182230,146.21000000
2018-02-28 17:32:37,0.00182220,4.16000000
2018-02-28 17:32:40,0.00182220,0.55000000
2018-02-28 17:32:48,0.00182230,10.21000000
2018-02-28 17:32:58,0.00182230,43.90000000
2018-02-28 17:33:09,0.00182230,9.62000000
2018-02-28 17:33:16,0.00182230,0.06000000
2018-02-28 17:33:35,0.00182200,151.32000000
2018-02-28 17:33:37,0.00182220,3.85000000
2018-02-28 17:33:38,0.00182230,0.90000000
2018-02-28 17:33:38,0.00182230,1.92000000
2018-02-28 17:33:45,0.00182230,1.10000000
2018-02-28 17:34:23,0.00182150,0.55000000
2018-02-28 17:34:26,0.00182150,0.73000000
2018-02-28 17:34:38,0.00182190,1.10000000
2018-02-28 17:34:43,0.00182180,1.77000000
2018-02-28 17:34:49,0.00182130,0.55000000
2018-02-28 17:34:55,0.00182130,1.19000000
2018-02-28 17:34:59,0.00182120,0.90000000
2018-02-28 17:34:59,0.00182120,1.70000000
2018-02-28 17:35:10,0.00182100,2.35000000
2018-02-28 17:35:18,0.00182100,5.36000000
2018-02-28 17:35:29,0.00182100,5.60000000
2018-02-28 17:35:56,0.00182100,10.39000000
2018-02-28 17:36:02,0.00182100,109.01000000
2018-02-28 17:36:18,0.00182110,28.83000000
2018-02-28 17:36:31,0.00182110,2.53000000
2018-02-28 17:36:41,0.00182110,13.10000000
2018-02-28 17:36:41,0.00182100,33.09000000
2018-02-28 17:36:42,0.00182110,1.20000000
2018-02-28 17:36:45,0.00182110,4.93000000
2018-02-28 17:37:00,0.00182110,1.00000000
2018-02-28 17:37:01,0.00182110,0.68000000
2018-02-28 17:37:04,0.00182110,6.00000000
2018-02-28 17:37:26,0.00182130,0.02000000
2018-02-28 17:37:26,0.00182230,9.14000000
2018-02-28 17:37:45,0.00182230,23.15000000
2018-02-28 17:37:49,0.00182100,31.36000000
2018-02-28 17:37:54,0.00182230,3.05000000
2018-02-28 17:38:12,0.00182230,1.33000000
2018-02-28 17:38:33,0.00182230,34.46000000
2018-02-28 17:38:51,0.00182110,10.01000000
2018-02-28 17:38:51,0.00182100,72.12000000
2018-02-28 17:39:00,0.00182230,0.01000000
2018-02-28 17:39:30,0.00182230,0.75000000
2018-02-28 17:39:39,0.00182230,0.34000000
2018-02-28 17:39:39,0.00182100,16.46000000
2018-02-28 17:39:46,0.00182100,16.80000000
2018-02-28 17:39:53,0.00182100,1.31000000
2018-02-28 17:39:56,0.00182100,200.00000000
2018-02-28 17:39:56,0.00182100,87.97000000
2018-02-28 17:39:57,0.00182050,0.55000000
2018-02-28 17:39:57,0.00182000,0.55000000
2018-02-28 17:39:57,0.00181930,5.49000000
2018-02-28 17:39:59,0.00182090,4.07000000
2018-02-28 17:40:00,0.00181780,0.93000000
2018-02-28 17:40:00,0.00181780,2.04000000
2018-02-28 17:40:00,0.00181780,2.56000000
2018-02-28 17:40:01,0.00181780,1.10000000
2018-02-28 17:40:01,0.00181780,2.24000000
2018-02-28 17:40:01,0.00181780,2.24000000
2018-02-28 17:40:01,0.00181780,2.24000000
2018-02-28 17:40:04,0.00181780,5.21000000
2018-02-28 17:40:17,0.00181780,1.04000000
2018-02-28 17:40:25,0.00181630,3.00000000
2018-02-28 17:40:25,0.00181360,13.98000000
2018-02-28 17:40:25,0.00181360,12.31000000
2018-02-28 17:40:25,0.00181350,11.02000000
2018-02-28 17:40:25,0.00181350,6.16000000
2018-02-28 17:40:25,0.00181350,6.16000000
2018-02-28 17:40:25,0.00181350,1.52000000
2018-02-28 17:40:25,0.00181350,5.50000000
2018-02-28 17:40:25,0.00181200,5.50000000
2018-02-28 17:40:26,0.00181340,26.29000000
2018-02-28 17:40:26,0.00181350,0.97000000
2018-02-28 17:40:27,0.00181350,13.39000000
2018-02-28 17:40:27,0.00181350,12.90000000
2018-02-28 17:40:27,0.00181780,2.47000000
2018-02-28 17:40:28,0.00181230,27.58000000
2018-02-28 17:40:28,0.00181220,32.33000000
2018-02-28 17:40:28,0.00181200,3.77000000
2018-02-28 17:40:28,0.00180940,11.78000000
2018-02-28 17:40:28,0.00180380,94.86000000
2018-02-28 17:40:28,0.00180370,15.93000000
2018-02-28 17:40:28,0.00180300,10.00000000
2018-02-28 17:40:28,0.00180260,4.88000000
2018-02-28 17:40:28,0.00180180,18.70000000
2018-02-28 17:40:31,0.00181320,11.36000000
2018-02-28 17:40:31,0.00181250,2.67000000
2018-02-28 17:40:31,0.00181240,26.29000000
2018-02-28 17:40:33,0.00181200,2.90000000
2018-02-28 17:40:33,0.00180290,8.15000000
2018-02-28 17:40:33,0.00180280,2.69000000
2018-02-28 17:40:33,0.00180270,2.12000000
2018-02-28 17:40:33,0.00180210,0.69000000
2018-02-28 17:40:33,0.00180180,45.45000000
2018-02-28 17:40:33,0.00181280,2.06000000
2018-02-28 17:40:34,0.00180290,1.38000000
2018-02-28 17:40:34,0.00180270,0.47000000
2018-02-28 17:40:38,0.00180630,5.02000000
2018-02-28 17:40:39,0.00180630,10.99000000
2018-02-28 17:40:40,0.00180890,5.32000000
2018-02-28 17:40:42,0.00180850,4.00000000
2018-02-28 17:40:42,0.00180850,1.68000000
2018-02-28 17:40:43,0.00180830,0.66000000
2018-02-28 17:40:44,0.00180370,3.85000000
2018-02-28 17:40:44,0.00180270,2.28000000
2018-02-28 17:40:44,0.00180180,37.73000000
2018-02-28 17:40:52,0.00180670,1.21000000
2018-02-28 17:40:53,0.00180650,1.03000000
2018-02-28 17:40:54,0.00180640,13.75000000
2018-02-28 17:40:54,0.00180640,1.25000000
2018-02-28 17:40:54,0.00180640,1.07000000
2018-02-28 17:40:58,0.00180580,4.59000000
2018-02-28 17:41:06,0.00180490,2.00000000
2018-02-28 17:41:09,0.00180480,2.18000000
2018-02-28 17:41:11,0.00180460,4.30000000
2018-02-28 17:41:11,0.00180460,1.03000000
2018-02-28 17:41:17,0.00180410,1.13000000
2018-02-28 17:41:17,0.00180410,2.00000000
2018-02-28 17:41:17,0.00180400,5.09000000
2018-02-28 17:41:21,0.00180390,1.17000000
2018-02-28 17:41:25,0.00180370,2.42000000
2018-02-28 17:41:28,0.00180360,3.91000000
2018-02-28 17:41:29,0.00180360,2.86000000
2018-02-28 17:41:30,0.00180360,21.92000000
2018-02-28 17:41:38,0.00180320,9.43000000
2018-02-28 17:41:41,0.00180320,18.45000000
2018-02-28 17:41:45,0.00180030,12.67000000
2018-02-28 17:41:47,0.00180030,241.33000000
2018-02-28 17:41:47,0.00180030,9.11000000
2018-02-28 17:41:48,0.00180030,2.87000000
2018-02-28 17:41:48,0.00180030,3.10000000
2018-02-28 17:41:48,0.00180030,2.86000000
2018-02-28 17:41:48,0.00180020,4.70000000
2018-02-28 17:41:48,0.00180020,22.89000000
2018-02-28 17:41:48,0.00180320,2.00000000
2018-02-28 17:41:59,0.00180300,15.55000000
2018-02-28 17:41:59,0.00180310,80.40000000
2018-02-28 17:41:59,0.00180320,269.36000000
2018-02-28 17:41:59,0.00180490,14.59000000
2018-02-28 17:41:59,0.00180500,2.75000000
2018-02-28 17:41:59,0.00180500,4.58000000
2018-02-28 17:42:03,0.00180510,1.15000000
2018-02-28 17:42:03,0.00180510,5.86000000
2018-02-28 17:42:04,0.00180500,18.39000000
2018-02-28 17:42:04,0.00180510,27.14000000
2018-02-28 17:42:04,0.00180530,4.50000000
2018-02-28 17:42:05,0.00180540,26.55000000
2018-02-28 17:42:05,0.00180540,1.28000000
2018-02-28 17:42:05,0.00180550,5.90000000
2018-02-28 17:42:09,0.00180500,31.90000000
2018-02-28 17:42:10,0.00180500,26.55000000
2018-02-28 17:42:13,0.00180510,7.78000000
2018-02-28 17:42:17,0.00180500,1.99000000
2018-02-28 17:42:20,0.00180510,0.02000000
2018-02-28 17:42:25,0.00181020,0.69000000
2018-02-28 17:42:30,0.00180700,5.51000000
2018-02-28 17:42:32,0.00181150,33.36000000
2018-02-28 17:42:32,0.00181200,2.38000000
2018-02-28 17:42:32,0.00181300,6.04000000
2018-02-28 17:42:32,0.00181310,2.75000000
2018-02-28 17:42:32,0.00181330,12.67000000
2018-02-28 17:42:35,0.00181330,18.69000000
2018-02-28 17:42:35,0.00181530,2.12000000
2018-02-28 17:42:35,0.00181780,5.05000000
2018-02-28 17:42:35,0.00182270,14.80000000
2018-02-28 17:42:40,0.00180910,14.00000000
2018-02-28 17:42:43,0.00180970,20.85000000
2018-02-28 17:42:43,0.00180980,8.16000000
2018-02-28 17:42:45,0.00181000,6.12000000
2018-02-28 17:42:45,0.00181000,6.45000000
2018-02-28 17:42:46,0.00181010,13.48000000
2018-02-28 17:42:46,0.00181020,2.52000000
2018-02-28 17:42:46,0.00181040,15.40000000
2018-02-28 17:42:52,0.00181110,0.50000000
2018-02-28 17:42:54,0.00181120,5.52000000
2018-02-28 17:42:54,0.00181080,1.22000000
2018-02-28 17:42:54,0.00181050,38.92000000
2018-02-28 17:42:54,0.00181040,8.96000000
2018-02-28 17:42:54,0.00181040,0.50000000
2018-02-28 17:42:58,0.00181430,10.39000000
2018-02-28 17:43:03,0.00181310,15.09000000
2018-02-28 17:43:03,0.00181330,1.22000000
2018-02-28 17:43:03,0.00181340,0.15000000
2018-02-28 17:43:07,0.00181050,5.00000000
2018-02-28 17:43:07,0.00181220,27.60000000
2018-02-28 17:43:12,0.00181050,8.16000000
2018-02-28 17:43:27,0.00181210,9.41000000
2018-02-28 17:43:28,0.00181210,1.82000000
2018-02-28 17:43:32,0.00181210,2.79000000
2018-02-28 17:43:34,0.00181210,12.27000000
2018-02-28 17:43:34,0.00181460,5.52000000
2018-02-28 17:43:34,0.00181790,12.27000000
2018-02-28 17:43:34,0.00181790,44.45000000
2018-02-28 17:43:34,0.00181800,3.00000000
2018-02-28 17:43:43,0.00181430,2.70000000
2018-02-28 17:43:55,0.00181770,1.00000000
2018-02-28 17:44:04,0.00181750,1.21000000
2018-02-28 17:44:10,0.00181750,1.21000000
2018-02-28 17:44:42,0.00181660,1.10000000
2018-02-28 17:44:43,0.00181500,2.70000000
2018-02-28 17:44:43,0.00181400,1.70000000
2018-02-28 17:44:44,0.00181650,2.41000000
2018-02-28 17:44:47,0.00181650,0.01000000
2018-02-28 17:44:47,0.00181740,1.20000000
2018-02-28 17:44:51,0.00181640,23.82000000
2018-02-28 17:44:56,0.00181270,5.10000000
2018-02-28 17:44:56,0.00181210,12.00000000
2018-02-28 17:44:56,0.00181050,1.60000000
2018-02-28 17:44:56,0.00181010,5.03000000
2018-02-28 17:44:58,0.00181040,16.69000000
2018-02-28 17:45:01,0.00181580,1.21000000
2018-02-28 17:45:08,0.00181510,1.21000000
2018-02-28 17:45:08,0.00181510,1.21000000
2018-02-28 17:45:09,0.00181510,4.20000000
2018-02-28 17:45:11,0.00181190,2.73000000
2018-02-28 17:45:11,0.00181120,4.28000000
2018-02-28 17:45:22,0.00180990,3.00000000
2018-02-28 17:45:22,0.00180900,19.66000000
2018-02-28 17:45:22,0.00180770,1.22000000
2018-02-28 17:45:24,0.00180830,2.92000000
2018-02-28 17:45:24,0.00180780,2.19000000
2018-02-28 17:45:37,0.00181130,1.10000000
2018-02-28 17:45:50,0.00180750,0.91000000
2018-02-28 17:45:50,0.00180740,12.83000000
2018-02-28 17:45:51,0.00180720,3.80000000
2018-02-28 17:45:51,0.00180730,10.48000000
2018-02-28 17:45:51,0.00180740,13.53000000
2018-02-28 17:45:51,0.00180750,42.19000000
2018-02-28 17:45:59,0.00180780,1.38000000
2018-02-28 17:45:59,0.00181000,6.19000000
2018-02-28 17:46:21,0.00181050,1.22000000
2018-02-28 17:46:21,0.00181050,0.17000000
2018-02-28 17:46:21,0.00181320,0.39000000
2018-02-28 17:46:29,0.00181270,1.22000000
2018-02-28 17:47:03,0.00181100,2.65000000
2018-02-28 17:47:07,0.00181100,2.24000000
2018-02-28 17:47:08,0.00181100,1.57000000
2018-02-28 17:47:09,0.00181180,1.22000000
2018-02-28 17:47:13,0.00181180,1.22000000
2018-02-28 17:47:22,0.00181180,1.22000000
2018-02-28 17:47:34,0.00181180,2.16000000
2018-02-28 17:47:34,0.00181100,14.64000000
2018-02-28 17:47:34,0.00181000,2.00000000
2018-02-28 17:47:34,0.00180890,5.52000000
2018-02-28 17:47:34,0.00180770,2.16000000
2018-02-28 17:47:35,0.00180770,16.53000000
2018-02-28 17:47:35,0.00180710,16.53000000
2018-02-28 17:47:35,0.00180760,0.02000000
2018-02-28 17:47:35,0.00180780,5.53000000
2018-02-28 17:47:35,0.00180780,5.54000000
2018-02-28 17:47:35,0.00180780,5.53000000
2018-02-28 17:47:35,0.00180780,5.04000000
2018-02-28 17:47:35,0.00180780,1.15000000
2018-02-28 17:47:49,0.00181000,2.00000000
2018-02-28 17:47:58,0.00180980,34.39000000
2018-02-28 17:47:59,0.00181000,0.80000000
2018-02-28 17:47:59,0.00181000,66.54000000
2018-02-28 17:48:00,0.00180420,3.00000000
2018-02-28 17:48:00,0.00180940,14.35000000
2018-02-28 17:48:03,0.00180920,2.00000000
2018-02-28 17:48:08,0.00180840,2.00000000
2018-02-28 17:48:13,0.00180590,2.00000000
2018-02-28 17:48:34,0.00180490,1.13000000
2018-02-28 17:48:59,0.00180470,1.11000000
2018-02-28 17:49:14,0.00180430,7.50000000
2018-02-28 17:49:15,0.00180410,3.00000000
2018-02-28 17:49:16,0.00180410,6.25000000
2018-02-28 17:49:16,0.00180420,2.92000000
2018-02-28 17:49:18,0.00180460,0.56000000
2018-02-28 17:49:45,0.00180090,3.69000000
2018-02-28 17:49:45,0.00180440,1.22000000
2018-02-28 17:49:48,0.00180410,4.91000000
2018-02-28 17:49:48,0.00180420,0.61000000
2018-02-28 17:50:03,0.00180450,1.67000000
2018-02-28 17:50:09,0.00180390,0.56000000
2018-02-28 17:50:11,0.00180390,2.34000000
2018-02-28 17:50:11,0.00180450,2.02000000
2018-02-28 17:50:11,0.00180460,35.23000000
2018-02-28 17:50:14,0.00180460,64.76000000
2018-02-28 17:50:17,0.00180460,0.01000000
2018-02-28 17:50:34,0.00180340,2.33000000
2018-02-28 17:50:34,0.00180280,0.56000000
2018-02-28 17:50:34,0.00180130,2.47000000
2018-02-28 17:50:49,0.00180140,8.55000000
2018-02-28 17:50:54,0.00180140,2.70000000
2018-02-28 17:50:56,0.00180130,8.55000000
2018-02-28 17:50:58,0.00180130,0.84000000
2018-02-28 17:50:59,0.00180130,1.63000000
2018-02-28 17:50:59,0.00180140,17.83000000
2018-02-28 17:50:59,0.00180140,1.63000000
2018-02-28 17:51:00,0.00180140,17.83000000
2018-02-28 17:51:04,0.00180000,0.56000000
2018-02-28 17:51:07,0.00180130,7.51000000
2018-02-28 17:51:08,0.00180480,4.65000000
2018-02-28 17:51:12,0.00180140,12.41000000
2018-02-28 17:51:13,0.00180130,7.51000000
2018-02-28 17:51:15,0.00180130,37.07000000
2018-02-28 17:51:16,0.00180130,0.01000000
2018-02-28 17:51:16,0.00180490,3.79000000
2018-02-28 17:51:16,0.00180600,89.87000000
2018-02-28 17:51:16,0.00180990,3.00000000
2018-02-28 17:51:16,0.00181190,13.33000000
2018-02-28 17:51:27,0.00180790,1.36000000
2018-02-28 17:51:28,0.00180530,5.47000000
2018-02-28 17:51:28,0.00180170,53.33000000
2018-02-28 17:51:28,0.00180160,5.31000000
2018-02-28 17:51:28,0.00180140,77.31000000
2018-02-28 17:51:28,0.00180000,19.42000000
2018-02-28 17:51:31,0.00180730,1.22000000
2018-02-28 17:51:53,0.00180550,10.86000000
2018-02-28 17:51:53,0.00180560,18.36000000
2018-02-28 17:52:14,0.00180300,3.29000000
2018-02-28 17:52:31,0.00180300,2.55000000
2018-02-28 17:52:36,0.00180560,0.89000000
2018-02-28 17:52:46,0.00180560,21.05000000
2018-02-28 17:52:46,0.00181200,6.62000000
2018-02-28 17:53:03,0.00180610,3.29000000
2018-02-28 17:53:04,0.00180610,2.95000000
2018-02-28 17:53:05,0.00180620,4.70000000
2018-02-28 17:53:12,0.00181030,1.38000000
2018-02-28 17:54:00,0.00180510,4.42000000
2018-02-28 17:54:00,0.00180400,4.22000000
2018-02-28 17:54:25,0.00180300,0.06000000
2018-02-28 17:54:25,0.00180060,4.16000000
2018-02-28 17:54:27,0.00180530,1.22000000
2018-02-28 17:54:29,0.00180490,5.00000000
2018-02-28 17:54:34,0.00180460,4.70000000
2018-02-28 17:54:34,0.00180460,1.11000000
2018-02-28 17:54:39,0.00180420,1.22000000
2018-02-28 17:54:43,0.00180390,1.22000000
2018-02-28 17:54:51,0.00180040,3.00000000
2018-02-28 17:54:51,0.00180020,21.45000000
2018-02-28 17:54:51,0.00180000,30.85000000
2018-02-28 17:55:13,0.00180360,8.02000000
2018-02-28 17:55:15,0.00180010,0.23000000
2018-02-28 17:56:24,0.00180340,3.20000000
2018-02-28 17:57:00,0.00180340,0.56000000
2018-02-28 17:57:09,0.00180340,1.04000000
2018-02-28 17:57:20,0.00180000,1.01000000
2018-02-28 17:58:48,0.00180050,13.64000000
2018-02-28 17:58:49,0.00180060,5.00000000
2018-02-28 17:59:08,0.00180000,46.69000000
2018-02-28 17:59:09,0.00180000,2.66000000
2018-02-28 17:59:11,0.00180000,5.25000000
2018-02-28 17:59:11,0.00180000,78.17000000
2018-02-28 17:59:13,0.00179990,4.19000000
2018-02-28 17:59:13,0.00179990,23.17000000
2018-02-28 17:59:13,0.00180000,7.16000000
2018-02-28 17:59:15,0.00180000,66.95000000
2018-02-28 17:59:17,0.00179980,6.00000000
2018-02-28 17:59:17,0.00179940,8.02000000
2018-02-28 17:59:17,0.00179610,26.58000000
2018-02-28 17:59:17,0.00179590,2.34000000
2018-02-28 17:59:17,0.00179570,1.37000000
2018-02-28 17:59:17,0.00179210,14.63000000
2018-02-28 17:59:17,0.00179200,10.92000000
2018-02-28 17:59:19,0.00179270,5.62000000
2018-02-28 17:59:21,0.00179960,2.92000000
2018-02-28 17:59:26,0.00179920,1.84000000
2018-02-28 17:59:27,0.00179920,2.74000000
2018-02-28 17:59:27,0.00179920,0.92000000
2018-02-28 17:59:32,0.00179480,22.28000000
2018-02-28 17:59:32,0.00179470,5.36000000
2018-02-28 17:59:32,0.00179430,3.16000000
2018-02-28 17:59:37,0.00179210,1.58000000
2018-02-28 17:59:37,0.00179170,2.70000000
2018-02-28 17:59:37,0.00179030,10.72000000
2018-02-28 17:59:37,0.00179020,22.97000000
2018-02-28 17:59:40,0.00179220,34.73000000
2018-02-28 17:59:40,0.00179030,4.71000000
2018-02-28 17:59:40,0.00179020,27.03000000
2018-02-28 17:59:40,0.00179010,4.88000000
2018-02-28 17:59:40,0.00179000,6.39000000
2018-02-28 17:59:40,0.00178910,27.32000000
2018-02-28 17:59:40,0.00178840,32.28000000
2018-02-28 17:59:50,0.00178990,1.12000000
2018-02-28 17:59:50,0.00178990,1.62000000
2018-02-28 17:59:51,0.00178990,0.01000000
2018-02-28 17:59:51,0.00178990,1.85000000
2018-02-28 17:59:52,0.00178970,0.92000000
2018-02-28 17:59:53,0.00178970,2.08000000
2018-02-28 17:59:53,0.00178970,0.92000000
2018-02-28 17:59:55,0.00178970,7.08000000
2018-02-28 17:59:55,0.00178970,5.59000000
