DATE,PRICE,VOLUME
2018-02-27 12:00:05,0.00187030,2.57000000
2018-02-27 12:00:05,0.00187080,5.33000000
2018-02-27 12:00:05,0.00187080,31.96000000
2018-02-27 12:00:05,0.00186830,5.33000000
2018-02-27 12:00:23,0.00187070,2.51000000
2018-02-27 12:00:23,0.00187080,0.74000000
2018-02-27 12:00:45,0.00187070,2.46000000
2018-02-27 12:00:45,0.00187080,5.54000000
2018-02-27 12:00:48,0.00186870,50.80000000
2018-02-27 12:00:48,0.00186860,61.74000000
2018-02-27 12:01:00,0.00187060,2.40000000
2018-02-27 12:01:09,0.00187080,5.64000000
2018-02-27 12:01:17,0.00187060,0.81000000
2018-02-27 12:01:17,0.00186860,28.39000000
2018-02-27 12:01:18,0.00187070,2.42000000
2018-02-27 12:01:18,0.00187080,11.18000000
2018-02-27 12:01:51,0.00186990,2.31000000
2018-02-27 12:01:51,0.00187000,0.90000000
2018-02-27 12:01:52,0.00187000,10.84000000
2018-02-27 12:02:09,0.00187070,1.06000000
2018-02-27 12:02:41,0.00187050,2.21000000
2018-02-27 12:03:04,0.00186860,2.00000000
2018-02-27 12:03:06,0.00187050,2.16000000
2018-02-27 12:03:10,0.00187040,2.11000000
2018-02-27 12:03:10,0.00187060,2.26000000
2018-02-27 12:03:10,0.00187070,1.30000000
2018-02-27 12:03:10,0.00187080,1.42000000
2018-02-27 12:03:25,0.00187050,0.05000000
2018-02-27 12:03:25,0.00186860,5.83000000
2018-02-27 12:03:26,0.00187080,2.08000000
2018-02-27 12:03:34,0.00187070,2.07000000
2018-02-27 12:03:34,0.00187480,5.23000000
2018-02-27 12:03:39,0.00187420,0.54000000
2018-02-27 12:03:50,0.00187400,2.02000000
2018-02-27 12:03:50,0.00187410,10.44000000
2018-02-27 12:03:51,0.00186930,26.74000000
2018-02-27 12:03:51,0.00186860,2.03000000
2018-02-27 12:03:51,0.00186860,0.01000000
2018-02-27 12:03:51,0.00186730,7.86000000
2018-02-27 12:03:51,0.00186720,1.84000000
2018-02-27 12:04:08,0.00187210,25.92000000
2018-02-27 12:04:49,0.00187050,0.82000000
2018-02-27 12:04:49,0.00187060,2.11000000
2018-02-27 12:04:49,0.00187080,5.44000000
2018-02-27 12:04:49,0.00187100,2.70000000
2018-02-27 12:04:49,0.00187120,1.93000000
2018-02-27 12:04:49,0.00187180,6.84000000
2018-02-27 12:04:49,0.00187200,1.97000000
2018-02-27 12:04:49,0.00187360,14.26000000
2018-02-27 12:04:58,0.00187040,1.89000000
2018-02-27 12:05:07,0.00187420,8.00000000
2018-02-27 12:05:16,0.00187210,4.00000000
2018-02-27 12:05:18,0.00187410,1.85000000
2018-02-27 12:05:37,0.00187410,1.81000000
2018-02-27 12:05:37,0.00187420,7.55000000
2018-02-27 12:05:42,0.00187210,5.32000000
2018-02-27 12:05:50,0.00187410,10.71000000
2018-02-27 12:06:09,0.00187210,1.60000000
2018-02-27 12:06:20,0.00187380,1.73000000
2018-02-27 12:06:20,0.00187390,2.56000000
2018-02-27 12:06:30,0.00187390,1.21000000
2018-02-27 12:06:44,0.00187210,5.34000000
2018-02-27 12:06:45,0.00187210,10.92000000
2018-02-27 12:06:45,0.00187210,11.00000000
2018-02-27 12:06:45,0.00187210,4.00000000
2018-02-27 12:06:45,0.00187210,2.16000000
2018-02-27 12:06:45,0.00187380,1.69000000
2018-02-27 12:06:45,0.00187390,0.44000000
2018-02-27 12:07:11,0.00187360,1.61000000
2018-02-27 12:07:11,0.00187370,1.65000000
2018-02-27 12:07:11,0.00187390,0.74000000
2018-02-27 12:07:27,0.00187210,0.70000000
2018-02-27 12:07:37,0.00187210,41.82000000
2018-02-27 12:07:38,0.00187210,78.98000000
2018-02-27 12:08:58,0.00187210,34.38000000
2018-02-27 12:09:25,0.00187260,2.93000000
2018-02-27 12:10:02,0.00187220,10.00000000
2018-02-27 12:10:05,0.00187220,2.71000000
2018-02-27 12:10:11,0.00187210,1.32000000
2018-02-27 12:10:13,0.00187220,1.00000000
2018-02-27 12:10:30,0.00187210,1.29000000
2018-02-27 12:10:34,0.00187220,5.44000000
2018-02-27 12:10:34,0.00187220,5.44000000
2018-02-27 12:10:34,0.00187220,5.44000000
2018-02-27 12:10:34,0.00187220,5.45000000
2018-02-27 12:10:40,0.00187210,5.44000000
2018-02-27 12:10:50,0.00187210,1.26000000
2018-02-27 12:10:50,0.00187220,7.59000000
2018-02-27 12:10:51,0.00187210,43.32000000
2018-02-27 12:11:10,0.00187220,12.05000000
2018-02-27 12:11:16,0.00187210,3.06000000
2018-02-27 12:11:18,0.00187220,9.62000000
2018-02-27 12:11:19,0.00187210,1.27000000
2018-02-27 12:11:23,0.00187210,28.90000000
2018-02-27 12:11:27,0.00187220,0.04000000
2018-02-27 12:11:27,0.00187240,1.35000000
2018-02-27 12:11:27,0.00187250,1.38000000
2018-02-27 12:11:27,0.00187270,1.41000000
2018-02-27 12:11:27,0.00187290,0.02000000
2018-02-27 12:11:32,0.00187210,1.24000000
2018-02-27 12:11:49,0.00187220,10.00000000
2018-02-27 12:11:49,0.00187210,17.39000000
2018-02-27 12:11:51,0.00187210,1.17000000
2018-02-27 12:12:57,0.00187250,1.17000000
2018-02-27 12:12:57,0.00187260,1.16000000
2018-02-27 12:12:57,0.00187270,1.19000000
2018-02-27 12:12:57,0.00187280,1.22000000
2018-02-27 12:12:57,0.00187290,1.26000000
2018-02-27 12:13:02,0.00187210,20.00000000
2018-02-27 12:13:30,0.00187210,33.33000000
2018-02-27 12:13:41,0.00187270,1.00000000
2018-02-27 12:14:14,0.00187210,1.35000000
2018-02-27 12:14:46,0.00187240,1.15000000
2018-02-27 12:14:46,0.00187250,1.17000000
2018-02-27 12:14:46,0.00187260,1.19000000
2018-02-27 12:14:46,0.00187270,0.19000000
2018-02-27 12:14:51,0.00187270,1.12000000
2018-02-27 12:15:12,0.00187270,1.10000000
2018-02-27 12:15:12,0.00187270,14.08000000
2018-02-27 12:15:20,0.00187270,3.07000000
2018-02-27 12:15:26,0.00187270,26.22000000
2018-02-27 12:15:39,0.00187260,1.07000000
2018-02-27 12:15:39,0.00187270,5.25000000
2018-02-27 12:15:53,0.00187270,1.22000000
2018-02-27 12:16:06,0.00187230,1.67000000
2018-02-27 12:16:06,0.00187230,2.00000000
2018-02-27 12:16:19,0.00187230,0.28000000
2018-02-27 12:16:37,0.00187230,0.04000000
2018-02-27 12:16:45,0.00187230,14.93000000
2018-02-27 12:16:50,0.00187230,0.01000000
2018-02-27 12:17:11,0.00187230,43.53000000
2018-02-27 12:17:20,0.00187230,14.29000000
2018-02-27 12:17:57,0.00187220,9.92000000
2018-02-27 12:18:04,0.00187210,1.67000000
2018-02-27 12:18:15,0.00187230,8.77000000
2018-02-27 12:18:18,0.00187230,33.29000000
2018-02-27 12:18:18,0.00187230,66.42000000
2018-02-27 12:18:19,0.00187210,9.54000000
2018-02-27 12:18:23,0.00187210,1.65000000
2018-02-27 12:18:24,0.00187210,7.15000000
2018-02-27 12:18:36,0.00187220,1.07000000
2018-02-27 12:18:36,0.00187230,2.47000000
2018-02-27 12:18:36,0.00187270,11.80000000
2018-02-27 12:18:39,0.00187270,0.54000000
2018-02-27 12:18:46,0.00187270,43.55000000
2018-02-27 12:19:05,0.00187210,17.72000000
2018-02-27 12:19:05,0.00187210,12.09000000
2018-02-27 12:19:10,0.00187210,3.91000000
2018-02-27 12:19:10,0.00187270,12.06000000
2018-02-27 12:19:10,0.00187270,1.00000000
2018-02-27 12:19:10,0.00187270,3.90000000
2018-02-27 12:19:27,0.00187270,2.02000000
2018-02-27 12:19:48,0.00186910,21.42000000
2018-02-27 12:19:53,0.00187260,7.25000000
2018-02-27 12:19:59,0.00187260,1.50000000
2018-02-27 12:20:03,0.00186920,25.65000000
2018-02-27 12:20:03,0.00186750,34.84000000
2018-02-27 12:20:03,0.00186720,7.16000000
2018-02-27 12:20:03,0.00186650,7.88000000
2018-02-27 12:20:03,0.00186640,115.92000000
2018-02-27 12:20:03,0.00186630,78.95000000
2018-02-27 12:20:09,0.00187180,7.12000000
2018-02-27 12:20:49,0.00187180,5.55000000
2018-02-27 12:20:49,0.00187270,22.96000000
2018-02-27 12:20:49,0.00187350,0.54000000
2018-02-27 12:20:49,0.00187410,7.35000000
2018-02-27 12:20:52,0.00187400,4.64000000
2018-02-27 12:20:54,0.00187190,4.84000000
2018-02-27 12:21:39,0.00187190,1.18000000
2018-02-27 12:22:02,0.00186820,11.00000000
2018-02-27 12:22:03,0.00186810,1.18000000
2018-02-27 12:22:15,0.00186810,1.18000000
2018-02-27 12:22:17,0.00186810,0.54000000
2018-02-27 12:22:22,0.00186820,1.32000000
2018-02-27 12:22:38,0.00186810,5.35000000
2018-02-27 12:22:47,0.00187170,20.87000000
2018-02-27 12:22:47,0.00187190,28.66000000
2018-02-27 12:22:47,0.00187190,1.24000000
2018-02-27 12:22:47,0.00187190,1.73000000
2018-02-27 12:22:47,0.00186830,1.23000000
2018-02-27 12:22:50,0.00186890,1.19000000
2018-02-27 12:22:51,0.00187260,4.03000000
2018-02-27 12:22:52,0.00187250,2.42000000
2018-02-27 12:22:52,0.00187260,0.02000000
2018-02-27 12:23:04,0.00186900,4.33000000
2018-02-27 12:23:34,0.00186900,1.49000000
2018-02-27 12:23:43,0.00187200,2.79000000
2018-02-27 12:23:57,0.00187200,9.68000000
2018-02-27 12:24:07,0.00187200,60.40000000
2018-02-27 12:25:02,0.00187180,0.54000000
2018-02-27 12:25:02,0.00187190,5.42000000
2018-02-27 12:25:10,0.00186850,5.37000000
2018-02-27 12:25:10,0.00187190,9.92000000
2018-02-27 12:25:35,0.00187180,3.52000000
2018-02-27 12:25:35,0.00187180,1.10000000
2018-02-27 12:25:42,0.00187180,0.35000000
2018-02-27 12:25:42,0.00186900,0.48000000
2018-02-27 12:25:45,0.00187190,14.67000000
2018-02-27 12:25:45,0.00187200,85.43000000
2018-02-27 12:25:53,0.00186860,10.99000000
2018-02-27 12:25:53,0.00187190,25.74000000
2018-02-27 12:25:53,0.00187200,355.85000000
2018-02-27 12:27:26,0.00187200,1.37000000
2018-02-27 12:27:29,0.00187200,43.54000000
2018-02-27 12:27:36,0.00187200,43.54000000
2018-02-27 12:27:43,0.00187200,50.00000000
2018-02-27 12:27:44,0.00187200,1.34000000
2018-02-27 12:27:45,0.00187200,43.55000000
2018-02-27 12:28:05,0.00187200,43.55000000
2018-02-27 12:28:11,0.00187200,43.55000000
2018-02-27 12:28:17,0.00187200,43.55000000
2018-02-27 12:28:26,0.00187200,43.55000000
2018-02-27 12:28:31,0.00187200,5.98000000
2018-02-27 12:28:31,0.00187200,8.00000000
2018-02-27 12:28:40,0.00187200,43.55000000
2018-02-27 12:29:06,0.00187200,22.99000000
2018-02-27 12:29:06,0.00187260,3.86000000
2018-02-27 12:29:06,0.00187420,23.15000000
2018-02-27 12:29:06,0.00187420,22.92000000
2018-02-27 12:29:10,0.00187200,18.41000000
2018-02-27 12:29:10,0.00186880,5.12000000
2018-02-27 12:29:11,0.00186880,5.19000000
2018-02-27 12:29:16,0.00186860,5.03000000
2018-02-27 12:29:19,0.00187200,50.00000000
2018-02-27 12:29:21,0.00186860,1.45000000
2018-02-27 12:29:25,0.00186860,15.65000000
2018-02-27 12:29:25,0.00186810,28.68000000
2018-02-27 12:29:25,0.00186580,1.32000000
2018-02-27 12:29:25,0.00186560,14.29000000
2018-02-27 12:29:25,0.00186510,1.23000000
2018-02-27 12:29:25,0.00186440,4.06000000
2018-02-27 12:29:25,0.00186390,2.10000000
2018-02-27 12:29:25,0.00186330,7.43000000
2018-02-27 12:29:25,0.00186320,9.96000000
2018-02-27 12:29:25,0.00186300,10.00000000
2018-02-27 12:29:25,0.00186270,10.06000000
2018-02-27 12:29:25,0.00186240,3.16000000
2018-02-27 12:29:25,0.00186210,25.62000000
2018-02-27 12:29:25,0.00186000,3.07000000
2018-02-27 12:29:25,0.00185990,13.08000000
2018-02-27 12:29:25,0.00185880,13.00000000
2018-02-27 12:29:25,0.00185730,10.87000000
2018-02-27 12:29:25,0.00185720,20.13000000
2018-02-27 12:29:25,0.00187200,15.96000000
2018-02-27 12:29:25,0.00186860,4.09000000
2018-02-27 12:29:25,0.00186850,1.09000000
2018-02-27 12:29:25,0.00186850,1.07000000
2018-02-27 12:29:31,0.00186790,6.15000000
2018-02-27 12:29:35,0.00186770,8.15000000
2018-02-27 12:29:35,0.00186780,9.75000000
2018-02-27 12:29:35,0.00186790,1.12000000
2018-02-27 12:29:35,0.00186860,2.62000000
2018-02-27 12:29:35,0.00186880,19.97000000
2018-02-27 12:29:35,0.00186980,6.70000000
2018-02-27 12:29:35,0.00187110,1.69000000
2018-02-27 12:29:42,0.00187100,2.60000000
2018-02-27 12:29:56,0.00187100,10.00000000
2018-02-27 12:29:58,0.00187100,0.80000000
2018-02-27 12:30:11,0.00187100,43.00000000
2018-02-27 12:30:12,0.00187100,20.00000000
2018-02-27 12:30:16,0.00187100,152.01000000
2018-02-27 12:30:16,0.00187110,5.01000000
2018-02-27 12:30:21,0.00186860,0.02000000
2018-02-27 12:30:51,0.00187040,8.00000000
2018-02-27 12:30:53,0.00187420,6.65000000
2018-02-27 12:30:53,0.00187460,7.43000000
2018-02-27 12:30:55,0.00187420,6.65000000
2018-02-27 12:30:56,0.00187050,10.69000000
2018-02-27 12:30:57,0.00186850,8.02000000
2018-02-27 12:30:57,0.00186860,5.48000000
2018-02-27 12:31:05,0.00186860,15.30000000
2018-02-27 12:31:11,0.00186860,0.04000000
2018-02-27 12:31:12,0.00186870,26.73000000
2018-02-27 12:31:12,0.00186860,4.96000000
2018-02-27 12:31:12,0.00186800,6.57000000
2018-02-27 12:31:12,0.00186660,19.95000000
2018-02-27 12:31:12,0.00186480,2.66000000
2018-02-27 12:31:12,0.00186220,3.47000000
2018-02-27 12:31:12,0.00186210,38.93000000
2018-02-27 12:31:41,0.00186950,15.01000000
2018-02-27 12:31:43,0.00186930,11.72000000
2018-02-27 12:31:47,0.00186940,10.69000000
2018-02-27 12:31:47,0.00186950,15.96000000
2018-02-27 12:32:07,0.00186950,26.65000000
2018-02-27 12:32:08,0.00186950,14.99000000
2018-02-27 12:32:16,0.00186950,38.89000000
2018-02-27 12:32:51,0.00186950,0.54000000
2018-02-27 12:33:26,0.00186590,4.58000000
2018-02-27 12:33:37,0.00186940,4.01000000
2018-02-27 12:33:37,0.00186950,53.37000000
2018-02-27 12:33:39,0.00186950,18.96000000
2018-02-27 12:33:46,0.00186590,17.00000000
2018-02-27 12:33:46,0.00186590,17.00000000
2018-02-27 12:33:47,0.00186590,50.32000000
2018-02-27 12:33:47,0.00186590,16.00000000
2018-02-27 12:33:47,0.00186590,12.78000000
2018-02-27 12:34:03,0.00186590,15.00000000
2018-02-27 12:34:05,0.00186590,1.00000000
2018-02-27 12:34:09,0.00186590,100.00000000
2018-02-27 12:34:25,0.00186590,50.00000000
2018-02-27 12:34:27,0.00186590,19.27000000
2018-02-27 12:34:32,0.00186590,64.71000000
2018-02-27 12:34:35,0.00186590,3.22000000
2018-02-27 12:34:40,0.00186590,36.53000000
2018-02-27 12:34:41,0.00186590,50.00000000
2018-02-27 12:34:49,0.00186590,0.54000000
2018-02-27 12:34:57,0.00186580,0.54000000
2018-02-27 12:34:57,0.00186590,31.97000000
2018-02-27 12:35:04,0.00186590,6.71000000
2018-02-27 12:35:07,0.00186590,5.08000000
2018-02-27 12:35:07,0.00186590,3.49000000
2018-02-27 12:35:07,0.00186590,1.07000000
2018-02-27 12:35:08,0.00186590,3.00000000
2018-02-27 12:35:24,0.00186580,34.38000000
2018-02-27 12:35:24,0.00186590,63.52000000
2018-02-27 12:36:16,0.00186930,0.54000000
2018-02-27 12:36:23,0.00186590,7.29000000
2018-02-27 12:36:27,0.00186930,0.54000000
2018-02-27 12:36:27,0.00186930,2.66000000
2018-02-27 12:36:27,0.00186590,0.02000000
2018-02-27 12:36:27,0.00186280,2.64000000
2018-02-27 12:36:41,0.00186490,21.53000000
2018-02-27 12:36:42,0.00186490,1.11000000
2018-02-27 12:37:01,0.00186580,15.00000000
2018-02-27 12:37:01,0.00186580,3.22000000
2018-02-27 12:37:21,0.00186580,7.03000000
2018-02-27 12:37:24,0.00186580,0.03000000
2018-02-27 12:37:24,0.00186590,15.68000000
2018-02-27 12:37:34,0.00186940,0.54000000
2018-02-27 12:37:58,0.00186920,10.60000000
2018-02-27 12:38:02,0.00186920,9.40000000
2018-02-27 12:38:06,0.00186930,9.36000000
2018-02-27 12:38:09,0.00186920,1.07000000
2018-02-27 12:38:25,0.00186920,1.06000000
2018-02-27 12:38:38,0.00186920,5.34000000
2018-02-27 12:39:00,0.00186880,1.94000000
2018-02-27 12:39:03,0.00186570,2.01000000
2018-02-27 12:39:07,0.00186570,17.99000000
2018-02-27 12:39:07,0.00186540,8.51000000
2018-02-27 12:39:12,0.00186510,14.57000000
2018-02-27 12:39:19,0.00186510,6.10000000
2018-02-27 12:39:29,0.00186840,0.54000000
2018-02-27 12:39:47,0.00186610,20.67000000
2018-02-27 12:39:47,0.00186620,8.51000000
2018-02-27 12:39:47,0.00186880,20.57000000
2018-02-27 12:40:04,0.00186880,14.73000000
2018-02-27 12:40:06,0.00186880,4.40000000
2018-02-27 12:40:37,0.00186840,6.71000000
2018-02-27 12:40:48,0.00186840,4.60000000
2018-02-27 12:41:01,0.00186840,7.55000000
2018-02-27 12:41:48,0.00186840,1.40000000
2018-02-27 12:41:52,0.00186600,8.92000000
2018-02-27 12:42:54,0.00186600,33.64000000
2018-02-27 12:43:02,0.00186600,50.65000000
2018-02-27 12:43:06,0.00186600,6.11000000
2018-02-27 12:43:17,0.00186600,15.33000000
2018-02-27 12:43:32,0.00186600,4.51000000
2018-02-27 12:43:53,0.00186860,9.20000000
2018-02-27 12:43:55,0.00186870,7.18000000
2018-02-27 12:43:55,0.00186880,3.11000000
2018-02-27 12:44:16,0.00186700,14.08000000
2018-02-27 12:44:29,0.00186880,2.10000000
2018-02-27 12:44:37,0.00186880,5.86000000
2018-02-27 12:44:46,0.00186700,1.54000000
2018-02-27 12:44:47,0.00186700,1.37000000
2018-02-27 12:44:47,0.00186700,0.01000000
2018-02-27 12:44:47,0.00186700,1.08000000
2018-02-27 12:44:47,0.00186880,27.19000000
2018-02-27 12:44:47,0.00186950,17.20000000
2018-02-27 12:44:48,0.00186520,4.62000000
2018-02-27 12:44:49,0.00186550,0.81000000
2018-02-27 12:44:54,0.00186530,10.72000000
2018-02-27 12:44:56,0.00186870,5.43000000
2018-02-27 12:44:56,0.00186880,10.72000000
2018-02-27 12:44:56,0.00186950,28.85000000
2018-02-27 12:45:00,0.00186950,3.64000000
2018-02-27 12:45:05,0.00186580,0.57000000
2018-02-27 12:45:21,0.00186580,26.20000000
2018-02-27 12:45:21,0.00186550,4.58000000
2018-02-27 12:45:22,0.00186550,2.20000000
2018-02-27 12:45:22,0.00186950,0.01000000
2018-02-27 12:45:36,0.00186880,0.09000000
2018-02-27 12:45:46,0.00186860,0.03000000
2018-02-27 12:45:47,0.00186510,38.08000000
2018-02-27 12:45:52,0.00186510,0.93000000
2018-02-27 12:45:53,0.00186510,10.17000000
2018-02-27 12:45:54,0.00186510,1.06000000
2018-02-27 12:45:54,0.00186510,0.88000000
2018-02-27 12:45:54,0.00186510,1.56000000
2018-02-27 12:45:54,0.00186510,2.66000000
2018-02-27 12:45:55,0.00186510,8.86000000
2018-02-27 12:45:55,0.00186510,3.37000000
2018-02-27 12:46:23,0.00186510,147.60000000
2018-02-27 12:46:37,0.00186500,26.65000000
2018-02-27 12:46:37,0.00186510,11.87000000
2018-02-27 12:46:39,0.00186200,2.22000000
2018-02-27 12:46:45,0.00186200,7.78000000
2018-02-27 12:46:45,0.00186170,1.23000000
2018-02-27 12:46:45,0.00185900,4.86000000
2018-02-27 12:47:06,0.00186500,1.07000000
2018-02-27 12:47:21,0.00186500,5.85000000
2018-02-27 12:47:23,0.00186500,1.09000000
2018-02-27 12:47:23,0.00186510,5.83000000
2018-02-27 12:47:25,0.00186510,30.76000000
2018-02-27 12:47:31,0.00186510,7.33000000
2018-02-27 12:47:33,0.00186130,24.16000000
2018-02-27 12:47:36,0.00186510,12.83000000
2018-02-27 12:48:11,0.00186070,0.54000000
2018-02-27 12:48:27,0.00186500,3.22000000
2018-02-27 12:48:35,0.00186500,5.36000000
2018-02-27 12:48:45,0.00186500,7.33000000
2018-02-27 12:48:46,0.00186070,0.71000000
2018-02-27 12:48:54,0.00186070,7.11000000
2018-02-27 12:48:54,0.00186500,6.46000000
2018-02-27 12:49:36,0.00186460,2.03000000
2018-02-27 12:49:57,0.00186460,5.00000000
2018-02-27 12:50:18,0.00186100,7.00000000
2018-02-27 12:50:28,0.00186100,3.71000000
2018-02-27 12:50:43,0.00186460,0.16000000
2018-02-27 12:50:44,0.00186490,0.91000000
2018-02-27 12:50:48,0.00186490,5.36000000
2018-02-27 12:50:54,0.00186490,4.44000000
2018-02-27 12:50:54,0.00186500,3.03000000
2018-02-27 12:50:54,0.00186510,10.89000000
2018-02-27 12:50:59,0.00186460,36.64000000
2018-02-27 12:51:10,0.00186460,14.02000000
2018-02-27 12:51:10,0.00186510,26.52000000
2018-02-27 12:51:12,0.00186120,5.76000000
2018-02-27 12:51:13,0.00186510,3.69000000
2018-02-27 12:51:31,0.00186500,5.36000000
2018-02-27 12:51:33,0.00186500,59.94000000
2018-02-27 12:51:57,0.00186120,27.20000000
2018-02-27 12:52:02,0.00186490,8.07000000
2018-02-27 12:52:15,0.00186110,104.93000000
2018-02-27 12:52:16,0.00186490,18.73000000
2018-02-27 12:52:37,0.00186490,5.36000000
2018-02-27 12:52:52,0.00186110,5.04000000
2018-02-27 12:53:05,0.00186110,21.78000000
2018-02-27 12:53:21,0.00186460,4.59000000
2018-02-27 12:53:21,0.00186460,4.61000000
2018-02-27 12:53:21,0.00186460,4.60000000
2018-02-27 12:53:31,0.00186160,0.56000000
2018-02-27 12:53:31,0.00186130,1.38000000
2018-02-27 12:53:31,0.00186100,5.00000000
2018-02-27 12:53:31,0.00186070,2.38000000
2018-02-27 12:53:31,0.00185930,11.03000000
2018-02-27 12:53:31,0.00185800,149.60000000
2018-02-27 12:54:17,0.00186390,3.22000000
2018-02-27 12:54:21,0.00186110,5.90000000
2018-02-27 12:54:21,0.00185800,0.57000000
2018-02-27 12:54:21,0.00185730,0.93000000
2018-02-27 12:54:22,0.00185730,19.43000000
2018-02-27 12:55:04,0.00186050,2.41000000
2018-02-27 12:55:05,0.00185780,2.01000000
2018-02-27 12:55:05,0.00185770,33.23000000
2018-02-27 12:55:05,0.00185720,7.39000000
2018-02-27 12:55:05,0.00185730,73.61000000
2018-02-27 12:55:05,0.00185730,51.03000000
2018-02-27 12:55:06,0.00185730,16.98000000
2018-02-27 12:55:06,0.00185730,20.00000000
2018-02-27 12:55:06,0.00185730,3.93000000
2018-02-27 12:55:06,0.00185730,20.41000000
2018-02-27 12:55:06,0.00185730,29.23000000
2018-02-27 12:55:06,0.00185730,109.00000000
2018-02-27 12:55:06,0.00185730,12.90000000
2018-02-27 12:55:06,0.00185730,3.97000000
2018-02-27 12:55:07,0.00185730,9.16000000
2018-02-27 12:55:07,0.00185730,21.26000000
2018-02-27 12:55:08,0.00185730,3.74000000
2018-02-27 12:55:08,0.00185730,5.46000000
2018-02-27 12:55:09,0.00185730,380.38000000
2018-02-27 12:55:10,0.00185730,43.67000000
2018-02-27 12:55:12,0.00185730,9.83000000
2018-02-27 12:55:14,0.00185730,1.09000000
2018-02-27 12:55:14,0.00185730,20.40000000
2018-02-27 12:55:20,0.00185730,4.44000000
2018-02-27 12:55:26,0.00185730,13.20000000
2018-02-27 12:55:27,0.00185730,28.85000000
2018-02-27 12:55:27,0.00185730,28.85000000
2018-02-27 12:55:31,0.00185730,0.71000000
2018-02-27 12:55:31,0.00185730,107.23000000
2018-02-27 12:55:31,0.00185730,25.97000000
2018-02-27 12:55:32,0.00185730,35.02000000
2018-02-27 12:55:34,0.00185730,107.23000000
2018-02-27 12:55:34,0.00185730,45.48000000
2018-02-27 12:55:39,0.00185730,4.60000000
2018-02-27 12:55:43,0.00185720,10.00000000
2018-02-27 12:55:52,0.00185720,1.61000000
2018-02-27 12:56:02,0.00185700,2.09000000
2018-02-27 12:56:02,0.00185720,1.55000000
2018-02-27 12:56:13,0.00185720,0.59000000
2018-02-27 12:56:16,0.00185720,100.10000000
2018-02-27 12:56:17,0.00185720,25.46000000
2018-02-27 12:57:09,0.00185710,88.83000000
2018-02-27 12:57:09,0.00185720,11.27000000
2018-02-27 12:57:09,0.00185700,1.07000000
2018-02-27 12:57:09,0.00185620,9.21000000
2018-02-27 12:57:14,0.00185720,3.38000000
2018-02-27 12:57:16,0.00185630,1.15000000
2018-02-27 12:57:16,0.00185620,8.84000000
2018-02-27 12:57:20,0.00185720,7.35000000
2018-02-27 12:57:31,0.00185710,2.04000000
2018-02-27 12:58:01,0.00185700,12.15000000
2018-02-27 12:58:11,0.00185690,3.27000000
2018-02-27 12:58:18,0.00185690,2.00000000
2018-02-27 12:58:20,0.00185630,50.00000000
2018-02-27 12:58:24,0.00185650,0.99000000
2018-02-27 12:58:24,0.00185700,1.18000000
2018-02-27 12:58:26,0.00185690,6.28000000
2018-02-27 12:58:26,0.00185630,39.66000000
2018-02-27 12:58:38,0.00185650,4.61000000
2018-02-27 12:58:38,0.00185650,4.61000000
2018-02-27 12:58:42,0.00185650,0.66000000
2018-02-27 12:58:45,0.00185650,0.67000000
2018-02-27 12:58:51,0.00185650,5.33000000
2018-02-27 12:58:51,0.00185650,6.91000000
2018-02-27 12:58:55,0.00185700,2.41000000
2018-02-27 12:59:05,0.00185700,100.10000000
2018-02-27 12:59:08,0.00185700,57.27000000
2018-02-27 12:59:12,0.00185620,11.04000000
2018-02-27 12:59:12,0.00185600,0.42000000
2018-02-27 12:59:22,0.00185600,0.80000000
2018-02-27 12:59:59,0.00185600,3.65000000
2018-02-27 12:59:59,0.00185570,1.24000000
2018-02-27 12:59:59,0.00185550,2.26000000
2018-02-27 12:59:59,0.00185500,3.07000000
2018-02-27 12:59:59,0.00185380,233.42000000
2018-02-27 12:59:59,0.00185310,7.76000000
2018-02-27 12:59:59,0.00185300,144.21000000
