DATE,PRICE,VOLUME
2018-02-28 05:00:08,0.00184070,0.79000000
2018-02-28 05:00:10,0.00184190,1.41000000
2018-02-28 05:00:23,0.00184190,5.17000000
2018-02-28 05:00:23,0.00184200,17.11000000
2018-02-28 05:00:48,0.00184280,23.88000000
2018-02-28 05:01:01,0.00184280,13.99000000
2018-02-28 05:01:33,0.00184280,1.23000000
2018-02-28 05:01:35,0.00184280,3.00000000
2018-02-28 05:02:02,0.00184280,5.32000000
2018-02-28 05:02:03,0.00184280,49.07000000
2018-02-28 05:02:10,0.00184530,2.22000000
2018-02-28 05:02:10,0.00184540,2.32000000
2018-02-28 05:02:17,0.00184280,39.00000000
2018-02-28 05:02:34,0.00184280,15.00000000
2018-02-28 05:02:39,0.00184500,0.55000000
2018-02-28 05:02:42,0.00184280,3.28000000
2018-02-28 05:02:43,0.00184200,3.34000000
2018-02-28 05:02:43,0.00184160,6.41000000
2018-02-28 05:02:43,0.00183980,0.06000000
2018-02-28 05:02:51,0.00184030,27.14000000
2018-02-28 05:02:51,0.00184020,6.49000000
2018-02-28 05:02:51,0.00183980,7.18000000
2018-02-28 05:02:52,0.00183980,3.82000000
2018-02-28 05:03:04,0.00183740,0.66000000
2018-02-28 05:03:41,0.00183570,4.00000000
2018-02-28 05:03:43,0.00183930,3.16000000
2018-02-28 05:03:48,0.00183930,15.83000000
2018-02-28 05:03:50,0.00183930,8.15000000
2018-02-28 05:04:07,0.00184330,18.76000000
2018-02-28 05:04:31,0.00184470,0.55000000
2018-02-28 05:05:04,0.00183870,1.85000000
2018-02-28 05:05:04,0.00183870,25.30000000
2018-02-28 05:05:04,0.00183860,6.63000000
2018-02-28 05:05:04,0.00183840,19.13000000
2018-02-28 05:05:04,0.00183570,3.58000000
2018-02-28 05:05:06,0.00183580,2.62000000
2018-02-28 05:05:11,0.00184310,16.07000000
2018-02-28 05:05:12,0.00184310,5.00000000
2018-02-28 05:05:13,0.00184290,1.13000000
2018-02-28 05:05:17,0.00183630,4.27000000
2018-02-28 05:05:17,0.00183610,3.52000000
2018-02-28 05:05:21,0.00184010,10.00000000
2018-02-28 05:05:21,0.00184140,6.48000000
2018-02-28 05:05:23,0.00184100,1.09000000
2018-02-28 05:05:27,0.00184060,0.55000000
2018-02-28 05:05:35,0.00184000,37.40000000
2018-02-28 05:05:35,0.00183930,10.00000000
2018-02-28 05:05:35,0.00183570,0.01000000
2018-02-28 05:05:35,0.00183080,4.88000000
2018-02-28 05:05:35,0.00182980,2.35000000
2018-02-28 05:05:40,0.00183080,2.37000000
2018-02-28 05:05:40,0.00182880,0.46000000
2018-02-28 05:05:49,0.00183920,1.10000000
2018-02-28 05:06:14,0.00183640,6.00000000
2018-02-28 05:06:37,0.00183500,0.88000000
2018-02-28 05:06:48,0.00182870,0.55000000
2018-02-28 05:06:57,0.00182860,0.55000000
2018-02-28 05:07:10,0.00183220,8.85000000
2018-02-28 05:07:18,0.00182870,19.55000000
2018-02-28 05:07:18,0.00182870,20.40000000
2018-02-28 05:07:18,0.00183210,6.88000000
2018-02-28 05:07:18,0.00183220,5.00000000
2018-02-28 05:07:18,0.00183490,6.63000000
2018-02-28 05:07:18,0.00183500,1.88000000
2018-02-28 05:07:25,0.00183080,0.88000000
2018-02-28 05:07:25,0.00183080,0.88000000
2018-02-28 05:07:27,0.00183080,0.59000000
2018-02-28 05:07:58,0.00183090,27.30000000
2018-02-28 05:07:58,0.00183080,2.39000000
2018-02-28 05:07:58,0.00183080,10.31000000
2018-02-28 05:07:59,0.00183070,27.30000000
2018-02-28 05:08:00,0.00182990,24.40000000
2018-02-28 05:10:03,0.00183110,2.92000000
2018-02-28 05:10:03,0.00182990,2.23000000
2018-02-28 05:10:23,0.00183350,3.13000000
2018-02-28 05:10:26,0.00183190,2.00000000
2018-02-28 05:10:26,0.00182990,2.77000000
2018-02-28 05:10:26,0.00182990,9.23000000
2018-02-28 05:10:26,0.00183190,1.00000000
2018-02-28 05:10:27,0.00183180,1.06000000
2018-02-28 05:10:31,0.00183180,2.00000000
2018-02-28 05:10:35,0.00182840,0.55000000
2018-02-28 05:10:47,0.00183180,8.80000000
2018-02-28 05:10:51,0.00182990,0.88000000
2018-02-28 05:10:51,0.00182990,1.14000000
2018-02-28 05:10:52,0.00182990,8.31000000
2018-02-28 05:10:52,0.00183000,6.49000000
2018-02-28 05:10:53,0.00183000,1.10000000
2018-02-28 05:11:09,0.00182990,1.09000000
2018-02-28 05:11:21,0.00182990,25.69000000
2018-02-28 05:11:24,0.00182840,53.26000000
2018-02-28 05:11:25,0.00182840,0.88000000
2018-02-28 05:12:23,0.00182840,54.74000000
2018-02-28 05:12:44,0.00182840,39.00000000
2018-02-28 05:13:39,0.00182650,1.00000000
2018-02-28 05:14:35,0.00182800,1.47000000
2018-02-28 05:15:44,0.00182650,4.44000000
2018-02-28 05:15:45,0.00182800,1.53000000
2018-02-28 05:16:23,0.00182750,6.41000000
2018-02-28 05:16:23,0.00182760,1.10000000
2018-02-28 05:16:41,0.00182760,0.99000000
2018-02-28 05:16:41,0.00182770,1.26000000
2018-02-28 05:16:41,0.00182800,3.32000000
2018-02-28 05:16:41,0.00182800,2.02000000
2018-02-28 05:16:42,0.00182800,1.63000000
2018-02-28 05:16:42,0.00182840,9.77000000
2018-02-28 05:16:52,0.00182460,20.88000000
2018-02-28 05:17:10,0.00182830,3.88000000
2018-02-28 05:17:20,0.00182830,7.10000000
2018-02-28 05:17:54,0.00182260,6.75000000
2018-02-28 05:18:35,0.00182390,5.48000000
2018-02-28 05:18:36,0.00182240,2.00000000
2018-02-28 05:19:14,0.00182390,0.61000000
2018-02-28 05:19:21,0.00182390,0.05000000
2018-02-28 05:19:36,0.00182040,7.99000000
2018-02-28 05:19:36,0.00182020,16.44000000
2018-02-28 05:19:43,0.00182010,3.76000000
2018-02-28 05:19:44,0.00182020,15.54000000
2018-02-28 05:20:13,0.00182050,27.47000000
2018-02-28 05:20:13,0.00182000,2.92000000
2018-02-28 05:20:14,0.00181990,27.46000000
2018-02-28 05:20:21,0.00181990,0.01000000
2018-02-28 05:20:21,0.00182000,0.54000000
2018-02-28 05:20:25,0.00182000,69.06000000
2018-02-28 05:20:47,0.00182000,9.33000000
2018-02-28 05:20:47,0.00182000,5.49000000
2018-02-28 05:20:47,0.00182000,0.89000000
2018-02-28 05:20:48,0.00182000,7.18000000
2018-02-28 05:20:51,0.00181990,28.86000000
2018-02-28 05:20:51,0.00181990,5.47000000
2018-02-28 05:21:13,0.00181980,1.01000000
2018-02-28 05:21:21,0.00181890,4.45000000
2018-02-28 05:21:21,0.00181860,1.27000000
2018-02-28 05:21:21,0.00181730,9.09000000
2018-02-28 05:21:21,0.00181610,5.19000000
2018-02-28 05:22:00,0.00181980,8.25000000
2018-02-28 05:22:09,0.00182000,15.10000000
2018-02-28 05:22:15,0.00182000,10.38000000
2018-02-28 05:22:19,0.00181650,0.56000000
2018-02-28 05:22:31,0.00182000,16.98000000
2018-02-28 05:22:32,0.00182000,10.38000000
2018-02-28 05:22:33,0.00182000,6.59000000
2018-02-28 05:22:33,0.00181650,1.34000000
2018-02-28 05:22:40,0.00181650,10.00000000
2018-02-28 05:22:44,0.00182000,0.82000000
2018-02-28 05:23:06,0.00181890,4.45000000
2018-02-28 05:23:06,0.00181890,0.02000000
2018-02-28 05:23:20,0.00182000,22.45000000
2018-02-28 05:23:31,0.00181980,7.00000000
2018-02-28 05:24:10,0.00181650,10.00000000
2018-02-28 05:24:24,0.00182000,15.54000000
2018-02-28 05:24:32,0.00182000,17.35000000
2018-02-28 05:24:32,0.00182500,36.75000000
2018-02-28 05:24:33,0.00182270,13.50000000
2018-02-28 05:24:46,0.00182500,28.68000000
2018-02-28 05:24:46,0.00182640,4.41000000
2018-02-28 05:24:46,0.00182840,0.75000000
2018-02-28 05:24:46,0.00183070,6.52000000
2018-02-28 05:24:46,0.00183190,4.88000000
2018-02-28 05:24:46,0.00183280,1.13000000
2018-02-28 05:24:46,0.00183630,2.95000000
2018-02-28 05:24:46,0.00183770,1.10000000
2018-02-28 05:24:46,0.00183900,9.75000000
2018-02-28 05:24:46,0.00183910,8.04000000
2018-02-28 05:24:46,0.00183920,54.37000000
2018-02-28 05:24:46,0.00183980,9.92000000
2018-02-28 05:24:46,0.00184030,16.68000000
2018-02-28 05:24:46,0.00184370,1.18000000
2018-02-28 05:24:46,0.00184530,2.13000000
2018-02-28 05:24:46,0.00184540,8.07000000
2018-02-28 05:24:46,0.00184730,99.37000000
2018-02-28 05:24:46,0.00182910,2.00000000
2018-02-28 05:24:46,0.00182020,2.00000000
2018-02-28 05:24:50,0.00182090,1.33000000
2018-02-28 05:24:51,0.00182110,0.89000000
2018-02-28 05:24:51,0.00182120,64.74000000
2018-02-28 05:24:52,0.00182170,5.61000000
2018-02-28 05:24:53,0.00182170,0.93000000
2018-02-28 05:24:55,0.00182250,1.88000000
2018-02-28 05:24:57,0.00182520,3.82000000
2018-02-28 05:24:58,0.00182550,3.01000000
2018-02-28 05:25:02,0.00182650,0.88000000
2018-02-28 05:25:04,0.00182720,5.01000000
2018-02-28 05:25:05,0.00182740,3.83000000
2018-02-28 05:25:06,0.00182790,1.11000000
2018-02-28 05:25:06,0.00182820,16.65000000
2018-02-28 05:25:18,0.00183690,0.55000000
2018-02-28 05:25:40,0.00183060,10.91000000
2018-02-28 05:25:41,0.00183070,1.40000000
2018-02-28 05:25:57,0.00183150,0.76000000
2018-02-28 05:26:02,0.00183060,0.01000000
2018-02-28 05:26:02,0.00183050,1.75000000
2018-02-28 05:26:02,0.00182690,1.75000000
2018-02-28 05:26:02,0.00182690,35.31000000
2018-02-28 05:26:04,0.00182690,34.05000000
2018-02-28 05:26:20,0.00182750,1.77000000
2018-02-28 05:26:23,0.00182650,5.01000000
2018-02-28 05:26:34,0.00182670,36.64000000
2018-02-28 05:26:38,0.00182680,2.70000000
2018-02-28 05:26:42,0.00182680,2.74000000
2018-02-28 05:26:48,0.00182640,0.55000000
2018-02-28 05:26:51,0.00182680,2.73000000
2018-02-28 05:27:14,0.00182640,48.87000000
2018-02-28 05:27:27,0.00182620,3.66000000
2018-02-28 05:27:28,0.00182640,1.01000000
2018-02-28 05:27:37,0.00182640,0.68000000
2018-02-28 05:27:38,0.00182640,0.84000000
2018-02-28 05:27:55,0.00182620,5.17000000
2018-02-28 05:28:16,0.00182640,16.00000000
2018-02-28 05:28:41,0.00182680,0.66000000
2018-02-28 05:29:00,0.00182680,0.55000000
2018-02-28 05:29:23,0.00182640,0.93000000
2018-02-28 05:29:31,0.00182670,2.24000000
2018-02-28 05:29:47,0.00182500,0.65000000
2018-02-28 05:31:04,0.00182650,5.47000000
2018-02-28 05:31:09,0.00182500,3.20000000
2018-02-28 05:31:23,0.00182650,0.55000000
2018-02-28 05:32:02,0.00182670,0.55000000
2018-02-28 05:32:02,0.00182680,1.15000000
2018-02-28 05:32:47,0.00182680,55.00000000
2018-02-28 05:32:48,0.00182670,1.73000000
2018-02-28 05:32:48,0.00182670,1.43000000
2018-02-28 05:33:42,0.00182670,2.38000000
2018-02-28 05:33:42,0.00182680,1.06000000
2018-02-28 05:33:42,0.00182680,1.06000000
2018-02-28 05:33:42,0.00182680,1.09000000
2018-02-28 05:33:42,0.00182500,1.06000000
2018-02-28 05:33:50,0.00182500,33.47000000
2018-02-28 05:34:11,0.00182490,0.55000000
2018-02-28 05:34:31,0.00182490,4.53000000
2018-02-28 05:34:40,0.00182490,0.94000000
2018-02-28 05:34:44,0.00182490,2.60000000
2018-02-28 05:35:02,0.00182250,1.30000000
2018-02-28 05:35:24,0.00182260,13.89000000
2018-02-28 05:35:26,0.00182670,2.00000000
2018-02-28 05:35:46,0.00182670,0.55000000
2018-02-28 05:36:26,0.00182260,1.24000000
2018-02-28 05:36:48,0.00182670,8.37000000
2018-02-28 05:36:49,0.00182670,2.83000000
2018-02-28 05:37:40,0.00182380,6.00000000
2018-02-28 05:38:57,0.00182380,52.22000000
2018-02-28 05:38:57,0.00182260,10.97000000
2018-02-28 05:38:57,0.00182250,12.81000000
2018-02-28 05:39:05,0.00182190,4.00000000
2018-02-28 05:39:09,0.00182240,3.28000000
2018-02-28 05:39:13,0.00182190,3.59000000
2018-02-28 05:39:13,0.00182020,8.08000000
2018-02-28 05:39:13,0.00182010,1.84000000
2018-02-28 05:39:13,0.00182000,46.00000000
2018-02-28 05:39:13,0.00181920,0.85000000
2018-02-28 05:39:13,0.00181800,4.88000000
2018-02-28 05:39:13,0.00181760,9.75000000
2018-02-28 05:39:13,0.00181750,29.95000000
2018-02-28 05:39:13,0.00181610,26.43000000
2018-02-28 05:39:13,0.00181610,13.65000000
2018-02-28 05:39:13,0.00181610,3.26000000
2018-02-28 05:39:13,0.00181610,3.91000000
2018-02-28 05:39:13,0.00181610,3.92000000
2018-02-28 05:39:13,0.00181600,9.02000000
2018-02-28 05:39:13,0.00181610,0.88000000
2018-02-28 05:39:13,0.00181600,3.91000000
2018-02-28 05:39:14,0.00181610,2.26000000
2018-02-28 05:39:14,0.00181610,1.10000000
2018-02-28 05:39:14,0.00181610,50.27000000
2018-02-28 05:39:15,0.00181610,1.44000000
2018-02-28 05:39:16,0.00181610,0.93000000
2018-02-28 05:39:16,0.00181610,26.58000000
2018-02-28 05:39:17,0.00181610,0.74000000
2018-02-28 05:39:17,0.00181610,1.57000000
2018-02-28 05:39:17,0.00181610,16.10000000
2018-02-28 05:39:17,0.00181610,2.50000000
2018-02-28 05:39:17,0.00181610,3.19000000
2018-02-28 05:39:18,0.00181610,53.03000000
2018-02-28 05:39:18,0.00181610,27.50000000
2018-02-28 05:39:19,0.00181600,27.50000000
2018-02-28 05:39:21,0.00181610,2.00000000
2018-02-28 05:39:23,0.00181600,51.04000000
2018-02-28 05:39:34,0.00181600,33.88000000
2018-02-28 05:39:34,0.00181580,1.26000000
2018-02-28 05:39:34,0.00181500,17.10000000
2018-02-28 05:39:34,0.00181450,2.30000000
2018-02-28 05:39:34,0.00181400,53.55000000
2018-02-28 05:39:34,0.00181390,3.36000000
2018-02-28 05:39:34,0.00181380,11.24000000
2018-02-28 05:39:34,0.00181340,350.33000000
2018-02-28 05:39:34,0.00181340,2.54000000
2018-02-28 05:39:34,0.00181340,2.54000000
2018-02-28 05:39:34,0.00181330,2.54000000
2018-02-28 05:39:34,0.00181340,2.04000000
2018-02-28 05:39:34,0.00181340,2.04000000
2018-02-28 05:39:34,0.00181330,2.04000000
2018-02-28 05:39:34,0.00181340,2.59000000
2018-02-28 05:39:34,0.00181340,13.76000000
2018-02-28 05:39:34,0.00181340,5.49000000
2018-02-28 05:39:34,0.00181340,5.61000000
2018-02-28 05:39:34,0.00181340,23.79000000
2018-02-28 05:39:34,0.00181340,5.17000000
2018-02-28 05:39:34,0.00181340,173.99000000
2018-02-28 05:39:34,0.00181610,4.54000000
2018-02-28 05:39:37,0.00181610,6.08000000
2018-02-28 05:39:38,0.00181610,1.18000000
2018-02-28 05:39:43,0.00182130,10.97000000
2018-02-28 05:39:43,0.00182140,10.03000000
2018-02-28 05:39:46,0.00181460,27.55000000
2018-02-28 05:39:46,0.00181450,53.43000000
2018-02-28 05:39:46,0.00181440,11.02000000
2018-02-28 05:39:46,0.00181360,1.18000000
2018-02-28 05:39:46,0.00181350,2.27000000
2018-02-28 05:39:46,0.00181340,10.07000000
2018-02-28 05:39:46,0.00181330,7.66000000
2018-02-28 05:39:47,0.00181360,10.20000000
2018-02-28 05:39:47,0.00181360,1.36000000
2018-02-28 05:39:47,0.00181360,7.99000000
2018-02-28 05:39:47,0.00181360,4.19000000
2018-02-28 05:39:48,0.00181360,2.63000000
2018-02-28 05:39:48,0.00181370,6.65000000
2018-02-28 05:39:49,0.00181370,0.68000000
2018-02-28 05:39:50,0.00181370,4.88000000
2018-02-28 05:39:52,0.00181330,13.29000000
2018-02-28 05:39:54,0.00181330,13.29000000
2018-02-28 05:39:56,0.00181370,2.00000000
2018-02-28 05:40:00,0.00181330,2.19000000
2018-02-28 05:40:04,0.00181370,8.87000000
2018-02-28 05:40:09,0.00181370,0.96000000
2018-02-28 05:40:11,0.00181370,5.79000000
2018-02-28 05:40:19,0.00181370,5.22000000
2018-02-28 05:40:20,0.00181370,5.22000000
2018-02-28 05:40:24,0.00181370,44.57000000
2018-02-28 05:40:30,0.00181370,20.65000000
2018-02-28 05:40:31,0.00181400,27.55000000
2018-02-28 05:40:31,0.00181390,103.01000000
2018-02-28 05:40:31,0.00181350,3.87000000
2018-02-28 05:40:32,0.00181350,2.16000000
2018-02-28 05:40:33,0.00181350,19.02000000
2018-02-28 05:40:34,0.00181350,0.80000000
2018-02-28 05:40:34,0.00181350,1.03000000
2018-02-28 05:40:35,0.00181340,16.06000000
2018-02-28 05:40:37,0.00181350,82.40000000
2018-02-28 05:40:51,0.00181340,310.26000000
2018-02-28 05:40:55,0.00181340,1.74000000
2018-02-28 05:41:06,0.00181350,9.60000000
2018-02-28 05:41:30,0.00181340,2.42000000
2018-02-28 05:41:46,0.00181350,1.10000000
2018-02-28 05:41:47,0.00181350,5.29000000
2018-02-28 05:41:48,0.00181350,45.28000000
2018-02-28 05:42:12,0.00181350,12.23000000
2018-02-28 05:42:18,0.00181340,19.77000000
2018-02-28 05:42:26,0.00181340,19.75000000
2018-02-28 05:42:28,0.00181350,0.14000000
2018-02-28 05:42:31,0.00181350,2.80000000
2018-02-28 05:42:31,0.00181350,2.20000000
2018-02-28 05:42:31,0.00181350,1.89000000
2018-02-28 05:42:31,0.00181350,2.75000000
2018-02-28 05:42:31,0.00181350,1.65000000
2018-02-28 05:42:31,0.00181350,1.10000000
2018-02-28 05:42:31,0.00181350,1.37000000
2018-02-28 05:42:31,0.00181350,2.75000000
2018-02-28 05:42:31,0.00181350,2.75000000
2018-02-28 05:42:31,0.00181350,1.10000000
2018-02-28 05:42:31,0.00181350,4.41000000
2018-02-28 05:42:31,0.00181350,10.99000000
2018-02-28 05:42:31,0.00181350,9.97000000
2018-02-28 05:42:31,0.00181350,14.51000000
2018-02-28 05:42:32,0.00181350,1.10000000
2018-02-28 05:42:32,0.00181350,5.51000000
2018-02-28 05:42:32,0.00181350,3.89000000
2018-02-28 05:42:32,0.00181350,2.75000000
2018-02-28 05:42:32,0.00181350,5.51000000
2018-02-28 05:42:32,0.00181350,1.92000000
2018-02-28 05:42:32,0.00181350,1.10000000
2018-02-28 05:42:32,0.00181350,3.30000000
2018-02-28 05:42:32,0.00181350,1.10000000
2018-02-28 05:42:32,0.00181350,1.10000000
2018-02-28 05:42:32,0.00181350,1.10000000
2018-02-28 05:42:32,0.00181350,5.51000000
2018-02-28 05:42:32,0.00181350,2.20000000
2018-02-28 05:42:32,0.00181350,2.20000000
2018-02-28 05:42:32,0.00181350,1.92000000
2018-02-28 05:42:32,0.00181350,1.10000000
2018-02-28 05:42:33,0.00181350,5.51000000
2018-02-28 05:42:33,0.00181350,1.10000000
2018-02-28 05:42:42,0.00181340,1.70000000
2018-02-28 05:42:53,0.00181350,17.85000000
2018-02-28 05:43:11,0.00181350,1.78000000
2018-02-28 05:43:29,0.00181340,0.44000000
2018-02-28 05:43:31,0.00181350,1.54000000
2018-02-28 05:43:32,0.00181350,73.31000000
2018-02-28 05:43:33,0.00181710,1.29000000
2018-02-28 05:43:34,0.00181710,5.12000000
2018-02-28 05:43:36,0.00181780,0.64000000
2018-02-28 05:43:37,0.00181760,3.97000000
2018-02-28 05:43:37,0.00181770,3.72000000
2018-02-28 05:43:38,0.00181800,1.82000000
2018-02-28 05:43:38,0.00182010,19.81000000
2018-02-28 05:43:38,0.00182050,3.37000000
2018-02-28 05:43:39,0.00182030,1.35000000
2018-02-28 05:43:41,0.00182050,3.34000000
2018-02-28 05:43:42,0.00182020,3.13000000
2018-02-28 05:43:43,0.00182050,11.95000000
2018-02-28 05:43:44,0.00181510,5.50000000
2018-02-28 05:43:44,0.00181510,1.29000000
2018-02-28 05:43:45,0.00181530,8.29000000
2018-02-28 05:43:49,0.00182050,4.64000000
2018-02-28 05:43:56,0.00182240,1.35000000
2018-02-28 05:43:58,0.00182240,3.61000000
2018-02-28 05:44:00,0.00182240,1.19000000
2018-02-28 05:44:10,0.00181850,12.46000000
2018-02-28 05:44:10,0.00181840,2.03000000
2018-02-28 05:44:10,0.00182240,2.79000000
2018-02-28 05:44:13,0.00182220,19.02000000
2018-02-28 05:44:19,0.00182170,2.03000000
2018-02-28 05:44:19,0.00182180,2.17000000
2018-02-28 05:44:28,0.00181550,4.91000000
2018-02-28 05:44:29,0.00181580,4.84000000
2018-02-28 05:44:44,0.00181590,3.56000000
2018-02-28 05:44:44,0.00181600,4.67000000
2018-02-28 05:44:50,0.00181600,4.84000000
2018-02-28 05:44:53,0.00181370,0.56000000
2018-02-28 05:44:55,0.00181600,8.59000000
2018-02-28 05:45:04,0.00181400,0.56000000
2018-02-28 05:45:19,0.00181430,13.90000000
2018-02-28 05:45:40,0.00182160,13.04000000
2018-02-28 05:45:42,0.00181520,27.53000000
2018-02-28 05:45:42,0.00181510,6.75000000
2018-02-28 05:45:42,0.00181490,1.16000000
2018-02-28 05:45:42,0.00181430,4.84000000
2018-02-28 05:45:42,0.00181420,6.41000000
2018-02-28 05:45:47,0.00181380,1.43000000
2018-02-28 05:45:51,0.00181330,3.77000000
2018-02-28 05:46:08,0.00181340,5.51000000
2018-02-28 05:46:19,0.00181330,120.66000000
2018-02-28 05:46:19,0.00181280,0.60000000
2018-02-28 05:46:19,0.00181250,8.91000000
2018-02-28 05:46:19,0.00181220,1.07000000
2018-02-28 05:46:19,0.00181210,2.31000000
2018-02-28 05:46:19,0.00181110,10.96000000
2018-02-28 05:46:19,0.00181100,1.13000000
2018-02-28 05:47:16,0.00181240,14.16000000
2018-02-28 05:47:20,0.00181100,14.87000000
2018-02-28 05:47:20,0.00181050,8.03000000
2018-02-28 05:47:56,0.00181240,1.44000000
2018-02-28 05:47:56,0.00181410,4.07000000
2018-02-28 05:47:59,0.00181420,1.91000000
2018-02-28 05:48:00,0.00181420,0.09000000
2018-02-28 05:48:01,0.00181430,2.68000000
2018-02-28 05:48:02,0.00181430,1.62000000
2018-02-28 05:48:03,0.00181430,8.53000000
2018-02-28 05:48:03,0.00181430,9.36000000
2018-02-28 05:48:04,0.00181430,6.80000000
2018-02-28 05:48:04,0.00181430,10.96000000
2018-02-28 05:48:04,0.00181430,1.06000000
2018-02-28 05:48:09,0.00181430,0.33000000
2018-02-28 05:48:09,0.00181430,2.07000000
2018-02-28 05:48:17,0.00181830,4.80000000
2018-02-28 05:48:18,0.00181820,8.16000000
2018-02-28 05:48:26,0.00181810,0.99000000
2018-02-28 05:48:34,0.00181810,0.81000000
2018-02-28 05:48:34,0.00181810,0.15000000
2018-02-28 05:48:34,0.00181840,4.88000000
2018-02-28 05:48:34,0.00181920,0.47000000
2018-02-28 05:48:40,0.00181920,0.92000000
2018-02-28 05:48:44,0.00181910,75.57000000
2018-02-28 05:48:44,0.00181920,78.91000000
2018-02-28 05:48:45,0.00181920,78.20000000
2018-02-28 05:48:50,0.00181920,311.68000000
2018-02-28 05:49:10,0.00181870,2.02000000
2018-02-28 05:49:38,0.00181870,3.79000000
2018-02-28 05:49:39,0.00181340,0.02000000
2018-02-28 05:50:28,0.00181510,3.05000000
2018-02-28 05:50:56,0.00181520,20.00000000
2018-02-28 05:50:59,0.00181590,3.06000000
2018-02-28 05:51:30,0.00181560,13.30000000
2018-02-28 05:51:32,0.00181560,12.68000000
2018-02-28 05:51:43,0.00181560,0.02000000
2018-02-28 05:51:43,0.00181600,5.48000000
2018-02-28 05:51:46,0.00181600,3.88000000
2018-02-28 05:51:47,0.00181600,7.84000000
2018-02-28 05:51:52,0.00181600,7.12000000
2018-02-28 05:52:02,0.00181600,1.10000000
2018-02-28 05:52:02,0.00181600,5.50000000
2018-02-28 05:52:26,0.00181520,1.81000000
2018-02-28 05:52:26,0.00181500,2.81000000
2018-02-28 05:52:42,0.00181600,4.08000000
2018-02-28 05:52:50,0.00181600,5.50000000
2018-02-28 05:52:55,0.00181600,23.00000000
2018-02-28 05:53:11,0.00181600,8.94000000
2018-02-28 05:53:11,0.00181600,14.18000000
2018-02-28 05:53:11,0.00181870,11.82000000
2018-02-28 05:53:15,0.00181510,4.24000000
2018-02-28 05:53:18,0.00181870,1.42000000
2018-02-28 05:53:19,0.00181870,1.37000000
2018-02-28 05:53:32,0.00181870,0.60000000
2018-02-28 05:53:32,0.00181910,2.81000000
2018-02-28 05:53:32,0.00181920,16.59000000
2018-02-28 05:53:38,0.00181920,0.99000000
2018-02-28 05:54:21,0.00181550,20.00000000
2018-02-28 05:54:37,0.00181550,14.31000000
2018-02-28 05:54:39,0.00181540,5.49000000
2018-02-28 05:54:40,0.00181490,10.29000000
2018-02-28 05:54:41,0.00181540,22.06000000
2018-02-28 05:54:41,0.00181550,25.63000000
2018-02-28 05:54:41,0.00181910,16.10000000
2018-02-28 05:54:41,0.00181920,92.33000000
2018-02-28 05:55:00,0.00181500,1.50000000
2018-02-28 05:55:13,0.00181500,5.03000000
2018-02-28 05:55:25,0.00181910,3.30000000
2018-02-28 05:55:29,0.00181500,20.98000000
2018-02-28 05:55:29,0.00181490,8.06000000
2018-02-28 05:55:29,0.00181340,1.20000000
2018-02-28 05:55:29,0.00181280,21.58000000
2018-02-28 05:55:29,0.00181250,3.56000000
2018-02-28 05:56:06,0.00181240,1.00000000
2018-02-28 05:56:16,0.00181240,3.31000000
2018-02-28 05:56:19,0.00181120,2.18000000
2018-02-28 05:56:19,0.00181050,41.97000000
2018-02-28 05:56:19,0.00181000,115.35000000
2018-02-28 05:56:19,0.00181000,10.00000000
2018-02-28 05:56:19,0.00181000,35.53000000
2018-02-28 05:56:22,0.00181110,13.95000000
2018-02-28 05:56:39,0.00181110,5.52000000
2018-02-28 05:56:45,0.00181000,0.97000000
2018-02-28 05:56:49,0.00181110,3.72000000
2018-02-28 05:57:02,0.00181010,6.58000000
2018-02-28 05:57:02,0.00181010,0.58000000
2018-02-28 05:57:03,0.00181010,0.89000000
2018-02-28 05:57:04,0.00181010,0.89000000
2018-02-28 05:57:04,0.00181010,0.56000000
2018-02-28 05:57:05,0.00181010,2.58000000
2018-02-28 05:57:06,0.00181010,18.44000000
2018-02-28 05:57:07,0.00181010,43.03000000
2018-02-28 05:57:08,0.00181010,3.31000000
2018-02-28 05:57:08,0.00181010,15.92000000
2018-02-28 05:57:08,0.00181010,15.84000000
2018-02-28 05:57:08,0.00181530,4.16000000
2018-02-28 05:57:10,0.00181700,3.55000000
2018-02-28 05:57:10,0.00181710,3.56000000
2018-02-28 05:57:10,0.00181910,7.89000000
2018-02-28 05:57:16,0.00181690,0.99000000
2018-02-28 05:57:34,0.00181920,46.89000000
2018-02-28 05:57:54,0.00181560,9.99000000
2018-02-28 05:58:14,0.00181560,1.58000000
2018-02-28 05:58:21,0.00181560,0.60000000
2018-02-28 05:59:03,0.00181560,4.41000000
2018-02-28 05:59:05,0.00181560,11.01000000
2018-02-28 05:59:05,0.00181560,48.16000000
2018-02-28 05:59:06,0.00181550,11.01000000
2018-02-28 05:59:06,0.00181550,1.10000000
2018-02-28 05:59:32,0.00181510,5.50000000
2018-02-28 05:59:34,0.00181510,4.88000000
