DATE,PRICE,VOLUME
2018-02-26 05:00:00,0.00060100,394.00000000
2018-02-26 05:00:02,0.00060100,514.00000000
2018-02-26 05:00:02,0.00060099,27.00000000
2018-02-26 05:00:02,0.00060099,507.00000000
2018-02-26 05:00:09,0.00060099,2.00000000
2018-02-26 05:00:09,0.00060145,5.00000000
2018-02-26 05:00:11,0.00060145,2.00000000
2018-02-26 05:00:14,0.00060145,9.00000000
2018-02-26 05:00:14,0.00060145,127.00000000
2018-02-26 05:00:18,0.00060140,19.00000000
2018-02-26 05:00:18,0.00060150,51.00000000
2018-02-26 05:00:24,0.00060150,9.00000000
2018-02-26 05:00:27,0.00060166,4.00000000
2018-02-26 05:00:27,0.00060178,3.00000000
2018-02-26 05:00:30,0.00060144,135.00000000
2018-02-26 05:00:30,0.00060178,1.00000000
2018-02-26 05:00:30,0.00060184,4.00000000
2018-02-26 05:00:30,0.00060190,4.00000000
2018-02-26 05:00:30,0.00060195,21.00000000
2018-02-26 05:00:30,0.00060196,49.00000000
2018-02-26 05:00:30,0.00060198,222.00000000
2018-02-26 05:00:30,0.00060199,36.00000000
2018-02-26 05:00:31,0.00060178,303.00000000
2018-02-26 05:00:34,0.00060104,2.00000000
2018-02-26 05:00:34,0.00060104,2.00000000
2018-02-26 05:00:34,0.00060101,59.00000000
2018-02-26 05:00:34,0.00060100,111.00000000
2018-02-26 05:00:34,0.00060100,125.00000000
2018-02-26 05:00:35,0.00060199,157.00000000
2018-02-26 05:00:38,0.00060196,4.00000000
2018-02-26 05:00:38,0.00060199,19.00000000
2018-02-26 05:00:38,0.00060200,118.00000000
2018-02-26 05:00:39,0.00060178,12.00000000
2018-02-26 05:00:40,0.00060200,261.00000000
2018-02-26 05:00:40,0.00060200,438.00000000
2018-02-26 05:00:40,0.00060200,148.00000000
2018-02-26 05:00:41,0.00060200,3.00000000
2018-02-26 05:00:44,0.00060200,4.00000000
2018-02-26 05:00:45,0.00060200,2.00000000
2018-02-26 05:00:45,0.00060200,69.00000000
2018-02-26 05:00:45,0.00060200,82.00000000
2018-02-26 05:00:46,0.00060210,20.00000000
2018-02-26 05:00:47,0.00060210,20.00000000
2018-02-26 05:00:48,0.00060200,141.00000000
2018-02-26 05:00:50,0.00060201,5.00000000
2018-02-26 05:00:54,0.00060210,694.00000000
2018-02-26 05:00:55,0.00060210,59.00000000
2018-02-26 05:00:55,0.00060210,14.00000000
2018-02-26 05:00:56,0.00060210,500.00000000
2018-02-26 05:00:56,0.00060210,395.00000000
2018-02-26 05:00:56,0.00060201,40.00000000
2018-02-26 05:00:56,0.00060201,69.00000000
2018-02-26 05:00:58,0.00060226,20.00000000
2018-02-26 05:00:58,0.00060235,33.00000000
2018-02-26 05:00:58,0.00060250,2.00000000
2018-02-26 05:00:58,0.00060266,4.00000000
2018-02-26 05:00:58,0.00060278,831.00000000
2018-02-26 05:00:58,0.00060278,25.00000000
2018-02-26 05:00:58,0.00060278,5.00000000
2018-02-26 05:00:58,0.00060278,4.00000000
2018-02-26 05:00:58,0.00060200,106.00000000
2018-02-26 05:00:58,0.00060200,4.00000000
2018-02-26 05:01:00,0.00060200,19.00000000
2018-02-26 05:01:01,0.00060203,4.00000000
2018-02-26 05:01:02,0.00060201,102.00000000
2018-02-26 05:01:02,0.00060200,749.00000000
2018-02-26 05:01:02,0.00060200,68.00000000
2018-02-26 05:01:02,0.00060200,132.00000000
2018-02-26 05:01:04,0.00060200,107.00000000
2018-02-26 05:01:05,0.00060200,18.00000000
2018-02-26 05:01:06,0.00060200,4.00000000
2018-02-26 05:01:07,0.00060200,404.00000000
2018-02-26 05:01:07,0.00060200,105.00000000
2018-02-26 05:01:07,0.00060199,243.00000000
2018-02-26 05:01:07,0.00060178,265.00000000
2018-02-26 05:01:07,0.00060177,49.00000000
2018-02-26 05:01:07,0.00060143,8.00000000
2018-02-26 05:01:07,0.00060100,140.00000000
2018-02-26 05:01:07,0.00060098,143.00000000
2018-02-26 05:01:07,0.00060029,30.00000000
2018-02-26 05:01:07,0.00060019,114.00000000
2018-02-26 05:01:07,0.00060201,7.00000000
2018-02-26 05:01:08,0.00060200,331.00000000
2018-02-26 05:01:08,0.00060200,4.00000000
2018-02-26 05:01:08,0.00060200,4.00000000
2018-02-26 05:01:09,0.00060200,2.00000000
2018-02-26 05:01:09,0.00060201,13.00000000
2018-02-26 05:01:10,0.00060200,6.00000000
2018-02-26 05:01:10,0.00060200,5.00000000
2018-02-26 05:01:10,0.00060200,4.00000000
2018-02-26 05:01:11,0.00060201,205.00000000
2018-02-26 05:01:11,0.00060297,10.00000000
2018-02-26 05:01:11,0.00060298,79.00000000
2018-02-26 05:01:11,0.00060299,97.00000000
2018-02-26 05:01:13,0.00060298,10.00000000
2018-02-26 05:01:13,0.00060299,9.00000000
2018-02-26 05:01:16,0.00060203,4.00000000
2018-02-26 05:01:16,0.00060201,90.00000000
2018-02-26 05:01:16,0.00060200,62.00000000
2018-02-26 05:01:16,0.00060200,5.00000000
2018-02-26 05:01:17,0.00060200,114.00000000
2018-02-26 05:01:19,0.00060200,29.00000000
2018-02-26 05:01:22,0.00060292,8.00000000
2018-02-26 05:01:22,0.00060296,8.00000000
2018-02-26 05:01:23,0.00060200,14.00000000
2018-02-26 05:01:25,0.00060200,138.00000000
2018-02-26 05:01:25,0.00060200,170.00000000
2018-02-26 05:01:31,0.00060197,4.00000000
2018-02-26 05:01:31,0.00060200,52.00000000
2018-02-26 05:01:32,0.00060188,4.00000000
2018-02-26 05:01:33,0.00060131,7.00000000
2018-02-26 05:01:34,0.00060131,6.00000000
2018-02-26 05:01:34,0.00060131,7.00000000
2018-02-26 05:01:35,0.00060033,24.00000000
2018-02-26 05:01:36,0.00060038,16.00000000
2018-02-26 05:01:36,0.00060038,9.00000000
2018-02-26 05:01:36,0.00060038,77.00000000
2018-02-26 05:01:37,0.00060038,9.00000000
2018-02-26 05:01:37,0.00060040,10.00000000
2018-02-26 05:01:37,0.00060038,3.00000000
2018-02-26 05:01:38,0.00060042,8.00000000
2018-02-26 05:01:38,0.00060042,27.00000000
2018-02-26 05:01:38,0.00060042,7.00000000
2018-02-26 05:01:39,0.00060042,5.00000000
2018-02-26 05:01:39,0.00060042,18.00000000
2018-02-26 05:01:39,0.00060036,195.00000000
2018-02-26 05:01:39,0.00060035,39.00000000
2018-02-26 05:01:40,0.00060035,63.00000000
2018-02-26 05:01:40,0.00060035,49.00000000
2018-02-26 05:01:40,0.00060033,2.00000000
2018-02-26 05:01:40,0.00060033,132.00000000
2018-02-26 05:01:40,0.00060033,20.00000000
2018-02-26 05:01:40,0.00060030,8.00000000
2018-02-26 05:01:40,0.00060026,2.00000000
2018-02-26 05:01:41,0.00060033,26.00000000
2018-02-26 05:01:41,0.00060035,23.00000000
2018-02-26 05:01:42,0.00060035,15.00000000
2018-02-26 05:01:43,0.00060029,4.00000000
2018-02-26 05:01:43,0.00060035,14.00000000
2018-02-26 05:01:44,0.00060035,82.00000000
2018-02-26 05:01:46,0.00060035,9.00000000
2018-02-26 05:01:47,0.00060035,121.00000000
2018-02-26 05:01:47,0.00060035,49.00000000
2018-02-26 05:01:47,0.00060035,101.00000000
2018-02-26 05:01:47,0.00060035,16.00000000
2018-02-26 05:01:47,0.00060033,49.00000000
2018-02-26 05:01:51,0.00060033,7.00000000
2018-02-26 05:01:53,0.00060033,11.00000000
2018-02-26 05:01:53,0.00060033,46.00000000
2018-02-26 05:01:54,0.00060035,190.00000000
2018-02-26 05:01:55,0.00060033,5.00000000
2018-02-26 05:01:59,0.00060035,50.00000000
2018-02-26 05:02:01,0.00060035,5.00000000
2018-02-26 05:02:03,0.00060033,44.00000000
2018-02-26 05:02:03,0.00060033,7.00000000
2018-02-26 05:02:04,0.00060033,303.00000000
2018-02-26 05:02:04,0.00060026,2.00000000
2018-02-26 05:02:04,0.00060008,5.00000000
2018-02-26 05:02:04,0.00060004,102.00000000
2018-02-26 05:02:04,0.00060002,100.00000000
2018-02-26 05:02:04,0.00060001,120.00000000
2018-02-26 05:02:04,0.00060000,261.00000000
2018-02-26 05:02:11,0.00059993,8.00000000
2018-02-26 05:02:11,0.00059991,8.00000000
2018-02-26 05:02:20,0.00060000,10.00000000
2018-02-26 05:02:21,0.00059991,158.00000000
2018-02-26 05:02:25,0.00059990,9.00000000
2018-02-26 05:02:30,0.00059990,16.00000000
2018-02-26 05:02:34,0.00059990,15.00000000
2018-02-26 05:02:38,0.00059991,3.00000000
2018-02-26 05:02:38,0.00059999,7.00000000
2018-02-26 05:02:43,0.00059991,13.00000000
2018-02-26 05:02:44,0.00059990,7.00000000
2018-02-26 05:02:45,0.00059990,4.00000000
2018-02-26 05:02:46,0.00059990,2.00000000
2018-02-26 05:02:46,0.00059991,706.00000000
2018-02-26 05:02:48,0.00059960,68.00000000
2018-02-26 05:02:48,0.00059959,7.00000000
2018-02-26 05:02:48,0.00059900,258.00000000
2018-02-26 05:02:51,0.00059991,86.00000000
2018-02-26 05:02:51,0.00059991,14.00000000
2018-02-26 05:02:52,0.00059991,11.00000000
2018-02-26 05:02:52,0.00059991,50.00000000
2018-02-26 05:02:54,0.00059991,6.00000000
2018-02-26 05:02:55,0.00059999,7.00000000
2018-02-26 05:02:56,0.00059991,48.00000000
2018-02-26 05:02:59,0.00059920,9.00000000
2018-02-26 05:02:59,0.00059919,9.00000000
2018-02-26 05:02:59,0.00059911,16.00000000
2018-02-26 05:02:59,0.00059900,100.00000000
2018-02-26 05:02:59,0.00059852,5.00000000
2018-02-26 05:02:59,0.00059841,8.00000000
2018-02-26 05:02:59,0.00059830,4.00000000
2018-02-26 05:02:59,0.00059900,6.00000000
2018-02-26 05:02:59,0.00059900,6.00000000
2018-02-26 05:02:59,0.00059900,52.00000000
2018-02-26 05:03:02,0.00059991,3.00000000
2018-02-26 05:03:02,0.00059991,3.00000000
2018-02-26 05:03:02,0.00059991,2.00000000
2018-02-26 05:03:02,0.00059903,4.00000000
2018-02-26 05:03:02,0.00059901,92.00000000
2018-02-26 05:03:02,0.00059900,16.00000000
2018-02-26 05:03:02,0.00059850,1620.00000000
2018-02-26 05:03:02,0.00059830,25.00000000
2018-02-26 05:03:02,0.00059811,59.00000000
2018-02-26 05:03:02,0.00059810,200.00000000
2018-02-26 05:03:02,0.00059804,201.00000000
2018-02-26 05:03:02,0.00059800,941.00000000
2018-02-26 05:03:02,0.00059788,19.00000000
2018-02-26 05:03:02,0.00059775,350.00000000
2018-02-26 05:03:02,0.00059774,19.00000000
2018-02-26 05:03:02,0.00059773,17.00000000
2018-02-26 05:03:02,0.00059760,12.00000000
2018-02-26 05:03:02,0.00059751,5.00000000
2018-02-26 05:03:02,0.00059750,200.00000000
2018-02-26 05:03:02,0.00059706,251.00000000
2018-02-26 05:03:02,0.00059702,690.00000000
2018-02-26 05:03:02,0.00059701,22.00000000
2018-02-26 05:03:02,0.00059700,82.00000000
2018-02-26 05:03:02,0.00059692,40.00000000
2018-02-26 05:03:02,0.00059691,37.00000000
2018-02-26 05:03:02,0.00059690,4.00000000
2018-02-26 05:03:02,0.00059679,4.00000000
2018-02-26 05:03:02,0.00059666,145.00000000
2018-02-26 05:03:02,0.00059658,4.00000000
2018-02-26 05:03:02,0.00059655,530.00000000
2018-02-26 05:03:02,0.00059654,167.00000000
2018-02-26 05:03:02,0.00059653,49.00000000
2018-02-26 05:03:02,0.00059650,2561.00000000
2018-02-26 05:03:02,0.00059642,167.00000000
2018-02-26 05:03:02,0.00059638,8.00000000
2018-02-26 05:03:02,0.00059620,167.00000000
2018-02-26 05:03:02,0.00059613,1002.00000000
2018-02-26 05:03:02,0.00059612,1000.00000000
2018-02-26 05:03:02,0.00059611,1000.00000000
2018-02-26 05:03:02,0.00059610,1000.00000000
2018-02-26 05:03:02,0.00059609,1000.00000000
2018-02-26 05:03:02,0.00059608,1000.00000000
2018-02-26 05:03:02,0.00059607,471.00000000
2018-02-26 05:03:03,0.00059903,15.00000000
2018-02-26 05:03:03,0.00059903,236.00000000
2018-02-26 05:03:04,0.00059904,9.00000000
2018-02-26 05:03:04,0.00059900,7.00000000
2018-02-26 05:03:06,0.00059980,2.00000000
2018-02-26 05:03:07,0.00059980,2.00000000
2018-02-26 05:03:13,0.00059905,208.00000000
2018-02-26 05:03:13,0.00059977,167.00000000
2018-02-26 05:03:13,0.00059978,8.00000000
2018-02-26 05:03:13,0.00059979,167.00000000
2018-02-26 05:03:13,0.00059980,4.00000000
2018-02-26 05:03:13,0.00059985,4.00000000
2018-02-26 05:03:13,0.00059990,86.00000000
2018-02-26 05:03:13,0.00059900,163.00000000
2018-02-26 05:03:13,0.00059990,16.00000000
2018-02-26 05:03:13,0.00059904,16.00000000
2018-02-26 05:03:14,0.00059903,14.00000000
2018-02-26 05:03:14,0.00059903,12.00000000
2018-02-26 05:03:14,0.00059903,14.00000000
2018-02-26 05:03:14,0.00059903,2.00000000
2018-02-26 05:03:14,0.00059903,36.00000000
2018-02-26 05:03:14,0.00059903,100.00000000
2018-02-26 05:03:14,0.00059903,49.00000000
2018-02-26 05:03:14,0.00059903,16.00000000
2018-02-26 05:03:15,0.00059903,2.00000000
2018-02-26 05:03:16,0.00059903,100.00000000
2018-02-26 05:03:17,0.00059902,16.00000000
2018-02-26 05:03:17,0.00059900,84.00000000
2018-02-26 05:03:17,0.00059876,4.00000000
2018-02-26 05:03:17,0.00059871,4.00000000
2018-02-26 05:03:17,0.00059866,4.00000000
2018-02-26 05:03:17,0.00059830,228.00000000
2018-02-26 05:03:17,0.00059903,16.00000000
2018-02-26 05:03:19,0.00059830,134.00000000
2018-02-26 05:03:19,0.00059801,9.00000000
2018-02-26 05:03:19,0.00059800,4.00000000
2018-02-26 05:03:19,0.00059717,15.00000000
2018-02-26 05:03:19,0.00059702,7.00000000
2018-02-26 05:03:22,0.00059849,16.00000000
2018-02-26 05:03:22,0.00059749,8.00000000
2018-02-26 05:03:22,0.00059707,40.00000000
2018-02-26 05:03:22,0.00059707,18.00000000
2018-02-26 05:03:22,0.00059707,11.00000000
2018-02-26 05:03:22,0.00059707,1.00000000
2018-02-26 05:03:23,0.00059773,4.00000000
2018-02-26 05:03:23,0.00059773,161.00000000
2018-02-26 05:03:23,0.00059771,12.00000000
2018-02-26 05:03:29,0.00059780,4.00000000
2018-02-26 05:03:29,0.00059779,4.00000000
2018-02-26 05:03:29,0.00059674,4.00000000
2018-02-26 05:03:29,0.00059612,124.00000000
2018-02-26 05:03:29,0.00059611,46.00000000
2018-02-26 05:03:29,0.00059883,6.00000000
2018-02-26 05:03:33,0.00059700,2.00000000
2018-02-26 05:03:33,0.00059700,10.00000000
2018-02-26 05:03:45,0.00059850,41.00000000
2018-02-26 05:03:52,0.00059834,118.00000000
2018-02-26 05:03:52,0.00059836,4.00000000
2018-02-26 05:03:52,0.00059838,2.00000000
2018-02-26 05:04:01,0.00059800,8.00000000
2018-02-26 05:04:02,0.00059800,2.00000000
2018-02-26 05:04:03,0.00059837,8.00000000
2018-02-26 05:04:03,0.00059838,21.00000000
2018-02-26 05:04:06,0.00059838,44.00000000
2018-02-26 05:04:06,0.00059844,480.00000000
2018-02-26 05:04:06,0.00059844,300.00000000
2018-02-26 05:04:06,0.00059800,12.00000000
2018-02-26 05:04:06,0.00059844,30.00000000
2018-02-26 05:04:06,0.00059844,16.00000000
2018-02-26 05:04:08,0.00059844,14.00000000
2018-02-26 05:04:09,0.00059844,30.00000000
2018-02-26 05:04:10,0.00059845,30.00000000
2018-02-26 05:04:11,0.00059850,30.00000000
2018-02-26 05:04:12,0.00059838,2.00000000
2018-02-26 05:04:12,0.00059800,178.00000000
2018-02-26 05:04:12,0.00059750,36.00000000
2018-02-26 05:04:12,0.00059701,53.00000000
2018-02-26 05:04:12,0.00059700,712.00000000
2018-02-26 05:04:13,0.00059800,205.00000000
2018-02-26 05:04:14,0.00059850,70.00000000
2018-02-26 05:04:14,0.00059869,4.00000000
2018-02-26 05:04:14,0.00059873,49.00000000
2018-02-26 05:04:14,0.00059875,4.00000000
2018-02-26 05:04:14,0.00059891,4.00000000
2018-02-26 05:04:14,0.00059900,37.00000000
2018-02-26 05:04:21,0.00059925,4.00000000
2018-02-26 05:04:22,0.00059931,5.00000000
2018-02-26 05:04:23,0.00059925,10.00000000
2018-02-26 05:04:23,0.00059926,4.00000000
2018-02-26 05:04:24,0.00059989,10.00000000
2018-02-26 05:04:25,0.00059800,166.00000000
2018-02-26 05:04:25,0.00059798,10.00000000
2018-02-26 05:04:25,0.00059792,50.00000000
2018-02-26 05:04:25,0.00059791,4.00000000
2018-02-26 05:04:25,0.00059791,26.00000000
2018-02-26 05:04:27,0.00059982,16.00000000
2018-02-26 05:04:29,0.00059836,4.00000000
2018-02-26 05:04:31,0.00059836,4.00000000
2018-02-26 05:04:34,0.00059900,190.00000000
2018-02-26 05:04:35,0.00059900,10.00000000
2018-02-26 05:04:37,0.00059900,165.00000000
2018-02-26 05:04:39,0.00059898,16.00000000
2018-02-26 05:04:40,0.00059898,134.00000000
2018-02-26 05:04:40,0.00059900,2030.00000000
2018-02-26 05:04:40,0.00059900,33.00000000
2018-02-26 05:04:41,0.00059900,129.00000000
2018-02-26 05:04:47,0.00059844,3.00000000
2018-02-26 05:04:47,0.00059790,30.00000000
2018-02-26 05:04:47,0.00059789,3.00000000
2018-02-26 05:04:52,0.00059894,4.00000000
2018-02-26 05:04:52,0.00059895,4.00000000
2018-02-26 05:04:58,0.00059895,8.00000000
2018-02-26 05:04:58,0.00059795,4.00000000
2018-02-26 05:04:58,0.00059789,41.00000000
2018-02-26 05:05:02,0.00059796,4.00000000
2018-02-26 05:05:02,0.00059791,4.00000000
2018-02-26 05:05:02,0.00059786,4.00000000
2018-02-26 05:05:02,0.00059783,4.00000000
2018-02-26 05:05:02,0.00059780,20.00000000
2018-02-26 05:05:08,0.00059880,16.00000000
2018-02-26 05:05:12,0.00059883,4.00000000
2018-02-26 05:05:18,0.00059800,2.00000000
2018-02-26 05:05:18,0.00059800,60.00000000
2018-02-26 05:05:18,0.00059883,9.00000000
2018-02-26 05:05:21,0.00059783,4.00000000
2018-02-26 05:05:21,0.00059780,16.00000000
2018-02-26 05:05:22,0.00059870,41.00000000
2018-02-26 05:05:22,0.00059886,418.00000000
2018-02-26 05:05:22,0.00059886,17.00000000
2018-02-26 05:05:23,0.00059883,248.00000000
2018-02-26 05:05:23,0.00059883,49.00000000
2018-02-26 05:05:23,0.00059780,43.00000000
2018-02-26 05:05:26,0.00059880,13.00000000
2018-02-26 05:05:26,0.00059880,3.00000000
2018-02-26 05:05:27,0.00059780,9.00000000
2018-02-26 05:05:30,0.00059881,6.00000000
2018-02-26 05:05:31,0.00059881,10.00000000
2018-02-26 05:05:46,0.00059880,4.00000000
2018-02-26 05:05:46,0.00059881,4.00000000
2018-02-26 05:05:46,0.00059883,547.00000000
2018-02-26 05:05:51,0.00059800,16.00000000
2018-02-26 05:06:04,0.00059880,15.00000000
2018-02-26 05:06:04,0.00059880,22.00000000
2018-02-26 05:06:07,0.00059879,33.00000000
2018-02-26 05:06:09,0.00059880,16.00000000
2018-02-26 05:06:11,0.00059880,9.00000000
2018-02-26 05:06:17,0.00059880,9.00000000
2018-02-26 05:06:21,0.00059879,20.00000000
2018-02-26 05:06:21,0.00059800,52.00000000
2018-02-26 05:06:22,0.00059880,16.00000000
2018-02-26 05:06:24,0.00059880,16.00000000
2018-02-26 05:06:26,0.00059880,142.00000000
2018-02-26 05:06:26,0.00059880,8.00000000
2018-02-26 05:06:26,0.00059881,55.00000000
2018-02-26 05:06:27,0.00059801,8.00000000
2018-02-26 05:06:35,0.00059879,16.00000000
2018-02-26 05:06:36,0.00059879,59.00000000
2018-02-26 05:06:36,0.00059883,73.00000000
2018-02-26 05:06:36,0.00059885,355.00000000
2018-02-26 05:06:36,0.00059889,4.00000000
2018-02-26 05:06:36,0.00059894,4.00000000
2018-02-26 05:06:38,0.00059804,4.00000000
2018-02-26 05:06:38,0.00059801,180.00000000
2018-02-26 05:06:38,0.00059801,391.00000000
2018-02-26 05:06:41,0.00059801,1311.00000000
2018-02-26 05:06:41,0.00059800,1111.00000000
2018-02-26 05:06:44,0.00059897,4.00000000
2018-02-26 05:06:44,0.00059899,8.00000000
2018-02-26 05:06:44,0.00059900,4.00000000
2018-02-26 05:06:46,0.00059803,4.00000000
2018-02-26 05:06:46,0.00059801,33.00000000
2018-02-26 05:06:56,0.00059805,4.00000000
2018-02-26 05:06:56,0.00059801,9.00000000
2018-02-26 05:06:56,0.00059800,596.00000000
2018-02-26 05:07:00,0.00059800,1090.00000000
2018-02-26 05:07:00,0.00059800,556.00000000
2018-02-26 05:07:00,0.00059800,251.00000000
2018-02-26 05:07:00,0.00059800,103.00000000
2018-02-26 05:07:16,0.00059782,10.00000000
2018-02-26 05:07:16,0.00059781,31.00000000
2018-02-26 05:07:16,0.00059780,123.00000000
2018-02-26 05:07:16,0.00059763,4.00000000
2018-02-26 05:07:16,0.00059757,102.00000000
2018-02-26 05:07:16,0.00059750,10.00000000
2018-02-26 05:07:16,0.00059735,8.00000000
2018-02-26 05:07:16,0.00059733,30.00000000
2018-02-26 05:07:16,0.00059702,9.00000000
2018-02-26 05:07:16,0.00059701,167.00000000
2018-02-26 05:07:16,0.00059700,6.00000000
2018-02-26 05:07:19,0.00059865,9.00000000
2018-02-26 05:07:19,0.00059880,4.00000000
2018-02-26 05:07:20,0.00059880,3.00000000
2018-02-26 05:07:21,0.00059883,16.00000000
2018-02-26 05:07:23,0.00059883,16.00000000
2018-02-26 05:07:26,0.00059800,10.00000000
2018-02-26 05:07:29,0.00059799,16.00000000
2018-02-26 05:07:37,0.00059780,105.00000000
2018-02-26 05:07:37,0.00059733,30.00000000
2018-02-26 05:07:37,0.00059702,131.00000000
2018-02-26 05:07:44,0.00059800,16.00000000
2018-02-26 05:07:48,0.00059800,9.00000000
2018-02-26 05:08:01,0.00059800,149.00000000
2018-02-26 05:08:05,0.00059800,48.00000000
2018-02-26 05:08:07,0.00059799,10.00000000
2018-02-26 05:08:07,0.00059800,6.00000000
2018-02-26 05:08:25,0.00059800,29.00000000
2018-02-26 05:08:30,0.00059800,16.00000000
2018-02-26 05:08:37,0.00059800,2.00000000
2018-02-26 05:08:38,0.00059800,12.00000000
2018-02-26 05:08:40,0.00059783,17.00000000
2018-02-26 05:08:40,0.00059783,16.00000000
2018-02-26 05:08:46,0.00059783,58.00000000
2018-02-26 05:08:46,0.00059800,16.00000000
2018-02-26 05:08:50,0.00059783,29.00000000
2018-02-26 05:08:50,0.00059782,10.00000000
2018-02-26 05:08:51,0.00059782,240.00000000
2018-02-26 05:08:51,0.00059705,9.00000000
2018-02-26 05:08:51,0.00059703,7.00000000
2018-02-26 05:08:51,0.00059702,28.00000000
2018-02-26 05:08:53,0.00059800,16.00000000
2018-02-26 05:08:54,0.00059705,4.00000000
2018-02-26 05:08:54,0.00059702,1466.00000000
2018-02-26 05:08:54,0.00059700,953.00000000
2018-02-26 05:08:54,0.00059800,16.00000000
2018-02-26 05:08:57,0.00059790,73.00000000
2018-02-26 05:08:57,0.00059706,9.00000000
2018-02-26 05:08:57,0.00059700,12.00000000
2018-02-26 05:09:01,0.00059796,9.00000000
2018-02-26 05:09:01,0.00059797,4.00000000
2018-02-26 05:09:01,0.00059800,3.00000000
2018-02-26 05:09:04,0.00059795,4.00000000
2018-02-26 05:09:04,0.00059800,12.00000000
2018-02-26 05:09:09,0.00059800,82.00000000
2018-02-26 05:09:17,0.00059800,23.00000000
2018-02-26 05:09:22,0.00059800,135.00000000
2018-02-26 05:09:22,0.00059800,16.00000000
2018-02-26 05:09:25,0.00059800,10.00000000
2018-02-26 05:09:27,0.00059799,1.00000000
2018-02-26 05:09:28,0.00059799,16.00000000
2018-02-26 05:09:35,0.00059799,16.00000000
2018-02-26 05:09:43,0.00059799,5.00000000
2018-02-26 05:09:43,0.00059800,6.00000000
2018-02-26 05:09:49,0.00059800,2.00000000
2018-02-26 05:09:53,0.00059800,16.00000000
2018-02-26 05:09:57,0.00059800,16.00000000
2018-02-26 05:10:01,0.00059800,350.00000000
2018-02-26 05:10:01,0.00059800,125.00000000
2018-02-26 05:10:02,0.00059880,16.00000000
2018-02-26 05:10:08,0.00059880,16.00000000
2018-02-26 05:10:08,0.00059801,75.00000000
2018-02-26 05:10:08,0.00059800,348.00000000
2018-02-26 05:10:08,0.00059750,53.00000000
2018-02-26 05:10:10,0.00059752,164.00000000
2018-02-26 05:10:10,0.00059750,22.00000000
2018-02-26 05:10:11,0.00059748,164.00000000
2018-02-26 05:10:11,0.00059750,4.00000000
2018-02-26 05:10:12,0.00059750,16.00000000
2018-02-26 05:10:14,0.00059744,4.00000000
2018-02-26 05:10:14,0.00059750,12.00000000
2018-02-26 05:10:18,0.00059750,85.00000000
2018-02-26 05:10:21,0.00059750,30.00000000
2018-02-26 05:10:27,0.00059750,28.00000000
2018-02-26 05:10:30,0.00059750,100.00000000
2018-02-26 05:10:33,0.00059749,6.00000000
2018-02-26 05:10:39,0.00059749,22.00000000
2018-02-26 05:10:52,0.00059706,20.00000000
2018-02-26 05:10:53,0.00059706,30.00000000
2018-02-26 05:10:53,0.00059706,18.00000000
2018-02-26 05:10:53,0.00059706,14.00000000
2018-02-26 05:10:53,0.00059706,25.00000000
2018-02-26 05:10:54,0.00059706,16.00000000
2018-02-26 05:10:55,0.00059706,15.00000000
2018-02-26 05:11:18,0.00059705,4.00000000
2018-02-26 05:11:18,0.00059700,83.00000000
2018-02-26 05:11:18,0.00059631,97.00000000
2018-02-26 05:11:18,0.00059622,54.00000000
2018-02-26 05:11:18,0.00059617,339.00000000
2018-02-26 05:11:18,0.00059610,227.00000000
2018-02-26 05:11:18,0.00059608,177.00000000
2018-02-26 05:11:18,0.00059607,529.00000000
2018-02-26 05:11:18,0.00059607,616.00000000
2018-02-26 05:11:18,0.00059607,12.00000000
2018-02-26 05:11:18,0.00059607,12.00000000
2018-02-26 05:11:18,0.00059607,410.00000000
2018-02-26 05:11:18,0.00059607,498.00000000
2018-02-26 05:11:18,0.00059607,10.00000000
2018-02-26 05:11:18,0.00059607,156.00000000
2018-02-26 05:11:18,0.00059607,494.00000000
2018-02-26 05:11:18,0.00059606,12.00000000
2018-02-26 05:11:19,0.00059607,1.00000000
2018-02-26 05:11:19,0.00059607,44.00000000
2018-02-26 05:11:19,0.00059607,16.00000000
2018-02-26 05:11:23,0.00059607,1.00000000
2018-02-26 05:11:26,0.00059606,146.00000000
2018-02-26 05:11:28,0.00059606,10.00000000
2018-02-26 05:11:33,0.00059607,3743.00000000
2018-02-26 05:11:34,0.00059706,16.00000000
2018-02-26 05:11:35,0.00059609,4.00000000
2018-02-26 05:11:35,0.00059607,36.00000000
2018-02-26 05:11:35,0.00059706,16.00000000
2018-02-26 05:11:36,0.00059606,4.00000000
2018-02-26 05:11:37,0.00059701,4.00000000
2018-02-26 05:11:37,0.00059706,19.00000000
2018-02-26 05:11:39,0.00059706,16.00000000
2018-02-26 05:11:47,0.00059616,17.00000000
2018-02-26 05:11:47,0.00059615,4.00000000
2018-02-26 05:11:47,0.00059611,79.00000000
2018-02-26 05:11:47,0.00059706,16.00000000
2018-02-26 05:11:54,0.00059606,900.00000000
2018-02-26 05:11:55,0.00059703,4.00000000
2018-02-26 05:11:55,0.00059706,37.00000000
2018-02-26 05:11:56,0.00059706,16.00000000
2018-02-26 05:12:05,0.00059701,4.00000000
2018-02-26 05:12:05,0.00059706,35.00000000
2018-02-26 05:12:08,0.00059706,100.00000000
2018-02-26 05:12:17,0.00059706,43.00000000
2018-02-26 05:12:22,0.00059706,16.00000000
2018-02-26 05:12:24,0.00059705,8.00000000
2018-02-26 05:12:24,0.00059706,23.00000000
2018-02-26 05:12:41,0.00059665,35.00000000
2018-02-26 05:12:41,0.00059650,68.00000000
2018-02-26 05:12:46,0.00059650,1080.00000000
2018-02-26 05:12:47,0.00059612,8.00000000
2018-02-26 05:12:47,0.00059611,4.00000000
2018-02-26 05:12:47,0.00059606,290.00000000
2018-02-26 05:12:47,0.00059605,1000.00000000
2018-02-26 05:12:47,0.00059604,370.00000000
2018-02-26 05:12:48,0.00059650,16.00000000
2018-02-26 05:12:54,0.00059650,299.00000000
2018-02-26 05:12:55,0.00059604,630.00000000
2018-02-26 05:12:55,0.00059603,1000.00000000
2018-02-26 05:12:57,0.00059650,2.00000000
2018-02-26 05:12:57,0.00059650,16.00000000
2018-02-26 05:13:02,0.00059650,250.00000000
2018-02-26 05:13:04,0.00059617,14.00000000
2018-02-26 05:13:04,0.00059605,2.00000000
2018-02-26 05:13:06,0.00059650,418.00000000
2018-02-26 05:13:06,0.00059650,30.00000000
2018-02-26 05:13:06,0.00059650,16.00000000
2018-02-26 05:13:07,0.00059650,278.00000000
2018-02-26 05:13:07,0.00059705,16.00000000
2018-02-26 05:13:08,0.00059705,31.00000000
2018-02-26 05:13:10,0.00059705,4.00000000
2018-02-26 05:13:13,0.00059705,1.00000000
2018-02-26 05:13:13,0.00059705,49.00000000
2018-02-26 05:13:13,0.00059706,16.00000000
2018-02-26 05:13:16,0.00059705,26.00000000
2018-02-26 05:13:19,0.00059705,337.00000000
2018-02-26 05:13:19,0.00059650,63.00000000
2018-02-26 05:13:26,0.00059705,16.00000000
2018-02-26 05:13:27,0.00059705,4.00000000
2018-02-26 05:13:28,0.00059706,16.00000000
2018-02-26 05:13:28,0.00059705,110.00000000
2018-02-26 05:13:30,0.00059706,201.00000000
2018-02-26 05:13:31,0.00059706,37.00000000
2018-02-26 05:13:33,0.00059729,16.00000000
2018-02-26 05:13:35,0.00059729,4.00000000
2018-02-26 05:13:35,0.00059730,16.00000000
2018-02-26 05:13:37,0.00059706,46.00000000
2018-02-26 05:13:44,0.00059706,6.00000000
2018-02-26 05:13:44,0.00059750,38.00000000
2018-02-26 05:13:45,0.00059706,188.00000000
2018-02-26 05:13:48,0.00059650,162.00000000
2018-02-26 05:13:48,0.00059776,143.00000000
2018-02-26 05:13:48,0.00059798,45.00000000
2018-02-26 05:13:59,0.00059706,339.00000000
2018-02-26 05:14:07,0.00059790,33.00000000
2018-02-26 05:14:08,0.00059790,33.00000000
2018-02-26 05:14:09,0.00059793,4.00000000
2018-02-26 05:14:09,0.00059796,12.00000000
2018-02-26 05:14:09,0.00059790,81.00000000
2018-02-26 05:14:09,0.00059706,151.00000000
2018-02-26 05:14:09,0.00059625,268.00000000
2018-02-26 05:14:16,0.00059789,10.00000000
2018-02-26 05:14:37,0.00059785,4.00000000
2018-02-26 05:14:37,0.00059794,4.00000000
2018-02-26 05:14:37,0.00059799,19.00000000
2018-02-26 05:14:37,0.00059800,458.00000000
2018-02-26 05:14:43,0.00059800,16.00000000
2018-02-26 05:14:45,0.00059800,16.00000000
2018-02-26 05:14:47,0.00059800,16.00000000
2018-02-26 05:14:53,0.00059800,16.00000000
2018-02-26 05:14:54,0.00059800,16.00000000
2018-02-26 05:14:57,0.00059701,10.00000000
2018-02-26 05:14:57,0.00059700,167.00000000
2018-02-26 05:14:57,0.00059687,4.00000000
2018-02-26 05:14:57,0.00059682,8.00000000
2018-02-26 05:14:57,0.00059666,6.00000000
2018-02-26 05:14:57,0.00059651,4.00000000
2018-02-26 05:14:57,0.00059647,107.00000000
2018-02-26 05:14:57,0.00059626,45.00000000
2018-02-26 05:14:57,0.00059625,224.00000000
2018-02-26 05:14:58,0.00059800,36.00000000
2018-02-26 05:15:00,0.00059800,16.00000000
2018-02-26 05:15:00,0.00059799,17.00000000
2018-02-26 05:15:01,0.00059798,10.00000000
2018-02-26 05:15:01,0.00059799,11.00000000
2018-02-26 05:15:01,0.00059800,2.00000000
2018-02-26 05:15:03,0.00059794,2.00000000
2018-02-26 05:15:04,0.00059794,2.00000000
2018-02-26 05:15:04,0.00059800,2.00000000
2018-02-26 05:15:04,0.00059800,2.00000000
2018-02-26 05:15:04,0.00059800,2.00000000
2018-02-26 05:15:06,0.00059800,2.00000000
2018-02-26 05:15:06,0.00059800,13.00000000
2018-02-26 05:15:06,0.00059880,13.00000000
2018-02-26 05:15:06,0.00059888,4.00000000
2018-02-26 05:15:06,0.00059889,185.00000000
2018-02-26 05:15:07,0.00059889,16.00000000
2018-02-26 05:15:08,0.00059888,16.00000000
2018-02-26 05:15:21,0.00059879,440.00000000
2018-02-26 05:15:21,0.00059803,10.00000000
2018-02-26 05:15:21,0.00059802,7.00000000
2018-02-26 05:15:21,0.00059801,71.00000000
2018-02-26 05:15:24,0.00059879,5.00000000
2018-02-26 05:15:31,0.00059787,8.00000000
2018-02-26 05:15:32,0.00059782,67.00000000
2018-02-26 05:15:32,0.00059781,4.00000000
2018-02-26 05:15:37,0.00059755,163.00000000
2018-02-26 05:15:37,0.00059754,10.00000000
2018-02-26 05:15:37,0.00059753,42.00000000
2018-02-26 05:15:37,0.00059747,50.00000000
2018-02-26 05:15:37,0.00059735,8.00000000
2018-02-26 05:15:37,0.00059721,30.00000000
2018-02-26 05:15:37,0.00059720,27.00000000
2018-02-26 05:15:37,0.00059721,30.00000000
2018-02-26 05:15:37,0.00059752,43.00000000
2018-02-26 05:15:38,0.00059752,120.00000000
2018-02-26 05:15:38,0.00059754,48.00000000
2018-02-26 05:15:38,0.00059754,10.00000000
2018-02-26 05:15:38,0.00059748,9.00000000
2018-02-26 05:15:38,0.00059721,30.00000000
2018-02-26 05:15:38,0.00059720,94.00000000
2018-02-26 05:15:40,0.00059751,4.00000000
2018-02-26 05:15:40,0.00059755,4.00000000
2018-02-26 05:15:47,0.00059755,5.00000000
2018-02-26 05:15:47,0.00059887,8.00000000
2018-02-26 05:15:47,0.00059888,55.00000000
2018-02-26 05:16:04,0.00059871,7.00000000
2018-02-26 05:16:09,0.00059800,339.00000000
2018-02-26 05:16:14,0.00059800,26.00000000
2018-02-26 05:16:17,0.00059800,141.00000000
2018-02-26 05:16:18,0.00059866,4.00000000
2018-02-26 05:16:19,0.00059868,12.00000000
2018-02-26 05:16:20,0.00059772,16.00000000
2018-02-26 05:16:20,0.00059771,4.00000000
2018-02-26 05:16:20,0.00059768,9.00000000
2018-02-26 05:16:23,0.00059789,186.00000000
2018-02-26 05:16:24,0.00059772,4.00000000
2018-02-26 05:16:25,0.00059768,1.00000000
2018-02-26 05:16:25,0.00059768,7.00000000
2018-02-26 05:16:26,0.00059767,4.00000000
2018-02-26 05:16:29,0.00059767,10.00000000
2018-02-26 05:16:29,0.00059768,16.00000000
2018-02-26 05:16:30,0.00059767,47.00000000
2018-02-26 05:16:31,0.00059768,102.00000000
2018-02-26 05:16:45,0.00059737,101.00000000
2018-02-26 05:16:45,0.00059737,466.00000000
2018-02-26 05:16:57,0.00059731,10.00000000
2018-02-26 05:16:57,0.00059730,4.00000000
2018-02-26 05:16:57,0.00059723,236.00000000
2018-02-26 05:16:59,0.00059734,4.00000000
2018-02-26 05:16:59,0.00059725,21.00000000
2018-02-26 05:17:16,0.00059798,21.00000000
2018-02-26 05:17:16,0.00059805,10.00000000
2018-02-26 05:17:17,0.00059807,10.00000000
2018-02-26 05:17:20,0.00059795,4.00000000
2018-02-26 05:17:21,0.00059839,12.00000000
2018-02-26 05:17:30,0.00059739,4.00000000
2018-02-26 05:17:30,0.00059734,7.00000000
2018-02-26 05:17:31,0.00059779,16.00000000
2018-02-26 05:17:33,0.00059779,2.00000000
2018-02-26 05:17:33,0.00059780,14.00000000
2018-02-26 05:17:38,0.00059780,6.00000000
2018-02-26 05:17:39,0.00059780,7.00000000
2018-02-26 05:17:39,0.00059839,10.00000000
2018-02-26 05:17:39,0.00059840,4.00000000
2018-02-26 05:17:39,0.00059845,1.00000000
2018-02-26 05:17:46,0.00059840,4.00000000
2018-02-26 05:17:46,0.00059845,12.00000000
2018-02-26 05:17:46,0.00059745,20.00000000
2018-02-26 05:17:46,0.00059744,4.00000000
2018-02-26 05:17:50,0.00059840,16.00000000
2018-02-26 05:17:54,0.00059839,4.00000000
2018-02-26 05:17:54,0.00059840,12.00000000
2018-02-26 05:18:06,0.00059741,120.00000000
2018-02-26 05:18:11,0.00059833,3.00000000
2018-02-26 05:18:13,0.00059832,10.00000000
2018-02-26 05:18:13,0.00059833,1.00000000
2018-02-26 05:18:13,0.00059837,5.00000000
2018-02-26 05:18:13,0.00059837,246.00000000
2018-02-26 05:18:18,0.00059837,54.00000000
2018-02-26 05:18:21,0.00059837,126.00000000
2018-02-26 05:18:23,0.00059837,76.00000000
2018-02-26 05:18:26,0.00059837,658.00000000
2018-02-26 05:18:27,0.00059840,16.00000000
2018-02-26 05:18:35,0.00059837,299.00000000
2018-02-26 05:18:40,0.00059840,47.00000000
2018-02-26 05:18:40,0.00059860,50.00000000
2018-02-26 05:18:40,0.00059862,4.00000000
2018-02-26 05:18:40,0.00059867,4.00000000
2018-02-26 05:18:40,0.00059880,19.00000000
2018-02-26 05:18:45,0.00059880,1.00000000
2018-02-26 05:18:45,0.00059886,15.00000000
2018-02-26 05:18:47,0.00059886,27.00000000
2018-02-26 05:18:47,0.00059890,540.00000000
2018-02-26 05:18:47,0.00059893,16.00000000
2018-02-26 05:18:48,0.00059890,16.00000000
2018-02-26 05:18:48,0.00059886,7.00000000
2018-02-26 05:18:49,0.00059893,16.00000000
2018-02-26 05:18:53,0.00059840,5.00000000
2018-02-26 05:18:53,0.00059890,641.00000000
2018-02-26 05:18:53,0.00059893,395.00000000
2018-02-26 05:18:53,0.00059895,708.00000000
2018-02-26 05:18:53,0.00059900,819.00000000
2018-02-26 05:18:57,0.00059900,41.00000000
2018-02-26 05:18:57,0.00059900,338.00000000
2018-02-26 05:18:58,0.00059900,65.00000000
2018-02-26 05:18:58,0.00059880,133.00000000
2018-02-26 05:18:58,0.00059880,54.00000000
2018-02-26 05:19:00,0.00059900,169.00000000
2018-02-26 05:19:04,0.00059880,31.00000000
2018-02-26 05:19:04,0.00059880,2.00000000
2018-02-26 05:19:04,0.00059894,2.00000000
2018-02-26 05:19:10,0.00059895,9.00000000
2018-02-26 05:19:12,0.00059933,10.00000000
2018-02-26 05:19:12,0.00059933,55.00000000
2018-02-26 05:19:12,0.00059933,54.00000000
2018-02-26 05:19:12,0.00059933,3.00000000
2018-02-26 05:19:12,0.00059933,26.00000000
2018-02-26 05:19:12,0.00059933,50.00000000
2018-02-26 05:19:12,0.00059933,2.00000000
2018-02-26 05:19:12,0.00059933,136.00000000
2018-02-26 05:19:12,0.00059933,83.00000000
2018-02-26 05:19:17,0.00059934,16.00000000
2018-02-26 05:19:17,0.00059933,41.00000000
2018-02-26 05:19:18,0.00059934,4.00000000
2018-02-26 05:19:20,0.00059933,129.00000000
2018-02-26 05:19:22,0.00059933,3.00000000
2018-02-26 05:19:23,0.00059934,16.00000000
2018-02-26 05:19:27,0.00059934,34.00000000
2018-02-26 05:19:39,0.00059934,3.00000000
2018-02-26 05:19:55,0.00059931,4.00000000
2018-02-26 05:19:55,0.00059934,24.00000000
2018-02-26 05:20:08,0.00059934,13.00000000
2018-02-26 05:20:12,0.00059934,16.00000000
2018-02-26 05:20:19,0.00059934,16.00000000
2018-02-26 05:20:24,0.00059934,1.00000000
2018-02-26 05:20:26,0.00059898,9.00000000
2018-02-26 05:20:26,0.00059897,616.00000000
2018-02-26 05:20:26,0.00059895,19.00000000
2018-02-26 05:20:26,0.00059894,6.00000000
2018-02-26 05:20:26,0.00059882,105.00000000
2018-02-26 05:20:26,0.00059880,220.00000000
2018-02-26 05:20:26,0.00059840,114.00000000
2018-02-26 05:20:26,0.00059837,66.00000000
2018-02-26 05:20:27,0.00059880,16.00000000
2018-02-26 05:20:28,0.00059837,58.00000000
2018-02-26 05:20:33,0.00059840,9.00000000
2018-02-26 05:20:34,0.00059840,16.00000000
2018-02-26 05:20:35,0.00059880,16.00000000
2018-02-26 05:20:38,0.00059841,9.00000000
2018-02-26 05:20:38,0.00059840,16.00000000
2018-02-26 05:20:38,0.00059838,75.00000000
2018-02-26 05:20:41,0.00059880,112.00000000
2018-02-26 05:20:41,0.00059880,57.00000000
2018-02-26 05:20:41,0.00059880,297.00000000
2018-02-26 05:20:41,0.00059880,144.00000000
2018-02-26 05:20:50,0.00059880,191.00000000
2018-02-26 05:20:50,0.00059880,2.00000000
2018-02-26 05:20:51,0.00059880,200.00000000
2018-02-26 05:20:55,0.00059880,5.00000000
2018-02-26 05:20:56,0.00059880,16.00000000
2018-02-26 05:20:57,0.00059880,172.00000000
2018-02-26 05:21:09,0.00059839,244.00000000
2018-02-26 05:21:09,0.00059838,21.00000000
2018-02-26 05:21:13,0.00059880,16.00000000
2018-02-26 05:21:15,0.00059840,9.00000000
2018-02-26 05:21:16,0.00059841,8.00000000
2018-02-26 05:21:17,0.00059880,16.00000000
2018-02-26 05:21:25,0.00059880,5.00000000
2018-02-26 05:21:26,0.00059880,19.00000000
2018-02-26 05:21:26,0.00059841,1.00000000
2018-02-26 05:21:26,0.00059838,199.00000000
2018-02-26 05:21:30,0.00059880,18.00000000
2018-02-26 05:21:33,0.00059879,16.00000000
2018-02-26 05:21:41,0.00059879,87.00000000
2018-02-26 05:21:46,0.00059879,38.00000000
2018-02-26 05:21:46,0.00059880,1428.00000000
2018-02-26 05:21:46,0.00059900,186.00000000
2018-02-26 05:21:49,0.00059933,8.00000000
2018-02-26 05:21:49,0.00059934,8.00000000
2018-02-26 05:21:51,0.00059934,797.00000000
2018-02-26 05:21:54,0.00059900,343.00000000
2018-02-26 05:22:02,0.00059900,2421.00000000
2018-02-26 05:22:03,0.00059900,16.00000000
2018-02-26 05:22:07,0.00059900,25.00000000
2018-02-26 05:22:12,0.00059900,16.00000000
2018-02-26 05:22:20,0.00059880,50.00000000
2018-02-26 05:22:21,0.00059900,10.00000000
2018-02-26 05:22:26,0.00059900,23.00000000
2018-02-26 05:22:29,0.00059880,6.00000000
2018-02-26 05:22:29,0.00059900,10.00000000
2018-02-26 05:22:30,0.00059900,16.00000000
2018-02-26 05:22:30,0.00059840,682.00000000
2018-02-26 05:22:30,0.00059838,682.00000000
2018-02-26 05:22:30,0.00059837,583.00000000
2018-02-26 05:22:38,0.00059897,10.00000000
2018-02-26 05:22:38,0.00059898,6.00000000
2018-02-26 05:22:40,0.00059898,16.00000000
2018-02-26 05:22:42,0.00059898,37.00000000
2018-02-26 05:22:42,0.00059899,324.00000000
2018-02-26 05:22:42,0.00059900,2331.00000000
2018-02-26 05:22:42,0.00059934,1248.00000000
2018-02-26 05:22:42,0.00059940,2825.00000000
2018-02-26 05:22:42,0.00059940,11.00000000
2018-02-26 05:22:42,0.00059940,2.00000000
2018-02-26 05:22:42,0.00059940,5.00000000
2018-02-26 05:22:44,0.00059959,4.00000000
2018-02-26 05:22:44,0.00059976,4.00000000
2018-02-26 05:22:44,0.00059980,8.00000000
2018-02-26 05:22:44,0.00059940,29.00000000
2018-02-26 05:22:53,0.00059980,6.00000000
2018-02-26 05:22:57,0.00059980,1.00000000
2018-02-26 05:22:57,0.00059984,4.00000000
2018-02-26 05:22:57,0.00059990,131.00000000
2018-02-26 05:23:00,0.00059990,16.00000000
2018-02-26 05:23:01,0.00059941,87.00000000
2018-02-26 05:23:07,0.00059941,10.00000000
2018-02-26 05:23:08,0.00059990,138.00000000
2018-02-26 05:23:08,0.00060000,354.00000000
2018-02-26 05:23:08,0.00060000,6.00000000
2018-02-26 05:23:08,0.00060000,65.00000000
2018-02-26 05:23:08,0.00060000,29.00000000
2018-02-26 05:23:08,0.00060000,12.00000000
2018-02-26 05:23:10,0.00060000,13.00000000
2018-02-26 05:23:15,0.00059990,13.00000000
2018-02-26 05:23:15,0.00060015,3.00000000
2018-02-26 05:23:32,0.00060000,14.00000000
2018-02-26 05:23:34,0.00060000,89.00000000
2018-02-26 05:23:34,0.00060000,34.00000000
2018-02-26 05:23:37,0.00060015,10.00000000
2018-02-26 05:23:45,0.00060000,3.00000000
2018-02-26 05:23:51,0.00060000,18.00000000
2018-02-26 05:23:58,0.00060010,20.00000000
2018-02-26 05:24:03,0.00060000,17.00000000
2018-02-26 05:24:05,0.00059946,31.00000000
2018-02-26 05:24:05,0.00060000,99.00000000
2018-02-26 05:24:05,0.00060000,18.00000000
2018-02-26 05:24:05,0.00060010,18.00000000
2018-02-26 05:24:06,0.00060000,29.00000000
2018-02-26 05:24:06,0.00060010,131.00000000
2018-02-26 05:24:07,0.00060015,200.00000000
2018-02-26 05:24:08,0.00060015,370.00000000
2018-02-26 05:24:08,0.00060022,163.00000000
2018-02-26 05:24:09,0.00060015,18.00000000
2018-02-26 05:24:11,0.00060022,8.00000000
2018-02-26 05:24:14,0.00060022,12.00000000
2018-02-26 05:24:15,0.00060022,12.00000000
2018-02-26 05:24:17,0.00060037,13.00000000
2018-02-26 05:24:19,0.00060056,4.00000000
2018-02-26 05:24:20,0.00060056,5.00000000
2018-02-26 05:24:21,0.00060056,70.00000000
2018-02-26 05:24:24,0.00060094,51.00000000
2018-02-26 05:24:25,0.00060094,40.00000000
2018-02-26 05:24:29,0.00060056,123.00000000
2018-02-26 05:24:29,0.00060127,7.00000000
2018-02-26 05:24:30,0.00060127,61.00000000
2018-02-26 05:24:30,0.00060131,21.00000000
2018-02-26 05:24:30,0.00060181,26.00000000
2018-02-26 05:24:30,0.00060190,72.00000000
2018-02-26 05:24:31,0.00060058,2.00000000
2018-02-26 05:24:31,0.00060062,2.00000000
2018-02-26 05:24:32,0.00060063,4.00000000
2018-02-26 05:24:32,0.00060062,2.00000000
2018-02-26 05:24:33,0.00060060,49.00000000
2018-02-26 05:24:33,0.00060059,50.00000000
2018-02-26 05:24:33,0.00060056,436.00000000
2018-02-26 05:24:36,0.00060094,4.00000000
2018-02-26 05:24:36,0.00060100,100.00000000
2018-02-26 05:24:37,0.00060022,93.00000000
2018-02-26 05:24:37,0.00060015,78.00000000
2018-02-26 05:24:38,0.00060099,35.00000000
2018-02-26 05:24:39,0.00060038,189.00000000
2018-02-26 05:24:40,0.00060099,16.00000000
2018-02-26 05:24:40,0.00060099,58.00000000
2018-02-26 05:24:41,0.00060099,7.00000000
2018-02-26 05:24:47,0.00060099,2.00000000
2018-02-26 05:24:57,0.00060055,8.00000000
2018-02-26 05:24:57,0.00060099,8.00000000
2018-02-26 05:25:02,0.00060099,24.00000000
2018-02-26 05:25:08,0.00060069,50.00000000
2018-02-26 05:25:13,0.00060099,33.00000000
2018-02-26 05:25:23,0.00060020,10.00000000
2018-02-26 05:25:25,0.00060037,13.00000000
2018-02-26 05:25:25,0.00060099,728.00000000
2018-02-26 05:25:26,0.00060099,678.00000000
2018-02-26 05:25:38,0.00060037,202.00000000
2018-02-26 05:25:41,0.00060037,96.00000000
2018-02-26 05:25:45,0.00060039,13.00000000
2018-02-26 05:25:46,0.00060037,14.00000000
2018-02-26 05:25:48,0.00060037,16.00000000
2018-02-26 05:25:53,0.00060037,33.00000000
2018-02-26 05:25:54,0.00060037,3.00000000
2018-02-26 05:25:54,0.00060037,3.00000000
2018-02-26 05:25:54,0.00060037,3.00000000
2018-02-26 05:25:55,0.00060037,166.00000000
2018-02-26 05:25:55,0.00060037,59.00000000
2018-02-26 05:25:55,0.00060039,2.00000000
2018-02-26 05:26:08,0.00060039,19.00000000
2018-02-26 05:26:08,0.00060039,16.00000000
2018-02-26 05:26:08,0.00060039,1386.00000000
2018-02-26 05:26:08,0.00060100,20.00000000
2018-02-26 05:26:08,0.00060100,168.00000000
2018-02-26 05:26:08,0.00060100,106.00000000
2018-02-26 05:26:17,0.00060039,7.00000000
2018-02-26 05:26:19,0.00060099,28.00000000
2018-02-26 05:26:19,0.00060100,5.00000000
2018-02-26 05:26:27,0.00060099,1052.00000000
2018-02-26 05:26:27,0.00060100,786.00000000
2018-02-26 05:26:28,0.00060100,15.00000000
2018-02-26 05:26:37,0.00060100,16.00000000
2018-02-26 05:26:39,0.00060100,9.00000000
2018-02-26 05:26:41,0.00060100,190.00000000
2018-02-26 05:26:43,0.00060100,312.00000000
2018-02-26 05:26:53,0.00060100,16.00000000
2018-02-26 05:26:55,0.00060051,6.00000000
2018-02-26 05:26:56,0.00060080,31.00000000
2018-02-26 05:26:58,0.00060051,2.00000000
2018-02-26 05:27:00,0.00060051,37.00000000
2018-02-26 05:27:00,0.00060050,20.00000000
2018-02-26 05:27:00,0.00060080,36.00000000
2018-02-26 05:27:00,0.00060100,223.00000000
2018-02-26 05:27:04,0.00060100,16.00000000
2018-02-26 05:27:05,0.00060100,836.00000000
2018-02-26 05:27:06,0.00060101,324.00000000
2018-02-26 05:27:06,0.00060100,3482.00000000
2018-02-26 05:27:14,0.00060100,3.00000000
2018-02-26 05:27:15,0.00060185,4.00000000
2018-02-26 05:27:15,0.00060187,12.00000000
2018-02-26 05:27:15,0.00060165,30.00000000
2018-02-26 05:27:16,0.00060100,1445.00000000
2018-02-26 05:27:16,0.00060100,4.00000000
2018-02-26 05:27:24,0.00060097,4.00000000
2018-02-26 05:27:24,0.00060100,12.00000000
2018-02-26 05:27:27,0.00060051,3.00000000
2018-02-26 05:27:29,0.00060100,16.00000000
2018-02-26 05:27:31,0.00060100,1385.00000000
2018-02-26 05:27:32,0.00060100,2.00000000
2018-02-26 05:27:32,0.00060187,16.00000000
2018-02-26 05:27:33,0.00060100,319.00000000
2018-02-26 05:27:33,0.00060100,4.00000000
2018-02-26 05:27:34,0.00060100,148.00000000
2018-02-26 05:27:35,0.00060100,16.00000000
2018-02-26 05:27:38,0.00060052,159.00000000
2018-02-26 05:27:38,0.00060051,3067.00000000
2018-02-26 05:27:38,0.00060050,216.00000000
2018-02-26 05:27:38,0.00060039,3140.00000000
2018-02-26 05:27:38,0.00060021,154.00000000
2018-02-26 05:27:38,0.00060017,15.00000000
2018-02-26 05:27:38,0.00060015,401.00000000
2018-02-26 05:27:38,0.00060010,1000.00000000
2018-02-26 05:27:40,0.00060097,4.00000000
2018-02-26 05:27:45,0.00060100,530.00000000
2018-02-26 05:27:47,0.00060099,6.00000000
2018-02-26 05:27:53,0.00060052,268.00000000
2018-02-26 05:27:53,0.00060000,176.00000000
2018-02-26 05:27:53,0.00059972,71.00000000
2018-02-26 05:27:53,0.00059971,86.00000000
2018-02-26 05:27:54,0.00060052,16.00000000
2018-02-26 05:27:57,0.00060052,37.00000000
2018-02-26 05:27:57,0.00060097,63.00000000
2018-02-26 05:28:03,0.00060091,4.00000000
2018-02-26 05:28:03,0.00060096,4.00000000
2018-02-26 05:28:10,0.00059990,4.00000000
2018-02-26 05:28:10,0.00059985,4.00000000
2018-02-26 05:28:10,0.00059983,4.00000000
2018-02-26 05:28:10,0.00059980,20.00000000
2018-02-26 05:28:10,0.00059971,25.00000000
2018-02-26 05:28:10,0.00059901,64.00000000
2018-02-26 05:28:27,0.00060039,56.00000000
2018-02-26 05:28:28,0.00060091,4.00000000
2018-02-26 05:28:28,0.00060093,4.00000000
2018-02-26 05:28:28,0.00060096,8.00000000
2018-02-26 05:28:31,0.00060039,3070.00000000
2018-02-26 05:28:31,0.00060000,19.00000000
2018-02-26 05:28:32,0.00060000,16.00000000
2018-02-26 05:28:32,0.00059990,3.00000000
2018-02-26 05:28:32,0.00059918,5.00000000
2018-02-26 05:28:32,0.00059917,142.00000000
2018-02-26 05:28:32,0.00059915,8.00000000
2018-02-26 05:28:32,0.00059902,9.00000000
2018-02-26 05:28:32,0.00059901,45.00000000
2018-02-26 05:28:38,0.00059913,8.00000000
2018-02-26 05:28:38,0.00059904,4.00000000
2018-02-26 05:28:38,0.00059901,12.00000000
2018-02-26 05:28:54,0.00059997,4.00000000
2018-02-26 05:28:54,0.00060000,12.00000000
2018-02-26 05:28:57,0.00060000,930.00000000
2018-02-26 05:28:57,0.00060023,49.00000000
2018-02-26 05:28:57,0.00060039,1366.00000000
2018-02-26 05:28:58,0.00060037,22.00000000
2018-02-26 05:28:58,0.00060039,33.00000000
2018-02-26 05:29:08,0.00060034,4.00000000
2018-02-26 05:29:08,0.00060039,461.00000000
2018-02-26 05:29:09,0.00060039,165.00000000
2018-02-26 05:29:10,0.00060000,16.00000000
2018-02-26 05:29:15,0.00060038,16.00000000
2018-02-26 05:29:17,0.00060034,25.00000000
2018-02-26 05:29:18,0.00060034,137.00000000
2018-02-26 05:29:19,0.00060034,5.00000000
2018-02-26 05:29:24,0.00060038,16.00000000
2018-02-26 05:29:25,0.00060038,52.00000000
2018-02-26 05:29:29,0.00060038,119.00000000
2018-02-26 05:29:35,0.00060038,7.00000000
2018-02-26 05:29:44,0.00060038,17.00000000
2018-02-26 05:29:44,0.00060034,2538.00000000
2018-02-26 05:29:47,0.00060038,15.00000000
2018-02-26 05:29:51,0.00060034,132.00000000
2018-02-26 05:29:54,0.00060034,102.00000000
2018-02-26 05:30:00,0.00060034,42.00000000
2018-02-26 05:30:03,0.00060034,26.00000000
2018-02-26 05:30:08,0.00060034,591.00000000
2018-02-26 05:30:11,0.00060034,58.00000000
2018-02-26 05:30:12,0.00060038,1.00000000
2018-02-26 05:30:12,0.00060039,363.00000000
2018-02-26 05:30:14,0.00060039,16.00000000
2018-02-26 05:30:14,0.00060039,22.00000000
2018-02-26 05:30:18,0.00060039,9.00000000
2018-02-26 05:30:20,0.00060039,221.00000000
2018-02-26 05:30:22,0.00060038,32.00000000
2018-02-26 05:30:22,0.00060034,3.00000000
2018-02-26 05:30:23,0.00060038,9.00000000
2018-02-26 05:30:35,0.00060038,14.00000000
2018-02-26 05:30:35,0.00060039,2.00000000
2018-02-26 05:30:35,0.00060039,27.00000000
2018-02-26 05:30:35,0.00060039,162.00000000
2018-02-26 05:30:39,0.00060039,50.00000000
2018-02-26 05:30:41,0.00060039,505.00000000
2018-02-26 05:30:50,0.00060035,27.00000000
2018-02-26 05:30:50,0.00060035,44.00000000
2018-02-26 05:31:06,0.00060035,10.00000000
2018-02-26 05:31:16,0.00060038,408.00000000
2018-02-26 05:31:16,0.00060039,100.00000000
2018-02-26 05:31:17,0.00060039,40.00000000
2018-02-26 05:31:22,0.00060035,3.00000000
2018-02-26 05:31:26,0.00060035,70.00000000
2018-02-26 05:31:26,0.00060035,121.00000000
2018-02-26 05:31:31,0.00060039,59.00000000
2018-02-26 05:31:32,0.00060039,16.00000000
2018-02-26 05:31:35,0.00060039,26.00000000
2018-02-26 05:31:46,0.00060039,110.00000000
2018-02-26 05:31:57,0.00060036,5.00000000
2018-02-26 05:31:57,0.00060035,172.00000000
2018-02-26 05:31:57,0.00060039,16.00000000
2018-02-26 05:31:59,0.00060035,25.00000000
2018-02-26 05:32:07,0.00060035,211.00000000
2018-02-26 05:32:10,0.00060035,13.00000000
2018-02-26 05:32:10,0.00060035,5.00000000
2018-02-26 05:32:10,0.00060035,20.00000000
2018-02-26 05:32:16,0.00060038,249.00000000
2018-02-26 05:32:18,0.00060039,16.00000000
2018-02-26 05:32:25,0.00060039,109.00000000
2018-02-26 05:32:29,0.00060038,14.00000000
2018-02-26 05:32:29,0.00060038,150.00000000
2018-02-26 05:32:29,0.00060035,27.00000000
2018-02-26 05:32:30,0.00060035,10.00000000
2018-02-26 05:32:34,0.00060035,8.00000000
2018-02-26 05:32:35,0.00060035,18.00000000
2018-02-26 05:32:38,0.00060038,16.00000000
2018-02-26 05:32:40,0.00060038,85.00000000
2018-02-26 05:32:41,0.00060038,6.00000000
2018-02-26 05:32:52,0.00060038,6.00000000
2018-02-26 05:32:52,0.00060038,126.00000000
2018-02-26 05:32:52,0.00060039,523.00000000
2018-02-26 05:32:58,0.00060039,4.00000000
2018-02-26 05:33:08,0.00060039,3.00000000
2018-02-26 05:33:18,0.00060039,7.00000000
2018-02-26 05:33:18,0.00060035,554.00000000
2018-02-26 05:33:25,0.00060039,331.00000000
2018-02-26 05:33:31,0.00060039,16.00000000
2018-02-26 05:33:36,0.00060035,17.00000000
2018-02-26 05:33:43,0.00060039,667.00000000
2018-02-26 05:33:43,0.00060050,12.00000000
2018-02-26 05:33:43,0.00060097,22.00000000
2018-02-26 05:33:43,0.00060097,86.00000000
2018-02-26 05:33:43,0.00060097,91.00000000
2018-02-26 05:33:44,0.00060100,246.00000000
2018-02-26 05:33:44,0.00060100,167.00000000
2018-02-26 05:33:45,0.00060097,73.00000000
2018-02-26 05:33:45,0.00060035,17.00000000
2018-02-26 05:33:48,0.00060035,10.00000000
2018-02-26 05:33:52,0.00060100,32.00000000
2018-02-26 05:33:53,0.00060035,36.00000000
2018-02-26 05:33:54,0.00060035,35.00000000
2018-02-26 05:33:57,0.00060100,16.00000000
2018-02-26 05:34:02,0.00060100,16.00000000
2018-02-26 05:34:09,0.00060100,16.00000000
2018-02-26 05:34:09,0.00060100,5.00000000
2018-02-26 05:34:16,0.00060050,12.00000000
2018-02-26 05:34:16,0.00060039,2.00000000
2018-02-26 05:34:16,0.00060035,423.00000000
2018-02-26 05:34:20,0.00060099,16.00000000
2018-02-26 05:34:25,0.00060099,50.00000000
2018-02-26 05:34:26,0.00060100,16.00000000
2018-02-26 05:34:36,0.00060035,10.00000000
2018-02-26 05:34:37,0.00060100,10.00000000
2018-02-26 05:34:43,0.00060099,8.00000000
2018-02-26 05:34:43,0.00060100,31.00000000
2018-02-26 05:34:43,0.00060150,377.00000000
2018-02-26 05:34:44,0.00060150,2.00000000
2018-02-26 05:34:51,0.00060150,69.00000000
2018-02-26 05:34:51,0.00060139,16.00000000
2018-02-26 05:34:56,0.00060039,4.00000000
2018-02-26 05:34:56,0.00060036,63.00000000
2018-02-26 05:34:58,0.00060037,10.00000000
2018-02-26 05:34:58,0.00060036,41.00000000
2018-02-26 05:34:58,0.00060035,110.00000000
2018-02-26 05:34:58,0.00060035,10.00000000
2018-02-26 05:35:01,0.00060138,16.00000000
2018-02-26 05:35:02,0.00060135,4.00000000
2018-02-26 05:35:02,0.00060139,12.00000000
2018-02-26 05:35:08,0.00060139,12.00000000
2018-02-26 05:35:09,0.00060139,37.00000000
2018-02-26 05:35:11,0.00060139,140.00000000
2018-02-26 05:35:13,0.00060150,23.00000000
2018-02-26 05:35:14,0.00060150,25.00000000
2018-02-26 05:35:14,0.00060150,63.00000000
2018-02-26 05:35:15,0.00060139,2.00000000
2018-02-26 05:35:15,0.00060139,15.00000000
2018-02-26 05:35:18,0.00060150,433.00000000
2018-02-26 05:35:20,0.00060151,6.00000000
2018-02-26 05:35:20,0.00060150,11.00000000
2018-02-26 05:35:21,0.00060150,16.00000000
2018-02-26 05:35:21,0.00060150,2.00000000
2018-02-26 05:35:21,0.00060150,2.00000000
2018-02-26 05:35:22,0.00060150,43.00000000
2018-02-26 05:35:32,0.00060150,51.00000000
2018-02-26 05:35:32,0.00060139,2.00000000
2018-02-26 05:35:43,0.00060139,9.00000000
2018-02-26 05:35:46,0.00060139,9.00000000
2018-02-26 05:35:47,0.00060139,88.00000000
2018-02-26 05:35:48,0.00060139,36.00000000
2018-02-26 05:35:49,0.00060139,2.00000000
2018-02-26 05:35:50,0.00060180,16.00000000
2018-02-26 05:35:51,0.00060139,3.00000000
2018-02-26 05:35:52,0.00060139,158.00000000
2018-02-26 05:35:52,0.00060139,25.00000000
2018-02-26 05:35:53,0.00060180,87.00000000
2018-02-26 05:35:53,0.00060139,73.00000000
2018-02-26 05:35:53,0.00060139,19.00000000
2018-02-26 05:35:53,0.00060139,32.00000000
2018-02-26 05:35:53,0.00060139,124.00000000
2018-02-26 05:35:54,0.00060139,23.00000000
2018-02-26 05:35:54,0.00060179,16.00000000
2018-02-26 05:36:06,0.00060178,36.00000000
2018-02-26 05:36:09,0.00060179,83.00000000
2018-02-26 05:36:11,0.00060179,189.00000000
2018-02-26 05:36:26,0.00060103,9.00000000
2018-02-26 05:36:27,0.00060178,75.00000000
2018-02-26 05:36:27,0.00060179,6.00000000
2018-02-26 05:36:27,0.00060179,19.00000000
2018-02-26 05:36:27,0.00060179,43.00000000
2018-02-26 05:36:28,0.00060103,14.00000000
2018-02-26 05:36:28,0.00060102,94.00000000
2018-02-26 05:36:41,0.00060180,16.00000000
2018-02-26 05:36:51,0.00060179,10.00000000
2018-02-26 05:36:51,0.00060180,256.00000000
2018-02-26 05:36:51,0.00060180,88.00000000
2018-02-26 05:36:51,0.00060180,33.00000000
2018-02-26 05:36:51,0.00060180,33.00000000
2018-02-26 05:36:51,0.00060180,300.00000000
2018-02-26 05:36:52,0.00060180,33.00000000
2018-02-26 05:36:52,0.00060180,4.00000000
2018-02-26 05:36:52,0.00060180,25.00000000
2018-02-26 05:36:52,0.00060180,119.00000000
2018-02-26 05:36:52,0.00060180,27.00000000
2018-02-26 05:36:53,0.00060180,2.00000000
2018-02-26 05:36:54,0.00060180,24.00000000
2018-02-26 05:36:54,0.00060180,12.00000000
2018-02-26 05:36:54,0.00060180,15.00000000
2018-02-26 05:36:55,0.00060180,3.00000000
2018-02-26 05:36:55,0.00060180,10.00000000
2018-02-26 05:36:56,0.00060180,2.00000000
2018-02-26 05:36:56,0.00060180,2.00000000
2018-02-26 05:36:56,0.00060180,70.00000000
2018-02-26 05:36:58,0.00060180,104.00000000
2018-02-26 05:36:58,0.00060180,118.00000000
2018-02-26 05:36:58,0.00060180,21.00000000
2018-02-26 05:36:58,0.00060180,40.00000000
2018-02-26 05:36:58,0.00060180,32.00000000
2018-02-26 05:36:58,0.00060180,70.00000000
2018-02-26 05:36:59,0.00060180,47.00000000
2018-02-26 05:36:59,0.00060185,16.00000000
2018-02-26 05:37:02,0.00060180,561.00000000
2018-02-26 05:37:02,0.00060180,10.00000000
2018-02-26 05:37:09,0.00060180,89.00000000
2018-02-26 05:37:17,0.00060186,82.00000000
2018-02-26 05:37:17,0.00060180,2499.00000000
2018-02-26 05:37:17,0.00060180,4.00000000
2018-02-26 05:37:18,0.00060180,214.00000000
2018-02-26 05:37:18,0.00060180,348.00000000
2018-02-26 05:37:20,0.00060180,793.00000000
2018-02-26 05:37:21,0.00060185,16.00000000
2018-02-26 05:37:24,0.00060100,9.00000000
2018-02-26 05:37:24,0.00060100,2.00000000
2018-02-26 05:37:24,0.00060100,4.00000000
2018-02-26 05:37:26,0.00060066,3.00000000
2018-02-26 05:37:32,0.00060100,11.00000000
2018-02-26 05:37:34,0.00060185,2.00000000
2018-02-26 05:37:35,0.00060186,385.00000000
2018-02-26 05:37:36,0.00060187,16.00000000
2018-02-26 05:37:37,0.00060101,2.00000000
2018-02-26 05:37:39,0.00060187,150.00000000
2018-02-26 05:37:40,0.00060187,288.00000000
2018-02-26 05:37:41,0.00060187,150.00000000
2018-02-26 05:37:41,0.00060103,4.00000000
2018-02-26 05:37:41,0.00060100,7.00000000
2018-02-26 05:37:41,0.00060187,2.00000000
2018-02-26 05:37:42,0.00060100,225.00000000
2018-02-26 05:37:42,0.00060100,169.00000000
2018-02-26 05:37:42,0.00060100,91.00000000
2018-02-26 05:37:42,0.00060100,14.00000000
2018-02-26 05:37:45,0.00060160,66.00000000
2018-02-26 05:37:46,0.00060160,25.00000000
2018-02-26 05:37:55,0.00060177,11.00000000
2018-02-26 05:37:55,0.00060177,25.00000000
2018-02-26 05:37:55,0.00060071,9.00000000
2018-02-26 05:37:55,0.00060070,4.00000000
2018-02-26 05:37:55,0.00060068,8.00000000
2018-02-26 05:37:55,0.00060060,16.00000000
2018-02-26 05:37:55,0.00060057,49.00000000
2018-02-26 05:37:55,0.00060050,16.00000000
2018-02-26 05:37:55,0.00060037,173.00000000
2018-02-26 05:37:55,0.00060036,227.00000000
2018-02-26 05:37:55,0.00060034,2024.00000000
2018-02-26 05:37:55,0.00060034,16.00000000
2018-02-26 05:37:55,0.00060034,2.00000000
2018-02-26 05:37:55,0.00060034,3.00000000
2018-02-26 05:37:59,0.00060066,3.00000000
2018-02-26 05:37:59,0.00060064,13.00000000
2018-02-26 05:37:59,0.00060056,11.00000000
2018-02-26 05:37:59,0.00060051,13.00000000
2018-02-26 05:38:06,0.00060038,66.00000000
2018-02-26 05:38:06,0.00060099,10.00000000
2018-02-26 05:38:07,0.00060099,2.00000000
2018-02-26 05:38:07,0.00060099,80.00000000
2018-02-26 05:38:07,0.00060099,13.00000000
2018-02-26 05:38:07,0.00060099,13.00000000
2018-02-26 05:38:07,0.00060099,13.00000000
2018-02-26 05:38:11,0.00060037,5.00000000
2018-02-26 05:38:14,0.00060096,4.00000000
2018-02-26 05:38:14,0.00060099,6.00000000
2018-02-26 05:38:16,0.00060030,5.00000000
2018-02-26 05:38:17,0.00060030,2.00000000
2018-02-26 05:38:17,0.00060030,2.00000000
2018-02-26 05:38:17,0.00060030,2.00000000
2018-02-26 05:38:18,0.00060030,2.00000000
2018-02-26 05:38:19,0.00060030,18.00000000
2018-02-26 05:38:20,0.00060030,47.00000000
2018-02-26 05:38:20,0.00060099,4.00000000
2018-02-26 05:38:20,0.00060099,10.00000000
2018-02-26 05:38:23,0.00060004,4.00000000
2018-02-26 05:38:23,0.00060001,70.00000000
2018-02-26 05:38:23,0.00060099,102.00000000
2018-02-26 05:38:30,0.00060096,4.00000000
2018-02-26 05:38:30,0.00060099,88.00000000
2018-02-26 05:38:35,0.00060099,40.00000000
2018-02-26 05:38:38,0.00060095,96.00000000
2018-02-26 05:38:38,0.00060099,254.00000000
2018-02-26 05:38:40,0.00060099,50.00000000
2018-02-26 05:38:44,0.00060099,115.00000000
2018-02-26 05:38:45,0.00060099,6.00000000
2018-02-26 05:38:46,0.00060099,74.00000000
2018-02-26 05:38:47,0.00060099,57.00000000
2018-02-26 05:38:47,0.00060099,6.00000000
2018-02-26 05:38:50,0.00060099,13.00000000
2018-02-26 05:38:58,0.00060010,8.00000000
2018-02-26 05:38:58,0.00060003,4.00000000
2018-02-26 05:38:58,0.00060000,12.00000000
2018-02-26 05:39:07,0.00060096,4.00000000
2018-02-26 05:39:07,0.00060098,46.00000000
2018-02-26 05:39:13,0.00060096,8.00000000
2018-02-26 05:39:13,0.00060098,16.00000000
2018-02-26 05:39:13,0.00060098,16.00000000
2018-02-26 05:39:13,0.00060098,85.00000000
2018-02-26 05:39:13,0.00060098,117.00000000
2018-02-26 05:39:13,0.00060098,101.00000000
2018-02-26 05:39:19,0.00060096,16.00000000
2018-02-26 05:39:19,0.00060000,477.00000000
2018-02-26 05:39:23,0.00060097,269.00000000
2018-02-26 05:39:25,0.00060097,10.00000000
2018-02-26 05:39:34,0.00060097,8.00000000
2018-02-26 05:39:34,0.00060098,90.00000000
2018-02-26 05:39:35,0.00060097,25.00000000
2018-02-26 05:39:35,0.00060097,10.00000000
2018-02-26 05:39:38,0.00060094,107.00000000
2018-02-26 05:39:38,0.00060010,11.00000000
2018-02-26 05:39:39,0.00060097,56.00000000
2018-02-26 05:39:44,0.00060097,15.00000000
2018-02-26 05:39:44,0.00060097,15.00000000
2018-02-26 05:39:47,0.00060097,1194.00000000
2018-02-26 05:39:47,0.00060098,152.00000000
2018-02-26 05:39:53,0.00060097,49.00000000
2018-02-26 05:39:54,0.00060098,175.00000000
2018-02-26 05:39:54,0.00060098,2.00000000
2018-02-26 05:40:02,0.00060098,70.00000000
2018-02-26 05:40:07,0.00060097,135.00000000
2018-02-26 05:40:14,0.00060097,15.00000000
2018-02-26 05:40:14,0.00060098,1900.00000000
2018-02-26 05:40:15,0.00060099,1629.00000000
2018-02-26 05:40:15,0.00060100,35.00000000
2018-02-26 05:40:16,0.00060100,2310.00000000
2018-02-26 05:40:18,0.00060100,217.00000000
2018-02-26 05:40:20,0.00060100,369.00000000
2018-02-26 05:40:20,0.00060100,61.00000000
2018-02-26 05:40:23,0.00060100,3.00000000
2018-02-26 05:40:27,0.00060100,792.00000000
2018-02-26 05:40:28,0.00060100,491.00000000
2018-02-26 05:40:32,0.00060100,5.00000000
2018-02-26 05:40:33,0.00060100,44.00000000
2018-02-26 05:40:33,0.00060100,136.00000000
2018-02-26 05:40:37,0.00060100,59.00000000
2018-02-26 05:40:43,0.00060100,4.00000000
2018-02-26 05:40:47,0.00060100,10.00000000
2018-02-26 05:40:48,0.00060100,370.00000000
2018-02-26 05:40:48,0.00060100,51.00000000
2018-02-26 05:40:49,0.00060100,116.00000000
2018-02-26 05:40:50,0.00060099,182.00000000
2018-02-26 05:40:50,0.00060100,159.00000000
2018-02-26 05:40:52,0.00060100,29.00000000
2018-02-26 05:40:55,0.00060100,183.00000000
2018-02-26 05:40:58,0.00060100,2.00000000
2018-02-26 05:40:59,0.00060100,167.00000000
2018-02-26 05:41:05,0.00060100,6.00000000
2018-02-26 05:41:06,0.00060100,176.00000000
2018-02-26 05:41:28,0.00060100,5.00000000
2018-02-26 05:41:28,0.00060100,14.00000000
2018-02-26 05:41:28,0.00060100,66.00000000
2018-02-26 05:41:31,0.00060100,39.00000000
2018-02-26 05:41:36,0.00060099,183.00000000
2018-02-26 05:41:39,0.00060099,63.00000000
2018-02-26 05:41:41,0.00060099,20.00000000
2018-02-26 05:41:55,0.00060100,210.00000000
2018-02-26 05:42:19,0.00060100,432.00000000
2018-02-26 05:42:19,0.00060100,157.00000000
2018-02-26 05:42:19,0.00060100,3.00000000
2018-02-26 05:42:19,0.00060100,58.00000000
2018-02-26 05:42:20,0.00060100,207.00000000
2018-02-26 05:42:20,0.00060100,14.00000000
2018-02-26 05:42:21,0.00060100,11.00000000
2018-02-26 05:42:28,0.00060099,38.00000000
2018-02-26 05:42:32,0.00060100,616.00000000
2018-02-26 05:42:32,0.00060100,30.00000000
2018-02-26 05:42:37,0.00060100,104.00000000
2018-02-26 05:42:37,0.00060137,49.00000000
2018-02-26 05:42:37,0.00060178,4.00000000
2018-02-26 05:42:37,0.00060185,25.00000000
2018-02-26 05:42:41,0.00060104,8.00000000
2018-02-26 05:42:42,0.00060150,68.00000000
2018-02-26 05:42:48,0.00060150,220.00000000
2018-02-26 05:42:54,0.00060150,51.00000000
2018-02-26 05:42:58,0.00060150,8.00000000
2018-02-26 05:43:00,0.00060150,35.00000000
2018-02-26 05:43:10,0.00060100,589.00000000
2018-02-26 05:43:10,0.00060099,2398.00000000
2018-02-26 05:43:10,0.00060063,49.00000000
2018-02-26 05:43:10,0.00060050,5.00000000
2018-02-26 05:43:10,0.00060000,126.00000000
2018-02-26 05:43:10,0.00059999,24.00000000
2018-02-26 05:43:10,0.00059925,9.00000000
2018-02-26 05:43:10,0.00059919,52.00000000
2018-02-26 05:43:10,0.00059918,186.00000000
2018-02-26 05:43:10,0.00059912,4.00000000
2018-02-26 05:43:10,0.00059903,800.00000000
2018-02-26 05:43:10,0.00059902,21.00000000
2018-02-26 05:43:10,0.00059901,2705.00000000
2018-02-26 05:43:10,0.00059900,134.00000000
2018-02-26 05:43:10,0.00059888,200.00000000
2018-02-26 05:43:10,0.00059874,30.00000000
2018-02-26 05:43:10,0.00059870,250.00000000
2018-02-26 05:43:10,0.00059869,30.00000000
2018-02-26 05:43:10,0.00059820,3027.00000000
2018-02-26 05:43:10,0.00059807,5.00000000
2018-02-26 05:43:10,0.00059805,200.00000000
2018-02-26 05:43:10,0.00059800,12.00000000
2018-02-26 05:43:10,0.00059780,4.00000000
2018-02-26 05:43:10,0.00059768,23.00000000
2018-02-26 05:43:10,0.00059765,750.00000000
2018-02-26 05:43:10,0.00059750,40.00000000
2018-02-26 05:43:10,0.00059740,4.00000000
2018-02-26 05:43:10,0.00059725,233.00000000
2018-02-26 05:43:10,0.00059712,1059.00000000
2018-02-26 05:43:10,0.00059700,9.00000000
2018-02-26 05:43:10,0.00059663,4.00000000
2018-02-26 05:43:10,0.00059654,214.00000000
2018-02-26 05:43:10,0.00059850,13.00000000
2018-02-26 05:43:10,0.00059850,11.00000000
2018-02-26 05:43:10,0.00059850,6.00000000
2018-02-26 05:43:21,0.00059911,8.00000000
2018-02-26 05:43:21,0.00059911,66.00000000
2018-02-26 05:43:21,0.00059911,16.00000000
2018-02-26 05:43:21,0.00059911,66.00000000
2018-02-26 05:43:21,0.00059911,12.00000000
2018-02-26 05:43:21,0.00059911,14.00000000
2018-02-26 05:43:21,0.00059911,14.00000000
2018-02-26 05:43:21,0.00059911,14.00000000
2018-02-26 05:43:21,0.00059911,14.00000000
2018-02-26 05:43:21,0.00059911,14.00000000
2018-02-26 05:43:21,0.00059911,9.00000000
2018-02-26 05:43:21,0.00059911,2.00000000
2018-02-26 05:43:22,0.00059911,1.00000000
2018-02-26 05:43:23,0.00060009,8.00000000
2018-02-26 05:43:23,0.00060010,4.00000000
2018-02-26 05:43:34,0.00059997,16.00000000
2018-02-26 05:43:46,0.00060004,8.00000000
2018-02-26 05:43:48,0.00060035,70.00000000
2018-02-26 05:43:48,0.00060036,49.00000000
2018-02-26 05:43:48,0.00060037,158.00000000
2018-02-26 05:43:48,0.00060038,4.00000000
2018-02-26 05:43:48,0.00060044,4.00000000
2018-02-26 05:43:48,0.00060098,24.00000000
2018-02-26 05:43:48,0.00060100,682.00000000
2018-02-26 05:43:48,0.00060035,16.00000000
2018-02-26 05:43:51,0.00060044,32.00000000
2018-02-26 05:43:51,0.00060100,68.00000000
2018-02-26 05:43:51,0.00060100,751.00000000
2018-02-26 05:43:58,0.00060100,1.00000000
2018-02-26 05:43:58,0.00060013,1.00000000
2018-02-26 05:43:58,0.00060113,16.00000000
2018-02-26 05:43:59,0.00060117,8.00000000
2018-02-26 05:43:59,0.00060117,8.00000000
2018-02-26 05:44:00,0.00060122,16.00000000
2018-02-26 05:44:00,0.00060022,16.00000000
2018-02-26 05:44:01,0.00060125,13.00000000
2018-02-26 05:44:01,0.00060125,3.00000000
2018-02-26 05:44:01,0.00060025,13.00000000
2018-02-26 05:44:02,0.00060027,4.00000000
2018-02-26 05:44:02,0.00060123,16.00000000
2018-02-26 05:44:03,0.00060101,2.00000000
2018-02-26 05:44:03,0.00060101,14.00000000
2018-02-26 05:44:04,0.00060026,4.00000000
2018-02-26 05:44:04,0.00060001,41.00000000
2018-02-26 05:44:05,0.00060106,16.00000000
2018-02-26 05:44:08,0.00060006,4.00000000
2018-02-26 05:44:08,0.00060001,8.00000000
2018-02-26 05:44:08,0.00059999,8.00000000
2018-02-26 05:44:08,0.00060099,15.00000000
2018-02-26 05:44:09,0.00060099,1.00000000
2018-02-26 05:44:09,0.00059999,2.00000000
2018-02-26 05:44:11,0.00060104,16.00000000
2018-02-26 05:44:12,0.00060100,85.00000000
2018-02-26 05:44:12,0.00060106,4.00000000
2018-02-26 05:44:12,0.00060118,12.00000000
2018-02-26 05:44:12,0.00060123,10.00000000
2018-02-26 05:44:12,0.00060125,343.00000000
2018-02-26 05:44:12,0.00060126,41.00000000
2018-02-26 05:44:12,0.00060140,4.00000000
2018-02-26 05:44:12,0.00060145,16.00000000
2018-02-26 05:44:12,0.00060149,10.00000000
2018-02-26 05:44:12,0.00060150,42.00000000
2018-02-26 05:44:12,0.00060184,17.00000000
2018-02-26 05:44:12,0.00060185,416.00000000
2018-02-26 05:44:12,0.00060189,142.00000000
2018-02-26 05:44:12,0.00060189,213.00000000
2018-02-26 05:44:12,0.00060189,212.00000000
2018-02-26 05:44:12,0.00060189,2.00000000
2018-02-26 05:44:12,0.00060189,147.00000000
2018-02-26 05:44:13,0.00060189,494.00000000
2018-02-26 05:44:13,0.00060189,230.00000000
2018-02-26 05:44:13,0.00060189,4.00000000
2018-02-26 05:44:13,0.00060189,4.00000000
2018-02-26 05:44:15,0.00060189,10.00000000
2018-02-26 05:44:16,0.00060189,170.00000000
2018-02-26 05:44:16,0.00060189,17.00000000
2018-02-26 05:44:17,0.00060189,41.00000000
2018-02-26 05:44:19,0.00060189,165.00000000
2018-02-26 05:44:19,0.00060189,217.00000000
2018-02-26 05:44:29,0.00060189,43.00000000
2018-02-26 05:44:33,0.00060189,2048.00000000
2018-02-26 05:44:36,0.00060148,16.00000000
2018-02-26 05:44:36,0.00060189,30.00000000
2018-02-26 05:44:36,0.00060189,30.00000000
2018-02-26 05:44:36,0.00060189,30.00000000
2018-02-26 05:44:36,0.00060189,18.00000000
2018-02-26 05:44:39,0.00060189,152.00000000
2018-02-26 05:44:39,0.00060189,170.00000000
2018-02-26 05:44:41,0.00060140,16.00000000
2018-02-26 05:44:42,0.00060189,15.00000000
2018-02-26 05:44:46,0.00060140,75.00000000
2018-02-26 05:44:59,0.00060140,155.00000000
2018-02-26 05:45:01,0.00060140,30.00000000
2018-02-26 05:45:01,0.00060080,11.00000000
2018-02-26 05:45:10,0.00060140,8.00000000
2018-02-26 05:45:14,0.00060152,16.00000000
2018-02-26 05:45:14,0.00060146,16.00000000
2018-02-26 05:45:14,0.00060046,2.00000000
2018-02-26 05:45:16,0.00060148,16.00000000
2018-02-26 05:45:16,0.00060153,16.00000000
2018-02-26 05:45:17,0.00060159,16.00000000
2018-02-26 05:45:18,0.00060162,16.00000000
2018-02-26 05:45:19,0.00060164,13.00000000
2018-02-26 05:45:19,0.00060164,3.00000000
2018-02-26 05:45:20,0.00060152,5.00000000
2018-02-26 05:45:20,0.00060153,11.00000000
2018-02-26 05:45:20,0.00060140,353.00000000
2018-02-26 05:45:20,0.00060065,4.00000000
2018-02-26 05:45:20,0.00060060,49.00000000
2018-02-26 05:45:20,0.00060032,8.00000000
2018-02-26 05:45:20,0.00060004,4.00000000
2018-02-26 05:45:20,0.00059998,30.00000000
2018-02-26 05:45:20,0.00059997,10.00000000
2018-02-26 05:45:20,0.00059941,12.00000000
2018-02-26 05:45:22,0.00060101,16.00000000
2018-02-26 05:45:23,0.00060103,2.00000000
2018-02-26 05:45:23,0.00060103,6.00000000
2018-02-26 05:45:23,0.00060103,8.00000000
2018-02-26 05:45:23,0.00060001,6.00000000
2018-02-26 05:45:27,0.00060139,16.00000000
2018-02-26 05:45:34,0.00060136,4.00000000
2018-02-26 05:45:34,0.00060138,8.00000000
2018-02-26 05:45:34,0.00060139,18.00000000
2018-02-26 05:45:34,0.00060140,5.00000000
2018-02-26 05:45:43,0.00060100,2.00000000
2018-02-26 05:45:43,0.00060100,15.00000000
2018-02-26 05:45:48,0.00060098,5.00000000
2018-02-26 05:45:48,0.00060100,9.00000000
2018-02-26 05:45:51,0.00060100,69.00000000
2018-02-26 05:46:01,0.00060100,112.00000000
2018-02-26 05:46:03,0.00060103,8.00000000
2018-02-26 05:46:03,0.00060120,1.00000000
2018-02-26 05:46:04,0.00060100,43.00000000
2018-02-26 05:46:05,0.00060120,16.00000000
2018-02-26 05:46:09,0.00060120,8.00000000
2018-02-26 05:46:22,0.00060120,40.00000000
2018-02-26 05:46:22,0.00060046,4.00000000
2018-02-26 05:46:23,0.00060102,16.00000000
2018-02-26 05:46:24,0.00060119,10.00000000
2018-02-26 05:46:24,0.00060120,175.00000000
2018-02-26 05:46:25,0.00060103,16.00000000
2018-02-26 05:46:26,0.00060105,16.00000000
2018-02-26 05:46:27,0.00060106,12.00000000
2018-02-26 05:46:28,0.00060106,4.00000000
2018-02-26 05:46:29,0.00060112,16.00000000
2018-02-26 05:46:31,0.00060115,4.00000000
2018-02-26 05:46:31,0.00060116,12.00000000
2018-02-26 05:46:31,0.00060016,20.00000000
2018-02-26 05:46:31,0.00060015,4.00000000
2018-02-26 05:46:31,0.00060011,4.00000000
2018-02-26 05:46:31,0.00060007,9.00000000
2018-02-26 05:46:31,0.00060002,45.00000000
2018-02-26 05:46:31,0.00060001,467.00000000
2018-02-26 05:46:33,0.00060106,16.00000000
2018-02-26 05:46:33,0.00060115,4.00000000
2018-02-26 05:46:35,0.00060111,4.00000000
2018-02-26 05:46:35,0.00060111,2.00000000
2018-02-26 05:46:36,0.00060111,10.00000000
2018-02-26 05:46:37,0.00060114,4.00000000
2018-02-26 05:46:37,0.00060116,12.00000000
2018-02-26 05:46:42,0.00060115,29.00000000
2018-02-26 05:46:44,0.00060116,4.00000000
2018-02-26 05:46:44,0.00060118,10.00000000
2018-02-26 05:46:44,0.00060119,29.00000000
2018-02-26 05:46:46,0.00060118,4.00000000
2018-02-26 05:46:46,0.00060119,969.00000000
2018-02-26 05:46:46,0.00060120,417.00000000
2018-02-26 05:46:46,0.00060136,49.00000000
2018-02-26 05:46:46,0.00060140,294.00000000
2018-02-26 05:46:46,0.00060145,140.00000000
2018-02-26 05:46:46,0.00060150,41.00000000
2018-02-26 05:46:46,0.00060170,490.00000000
2018-02-26 05:46:46,0.00060183,1521.00000000
2018-02-26 05:46:46,0.00060189,1023.00000000
2018-02-26 05:46:46,0.00060190,1623.00000000
2018-02-26 05:46:46,0.00060118,9.00000000
2018-02-26 05:46:46,0.00060118,3.00000000
2018-02-26 05:46:46,0.00060114,1.00000000
2018-02-26 05:46:46,0.00060123,15.00000000
2018-02-26 05:46:47,0.00060116,4.00000000
2018-02-26 05:46:47,0.00060115,16.00000000
2018-02-26 05:46:52,0.00060115,1.00000000
2018-02-26 05:46:52,0.00060123,15.00000000
2018-02-26 05:46:53,0.00060125,16.00000000
2018-02-26 05:46:55,0.00060127,2.00000000
2018-02-26 05:46:55,0.00060127,9.00000000
2018-02-26 05:46:56,0.00060127,5.00000000
2018-02-26 05:46:57,0.00060162,16.00000000
2018-02-26 05:46:57,0.00060119,5.00000000
2018-02-26 05:46:57,0.00060159,16.00000000
2018-02-26 05:46:59,0.00060165,16.00000000
2018-02-26 05:46:59,0.00060065,4.00000000
2018-02-26 05:46:59,0.00060061,52.00000000
2018-02-26 05:47:02,0.00060115,2.00000000
2018-02-26 05:47:02,0.00060115,159.00000000
2018-02-26 05:47:03,0.00060115,5.00000000
2018-02-26 05:47:04,0.00060127,16.00000000
2018-02-26 05:47:06,0.00060125,2.00000000
2018-02-26 05:47:07,0.00060129,16.00000000
2018-02-26 05:47:11,0.00060130,2.00000000
2018-02-26 05:47:11,0.00060130,2.00000000
2018-02-26 05:47:12,0.00060130,2.00000000
2018-02-26 05:47:19,0.00060140,16.00000000
2018-02-26 05:47:20,0.00060143,52.00000000
2018-02-26 05:47:20,0.00060181,489.00000000
2018-02-26 05:47:20,0.00060182,109.00000000
2018-02-26 05:47:20,0.00060189,14.00000000
2018-02-26 05:47:20,0.00060190,4197.00000000
2018-02-26 05:47:20,0.00060143,4.00000000
2018-02-26 05:47:21,0.00060140,16.00000000
2018-02-26 05:47:23,0.00060143,16.00000000
2018-02-26 05:47:24,0.00060146,16.00000000
2018-02-26 05:47:25,0.00060151,16.00000000
2018-02-26 05:47:27,0.00060153,2.00000000
2018-02-26 05:47:27,0.00060153,14.00000000
2018-02-26 05:47:27,0.00060147,16.00000000
2018-02-26 05:47:28,0.00060059,2.00000000
2018-02-26 05:47:29,0.00060159,16.00000000
2018-02-26 05:47:29,0.00060164,16.00000000
2018-02-26 05:47:32,0.00060166,2.00000000
2018-02-26 05:47:32,0.00060166,2.00000000
2018-02-26 05:47:32,0.00060166,2.00000000
2018-02-26 05:47:33,0.00060166,4.00000000
2018-02-26 05:47:34,0.00060166,6.00000000
2018-02-26 05:47:34,0.00060066,2.00000000
2018-02-26 05:47:34,0.00060169,16.00000000
2018-02-26 05:47:39,0.00060071,4.00000000
2018-02-26 05:47:44,0.00060040,12.00000000
2018-02-26 05:47:44,0.00060146,46.00000000
2018-02-26 05:47:47,0.00060144,6.00000000
2018-02-26 05:47:47,0.00060146,20.00000000
2018-02-26 05:47:52,0.00060059,8.00000000
2018-02-26 05:47:52,0.00060050,56.00000000
2018-02-26 05:47:52,0.00060040,18.00000000
2018-02-26 05:47:52,0.00060034,5.00000000
2018-02-26 05:47:54,0.00060146,10.00000000
2018-02-26 05:47:55,0.00060146,1.00000000
2018-02-26 05:47:58,0.00060145,10.00000000
2018-02-26 05:48:07,0.00060145,150.00000000
2018-02-26 05:48:07,0.00060146,273.00000000
2018-02-26 05:48:11,0.00060145,17.00000000
2018-02-26 05:48:13,0.00060145,18.00000000
2018-02-26 05:48:13,0.00060145,2.00000000
2018-02-26 05:48:14,0.00060145,12.00000000
2018-02-26 05:48:17,0.00060145,10.00000000
2018-02-26 05:48:19,0.00060145,47.00000000
2018-02-26 05:48:22,0.00060146,132.00000000
2018-02-26 05:48:29,0.00060145,100.00000000
2018-02-26 05:48:31,0.00060146,15.00000000
2018-02-26 05:48:31,0.00060146,17.00000000
2018-02-26 05:48:36,0.00060145,8.00000000
2018-02-26 05:48:37,0.00060145,9.00000000
2018-02-26 05:48:39,0.00060061,10.00000000
2018-02-26 05:48:39,0.00060060,58.00000000
2018-02-26 05:48:39,0.00060034,13.00000000
2018-02-26 05:48:40,0.00060034,50.00000000
2018-02-26 05:48:40,0.00060024,2.00000000
2018-02-26 05:48:40,0.00060145,6.00000000
2018-02-26 05:48:41,0.00060069,13.00000000
2018-02-26 05:48:41,0.00060037,4.00000000
2018-02-26 05:48:41,0.00060034,30.00000000
2018-02-26 05:48:41,0.00060034,3.00000000
2018-02-26 05:48:41,0.00060144,9.00000000
2018-02-26 05:48:48,0.00060057,9.00000000
2018-02-26 05:48:48,0.00060055,7.00000000
2018-02-26 05:48:48,0.00060048,9.00000000
2018-02-26 05:48:48,0.00060047,91.00000000
2018-02-26 05:48:50,0.00060137,2.00000000
2018-02-26 05:48:51,0.00060137,2.00000000
2018-02-26 05:48:52,0.00060140,13.00000000
2018-02-26 05:49:00,0.00060140,34.00000000
2018-02-26 05:49:04,0.00060052,7.00000000
2018-02-26 05:49:04,0.00060140,600.00000000
2018-02-26 05:49:04,0.00060145,45.00000000
2018-02-26 05:49:18,0.00060137,2.00000000
2018-02-26 05:49:18,0.00060137,2.00000000
2018-02-26 05:49:18,0.00060137,2.00000000
2018-02-26 05:49:18,0.00060137,2.00000000
2018-02-26 05:49:19,0.00060137,43.00000000
2018-02-26 05:49:19,0.00060137,23.00000000
2018-02-26 05:49:19,0.00060137,2.00000000
2018-02-26 05:49:47,0.00060137,100.00000000
2018-02-26 05:50:09,0.00060130,168.00000000
2018-02-26 05:50:09,0.00060137,2.00000000
2018-02-26 05:50:10,0.00060137,537.00000000
2018-02-26 05:50:10,0.00060137,28.00000000
2018-02-26 05:50:11,0.00060137,34.00000000
2018-02-26 05:50:11,0.00060137,12.00000000
2018-02-26 05:50:15,0.00060137,62.00000000
2018-02-26 05:50:18,0.00060137,20.00000000
2018-02-26 05:50:41,0.00060137,17.00000000
2018-02-26 05:50:42,0.00060137,14.00000000
2018-02-26 05:50:42,0.00060137,143.00000000
2018-02-26 05:50:42,0.00060140,77.00000000
2018-02-26 05:50:42,0.00060140,49.00000000
2018-02-26 05:50:52,0.00060140,99.00000000
2018-02-26 05:50:52,0.00060139,2.00000000
2018-02-26 05:50:54,0.00060139,45.00000000
2018-02-26 05:50:55,0.00060140,14.00000000
2018-02-26 05:50:55,0.00060140,40.00000000
2018-02-26 05:50:57,0.00060140,2.00000000
2018-02-26 05:50:59,0.00060139,160.00000000
2018-02-26 05:51:02,0.00060139,13.00000000
2018-02-26 05:51:03,0.00060139,109.00000000
2018-02-26 05:51:19,0.00060135,26.00000000
2018-02-26 05:51:19,0.00060139,183.00000000
2018-02-26 05:51:25,0.00060139,10.00000000
2018-02-26 05:51:30,0.00060139,25.00000000
2018-02-26 05:51:31,0.00060139,10.00000000
2018-02-26 05:51:32,0.00060139,116.00000000
2018-02-26 05:51:32,0.00060137,6.00000000
2018-02-26 05:51:32,0.00060131,4.00000000
2018-02-26 05:51:32,0.00060130,15.00000000
2018-02-26 05:51:32,0.00060140,16.00000000
2018-02-26 05:51:39,0.00060140,20.00000000
2018-02-26 05:51:40,0.00060139,5.00000000
2018-02-26 05:51:41,0.00060140,14.00000000
2018-02-26 05:51:45,0.00060140,94.00000000
2018-02-26 05:51:49,0.00060140,496.00000000
2018-02-26 05:51:50,0.00060131,2.00000000
2018-02-26 05:51:51,0.00060140,329.00000000
2018-02-26 05:51:52,0.00060140,17.00000000
2018-02-26 05:51:52,0.00060140,29.00000000
2018-02-26 05:52:14,0.00060131,68.00000000
2018-02-26 05:52:17,0.00060131,10.00000000
2018-02-26 05:52:20,0.00060140,28.00000000
2018-02-26 05:52:20,0.00060140,115.00000000
2018-02-26 05:52:22,0.00060140,311.00000000
2018-02-26 05:52:23,0.00060140,362.00000000
2018-02-26 05:52:24,0.00060140,16.00000000
2018-02-26 05:52:24,0.00060131,50.00000000
2018-02-26 05:52:26,0.00060131,50.00000000
2018-02-26 05:52:30,0.00060140,17.00000000
2018-02-26 05:52:31,0.00060139,16.00000000
2018-02-26 05:52:32,0.00060131,8.00000000
2018-02-26 05:52:38,0.00060131,13.00000000
2018-02-26 05:52:39,0.00060131,25.00000000
2018-02-26 05:52:41,0.00060139,49.00000000
2018-02-26 05:52:43,0.00060132,9.00000000
2018-02-26 05:52:43,0.00060131,240.00000000
2018-02-26 05:52:46,0.00060131,9.00000000
2018-02-26 05:52:51,0.00060131,86.00000000
2018-02-26 05:52:53,0.00060131,182.00000000
2018-02-26 05:52:54,0.00060130,301.00000000
2018-02-26 05:52:59,0.00060099,25.00000000
2018-02-26 05:52:59,0.00060130,24.00000000
2018-02-26 05:53:04,0.00060130,332.00000000
2018-02-26 05:53:10,0.00060130,215.00000000
2018-02-26 05:53:10,0.00060099,2.00000000
2018-02-26 05:53:10,0.00060098,499.00000000
2018-02-26 05:53:14,0.00060098,48.00000000
2018-02-26 05:53:42,0.00060098,31.00000000
2018-02-26 05:53:52,0.00060098,19.00000000
2018-02-26 05:54:01,0.00060098,5.00000000
2018-02-26 05:54:16,0.00060098,4.00000000
2018-02-26 05:54:18,0.00060098,76.00000000
2018-02-26 05:54:20,0.00060098,820.00000000
2018-02-26 05:54:35,0.00060024,10.00000000
2018-02-26 05:54:36,0.00060024,80.00000000
2018-02-26 05:54:39,0.00060024,23.00000000
2018-02-26 05:54:41,0.00060096,158.00000000
2018-02-26 05:54:43,0.00060024,6.00000000
2018-02-26 05:54:51,0.00060024,25.00000000
2018-02-26 05:55:00,0.00060096,166.00000000
2018-02-26 05:55:00,0.00060096,265.00000000
2018-02-26 05:55:00,0.00060096,70.00000000
2018-02-26 05:55:03,0.00060096,10.00000000
2018-02-26 05:55:24,0.00060029,284.00000000
2018-02-26 05:55:24,0.00060029,506.00000000
2018-02-26 05:55:25,0.00060026,26.00000000
2018-02-26 05:55:33,0.00060096,16.00000000
2018-02-26 05:55:42,0.00060096,7.00000000
2018-02-26 05:55:42,0.00060096,6.00000000
2018-02-26 05:55:44,0.00060096,3.00000000
2018-02-26 05:55:46,0.00060096,12.00000000
2018-02-26 05:55:46,0.00060096,5.00000000
2018-02-26 05:55:47,0.00060096,10.00000000
2018-02-26 05:56:04,0.00060032,8.00000000
2018-02-26 05:56:04,0.00060031,101.00000000
2018-02-26 05:56:08,0.00060096,18.00000000
2018-02-26 05:56:17,0.00060096,29.00000000
2018-02-26 05:56:21,0.00060096,218.00000000
2018-02-26 05:56:24,0.00060096,20.00000000
2018-02-26 05:56:29,0.00060096,66.00000000
2018-02-26 05:56:29,0.00060053,10.00000000
2018-02-26 05:56:30,0.00060096,22.00000000
2018-02-26 05:56:30,0.00060098,13.00000000
2018-02-26 05:56:31,0.00060096,2.00000000
2018-02-26 05:56:51,0.00060096,10.00000000
2018-02-26 05:56:51,0.00060096,6.00000000
2018-02-26 05:56:51,0.00060096,7.00000000
2018-02-26 05:56:53,0.00060096,2.00000000
2018-02-26 05:56:53,0.00060096,8.00000000
2018-02-26 05:56:58,0.00060096,22.00000000
2018-02-26 05:57:00,0.00060096,30.00000000
2018-02-26 05:57:00,0.00060098,13.00000000
2018-02-26 05:57:00,0.00060098,13.00000000
2018-02-26 05:57:01,0.00060096,82.00000000
2018-02-26 05:57:01,0.00060098,4.00000000
2018-02-26 05:57:03,0.00060098,7.00000000
2018-02-26 05:57:08,0.00060128,91.00000000
2018-02-26 05:57:08,0.00060128,10.00000000
2018-02-26 05:57:08,0.00060128,54.00000000
2018-02-26 05:57:09,0.00060128,140.00000000
2018-02-26 05:57:13,0.00060098,1.00000000
2018-02-26 05:57:14,0.00060096,35.00000000
2018-02-26 05:57:15,0.00060096,225.00000000
2018-02-26 05:57:15,0.00060053,10.00000000
2018-02-26 05:57:15,0.00060027,168.00000000
2018-02-26 05:57:15,0.00060025,200.00000000
2018-02-26 05:57:15,0.00060024,1994.00000000
2018-02-26 05:57:19,0.00060096,28.00000000
2018-02-26 05:57:27,0.00060098,3.00000000
2018-02-26 05:57:27,0.00060098,49.00000000
2018-02-26 05:57:28,0.00060098,2.00000000
2018-02-26 05:57:33,0.00060098,22.00000000
2018-02-26 05:57:39,0.00060098,12.00000000
2018-02-26 05:57:39,0.00060098,6.00000000
2018-02-26 05:57:50,0.00060099,11.00000000
2018-02-26 05:57:50,0.00060099,105.00000000
2018-02-26 05:57:50,0.00060099,16.00000000
2018-02-26 05:57:50,0.00060099,5.00000000
2018-02-26 05:57:53,0.00060099,1056.00000000
2018-02-26 05:57:55,0.00060099,77.00000000
2018-02-26 05:57:56,0.00060099,3.00000000
2018-02-26 05:57:56,0.00060099,147.00000000
2018-02-26 05:58:01,0.00060098,145.00000000
2018-02-26 05:58:03,0.00060099,33.00000000
2018-02-26 05:58:03,0.00060098,2.00000000
2018-02-26 05:58:03,0.00060099,12.00000000
2018-02-26 05:58:06,0.00060099,2.00000000
2018-02-26 05:58:11,0.00060098,20.00000000
2018-02-26 05:58:13,0.00060098,75.00000000
2018-02-26 05:58:13,0.00060098,32.00000000
2018-02-26 05:58:13,0.00060098,2.00000000
2018-02-26 05:58:14,0.00060098,14.00000000
2018-02-26 05:58:14,0.00060096,274.00000000
2018-02-26 05:58:15,0.00060096,154.00000000
2018-02-26 05:58:17,0.00060099,141.00000000
2018-02-26 05:58:20,0.00060099,5.00000000
2018-02-26 05:58:26,0.00060099,50.00000000
2018-02-26 05:58:41,0.00060099,9.00000000
2018-02-26 05:58:48,0.00060099,153.00000000
2018-02-26 05:58:52,0.00060099,78.00000000
2018-02-26 05:58:55,0.00060099,191.00000000
2018-02-26 05:58:57,0.00060099,16.00000000
2018-02-26 05:58:58,0.00060099,16.00000000
2018-02-26 05:58:59,0.00060129,159.00000000
2018-02-26 05:58:59,0.00060130,20.00000000
2018-02-26 05:58:59,0.00060140,147.00000000
2018-02-26 05:59:00,0.00060140,308.00000000
2018-02-26 05:59:00,0.00060145,270.00000000
2018-02-26 05:59:03,0.00060099,216.00000000
2018-02-26 05:59:12,0.00060145,40.00000000
2018-02-26 05:59:17,0.00060145,28.00000000
2018-02-26 05:59:22,0.00060145,123.00000000
2018-02-26 05:59:23,0.00060145,33.00000000
2018-02-26 05:59:41,0.00060145,164.00000000
2018-02-26 05:59:41,0.00060099,94.00000000
2018-02-26 05:59:41,0.00060098,54.00000000
2018-02-26 05:59:41,0.00060096,900.00000000
2018-02-26 05:59:41,0.00060095,5288.00000000
2018-02-26 05:59:42,0.00060095,160.00000000
2018-02-26 05:59:48,0.00060100,11.00000000
2018-02-26 05:59:49,0.00060144,3.00000000
2018-02-26 05:59:53,0.00060144,17.00000000
2018-02-26 05:59:53,0.00060144,14.00000000
2018-02-26 05:59:54,0.00060143,14.00000000
2018-02-26 05:59:54,0.00060143,19.00000000
2018-02-26 05:59:54,0.00060146,10.00000000
2018-02-26 05:59:55,0.00060146,124.00000000
