DATE,PRICE,VOLUME
2018-02-26 00:00:01,0.00061020,11.00000000
2018-02-26 00:00:01,0.00061021,19.00000000
2018-02-26 00:00:02,0.00061021,84.00000000
2018-02-26 00:00:04,0.00061021,365.00000000
2018-02-26 00:00:06,0.00061021,13.00000000
2018-02-26 00:00:07,0.00061021,9.00000000
2018-02-26 00:00:07,0.00061100,5.00000000
2018-02-26 00:00:10,0.00061100,4.00000000
2018-02-26 00:00:29,0.00061100,26.00000000
2018-02-26 00:00:31,0.00061029,4.00000000
2018-02-26 00:00:31,0.00061022,271.00000000
2018-02-26 00:00:31,0.00061021,219.00000000
2018-02-26 00:00:31,0.00061100,64.00000000
2018-02-26 00:00:32,0.00061100,750.00000000
2018-02-26 00:00:33,0.00061100,43.00000000
2018-02-26 00:00:34,0.00061100,4.00000000
2018-02-26 00:00:38,0.00061097,4.00000000
2018-02-26 00:00:38,0.00061100,6.00000000
2018-02-26 00:00:39,0.00061100,404.00000000
2018-02-26 00:00:47,0.00061021,56.00000000
2018-02-26 00:00:50,0.00061100,8.00000000
2018-02-26 00:00:53,0.00061099,16.00000000
2018-02-26 00:00:55,0.00061028,13.00000000
2018-02-26 00:00:55,0.00061021,13.00000000
2018-02-26 00:00:56,0.00061099,7.00000000
2018-02-26 00:00:56,0.00061099,7.00000000
2018-02-26 00:01:00,0.00061099,10.00000000
2018-02-26 00:01:04,0.00061098,13.00000000
2018-02-26 00:01:05,0.00061098,7.00000000
2018-02-26 00:01:06,0.00061090,7.00000000
2018-02-26 00:01:06,0.00061090,7.00000000
2018-02-26 00:01:06,0.00061090,7.00000000
2018-02-26 00:01:06,0.00061090,16.00000000
2018-02-26 00:01:10,0.00061022,25.00000000
2018-02-26 00:01:25,0.00061090,116.00000000
2018-02-26 00:01:25,0.00061099,50.00000000
2018-02-26 00:01:31,0.00061028,8.00000000
2018-02-26 00:01:31,0.00061023,13.00000000
2018-02-26 00:01:31,0.00061022,23.00000000
2018-02-26 00:01:31,0.00061089,16.00000000
2018-02-26 00:01:33,0.00061028,13.00000000
2018-02-26 00:01:33,0.00061022,95.00000000
2018-02-26 00:01:33,0.00061021,132.00000000
2018-02-26 00:01:33,0.00061020,10.00000000
2018-02-26 00:01:36,0.00061089,136.00000000
2018-02-26 00:01:39,0.00061099,91.00000000
2018-02-26 00:01:44,0.00061099,8.00000000
2018-02-26 00:01:44,0.00061089,751.00000000
2018-02-26 00:01:44,0.00061020,35.00000000
2018-02-26 00:01:44,0.00061000,6.00000000
2018-02-26 00:01:47,0.00061099,8.00000000
2018-02-26 00:01:47,0.00061089,4.00000000
2018-02-26 00:01:47,0.00061020,340.00000000
2018-02-26 00:01:47,0.00061003,4.00000000
2018-02-26 00:01:47,0.00061000,274.00000000
2018-02-26 00:01:47,0.00061099,63.00000000
2018-02-26 00:01:50,0.00061096,4.00000000
2018-02-26 00:01:50,0.00061099,140.00000000
2018-02-26 00:01:50,0.00061099,90.00000000
2018-02-26 00:01:50,0.00061099,71.00000000
2018-02-26 00:01:57,0.00061099,10.00000000
2018-02-26 00:02:01,0.00061099,69.00000000
2018-02-26 00:02:02,0.00061099,1606.00000000
2018-02-26 00:02:12,0.00061012,9.00000000
2018-02-26 00:02:12,0.00061011,100.00000000
2018-02-26 00:02:12,0.00061000,177.00000000
2018-02-26 00:02:12,0.00060978,70.00000000
2018-02-26 00:02:20,0.00061098,13.00000000
2018-02-26 00:02:20,0.00061099,7.00000000
2018-02-26 00:02:33,0.00061099,10.00000000
2018-02-26 00:02:38,0.00061099,500.00000000
2018-02-26 00:02:42,0.00061098,4.00000000
2018-02-26 00:02:50,0.00061095,10.00000000
2018-02-26 00:02:50,0.00061096,25.00000000
2018-02-26 00:02:50,0.00061097,8.00000000
2018-02-26 00:02:50,0.00061098,8.00000000
2018-02-26 00:02:53,0.00061097,8.00000000
2018-02-26 00:02:53,0.00061098,12.00000000
2018-02-26 00:03:04,0.00061036,6.00000000
2018-02-26 00:03:10,0.00061098,280.00000000
2018-02-26 00:03:18,0.00061037,12.00000000
2018-02-26 00:03:18,0.00061036,64.00000000
2018-02-26 00:03:18,0.00061024,3.00000000
2018-02-26 00:03:18,0.00061022,35.00000000
2018-02-26 00:03:19,0.00061020,8.00000000
2018-02-26 00:03:19,0.00061020,8.00000000
2018-02-26 00:03:20,0.00061020,340.00000000
2018-02-26 00:03:21,0.00061020,40.00000000
2018-02-26 00:03:36,0.00061020,6.00000000
2018-02-26 00:03:37,0.00061089,3.00000000
2018-02-26 00:03:45,0.00061020,605.00000000
2018-02-26 00:03:45,0.00061020,334.00000000
2018-02-26 00:03:50,0.00061020,29.00000000
2018-02-26 00:03:51,0.00061020,340.00000000
2018-02-26 00:03:54,0.00061020,6.00000000
2018-02-26 00:03:57,0.00061020,39.00000000
2018-02-26 00:04:11,0.00061000,4.00000000
2018-02-26 00:04:12,0.00061000,2.00000000
2018-02-26 00:04:15,0.00061000,327.00000000
2018-02-26 00:04:18,0.00061000,104.00000000
2018-02-26 00:04:18,0.00061000,5.00000000
2018-02-26 00:04:22,0.00061000,340.00000000
2018-02-26 00:04:24,0.00061000,6.00000000
2018-02-26 00:04:26,0.00061000,25.00000000
2018-02-26 00:04:27,0.00060991,12.00000000
2018-02-26 00:04:31,0.00060990,40.00000000
2018-02-26 00:04:38,0.00060990,72.00000000
2018-02-26 00:04:39,0.00061000,23.00000000
2018-02-26 00:04:53,0.00060998,16.00000000
2018-02-26 00:04:53,0.00061000,324.00000000
2018-02-26 00:04:54,0.00060990,20.00000000
2018-02-26 00:04:55,0.00061000,282.00000000
2018-02-26 00:04:59,0.00061000,10.00000000
2018-02-26 00:05:02,0.00061000,17.00000000
2018-02-26 00:05:04,0.00061000,16.00000000
2018-02-26 00:05:08,0.00061000,40.00000000
2018-02-26 00:05:13,0.00061000,26.00000000
2018-02-26 00:05:19,0.00060991,32.00000000
2018-02-26 00:05:19,0.00060990,25.00000000
2018-02-26 00:05:19,0.00060978,93.00000000
2018-02-26 00:05:19,0.00060975,49.00000000
2018-02-26 00:05:19,0.00060950,146.00000000
2018-02-26 00:05:24,0.00061000,26.00000000
2018-02-26 00:05:30,0.00061000,6.00000000
2018-02-26 00:05:31,0.00060951,3.00000000
2018-02-26 00:05:31,0.00060950,21.00000000
2018-02-26 00:05:32,0.00060950,4.00000000
2018-02-26 00:05:39,0.00060950,68.00000000
2018-02-26 00:05:48,0.00060997,7.00000000
2018-02-26 00:05:48,0.00060998,219.00000000
2018-02-26 00:05:55,0.00060950,3.00000000
2018-02-26 00:05:55,0.00060940,7.00000000
2018-02-26 00:05:56,0.00060937,18.00000000
2018-02-26 00:05:57,0.00060952,311.00000000
2018-02-26 00:05:57,0.00060952,2.00000000
2018-02-26 00:06:00,0.00060998,20.00000000
2018-02-26 00:06:02,0.00060952,2.00000000
2018-02-26 00:06:10,0.00060930,10.00000000
2018-02-26 00:06:11,0.00060902,189.00000000
2018-02-26 00:06:11,0.00060901,2516.00000000
2018-02-26 00:06:12,0.00060901,179.00000000
2018-02-26 00:06:12,0.00060901,225.00000000
2018-02-26 00:06:13,0.00060901,2.00000000
2018-02-26 00:06:14,0.00060901,9.00000000
2018-02-26 00:06:15,0.00060901,4.00000000
2018-02-26 00:06:16,0.00060901,209.00000000
2018-02-26 00:06:16,0.00060930,27.00000000
2018-02-26 00:06:16,0.00060950,32.00000000
2018-02-26 00:06:17,0.00060950,357.00000000
2018-02-26 00:06:17,0.00060993,90.00000000
2018-02-26 00:06:18,0.00060950,29.00000000
2018-02-26 00:06:19,0.00060950,799.00000000
2018-02-26 00:06:20,0.00060950,122.00000000
2018-02-26 00:06:20,0.00060950,16.00000000
2018-02-26 00:06:21,0.00060993,3.00000000
2018-02-26 00:06:25,0.00060950,54.00000000
2018-02-26 00:06:29,0.00060901,152.00000000
2018-02-26 00:06:29,0.00060900,3153.00000000
2018-02-26 00:06:29,0.00060900,200.00000000
2018-02-26 00:06:29,0.00060900,29.00000000
2018-02-26 00:06:29,0.00060900,10.00000000
2018-02-26 00:06:29,0.00060900,887.00000000
2018-02-26 00:06:36,0.00060910,82.00000000
2018-02-26 00:06:36,0.00060901,18.00000000
2018-02-26 00:06:38,0.00060901,3.00000000
2018-02-26 00:06:38,0.00060900,995.00000000
2018-02-26 00:06:39,0.00060900,2202.00000000
2018-02-26 00:06:39,0.00060900,8.00000000
2018-02-26 00:06:40,0.00060900,548.00000000
2018-02-26 00:06:40,0.00060900,9.00000000
2018-02-26 00:06:41,0.00060898,2.00000000
2018-02-26 00:06:41,0.00060890,3.00000000
2018-02-26 00:06:41,0.00060886,45.00000000
2018-02-26 00:06:41,0.00060883,25.00000000
2018-02-26 00:06:41,0.00060883,7.00000000
2018-02-26 00:06:41,0.00060872,7.00000000
2018-02-26 00:06:41,0.00060848,11.00000000
2018-02-26 00:06:41,0.00060846,54.00000000
2018-02-26 00:06:41,0.00060836,5.00000000
2018-02-26 00:06:41,0.00060821,169.00000000
2018-02-26 00:06:41,0.00060809,13.00000000
2018-02-26 00:06:41,0.00060806,25.00000000
2018-02-26 00:06:41,0.00060801,4.00000000
2018-02-26 00:06:41,0.00060800,205.00000000
2018-02-26 00:06:45,0.00060900,14.00000000
2018-02-26 00:06:45,0.00060900,7.00000000
2018-02-26 00:06:46,0.00060899,16.00000000
2018-02-26 00:06:49,0.00060899,42.00000000
2018-02-26 00:06:52,0.00060898,9.00000000
2018-02-26 00:06:52,0.00060899,1.00000000
2018-02-26 00:06:55,0.00060854,8.00000000
2018-02-26 00:06:55,0.00060852,21.00000000
2018-02-26 00:06:55,0.00060800,73.00000000
2018-02-26 00:06:55,0.00060792,53.00000000
2018-02-26 00:06:55,0.00060775,362.00000000
2018-02-26 00:06:55,0.00060899,4.00000000
2018-02-26 00:06:58,0.00060789,6.00000000
2018-02-26 00:06:58,0.00060782,4.00000000
2018-02-26 00:06:58,0.00060780,4.00000000
2018-02-26 00:06:58,0.00060775,208.00000000
2018-02-26 00:06:58,0.00060775,83.00000000
2018-02-26 00:06:59,0.00060775,32.00000000
2018-02-26 00:06:59,0.00060775,168.00000000
2018-02-26 00:06:59,0.00060775,45.00000000
2018-02-26 00:07:00,0.00060772,4.00000000
2018-02-26 00:07:00,0.00060893,4.00000000
2018-02-26 00:07:00,0.00060800,83.00000000
2018-02-26 00:07:01,0.00060775,102.00000000
2018-02-26 00:07:02,0.00060772,4.00000000
2018-02-26 00:07:02,0.00060769,3.00000000
2018-02-26 00:07:02,0.00060777,76.00000000
2018-02-26 00:07:03,0.00060800,50.00000000
2018-02-26 00:07:04,0.00060892,4.00000000
2018-02-26 00:07:07,0.00060778,4.00000000
2018-02-26 00:07:07,0.00060777,4.00000000
2018-02-26 00:07:07,0.00060775,21.00000000
2018-02-26 00:07:07,0.00060769,252.00000000
2018-02-26 00:07:07,0.00060767,4.00000000
2018-02-26 00:07:07,0.00060762,30.00000000
2018-02-26 00:07:07,0.00060751,185.00000000
2018-02-26 00:07:08,0.00060763,160.00000000
2018-02-26 00:07:08,0.00060761,30.00000000
2018-02-26 00:07:08,0.00060751,18.00000000
2018-02-26 00:07:08,0.00060750,16.00000000
2018-02-26 00:07:08,0.00060744,461.00000000
2018-02-26 00:07:09,0.00060886,4.00000000
2018-02-26 00:07:09,0.00060886,18.00000000
2018-02-26 00:07:11,0.00060878,4.00000000
2018-02-26 00:07:11,0.00060883,15.00000000
2018-02-26 00:07:11,0.00060885,11.00000000
2018-02-26 00:07:12,0.00060750,4.00000000
2018-02-26 00:07:12,0.00060745,9.00000000
2018-02-26 00:07:12,0.00060744,55.00000000
2018-02-26 00:07:12,0.00060880,8.00000000
2018-02-26 00:07:13,0.00060744,80.00000000
2018-02-26 00:07:13,0.00060880,38.00000000
2018-02-26 00:07:15,0.00060750,8.00000000
2018-02-26 00:07:15,0.00060749,4.00000000
2018-02-26 00:07:15,0.00060744,95.00000000
2018-02-26 00:07:15,0.00060744,893.00000000
2018-02-26 00:07:15,0.00060870,6.00000000
2018-02-26 00:07:17,0.00060865,16.00000000
2018-02-26 00:07:19,0.00060858,44.00000000
2018-02-26 00:07:20,0.00060783,2.00000000
2018-02-26 00:07:20,0.00060755,4.00000000
2018-02-26 00:07:20,0.00060750,8.00000000
2018-02-26 00:07:20,0.00060749,17.00000000
2018-02-26 00:07:21,0.00060858,5.00000000
2018-02-26 00:07:23,0.00060756,4.00000000
2018-02-26 00:07:23,0.00060751,3.00000000
2018-02-26 00:07:23,0.00060750,15.00000000
2018-02-26 00:07:23,0.00060749,13.00000000
2018-02-26 00:07:23,0.00060749,896.00000000
2018-02-26 00:07:23,0.00060749,104.00000000
2018-02-26 00:07:24,0.00060848,4.00000000
2018-02-26 00:07:24,0.00060853,4.00000000
2018-02-26 00:07:24,0.00060860,4.00000000
2018-02-26 00:07:24,0.00060865,6.00000000
2018-02-26 00:07:30,0.00060865,4.00000000
2018-02-26 00:07:32,0.00060783,8.00000000
2018-02-26 00:07:32,0.00060751,104.00000000
2018-02-26 00:07:32,0.00060749,436.00000000
2018-02-26 00:07:32,0.00060749,21.00000000
2018-02-26 00:07:33,0.00060749,16.00000000
2018-02-26 00:07:33,0.00060749,21.00000000
2018-02-26 00:07:33,0.00060749,18.00000000
2018-02-26 00:07:33,0.00060738,4.00000000
2018-02-26 00:07:33,0.00060720,150.00000000
2018-02-26 00:07:33,0.00060715,9.00000000
2018-02-26 00:07:33,0.00060710,36.00000000
2018-02-26 00:07:33,0.00060703,15.00000000
2018-02-26 00:07:33,0.00060701,26.00000000
2018-02-26 00:07:33,0.00060700,362.00000000
2018-02-26 00:07:33,0.00060700,699.00000000
2018-02-26 00:07:34,0.00060749,3.00000000
2018-02-26 00:07:34,0.00060749,2.00000000
2018-02-26 00:07:34,0.00060700,142.00000000
2018-02-26 00:07:34,0.00060749,307.00000000
2018-02-26 00:07:35,0.00060749,64.00000000
2018-02-26 00:07:36,0.00060751,88.00000000
2018-02-26 00:07:39,0.00060800,5.00000000
2018-02-26 00:07:41,0.00060863,7.00000000
2018-02-26 00:07:42,0.00060863,4.00000000
2018-02-26 00:07:43,0.00060863,2.00000000
2018-02-26 00:07:43,0.00060863,5.00000000
2018-02-26 00:07:44,0.00060863,34.00000000
2018-02-26 00:07:44,0.00060863,19.00000000
2018-02-26 00:07:44,0.00060858,4.00000000
2018-02-26 00:07:44,0.00060863,13.00000000
2018-02-26 00:07:44,0.00060751,4.00000000
2018-02-26 00:07:44,0.00060742,33.00000000
2018-02-26 00:07:44,0.00060738,317.00000000
2018-02-26 00:07:45,0.00060738,17.00000000
2018-02-26 00:07:45,0.00060738,4.00000000
2018-02-26 00:07:45,0.00060738,9.00000000
2018-02-26 00:07:45,0.00060738,76.00000000
2018-02-26 00:07:45,0.00060738,17.00000000
2018-02-26 00:07:45,0.00060738,10.00000000
2018-02-26 00:07:46,0.00060738,476.00000000
2018-02-26 00:07:46,0.00060738,4.00000000
2018-02-26 00:07:47,0.00060738,4.00000000
2018-02-26 00:07:47,0.00060735,4.00000000
2018-02-26 00:07:47,0.00060738,10.00000000
2018-02-26 00:07:47,0.00060738,10.00000000
2018-02-26 00:07:48,0.00060738,6.00000000
2018-02-26 00:07:48,0.00060738,2.00000000
2018-02-26 00:07:48,0.00060738,1.00000000
2018-02-26 00:07:51,0.00060726,26.00000000
2018-02-26 00:07:53,0.00060859,10.00000000
2018-02-26 00:07:53,0.00060860,38.00000000
2018-02-26 00:07:53,0.00060865,98.00000000
2018-02-26 00:07:53,0.00060868,17.00000000
2018-02-26 00:07:57,0.00060875,4.00000000
2018-02-26 00:07:57,0.00060892,7.00000000
2018-02-26 00:07:58,0.00060757,4.00000000
2018-02-26 00:07:58,0.00060754,137.00000000
2018-02-26 00:07:58,0.00060752,20.00000000
2018-02-26 00:07:58,0.00060750,4.00000000
2018-02-26 00:07:58,0.00060748,30.00000000
2018-02-26 00:07:58,0.00060746,49.00000000
2018-02-26 00:07:58,0.00060722,8.00000000
2018-02-26 00:07:58,0.00060700,251.00000000
2018-02-26 00:07:59,0.00060867,4.00000000
2018-02-26 00:07:59,0.00060701,4.00000000
2018-02-26 00:07:59,0.00060700,167.00000000
2018-02-26 00:08:00,0.00060698,18.00000000
2018-02-26 00:08:00,0.00060698,7.00000000
2018-02-26 00:08:00,0.00060695,8.00000000
2018-02-26 00:08:00,0.00060697,2.00000000
2018-02-26 00:08:00,0.00060698,138.00000000
2018-02-26 00:08:01,0.00060700,65.00000000
2018-02-26 00:08:01,0.00060700,13.00000000
2018-02-26 00:08:02,0.00060700,238.00000000
2018-02-26 00:08:02,0.00060700,513.00000000
2018-02-26 00:08:03,0.00060849,10.00000000
2018-02-26 00:08:03,0.00060850,6.00000000
2018-02-26 00:08:05,0.00060843,4.00000000
2018-02-26 00:08:05,0.00060850,2.00000000
2018-02-26 00:08:06,0.00060841,3.00000000
2018-02-26 00:08:07,0.00060841,2.00000000
2018-02-26 00:08:08,0.00060840,18.00000000
2018-02-26 00:08:08,0.00060841,3.00000000
2018-02-26 00:08:08,0.00060800,5.00000000
2018-02-26 00:08:10,0.00060800,117.00000000
2018-02-26 00:08:10,0.00060804,10.00000000
2018-02-26 00:08:10,0.00060836,2.00000000
2018-02-26 00:08:11,0.00060836,2.00000000
2018-02-26 00:08:11,0.00060839,1.00000000
2018-02-26 00:08:15,0.00060839,10.00000000
2018-02-26 00:08:22,0.00060831,36.00000000
2018-02-26 00:08:23,0.00060862,32.00000000
2018-02-26 00:08:31,0.00060839,46.00000000
2018-02-26 00:08:31,0.00060860,50.00000000
2018-02-26 00:08:31,0.00060839,4.00000000
2018-02-26 00:08:31,0.00060831,5.00000000
2018-02-26 00:08:31,0.00060810,34.00000000
2018-02-26 00:08:31,0.00060804,111.00000000
2018-02-26 00:08:31,0.00060717,4.00000000
2018-02-26 00:08:31,0.00060709,8.00000000
2018-02-26 00:08:35,0.00060800,24.00000000
2018-02-26 00:08:35,0.00060711,4.00000000
2018-02-26 00:08:35,0.00060703,11.00000000
2018-02-26 00:08:35,0.00060701,30.00000000
2018-02-26 00:08:35,0.00060700,765.00000000
2018-02-26 00:08:35,0.00060700,30.00000000
2018-02-26 00:08:35,0.00060700,14.00000000
2018-02-26 00:08:35,0.00060700,122.00000000
2018-02-26 00:08:36,0.00060835,4.00000000
2018-02-26 00:08:39,0.00060828,10.00000000
2018-02-26 00:08:40,0.00060824,4.00000000
2018-02-26 00:08:40,0.00060828,2.00000000
2018-02-26 00:08:42,0.00060823,2.00000000
2018-02-26 00:08:42,0.00060728,10.00000000
2018-02-26 00:08:42,0.00060726,4.00000000
2018-02-26 00:08:42,0.00060720,6.00000000
2018-02-26 00:08:42,0.00060711,12.00000000
2018-02-26 00:08:42,0.00060709,968.00000000
2018-02-26 00:08:45,0.00060823,2.00000000
2018-02-26 00:08:47,0.00060720,4.00000000
2018-02-26 00:08:47,0.00060712,4.00000000
2018-02-26 00:08:47,0.00060710,10.00000000
2018-02-26 00:08:47,0.00060709,9.00000000
2018-02-26 00:08:47,0.00060709,973.00000000
2018-02-26 00:08:47,0.00060827,10.00000000
2018-02-26 00:08:47,0.00060828,400.00000000
2018-02-26 00:08:47,0.00060829,4.00000000
2018-02-26 00:08:47,0.00060830,49.00000000
2018-02-26 00:08:47,0.00060835,9.00000000
2018-02-26 00:08:47,0.00060860,49.00000000
2018-02-26 00:08:47,0.00060862,24.00000000
2018-02-26 00:08:48,0.00060860,3.00000000
2018-02-26 00:08:48,0.00060850,8.00000000
2018-02-26 00:08:48,0.00060859,7.00000000
2018-02-26 00:08:49,0.00060822,4.00000000
2018-02-26 00:08:50,0.00060821,8.00000000
2018-02-26 00:08:50,0.00060722,7.00000000
2018-02-26 00:08:50,0.00060719,8.00000000
2018-02-26 00:08:52,0.00060848,10.00000000
2018-02-26 00:08:52,0.00060849,8.00000000
2018-02-26 00:08:52,0.00060862,84.00000000
2018-02-26 00:08:52,0.00060864,30.00000000
2018-02-26 00:08:52,0.00060870,4.00000000
2018-02-26 00:08:52,0.00060875,186.00000000
2018-02-26 00:08:52,0.00060893,8.00000000
2018-02-26 00:08:52,0.00060899,18.00000000
2018-02-26 00:08:54,0.00060895,4.00000000
2018-02-26 00:08:54,0.00060898,4.00000000
2018-02-26 00:08:54,0.00060898,16.00000000
2018-02-26 00:08:55,0.00060774,163.00000000
2018-02-26 00:08:55,0.00060772,10.00000000
2018-02-26 00:08:55,0.00060771,8.00000000
2018-02-26 00:08:55,0.00060722,41.00000000
2018-02-26 00:08:55,0.00060715,4.00000000
2018-02-26 00:08:55,0.00060709,15.00000000
2018-02-26 00:08:55,0.00060709,2.00000000
2018-02-26 00:08:55,0.00060709,144.00000000
2018-02-26 00:08:55,0.00060707,163.00000000
2018-02-26 00:08:55,0.00060709,80.00000000
2018-02-26 00:08:56,0.00060709,2.00000000
2018-02-26 00:08:56,0.00060709,4.00000000
2018-02-26 00:08:56,0.00060709,16.00000000
2018-02-26 00:08:56,0.00060709,7.00000000
2018-02-26 00:08:57,0.00060709,4.00000000
2018-02-26 00:08:57,0.00060709,2.00000000
2018-02-26 00:08:58,0.00060709,2.00000000
2018-02-26 00:08:58,0.00060703,4.00000000
2018-02-26 00:08:58,0.00060709,7.00000000
2018-02-26 00:08:58,0.00060709,4.00000000
2018-02-26 00:08:58,0.00060709,3.00000000
2018-02-26 00:08:59,0.00060709,8.00000000
2018-02-26 00:08:59,0.00060709,2.00000000
2018-02-26 00:08:59,0.00060709,15.00000000
2018-02-26 00:08:59,0.00060709,4.00000000
2018-02-26 00:08:59,0.00060709,18.00000000
2018-02-26 00:08:59,0.00060709,112.00000000
2018-02-26 00:08:59,0.00060709,343.00000000
2018-02-26 00:09:00,0.00060833,10.00000000
2018-02-26 00:09:00,0.00060834,49.00000000
2018-02-26 00:09:00,0.00060835,13.00000000
2018-02-26 00:09:00,0.00060892,6.00000000
2018-02-26 00:09:00,0.00060893,8.00000000
2018-02-26 00:09:00,0.00060898,10.00000000
2018-02-26 00:09:00,0.00060899,261.00000000
2018-02-26 00:09:00,0.00060900,209.00000000
2018-02-26 00:09:00,0.00060900,30.00000000
2018-02-26 00:09:00,0.00060900,30.00000000
2018-02-26 00:09:00,0.00060900,30.00000000
2018-02-26 00:09:00,0.00060900,14.00000000
2018-02-26 00:09:01,0.00060900,91.00000000
2018-02-26 00:09:02,0.00060945,2.00000000
2018-02-26 00:09:02,0.00060945,3.00000000
2018-02-26 00:09:03,0.00060945,2.00000000
2018-02-26 00:09:03,0.00060905,10.00000000
2018-02-26 00:09:04,0.00060907,10.00000000
2018-02-26 00:09:04,0.00060906,13.00000000
2018-02-26 00:09:04,0.00060804,5.00000000
2018-02-26 00:09:05,0.00060774,5.00000000
2018-02-26 00:09:06,0.00060774,4.00000000
2018-02-26 00:09:06,0.00060774,19.00000000
2018-02-26 00:09:07,0.00060774,4.00000000
2018-02-26 00:09:07,0.00060774,32.00000000
2018-02-26 00:09:07,0.00060774,16.00000000
2018-02-26 00:09:08,0.00060774,90.00000000
2018-02-26 00:09:08,0.00060774,2.00000000
2018-02-26 00:09:08,0.00060774,5.00000000
2018-02-26 00:09:08,0.00060774,4.00000000
2018-02-26 00:09:11,0.00060774,10.00000000
2018-02-26 00:09:11,0.00060774,8.00000000
2018-02-26 00:09:12,0.00060774,164.00000000
2018-02-26 00:09:12,0.00060705,20.00000000
2018-02-26 00:09:13,0.00060774,5.00000000
2018-02-26 00:09:13,0.00060774,33.00000000
2018-02-26 00:09:15,0.00060710,324.00000000
2018-02-26 00:09:15,0.00060709,676.00000000
2018-02-26 00:09:18,0.00060774,5.00000000
2018-02-26 00:09:18,0.00060774,16.00000000
2018-02-26 00:09:18,0.00060715,8.00000000
2018-02-26 00:09:18,0.00060711,8.00000000
2018-02-26 00:09:18,0.00060709,190.00000000
2018-02-26 00:09:20,0.00060774,4.00000000
2018-02-26 00:09:21,0.00060774,674.00000000
2018-02-26 00:09:21,0.00060891,87.00000000
2018-02-26 00:09:21,0.00060716,49.00000000
2018-02-26 00:09:21,0.00060715,8.00000000
2018-02-26 00:09:21,0.00060711,161.00000000
2018-02-26 00:09:21,0.00060709,32.00000000
2018-02-26 00:09:22,0.00060881,11.00000000
2018-02-26 00:09:23,0.00060881,10.00000000
2018-02-26 00:09:24,0.00060881,140.00000000
2018-02-26 00:09:24,0.00060898,49.00000000
2018-02-26 00:09:24,0.00060945,99.00000000
2018-02-26 00:09:24,0.00060947,57.00000000
2018-02-26 00:09:24,0.00060950,653.00000000
2018-02-26 00:09:24,0.00060950,2.00000000
2018-02-26 00:09:24,0.00060950,8.00000000
2018-02-26 00:09:24,0.00060950,184.00000000
2018-02-26 00:09:26,0.00060876,2.00000000
2018-02-26 00:09:27,0.00060876,2.00000000
2018-02-26 00:09:27,0.00060978,2.00000000
2018-02-26 00:09:28,0.00060888,2.00000000
2018-02-26 00:09:28,0.00060792,49.00000000
2018-02-26 00:09:28,0.00060789,4.00000000
2018-02-26 00:09:29,0.00060977,4.00000000
2018-02-26 00:09:30,0.00060976,4.00000000
2018-02-26 00:09:30,0.00060976,8.00000000
2018-02-26 00:09:30,0.00060976,2.00000000
2018-02-26 00:09:30,0.00060977,4.00000000
2018-02-26 00:09:30,0.00060800,163.00000000
2018-02-26 00:09:30,0.00060798,48.00000000
2018-02-26 00:09:30,0.00060796,8.00000000
2018-02-26 00:09:30,0.00060782,4.00000000
2018-02-26 00:09:30,0.00060730,327.00000000
2018-02-26 00:09:30,0.00060729,50.00000000
2018-02-26 00:09:32,0.00060943,4.00000000
2018-02-26 00:09:33,0.00060935,4.00000000
2018-02-26 00:09:34,0.00060924,3.00000000
2018-02-26 00:09:36,0.00060916,16.00000000
2018-02-26 00:09:36,0.00060806,5.00000000
2018-02-26 00:09:36,0.00060805,4.00000000
2018-02-26 00:09:36,0.00060801,4.00000000
2018-02-26 00:09:36,0.00060799,4.00000000
2018-02-26 00:09:36,0.00060798,8.00000000
2018-02-26 00:09:36,0.00060794,914.00000000
2018-02-26 00:09:36,0.00060794,61.00000000
2018-02-26 00:09:37,0.00060897,14.00000000
2018-02-26 00:09:40,0.00060864,16.00000000
2018-02-26 00:09:41,0.00060863,8.00000000
2018-02-26 00:09:41,0.00060864,4.00000000
2018-02-26 00:09:41,0.00060872,3.00000000
2018-02-26 00:09:41,0.00060869,2.00000000
2018-02-26 00:09:41,0.00060872,7.00000000
2018-02-26 00:09:42,0.00060859,12.00000000
2018-02-26 00:09:43,0.00060856,8.00000000
2018-02-26 00:09:45,0.00060740,20.00000000
2018-02-26 00:09:45,0.00060739,4.00000000
2018-02-26 00:09:45,0.00060736,66.00000000
2018-02-26 00:09:45,0.00060794,16.00000000
2018-02-26 00:09:46,0.00060792,80.00000000
2018-02-26 00:09:46,0.00060789,33.00000000
2018-02-26 00:09:48,0.00060788,10.00000000
2018-02-26 00:09:48,0.00060792,10.00000000
2018-02-26 00:09:48,0.00060794,9.00000000
2018-02-26 00:09:49,0.00060793,8.00000000
2018-02-26 00:09:49,0.00060793,271.00000000
2018-02-26 00:09:49,0.00060793,48.00000000
2018-02-26 00:09:49,0.00060794,9.00000000
2018-02-26 00:09:50,0.00060793,16.00000000
2018-02-26 00:09:53,0.00060736,3.00000000
2018-02-26 00:09:54,0.00060737,79.00000000
2018-02-26 00:09:55,0.00060737,52.00000000
2018-02-26 00:09:55,0.00060736,9.00000000
2018-02-26 00:09:58,0.00060787,1.00000000
2018-02-26 00:09:58,0.00060790,4.00000000
2018-02-26 00:09:58,0.00060794,3.00000000
2018-02-26 00:09:59,0.00060794,6.00000000
2018-02-26 00:10:06,0.00060750,9.00000000
2018-02-26 00:10:06,0.00060740,154.00000000
2018-02-26 00:10:07,0.00060794,16.00000000
2018-02-26 00:10:07,0.00060794,8.00000000
2018-02-26 00:10:11,0.00060794,16.00000000
2018-02-26 00:10:11,0.00060793,151.00000000
2018-02-26 00:10:11,0.00060794,76.00000000
2018-02-26 00:10:12,0.00060794,189.00000000
2018-02-26 00:10:12,0.00060794,6.00000000
2018-02-26 00:10:13,0.00060794,7.00000000
2018-02-26 00:10:14,0.00060794,102.00000000
2018-02-26 00:10:14,0.00060741,427.00000000
2018-02-26 00:10:14,0.00060740,65.00000000
2018-02-26 00:10:15,0.00060794,95.00000000
2018-02-26 00:10:17,0.00060794,5.00000000
2018-02-26 00:10:17,0.00060794,3.00000000
2018-02-26 00:10:18,0.00060740,97.00000000
2018-02-26 00:10:19,0.00060794,434.00000000
2018-02-26 00:10:23,0.00060866,31.00000000
2018-02-26 00:10:23,0.00060867,4.00000000
2018-02-26 00:10:23,0.00060917,30.00000000
2018-02-26 00:10:23,0.00060918,41.00000000
2018-02-26 00:10:32,0.00060918,10.00000000
2018-02-26 00:10:32,0.00060919,4.00000000
2018-02-26 00:10:32,0.00060922,11.00000000
2018-02-26 00:10:32,0.00060799,1.00000000
2018-02-26 00:10:33,0.00060922,3.00000000
2018-02-26 00:10:40,0.00060917,4.00000000
2018-02-26 00:10:40,0.00060922,38.00000000
2018-02-26 00:10:40,0.00060935,143.00000000
2018-02-26 00:10:41,0.00060935,130.00000000
2018-02-26 00:10:43,0.00060814,20.00000000
2018-02-26 00:10:43,0.00060813,4.00000000
2018-02-26 00:10:43,0.00060809,49.00000000
2018-02-26 00:10:43,0.00060804,4.00000000
2018-02-26 00:10:43,0.00060794,114.00000000
2018-02-26 00:10:43,0.00060793,77.00000000
2018-02-26 00:10:43,0.00060782,8.00000000
2018-02-26 00:10:43,0.00060742,176.00000000
2018-02-26 00:10:43,0.00060740,334.00000000
2018-02-26 00:10:47,0.00060931,10.00000000
2018-02-26 00:11:04,0.00060918,7.00000000
2018-02-26 00:11:04,0.00060918,27.00000000
2018-02-26 00:11:09,0.00060900,42.00000000
2018-02-26 00:11:11,0.00060897,4.00000000
2018-02-26 00:11:11,0.00060899,8.00000000
2018-02-26 00:11:11,0.00060900,139.00000000
2018-02-26 00:11:11,0.00060900,100.00000000
2018-02-26 00:11:16,0.00060900,719.00000000
2018-02-26 00:11:16,0.00060927,136.00000000
2018-02-26 00:11:16,0.00060931,85.00000000
2018-02-26 00:11:16,0.00060935,329.00000000
2018-02-26 00:11:16,0.00060969,44.00000000
2018-02-26 00:11:16,0.00060972,53.00000000
2018-02-26 00:11:16,0.00060983,162.00000000
2018-02-26 00:11:16,0.00060990,293.00000000
2018-02-26 00:11:21,0.00060990,1.00000000
2018-02-26 00:11:24,0.00060900,6.00000000
2018-02-26 00:11:26,0.00060900,3.00000000
2018-02-26 00:11:26,0.00060900,2.00000000
2018-02-26 00:11:28,0.00060900,4.00000000
2018-02-26 00:11:32,0.00060990,3.00000000
2018-02-26 00:11:36,0.00060990,8.00000000
2018-02-26 00:11:38,0.00060990,62.00000000
2018-02-26 00:11:38,0.00060903,4.00000000
2018-02-26 00:11:38,0.00060900,101.00000000
2018-02-26 00:11:38,0.00060900,14.00000000
2018-02-26 00:11:47,0.00060900,17.00000000
2018-02-26 00:11:48,0.00060900,22.00000000
2018-02-26 00:11:51,0.00060900,23.00000000
2018-02-26 00:11:51,0.00060897,761.00000000
2018-02-26 00:11:51,0.00060852,2.00000000
2018-02-26 00:11:52,0.00060897,8.00000000
2018-02-26 00:11:52,0.00060897,14.00000000
2018-02-26 00:11:52,0.00060982,5.00000000
2018-02-26 00:11:54,0.00060900,2.00000000
2018-02-26 00:12:00,0.00060982,3.00000000
2018-02-26 00:12:01,0.00060982,5.00000000
2018-02-26 00:12:01,0.00060987,1.00000000
2018-02-26 00:12:02,0.00060982,69.00000000
2018-02-26 00:12:15,0.00060900,25.00000000
2018-02-26 00:12:17,0.00060900,77.00000000
2018-02-26 00:12:20,0.00060900,157.00000000
2018-02-26 00:12:20,0.00060866,14.00000000
2018-02-26 00:12:20,0.00060864,49.00000000
2018-02-26 00:12:20,0.00060862,115.00000000
2018-02-26 00:12:20,0.00060851,30.00000000
2018-02-26 00:12:20,0.00060850,635.00000000
2018-02-26 00:12:24,0.00060979,4.00000000
2018-02-26 00:12:27,0.00060900,188.00000000
2018-02-26 00:12:27,0.00060858,4.00000000
2018-02-26 00:12:27,0.00060850,296.00000000
2018-02-26 00:12:27,0.00060849,30.00000000
2018-02-26 00:12:27,0.00060826,8.00000000
2018-02-26 00:12:27,0.00060793,135.00000000
2018-02-26 00:12:27,0.00060748,9.00000000
2018-02-26 00:12:27,0.00060745,8.00000000
2018-02-26 00:12:27,0.00060740,30.00000000
2018-02-26 00:12:27,0.00060740,30.00000000
2018-02-26 00:12:27,0.00060740,30.00000000
2018-02-26 00:12:27,0.00060740,18.00000000
2018-02-26 00:12:28,0.00060740,9.00000000
2018-02-26 00:12:28,0.00060740,4.00000000
2018-02-26 00:12:28,0.00060740,2.00000000
2018-02-26 00:12:29,0.00060740,12.00000000
2018-02-26 00:12:29,0.00060740,42.00000000
2018-02-26 00:12:30,0.00060740,12.00000000
2018-02-26 00:12:30,0.00060740,2.00000000
2018-02-26 00:12:31,0.00060740,16.00000000
2018-02-26 00:12:31,0.00060740,17.00000000
2018-02-26 00:12:32,0.00060740,5.00000000
2018-02-26 00:12:33,0.00060740,7.00000000
2018-02-26 00:12:34,0.00060740,69.00000000
2018-02-26 00:12:34,0.00060738,3.00000000
2018-02-26 00:12:34,0.00060740,15.00000000
2018-02-26 00:12:36,0.00060738,756.00000000
2018-02-26 00:12:36,0.00060733,7.00000000
2018-02-26 00:12:36,0.00060730,40.00000000
2018-02-26 00:12:36,0.00060729,197.00000000
2018-02-26 00:12:36,0.00060740,4.00000000
2018-02-26 00:12:37,0.00060740,17.00000000
2018-02-26 00:12:37,0.00060740,51.00000000
2018-02-26 00:12:37,0.00060732,10.00000000
2018-02-26 00:12:37,0.00060731,78.00000000
2018-02-26 00:12:39,0.00060738,177.00000000
2018-02-26 00:12:39,0.00060736,9.00000000
2018-02-26 00:12:39,0.00060736,9.00000000
2018-02-26 00:12:39,0.00060729,10.00000000
2018-02-26 00:12:40,0.00060736,4.00000000
2018-02-26 00:12:40,0.00060736,2.00000000
2018-02-26 00:12:40,0.00060736,10.00000000
2018-02-26 00:12:40,0.00060736,5.00000000
2018-02-26 00:12:40,0.00060736,40.00000000
2018-02-26 00:12:40,0.00060738,5.00000000
2018-02-26 00:12:40,0.00060738,312.00000000
2018-02-26 00:12:41,0.00060738,4.00000000
2018-02-26 00:12:47,0.00060729,28.00000000
2018-02-26 00:12:51,0.00060731,8.00000000
2018-02-26 00:12:51,0.00060732,3.00000000
2018-02-26 00:12:56,0.00060730,314.00000000
2018-02-26 00:12:56,0.00060729,165.00000000
2018-02-26 00:12:56,0.00060725,103.00000000
2018-02-26 00:12:56,0.00060710,316.00000000
2018-02-26 00:12:56,0.00060732,1.00000000
2018-02-26 00:12:58,0.00060736,2.00000000
2018-02-26 00:12:59,0.00060736,2.00000000
2018-02-26 00:12:59,0.00060736,10.00000000
2018-02-26 00:12:59,0.00060736,32.00000000
2018-02-26 00:13:00,0.00060736,17.00000000
2018-02-26 00:13:00,0.00060710,4.00000000
2018-02-26 00:13:00,0.00060736,3.00000000
2018-02-26 00:13:02,0.00060736,4.00000000
2018-02-26 00:13:02,0.00060736,33.00000000
2018-02-26 00:13:05,0.00060736,48.00000000
2018-02-26 00:13:05,0.00060738,152.00000000
2018-02-26 00:13:06,0.00060738,3.00000000
2018-02-26 00:13:07,0.00060733,4.00000000
2018-02-26 00:13:10,0.00060738,16.00000000
2018-02-26 00:13:11,0.00060738,537.00000000
2018-02-26 00:13:11,0.00060887,122.00000000
2018-02-26 00:13:11,0.00060735,162.00000000
2018-02-26 00:13:11,0.00060734,10.00000000
2018-02-26 00:13:11,0.00060733,520.00000000
2018-02-26 00:13:11,0.00060710,99.00000000
2018-02-26 00:13:12,0.00060709,162.00000000
2018-02-26 00:13:12,0.00060710,18.00000000
2018-02-26 00:13:12,0.00060709,10.00000000
2018-02-26 00:13:12,0.00060710,20.00000000
2018-02-26 00:13:13,0.00060710,5.00000000
2018-02-26 00:13:13,0.00060710,174.00000000
2018-02-26 00:13:13,0.00060710,4.00000000
2018-02-26 00:13:13,0.00060710,18.00000000
2018-02-26 00:13:14,0.00060709,600.00000000
2018-02-26 00:13:15,0.00060710,4.00000000
2018-02-26 00:13:18,0.00060710,8.00000000
2018-02-26 00:13:21,0.00060710,8.00000000
2018-02-26 00:13:22,0.00060710,250.00000000
2018-02-26 00:13:23,0.00060710,20.00000000
2018-02-26 00:13:23,0.00060710,65.00000000
2018-02-26 00:13:28,0.00060709,4.00000000
2018-02-26 00:13:30,0.00060710,6.00000000
2018-02-26 00:13:30,0.00060709,61.00000000
2018-02-26 00:13:33,0.00060710,222.00000000
2018-02-26 00:13:36,0.00060737,75.00000000
2018-02-26 00:13:41,0.00060710,100.00000000
2018-02-26 00:13:50,0.00060711,9.00000000
2018-02-26 00:13:50,0.00060710,791.00000000
2018-02-26 00:13:51,0.00060737,125.00000000
2018-02-26 00:13:59,0.00060744,10.00000000
2018-02-26 00:13:59,0.00060739,9.00000000
2018-02-26 00:13:59,0.00060737,15.00000000
2018-02-26 00:14:21,0.00060740,4.00000000
2018-02-26 00:14:21,0.00060737,2.00000000
2018-02-26 00:14:29,0.00060830,8.00000000
2018-02-26 00:14:35,0.00060825,5.00000000
2018-02-26 00:14:36,0.00060825,5.00000000
2018-02-26 00:14:36,0.00060741,51.00000000
2018-02-26 00:14:36,0.00060740,249.00000000
2018-02-26 00:14:37,0.00060826,4.00000000
2018-02-26 00:14:37,0.00060829,10.00000000
2018-02-26 00:14:37,0.00060859,49.00000000
2018-02-26 00:14:37,0.00060860,191.00000000
2018-02-26 00:14:45,0.00060746,10.00000000
2018-02-26 00:14:45,0.00060745,4.00000000
2018-02-26 00:14:51,0.00060839,10.00000000
2018-02-26 00:14:52,0.00060840,7.00000000
2018-02-26 00:14:54,0.00060840,10.00000000
2018-02-26 00:14:54,0.00060745,11.00000000
2018-02-26 00:14:54,0.00060745,11.00000000
2018-02-26 00:14:54,0.00060745,11.00000000
2018-02-26 00:14:54,0.00060745,11.00000000
2018-02-26 00:14:55,0.00060745,20.00000000
2018-02-26 00:14:55,0.00060745,476.00000000
2018-02-26 00:14:55,0.00060840,512.00000000
2018-02-26 00:14:59,0.00060761,8.00000000
2018-02-26 00:14:59,0.00060740,46.00000000
2018-02-26 00:15:11,0.00060840,243.00000000
2018-02-26 00:15:12,0.00060840,41.00000000
2018-02-26 00:15:20,0.00060800,70.00000000
2018-02-26 00:15:20,0.00060840,187.00000000
2018-02-26 00:15:22,0.00060840,945.00000000
2018-02-26 00:15:23,0.00060799,31.00000000
2018-02-26 00:15:24,0.00060799,2.00000000
2018-02-26 00:15:24,0.00060799,38.00000000
2018-02-26 00:15:26,0.00060799,24.00000000
2018-02-26 00:15:36,0.00060799,3.00000000
2018-02-26 00:15:38,0.00060799,8.00000000
2018-02-26 00:15:39,0.00060745,10.00000000
2018-02-26 00:15:44,0.00060799,16.00000000
2018-02-26 00:15:52,0.00060799,3.00000000
2018-02-26 00:15:53,0.00060779,41.00000000
2018-02-26 00:15:53,0.00060779,559.00000000
2018-02-26 00:15:53,0.00060799,441.00000000
2018-02-26 00:15:58,0.00060799,5.00000000
2018-02-26 00:15:59,0.00060779,200.00000000
2018-02-26 00:16:07,0.00060780,96.00000000
2018-02-26 00:16:12,0.00060799,503.00000000
2018-02-26 00:16:15,0.00060799,3.00000000
2018-02-26 00:16:16,0.00060799,605.00000000
2018-02-26 00:16:19,0.00060799,9.00000000
2018-02-26 00:16:30,0.00060799,16.00000000
2018-02-26 00:16:32,0.00060799,78.00000000
2018-02-26 00:16:32,0.00060799,22.00000000
2018-02-26 00:16:50,0.00060855,4.00000000
2018-02-26 00:16:50,0.00060855,2.00000000
2018-02-26 00:16:51,0.00060799,273.00000000
2018-02-26 00:16:52,0.00060799,37.00000000
2018-02-26 00:16:53,0.00060799,114.00000000
2018-02-26 00:16:53,0.00060800,13.00000000
2018-02-26 00:16:55,0.00060854,5.00000000
2018-02-26 00:16:57,0.00060899,30.00000000
2018-02-26 00:16:59,0.00060897,2.00000000
2018-02-26 00:17:02,0.00060897,177.00000000
2018-02-26 00:17:02,0.00060897,60.00000000
2018-02-26 00:17:02,0.00060897,676.00000000
2018-02-26 00:17:02,0.00060897,87.00000000
2018-02-26 00:17:10,0.00060898,2.00000000
2018-02-26 00:17:11,0.00060898,106.00000000
2018-02-26 00:17:19,0.00060898,42.00000000
2018-02-26 00:17:27,0.00060898,150.00000000
2018-02-26 00:17:27,0.00060898,176.00000000
2018-02-26 00:17:32,0.00060899,5.00000000
2018-02-26 00:17:39,0.00060899,3.00000000
2018-02-26 00:17:46,0.00060898,5.00000000
2018-02-26 00:17:51,0.00060898,1276.00000000
2018-02-26 00:17:51,0.00060850,4.00000000
2018-02-26 00:17:51,0.00060803,57.00000000
2018-02-26 00:17:51,0.00060802,290.00000000
2018-02-26 00:17:59,0.00060806,9.00000000
2018-02-26 00:18:10,0.00060837,9.00000000
2018-02-26 00:18:10,0.00060836,16.00000000
2018-02-26 00:18:11,0.00060893,2.00000000
2018-02-26 00:18:11,0.00060899,54.00000000
2018-02-26 00:18:13,0.00060898,14.00000000
2018-02-26 00:18:13,0.00060807,8.00000000
2018-02-26 00:18:13,0.00060806,100.00000000
2018-02-26 00:18:13,0.00060805,4.00000000
2018-02-26 00:18:13,0.00060802,54.00000000
2018-02-26 00:18:13,0.00060800,52.00000000
2018-02-26 00:18:15,0.00060799,4.00000000
2018-02-26 00:18:15,0.00060800,151.00000000
2018-02-26 00:18:17,0.00060800,404.00000000
2018-02-26 00:18:19,0.00060800,157.00000000
2018-02-26 00:18:21,0.00060800,10.00000000
2018-02-26 00:18:25,0.00060800,90.00000000
2018-02-26 00:18:25,0.00060800,97.00000000
2018-02-26 00:18:26,0.00060800,9.00000000
2018-02-26 00:18:26,0.00060799,54.00000000
2018-02-26 00:18:26,0.00060780,38.00000000
2018-02-26 00:18:26,0.00060779,211.00000000
2018-02-26 00:18:27,0.00060800,49.00000000
2018-02-26 00:18:29,0.00060784,4.00000000
2018-02-26 00:18:29,0.00060780,10.00000000
2018-02-26 00:18:29,0.00060779,665.00000000
2018-02-26 00:18:34,0.00060886,20.00000000
2018-02-26 00:18:35,0.00060887,4.00000000
2018-02-26 00:18:35,0.00060893,4.00000000
2018-02-26 00:18:35,0.00060898,332.00000000
2018-02-26 00:18:35,0.00060899,975.00000000
2018-02-26 00:18:35,0.00060900,835.00000000
2018-02-26 00:18:35,0.00060900,489.00000000
2018-02-26 00:18:41,0.00060887,10.00000000
2018-02-26 00:18:41,0.00060886,32.00000000
2018-02-26 00:19:03,0.00060889,4.00000000
2018-02-26 00:19:06,0.00060886,8.00000000
2018-02-26 00:19:09,0.00060889,352.00000000
2018-02-26 00:19:11,0.00060802,102.00000000
2018-02-26 00:19:16,0.00060897,4.00000000
2018-02-26 00:19:16,0.00060900,345.00000000
2018-02-26 00:19:16,0.00060802,55.00000000
2018-02-26 00:19:17,0.00060802,32.00000000
2018-02-26 00:19:20,0.00060802,8.00000000
2018-02-26 00:19:24,0.00060802,2.00000000
2018-02-26 00:19:25,0.00060802,15.00000000
2018-02-26 00:19:28,0.00060787,150.00000000
2018-02-26 00:19:28,0.00060779,204.00000000
2018-02-26 00:19:28,0.00060778,49.00000000
2018-02-26 00:19:28,0.00060745,62.00000000
2018-02-26 00:19:28,0.00060738,760.00000000
2018-02-26 00:19:28,0.00060737,775.00000000
2018-02-26 00:19:34,0.00060802,6.00000000
2018-02-26 00:19:35,0.00060713,1.00000000
2018-02-26 00:19:36,0.00060802,3.00000000
2018-02-26 00:19:40,0.00060716,8.00000000
2018-02-26 00:19:40,0.00060715,14.00000000
2018-02-26 00:19:41,0.00060715,33.00000000
2018-02-26 00:19:45,0.00060801,188.00000000
2018-02-26 00:19:46,0.00060801,76.00000000
2018-02-26 00:19:47,0.00060716,35.00000000
2018-02-26 00:19:48,0.00060801,10.00000000
2018-02-26 00:19:58,0.00060716,8.00000000
2018-02-26 00:19:58,0.00060715,4.00000000
2018-02-26 00:19:58,0.00060712,20.00000000
2018-02-26 00:19:58,0.00060711,12.00000000
2018-02-26 00:19:58,0.00060710,139.00000000
2018-02-26 00:19:58,0.00060801,3.00000000
2018-02-26 00:20:09,0.00060800,3.00000000
2018-02-26 00:20:12,0.00060800,5.00000000
2018-02-26 00:20:23,0.00060800,5.00000000
2018-02-26 00:20:27,0.00060800,3.00000000
2018-02-26 00:20:28,0.00060715,44.00000000
2018-02-26 00:20:28,0.00060715,49.00000000
2018-02-26 00:20:28,0.00060715,115.00000000
2018-02-26 00:20:28,0.00060715,16.00000000
2018-02-26 00:20:29,0.00060800,28.00000000
2018-02-26 00:20:29,0.00060800,3.00000000
2018-02-26 00:20:35,0.00060800,12.00000000
2018-02-26 00:20:39,0.00060800,215.00000000
2018-02-26 00:20:47,0.00060799,33.00000000
2018-02-26 00:20:47,0.00060799,14.00000000
2018-02-26 00:20:48,0.00060799,95.00000000
2018-02-26 00:20:52,0.00060799,122.00000000
2018-02-26 00:20:52,0.00060800,611.00000000
2018-02-26 00:21:01,0.00060799,30.00000000
2018-02-26 00:21:02,0.00060799,14.00000000
2018-02-26 00:21:03,0.00060799,392.00000000
2018-02-26 00:21:03,0.00060799,114.00000000
2018-02-26 00:21:11,0.00060798,42.00000000
2018-02-26 00:21:11,0.00060799,26.00000000
2018-02-26 00:21:11,0.00060799,105.00000000
2018-02-26 00:21:12,0.00060799,2.00000000
2018-02-26 00:21:13,0.00060799,3.00000000
2018-02-26 00:21:13,0.00060799,16.00000000
2018-02-26 00:21:18,0.00060799,416.00000000
2018-02-26 00:21:20,0.00060799,137.00000000
2018-02-26 00:21:38,0.00060799,159.00000000
2018-02-26 00:21:39,0.00060799,231.00000000
2018-02-26 00:21:39,0.00060799,221.00000000
2018-02-26 00:21:39,0.00060730,37.00000000
2018-02-26 00:21:39,0.00060712,46.00000000
2018-02-26 00:21:39,0.00060711,1408.00000000
2018-02-26 00:21:39,0.00060710,688.00000000
2018-02-26 00:21:39,0.00060709,2719.00000000
2018-02-26 00:21:39,0.00060701,4.00000000
2018-02-26 00:21:39,0.00060700,108.00000000
2018-02-26 00:21:42,0.00060780,5.00000000
2018-02-26 00:21:44,0.00060780,2.00000000
2018-02-26 00:21:46,0.00060701,190.00000000
2018-02-26 00:21:46,0.00060700,221.00000000
2018-02-26 00:21:46,0.00060700,26.00000000
2018-02-26 00:21:46,0.00060700,22.00000000
2018-02-26 00:21:46,0.00060700,26.00000000
2018-02-26 00:21:46,0.00060700,15.00000000
2018-02-26 00:21:46,0.00060780,177.00000000
2018-02-26 00:21:54,0.00060799,3.00000000
2018-02-26 00:21:55,0.00060799,117.00000000
2018-02-26 00:21:55,0.00060799,204.00000000
2018-02-26 00:21:56,0.00060800,31.00000000
2018-02-26 00:22:02,0.00060800,747.00000000
2018-02-26 00:22:02,0.00060800,9.00000000
2018-02-26 00:22:03,0.00060780,2.00000000
2018-02-26 00:22:04,0.00060780,2.00000000
2018-02-26 00:22:05,0.00060780,2.00000000
2018-02-26 00:22:05,0.00060780,7.00000000
2018-02-26 00:22:06,0.00060780,131.00000000
2018-02-26 00:22:07,0.00060800,108.00000000
2018-02-26 00:22:07,0.00060800,64.00000000
2018-02-26 00:22:09,0.00060800,389.00000000
2018-02-26 00:22:12,0.00060799,2.00000000
2018-02-26 00:22:23,0.00060800,8.00000000
2018-02-26 00:22:35,0.00060799,151.00000000
2018-02-26 00:22:35,0.00060799,7.00000000
2018-02-26 00:22:35,0.00060800,26.00000000
2018-02-26 00:22:42,0.00060780,326.00000000
2018-02-26 00:22:43,0.00060800,100.00000000
2018-02-26 00:22:56,0.00060799,28.00000000
2018-02-26 00:23:01,0.00060781,9.00000000
2018-02-26 00:23:01,0.00060780,92.00000000
2018-02-26 00:23:06,0.00060799,12.00000000
2018-02-26 00:23:11,0.00060783,3.00000000
2018-02-26 00:23:12,0.00060799,8.00000000
2018-02-26 00:23:16,0.00060783,6.00000000
2018-02-26 00:23:16,0.00060782,5.00000000
2018-02-26 00:23:16,0.00060780,69.00000000
2018-02-26 00:23:18,0.00060780,57.00000000
2018-02-26 00:23:18,0.00060780,6.00000000
2018-02-26 00:23:18,0.00060712,10.00000000
2018-02-26 00:23:18,0.00060710,898.00000000
2018-02-26 00:23:22,0.00060799,68.00000000
2018-02-26 00:23:22,0.00060800,38.00000000
2018-02-26 00:23:29,0.00060800,16.00000000
2018-02-26 00:23:31,0.00060800,12.00000000
2018-02-26 00:23:31,0.00060800,4.00000000
2018-02-26 00:23:31,0.00060800,3.00000000
2018-02-26 00:23:34,0.00060800,16.00000000
2018-02-26 00:23:34,0.00060800,2.00000000
2018-02-26 00:23:44,0.00060798,2.00000000
2018-02-26 00:23:54,0.00060798,12.00000000
2018-02-26 00:23:55,0.00060798,19.00000000
2018-02-26 00:23:55,0.00060798,277.00000000
2018-02-26 00:23:55,0.00060798,190.00000000
2018-02-26 00:23:55,0.00060800,254.00000000
2018-02-26 00:24:00,0.00060796,6.00000000
2018-02-26 00:24:09,0.00060790,14.00000000
2018-02-26 00:24:09,0.00060790,3.00000000
2018-02-26 00:24:09,0.00060796,7.00000000
2018-02-26 00:24:31,0.00060796,1.00000000
2018-02-26 00:24:31,0.00060800,499.00000000
2018-02-26 00:24:38,0.00060800,128.00000000
2018-02-26 00:24:40,0.00060800,8.00000000
2018-02-26 00:24:44,0.00060800,8.00000000
2018-02-26 00:25:01,0.00060800,6.00000000
2018-02-26 00:25:01,0.00060800,8.00000000
2018-02-26 00:25:01,0.00060800,9.00000000
2018-02-26 00:25:02,0.00060800,57.00000000
2018-02-26 00:25:08,0.00060800,4.00000000
2018-02-26 00:25:09,0.00060766,3.00000000
2018-02-26 00:25:09,0.00060750,32.00000000
2018-02-26 00:25:11,0.00060800,4.00000000
2018-02-26 00:25:12,0.00060800,50.00000000
2018-02-26 00:25:13,0.00060800,12.00000000
2018-02-26 00:25:13,0.00060800,12.00000000
2018-02-26 00:25:31,0.00060800,8.00000000
2018-02-26 00:25:33,0.00060800,16.00000000
2018-02-26 00:25:36,0.00060751,14.00000000
2018-02-26 00:25:37,0.00060800,117.00000000
2018-02-26 00:25:37,0.00060800,10.00000000
2018-02-26 00:25:42,0.00060800,29.00000000
2018-02-26 00:25:48,0.00060800,10.00000000
2018-02-26 00:25:49,0.00060800,224.00000000
2018-02-26 00:25:52,0.00060800,317.00000000
2018-02-26 00:25:59,0.00060800,1.00000000
2018-02-26 00:26:03,0.00060751,490.00000000
2018-02-26 00:26:03,0.00060750,780.00000000
2018-02-26 00:26:03,0.00060746,364.00000000
2018-02-26 00:26:03,0.00060745,326.00000000
2018-02-26 00:26:03,0.00060741,1493.00000000
2018-02-26 00:26:04,0.00060800,95.00000000
2018-02-26 00:26:18,0.00060800,39.00000000
2018-02-26 00:26:40,0.00060779,3.00000000
2018-02-26 00:26:40,0.00060799,2.00000000
2018-02-26 00:26:40,0.00060800,35.00000000
2018-02-26 00:27:05,0.00060800,3.00000000
2018-02-26 00:27:16,0.00060800,292.00000000
2018-02-26 00:27:23,0.00060745,9.00000000
2018-02-26 00:27:23,0.00060744,2.00000000
2018-02-26 00:27:23,0.00060716,206.00000000
2018-02-26 00:27:23,0.00060715,50.00000000
2018-02-26 00:27:23,0.00060713,230.00000000
2018-02-26 00:27:23,0.00060713,2.00000000
2018-02-26 00:27:32,0.00060700,16.00000000
2018-02-26 00:27:32,0.00060698,4.00000000
2018-02-26 00:27:32,0.00060693,7.00000000
2018-02-26 00:27:32,0.00060685,21.00000000
2018-02-26 00:27:32,0.00060680,38.00000000
2018-02-26 00:27:45,0.00060713,1.00000000
2018-02-26 00:27:50,0.00060799,3.00000000
2018-02-26 00:27:50,0.00060800,2.00000000
2018-02-26 00:28:13,0.00060791,13.00000000
2018-02-26 00:28:13,0.00060799,2.00000000
2018-02-26 00:28:13,0.00060800,18.00000000
2018-02-26 00:28:31,0.00060799,29.00000000
2018-02-26 00:28:31,0.00060800,156.00000000
2018-02-26 00:28:52,0.00060791,3.00000000
2018-02-26 00:28:54,0.00060713,162.00000000
2018-02-26 00:28:54,0.00060713,68.00000000
2018-02-26 00:28:54,0.00060700,296.00000000
2018-02-26 00:28:54,0.00060713,136.00000000
2018-02-26 00:28:55,0.00060713,277.00000000
2018-02-26 00:28:55,0.00060713,16.00000000
2018-02-26 00:28:55,0.00060713,128.00000000
2018-02-26 00:28:56,0.00060713,3.00000000
2018-02-26 00:28:56,0.00060713,3245.00000000
2018-02-26 00:28:56,0.00060700,3.00000000
2018-02-26 00:28:57,0.00060680,20.00000000
2018-02-26 00:29:01,0.00060713,49.00000000
2018-02-26 00:29:14,0.00060712,3.00000000
2018-02-26 00:29:18,0.00060683,8.00000000
2018-02-26 00:29:23,0.00060712,47.00000000
2018-02-26 00:29:24,0.00060712,88.00000000
2018-02-26 00:29:24,0.00060712,582.00000000
2018-02-26 00:29:25,0.00060712,49.00000000
2018-02-26 00:29:26,0.00060712,2.00000000
2018-02-26 00:29:27,0.00060712,2.00000000
2018-02-26 00:29:28,0.00060712,150.00000000
2018-02-26 00:29:28,0.00060680,3.00000000
2018-02-26 00:29:33,0.00060680,107.00000000
2018-02-26 00:29:34,0.00060680,8.00000000
2018-02-26 00:29:38,0.00060710,633.00000000
2018-02-26 00:29:47,0.00060710,121.00000000
2018-02-26 00:29:49,0.00060711,77.00000000
2018-02-26 00:29:49,0.00060711,5.00000000
2018-02-26 00:29:50,0.00060711,29.00000000
2018-02-26 00:29:50,0.00060711,36.00000000
2018-02-26 00:30:05,0.00060710,4.00000000
2018-02-26 00:30:07,0.00060673,7.00000000
2018-02-26 00:30:11,0.00060710,8.00000000
2018-02-26 00:30:19,0.00060709,31.00000000
2018-02-26 00:30:28,0.00060709,53.00000000
2018-02-26 00:30:30,0.00060674,200.00000000
2018-02-26 00:30:33,0.00060709,11.00000000
2018-02-26 00:30:34,0.00060674,404.00000000
2018-02-26 00:30:34,0.00060673,265.00000000
2018-02-26 00:30:34,0.00060672,143.00000000
2018-02-26 00:30:34,0.00060663,1390.00000000
2018-02-26 00:30:36,0.00060709,19.00000000
2018-02-26 00:30:44,0.00060709,12.00000000
2018-02-26 00:30:53,0.00060709,472.00000000
2018-02-26 00:30:54,0.00060709,730.00000000
2018-02-26 00:30:54,0.00060709,130.00000000
2018-02-26 00:31:01,0.00060710,100.00000000
2018-02-26 00:31:01,0.00060711,83.00000000
2018-02-26 00:31:01,0.00060711,16.00000000
2018-02-26 00:31:02,0.00060711,8.00000000
2018-02-26 00:31:02,0.00060710,14.00000000
2018-02-26 00:31:02,0.00060711,3.00000000
2018-02-26 00:31:04,0.00060711,3.00000000
2018-02-26 00:31:11,0.00060709,147.00000000
2018-02-26 00:31:11,0.00060663,208.00000000
2018-02-26 00:31:12,0.00060663,16.00000000
2018-02-26 00:31:17,0.00060709,6.00000000
2018-02-26 00:31:22,0.00060708,3.00000000
2018-02-26 00:31:26,0.00060664,9.00000000
2018-02-26 00:31:26,0.00060663,726.00000000
2018-02-26 00:31:33,0.00060663,322.00000000
2018-02-26 00:31:42,0.00060700,12.00000000
2018-02-26 00:31:42,0.00060700,124.00000000
2018-02-26 00:31:56,0.00060663,2.00000000
2018-02-26 00:32:01,0.00060663,109.00000000
2018-02-26 00:32:02,0.00060699,8.00000000
2018-02-26 00:32:04,0.00060699,30.00000000
2018-02-26 00:32:14,0.00060666,8.00000000
2018-02-26 00:32:14,0.00060665,62.00000000
2018-02-26 00:32:14,0.00060665,97.00000000
2018-02-26 00:32:14,0.00060665,77.00000000
2018-02-26 00:32:14,0.00060663,1.00000000
2018-02-26 00:32:15,0.00060665,6.00000000
2018-02-26 00:32:15,0.00060665,2.00000000
2018-02-26 00:32:16,0.00060665,2.00000000
2018-02-26 00:32:19,0.00060663,559.00000000
2018-02-26 00:32:20,0.00060665,2.00000000
2018-02-26 00:32:20,0.00060665,5.00000000
2018-02-26 00:32:20,0.00060665,19.00000000
2018-02-26 00:32:21,0.00060665,175.00000000
2018-02-26 00:32:21,0.00060665,28.00000000
2018-02-26 00:32:22,0.00060665,3.00000000
2018-02-26 00:32:22,0.00060665,81.00000000
2018-02-26 00:32:24,0.00060665,10.00000000
2018-02-26 00:32:25,0.00060665,2.00000000
2018-02-26 00:32:26,0.00060665,3.00000000
2018-02-26 00:32:27,0.00060663,11.00000000
2018-02-26 00:32:27,0.00060660,16.00000000
2018-02-26 00:32:28,0.00060659,12.00000000
2018-02-26 00:32:28,0.00060663,106.00000000
2018-02-26 00:32:28,0.00060663,58.00000000
2018-02-26 00:32:28,0.00060665,106.00000000
2018-02-26 00:32:30,0.00060665,277.00000000
2018-02-26 00:32:32,0.00060651,13.00000000
2018-02-26 00:32:32,0.00060650,269.00000000
2018-02-26 00:32:32,0.00060665,83.00000000
2018-02-26 00:32:33,0.00060665,119.00000000
2018-02-26 00:32:33,0.00060665,2.00000000
2018-02-26 00:32:34,0.00060650,469.00000000
2018-02-26 00:32:35,0.00060665,12.00000000
2018-02-26 00:32:35,0.00060665,18.00000000
2018-02-26 00:32:35,0.00060669,38.00000000
2018-02-26 00:32:37,0.00060650,415.00000000
2018-02-26 00:32:37,0.00060650,58.00000000
2018-02-26 00:32:37,0.00060650,9.00000000
2018-02-26 00:32:39,0.00060650,16.00000000
2018-02-26 00:32:41,0.00060650,20.00000000
2018-02-26 00:32:42,0.00060611,500.00000000
2018-02-26 00:32:43,0.00060611,157.00000000
2018-02-26 00:32:45,0.00060650,10.00000000
2018-02-26 00:32:46,0.00060611,1080.00000000
2018-02-26 00:32:48,0.00060650,68.00000000
2018-02-26 00:32:53,0.00060610,75.00000000
2018-02-26 00:32:53,0.00060609,212.00000000
2018-02-26 00:32:53,0.00060600,270.00000000
2018-02-26 00:32:53,0.00060600,770.00000000
2018-02-26 00:32:54,0.00060650,11.00000000
2018-02-26 00:32:55,0.00060650,16.00000000
2018-02-26 00:32:58,0.00060600,570.00000000
2018-02-26 00:32:58,0.00060588,18.00000000
2018-02-26 00:32:58,0.00060580,1078.00000000
2018-02-26 00:32:58,0.00060552,9.00000000
2018-02-26 00:32:58,0.00060550,823.00000000
2018-02-26 00:32:58,0.00060552,8.00000000
2018-02-26 00:32:58,0.00060552,9.00000000
2018-02-26 00:32:58,0.00060552,15.00000000
2018-02-26 00:32:59,0.00060552,50.00000000
2018-02-26 00:32:59,0.00060552,27.00000000
2018-02-26 00:32:59,0.00060552,20.00000000
2018-02-26 00:32:59,0.00060552,8.00000000
2018-02-26 00:33:01,0.00060552,4.00000000
2018-02-26 00:33:02,0.00060552,5.00000000
2018-02-26 00:33:02,0.00060552,31.00000000
2018-02-26 00:33:02,0.00060550,447.00000000
2018-02-26 00:33:02,0.00060552,7.00000000
2018-02-26 00:33:02,0.00060552,13.00000000
2018-02-26 00:33:03,0.00060552,18.00000000
2018-02-26 00:33:05,0.00060552,13.00000000
2018-02-26 00:33:05,0.00060550,91.00000000
2018-02-26 00:33:08,0.00060580,1650.00000000
2018-02-26 00:33:08,0.00060580,7.00000000
2018-02-26 00:33:09,0.00060550,15.00000000
2018-02-26 00:33:10,0.00060550,130.00000000
2018-02-26 00:33:10,0.00060550,72.00000000
2018-02-26 00:33:10,0.00060550,2.00000000
2018-02-26 00:33:12,0.00060550,33.00000000
2018-02-26 00:33:12,0.00060550,8.00000000
2018-02-26 00:33:17,0.00060550,2.00000000
2018-02-26 00:33:20,0.00060549,8.00000000
2018-02-26 00:33:20,0.00060549,138.00000000
2018-02-26 00:33:21,0.00060549,2.00000000
2018-02-26 00:33:21,0.00060549,66.00000000
2018-02-26 00:33:22,0.00060549,29.00000000
2018-02-26 00:33:23,0.00060549,35.00000000
2018-02-26 00:33:24,0.00060549,18.00000000
2018-02-26 00:33:25,0.00060549,202.00000000
2018-02-26 00:33:25,0.00060549,18.00000000
2018-02-26 00:33:25,0.00060549,104.00000000
2018-02-26 00:33:25,0.00060549,306.00000000
2018-02-26 00:33:27,0.00060546,5.00000000
2018-02-26 00:33:28,0.00060548,98.00000000
2018-02-26 00:33:28,0.00060548,29.00000000
2018-02-26 00:33:28,0.00060548,17.00000000
2018-02-26 00:33:29,0.00060546,33.00000000
2018-02-26 00:33:30,0.00060546,7.00000000
2018-02-26 00:33:30,0.00060548,67.00000000
2018-02-26 00:33:31,0.00060530,10.00000000
2018-02-26 00:33:31,0.00060526,76.00000000
2018-02-26 00:33:31,0.00060525,10.00000000
2018-02-26 00:33:31,0.00060522,36.00000000
2018-02-26 00:33:31,0.00060548,40.00000000
2018-02-26 00:33:31,0.00060549,10.00000000
2018-02-26 00:33:31,0.00060549,88.00000000
2018-02-26 00:33:32,0.00060550,131.00000000
2018-02-26 00:33:33,0.00060550,9.00000000
2018-02-26 00:33:33,0.00060522,372.00000000
2018-02-26 00:33:33,0.00060503,13.00000000
2018-02-26 00:33:33,0.00060500,312.00000000
2018-02-26 00:33:33,0.00060500,7.00000000
2018-02-26 00:33:33,0.00060500,272.00000000
2018-02-26 00:33:33,0.00060500,96.00000000
2018-02-26 00:33:33,0.00060500,71.00000000
2018-02-26 00:33:33,0.00060500,81.00000000
2018-02-26 00:33:33,0.00060500,32.00000000
2018-02-26 00:33:33,0.00060500,5.00000000
2018-02-26 00:33:35,0.00060522,14.00000000
2018-02-26 00:33:36,0.00060522,11.00000000
2018-02-26 00:33:36,0.00060500,406.00000000
2018-02-26 00:33:38,0.00060522,70.00000000
2018-02-26 00:33:38,0.00060500,712.00000000
2018-02-26 00:33:38,0.00060500,406.00000000
2018-02-26 00:33:38,0.00060500,41.00000000
2018-02-26 00:33:39,0.00060500,9.00000000
2018-02-26 00:33:39,0.00060500,176.00000000
2018-02-26 00:33:40,0.00060500,29.00000000
2018-02-26 00:33:40,0.00060500,5.00000000
2018-02-26 00:33:40,0.00060492,4.00000000
2018-02-26 00:33:40,0.00060490,4.00000000
2018-02-26 00:33:40,0.00060489,9.00000000
2018-02-26 00:33:40,0.00060480,43.00000000
2018-02-26 00:33:40,0.00060472,1.00000000
2018-02-26 00:33:40,0.00060457,28.00000000
2018-02-26 00:33:40,0.00060452,17.00000000
2018-02-26 00:33:40,0.00060488,41.00000000
2018-02-26 00:33:41,0.00060495,37.00000000
2018-02-26 00:33:41,0.00060495,37.00000000
2018-02-26 00:33:41,0.00060495,39.00000000
2018-02-26 00:33:43,0.00060495,17.00000000
2018-02-26 00:33:45,0.00060495,9.00000000
2018-02-26 00:33:46,0.00060491,9.00000000
2018-02-26 00:33:46,0.00060490,45.00000000
2018-02-26 00:33:48,0.00060495,19.00000000
2018-02-26 00:33:49,0.00060490,155.00000000
2018-02-26 00:33:49,0.00060488,91.00000000
2018-02-26 00:33:49,0.00060452,3.00000000
2018-02-26 00:33:49,0.00060450,3.00000000
2018-02-26 00:33:49,0.00060432,2.00000000
2018-02-26 00:33:49,0.00060429,5.00000000
2018-02-26 00:33:49,0.00060420,13.00000000
2018-02-26 00:33:49,0.00060420,18.00000000
2018-02-26 00:33:49,0.00060412,2.00000000
2018-02-26 00:33:49,0.00060410,75.00000000
2018-02-26 00:33:49,0.00060409,13.00000000
2018-02-26 00:33:49,0.00060404,13.00000000
2018-02-26 00:33:49,0.00060400,89.00000000
2018-02-26 00:33:49,0.00060400,48.00000000
2018-02-26 00:33:49,0.00060400,110.00000000
2018-02-26 00:33:49,0.00060400,163.00000000
2018-02-26 00:33:49,0.00060442,13.00000000
2018-02-26 00:33:50,0.00060442,5.00000000
2018-02-26 00:33:51,0.00060442,54.00000000
2018-02-26 00:33:54,0.00060403,4.00000000
2018-02-26 00:33:54,0.00060400,34.00000000
2018-02-26 00:33:56,0.00060400,24.00000000
2018-02-26 00:33:57,0.00060400,9.00000000
2018-02-26 00:33:57,0.00060399,14.00000000
2018-02-26 00:33:57,0.00060386,47.00000000
2018-02-26 00:33:57,0.00060375,3.00000000
2018-02-26 00:33:57,0.00060366,6.00000000
2018-02-26 00:33:57,0.00060351,6.00000000
2018-02-26 00:33:57,0.00060350,47.00000000
2018-02-26 00:33:57,0.00060350,62.00000000
2018-02-26 00:33:57,0.00060350,920.00000000
2018-02-26 00:33:57,0.00060348,8.00000000
2018-02-26 00:33:57,0.00060342,123.00000000
2018-02-26 00:33:57,0.00060341,199.00000000
2018-02-26 00:33:57,0.00060340,34.00000000
2018-02-26 00:33:57,0.00060335,8.00000000
2018-02-26 00:33:57,0.00060330,887.00000000
2018-02-26 00:33:57,0.00060320,6.00000000
2018-02-26 00:33:57,0.00060308,11.00000000
2018-02-26 00:33:57,0.00060300,2221.00000000
2018-02-26 00:33:57,0.00060280,516.00000000
2018-02-26 00:33:57,0.00060280,48.00000000
2018-02-26 00:33:57,0.00060280,215.00000000
2018-02-26 00:33:57,0.00060280,7.00000000
2018-02-26 00:33:57,0.00060262,4.00000000
2018-02-26 00:33:57,0.00060235,33.00000000
2018-02-26 00:33:57,0.00060228,5.00000000
2018-02-26 00:33:57,0.00060220,10.00000000
2018-02-26 00:33:57,0.00060212,21.00000000
2018-02-26 00:33:57,0.00060211,16.00000000
2018-02-26 00:33:57,0.00060210,90.00000000
2018-02-26 00:33:57,0.00060205,249.00000000
2018-02-26 00:33:57,0.00060202,565.00000000
2018-02-26 00:33:57,0.00060202,110.00000000
2018-02-26 00:33:57,0.00060202,75.00000000
2018-02-26 00:33:57,0.00060200,1427.00000000
2018-02-26 00:33:57,0.00060200,73.00000000
2018-02-26 00:33:57,0.00060197,4.00000000
2018-02-26 00:33:57,0.00060190,4.00000000
2018-02-26 00:33:57,0.00060189,4.00000000
2018-02-26 00:33:57,0.00060187,166.00000000
2018-02-26 00:33:57,0.00060174,602.00000000
2018-02-26 00:33:57,0.00060174,26.00000000
2018-02-26 00:33:57,0.00060174,151.00000000
2018-02-26 00:33:57,0.00060166,4.00000000
2018-02-26 00:33:57,0.00060150,13.00000000
2018-02-26 00:33:57,0.00060150,80.00000000
2018-02-26 00:33:57,0.00060190,25.00000000
2018-02-26 00:33:57,0.00060300,13.00000000
2018-02-26 00:33:57,0.00060301,92.00000000
2018-02-26 00:33:57,0.00060301,3.00000000
2018-02-26 00:33:57,0.00060301,258.00000000
2018-02-26 00:33:57,0.00060301,3.00000000
2018-02-26 00:33:57,0.00060300,27.00000000
2018-02-26 00:33:57,0.00060330,34.00000000
2018-02-26 00:33:57,0.00060300,16.00000000
2018-02-26 00:33:58,0.00060300,14.00000000
2018-02-26 00:33:58,0.00060300,14.00000000
2018-02-26 00:33:58,0.00060300,14.00000000
2018-02-26 00:33:58,0.00060300,2.00000000
2018-02-26 00:33:58,0.00060300,12.00000000
2018-02-26 00:33:58,0.00060300,2.00000000
2018-02-26 00:33:58,0.00060300,16.00000000
2018-02-26 00:33:58,0.00060302,30.00000000
2018-02-26 00:33:58,0.00060302,30.00000000
2018-02-26 00:33:58,0.00060314,20.00000000
2018-02-26 00:33:58,0.00060452,22.00000000
2018-02-26 00:33:58,0.00060451,4.00000000
2018-02-26 00:33:59,0.00060451,4.00000000
2018-02-26 00:34:00,0.00060333,4.00000000
2018-02-26 00:34:01,0.00060364,5.00000000
2018-02-26 00:34:01,0.00060364,37.00000000
2018-02-26 00:34:02,0.00060364,12.00000000
2018-02-26 00:34:02,0.00060364,22.00000000
2018-02-26 00:34:02,0.00060366,66.00000000
2018-02-26 00:34:03,0.00060430,4.00000000
2018-02-26 00:34:03,0.00060441,7.00000000
2018-02-26 00:34:03,0.00060400,7.00000000
2018-02-26 00:34:04,0.00060400,20.00000000
2018-02-26 00:34:05,0.00060399,4.00000000
2018-02-26 00:34:05,0.00060400,20.00000000
2018-02-26 00:34:05,0.00060400,4.00000000
2018-02-26 00:34:06,0.00060400,2.00000000
2018-02-26 00:34:06,0.00060400,9.00000000
2018-02-26 00:34:06,0.00060400,10.00000000
2018-02-26 00:34:07,0.00060400,94.00000000
2018-02-26 00:34:07,0.00060441,169.00000000
2018-02-26 00:34:08,0.00060441,38.00000000
2018-02-26 00:34:08,0.00060442,4.00000000
2018-02-26 00:34:09,0.00060442,2.00000000
2018-02-26 00:34:09,0.00060442,4.00000000
2018-02-26 00:34:10,0.00060441,216.00000000
2018-02-26 00:34:10,0.00060399,189.00000000
2018-02-26 00:34:11,0.00060442,4.00000000
2018-02-26 00:34:11,0.00060399,121.00000000
2018-02-26 00:34:12,0.00060399,2.00000000
2018-02-26 00:34:12,0.00060399,3.00000000
2018-02-26 00:34:14,0.00060398,2.00000000
2018-02-26 00:34:14,0.00060398,5.00000000
2018-02-26 00:34:14,0.00060398,16.00000000
2018-02-26 00:34:14,0.00060398,2.00000000
2018-02-26 00:34:14,0.00060397,7.00000000
2018-02-26 00:34:14,0.00060397,1.00000000
2018-02-26 00:34:14,0.00060398,17.00000000
2018-02-26 00:34:15,0.00060362,8.00000000
2018-02-26 00:34:15,0.00060362,8.00000000
2018-02-26 00:34:16,0.00060362,30.00000000
2018-02-26 00:34:17,0.00060362,5.00000000
2018-02-26 00:34:17,0.00060362,4.00000000
2018-02-26 00:34:17,0.00060362,20.00000000
2018-02-26 00:34:17,0.00060362,12.00000000
2018-02-26 00:34:18,0.00060350,5.00000000
2018-02-26 00:34:18,0.00060350,4.00000000
2018-02-26 00:34:18,0.00060350,18.00000000
2018-02-26 00:34:18,0.00060350,2.00000000
2018-02-26 00:34:18,0.00060350,2.00000000
2018-02-26 00:34:19,0.00060350,4.00000000
2018-02-26 00:34:21,0.00060349,6.00000000
2018-02-26 00:34:21,0.00060350,3.00000000
2018-02-26 00:34:22,0.00060350,5.00000000
2018-02-26 00:34:22,0.00060350,10.00000000
2018-02-26 00:34:23,0.00060349,5.00000000
2018-02-26 00:34:23,0.00060350,129.00000000
2018-02-26 00:34:24,0.00060346,107.00000000
2018-02-26 00:34:25,0.00060346,9.00000000
2018-02-26 00:34:25,0.00060346,35.00000000
2018-02-26 00:34:25,0.00060350,31.00000000
2018-02-26 00:34:27,0.00060350,17.00000000
2018-02-26 00:34:28,0.00060350,5.00000000
2018-02-26 00:34:28,0.00060350,16.00000000
2018-02-26 00:34:33,0.00060349,4.00000000
2018-02-26 00:34:35,0.00060319,9.00000000
2018-02-26 00:34:35,0.00060312,9.00000000
2018-02-26 00:34:35,0.00060310,4.00000000
2018-02-26 00:34:35,0.00060301,66.00000000
2018-02-26 00:34:35,0.00060300,193.00000000
2018-02-26 00:34:35,0.00060210,30.00000000
2018-02-26 00:34:35,0.00060198,8.00000000
2018-02-26 00:34:35,0.00060158,93.00000000
2018-02-26 00:34:37,0.00060300,45.00000000
2018-02-26 00:34:38,0.00060300,10.00000000
2018-02-26 00:34:38,0.00060300,33.00000000
2018-02-26 00:34:38,0.00060300,11.00000000
2018-02-26 00:34:40,0.00060299,3.00000000
2018-02-26 00:34:40,0.00060299,2.00000000
2018-02-26 00:34:40,0.00060300,2.00000000
2018-02-26 00:34:41,0.00060300,2.00000000
2018-02-26 00:34:41,0.00060300,4.00000000
2018-02-26 00:34:42,0.00060299,8.00000000
2018-02-26 00:34:42,0.00060300,9.00000000
2018-02-26 00:34:42,0.00060300,5.00000000
2018-02-26 00:34:43,0.00060300,23.00000000
2018-02-26 00:34:43,0.00060300,145.00000000
2018-02-26 00:34:43,0.00060300,20.00000000
2018-02-26 00:34:46,0.00060245,8.00000000
2018-02-26 00:34:46,0.00060239,8.00000000
2018-02-26 00:34:46,0.00060234,9.00000000
2018-02-26 00:34:46,0.00060233,8.00000000
2018-02-26 00:34:46,0.00060226,8.00000000
2018-02-26 00:34:46,0.00060213,59.00000000
2018-02-26 00:34:47,0.00060300,19.00000000
2018-02-26 00:34:47,0.00060300,49.00000000
2018-02-26 00:34:49,0.00060300,8.00000000
2018-02-26 00:34:49,0.00060300,20.00000000
2018-02-26 00:34:51,0.00060300,33.00000000
2018-02-26 00:34:58,0.00060299,8.00000000
2018-02-26 00:34:58,0.00060300,25.00000000
2018-02-26 00:35:03,0.00060299,8.00000000
2018-02-26 00:35:04,0.00060299,7.00000000
2018-02-26 00:35:05,0.00060299,20.00000000
2018-02-26 00:35:06,0.00060299,17.00000000
2018-02-26 00:35:06,0.00060299,22.00000000
2018-02-26 00:35:06,0.00060255,8.00000000
2018-02-26 00:35:06,0.00060251,212.00000000
2018-02-26 00:35:06,0.00060250,427.00000000
2018-02-26 00:35:07,0.00060250,9.00000000
2018-02-26 00:35:07,0.00060250,7.00000000
2018-02-26 00:35:07,0.00060250,80.00000000
2018-02-26 00:35:07,0.00060250,5.00000000
2018-02-26 00:35:08,0.00060250,10.00000000
2018-02-26 00:35:10,0.00060250,242.00000000
2018-02-26 00:35:11,0.00060255,4.00000000
2018-02-26 00:35:11,0.00060299,145.00000000
2018-02-26 00:35:12,0.00060255,10.00000000
2018-02-26 00:35:12,0.00060250,41.00000000
2018-02-26 00:35:12,0.00060299,10.00000000
2018-02-26 00:35:13,0.00060299,5.00000000
2018-02-26 00:35:13,0.00060299,20.00000000
2018-02-26 00:35:13,0.00060299,7.00000000
2018-02-26 00:35:14,0.00060255,2.00000000
2018-02-26 00:35:14,0.00060255,512.00000000
2018-02-26 00:35:14,0.00060250,263.00000000
2018-02-26 00:35:14,0.00060250,3.00000000
2018-02-26 00:35:14,0.00060250,37.00000000
2018-02-26 00:35:14,0.00060250,252.00000000
2018-02-26 00:35:14,0.00060250,13.00000000
2018-02-26 00:35:15,0.00060250,5.00000000
2018-02-26 00:35:15,0.00060250,10.00000000
2018-02-26 00:35:15,0.00060250,4.00000000
2018-02-26 00:35:15,0.00060250,3.00000000
2018-02-26 00:35:15,0.00060250,13.00000000
2018-02-26 00:35:16,0.00060250,22.00000000
2018-02-26 00:35:16,0.00060250,20.00000000
2018-02-26 00:35:16,0.00060250,7.00000000
2018-02-26 00:35:17,0.00060250,4.00000000
2018-02-26 00:35:17,0.00060250,124.00000000
2018-02-26 00:35:17,0.00060250,39.00000000
2018-02-26 00:35:17,0.00060250,9.00000000
2018-02-26 00:35:18,0.00060250,4.00000000
2018-02-26 00:35:18,0.00060250,3.00000000
2018-02-26 00:35:19,0.00060250,80.00000000
2018-02-26 00:35:20,0.00060250,17.00000000
2018-02-26 00:35:21,0.00060249,53.00000000
2018-02-26 00:35:21,0.00060250,562.00000000
2018-02-26 00:35:22,0.00060250,78.00000000
2018-02-26 00:35:22,0.00060255,16.00000000
2018-02-26 00:35:22,0.00060255,11.00000000
2018-02-26 00:35:24,0.00060250,218.00000000
2018-02-26 00:35:24,0.00060250,3.00000000
2018-02-26 00:35:25,0.00060250,10.00000000
2018-02-26 00:35:26,0.00060209,8.00000000
2018-02-26 00:35:26,0.00060205,8.00000000
2018-02-26 00:35:26,0.00060200,66.00000000
2018-02-26 00:35:26,0.00060200,292.00000000
2018-02-26 00:35:26,0.00060200,37.00000000
2018-02-26 00:35:27,0.00060200,9.00000000
2018-02-26 00:35:27,0.00060200,3.00000000
2018-02-26 00:35:28,0.00060200,4.00000000
2018-02-26 00:35:29,0.00060200,20.00000000
2018-02-26 00:35:30,0.00060200,13.00000000
2018-02-26 00:35:32,0.00060147,178.00000000
2018-02-26 00:35:34,0.00060200,47.00000000
2018-02-26 00:35:34,0.00060200,20.00000000
2018-02-26 00:35:35,0.00060200,6.00000000
2018-02-26 00:35:36,0.00060200,10.00000000
2018-02-26 00:35:36,0.00060200,10.00000000
2018-02-26 00:35:36,0.00060200,10.00000000
2018-02-26 00:35:36,0.00060200,207.00000000
2018-02-26 00:35:36,0.00060200,67.00000000
2018-02-26 00:35:38,0.00060153,4.00000000
2018-02-26 00:35:38,0.00060150,50.00000000
2018-02-26 00:35:38,0.00060147,15.00000000
2018-02-26 00:35:38,0.00060146,11.00000000
2018-02-26 00:35:38,0.00060145,35.00000000
2018-02-26 00:35:38,0.00060135,220.00000000
2018-02-26 00:35:38,0.00060132,136.00000000
2018-02-26 00:35:38,0.00060131,85.00000000
2018-02-26 00:35:38,0.00060250,4.00000000
2018-02-26 00:35:39,0.00060250,2.00000000
2018-02-26 00:35:40,0.00060250,47.00000000
2018-02-26 00:35:40,0.00060247,4.00000000
2018-02-26 00:35:40,0.00060250,488.00000000
2018-02-26 00:35:40,0.00060250,4.00000000
2018-02-26 00:35:40,0.00060250,11.00000000
2018-02-26 00:35:41,0.00060245,4.00000000
2018-02-26 00:35:41,0.00060250,10.00000000
2018-02-26 00:35:41,0.00060250,6.00000000
2018-02-26 00:35:42,0.00060250,3.00000000
2018-02-26 00:35:42,0.00060250,4.00000000
2018-02-26 00:35:42,0.00060250,5.00000000
2018-02-26 00:35:42,0.00060250,35.00000000
2018-02-26 00:35:43,0.00060250,7.00000000
2018-02-26 00:35:43,0.00060245,23.00000000
2018-02-26 00:35:45,0.00060240,4.00000000
2018-02-26 00:35:47,0.00060245,2.00000000
2018-02-26 00:35:47,0.00060240,3.00000000
2018-02-26 00:35:48,0.00060240,1.00000000
2018-02-26 00:35:48,0.00060245,16.00000000
2018-02-26 00:35:48,0.00060146,4.00000000
2018-02-26 00:35:48,0.00060141,4.00000000
2018-02-26 00:35:48,0.00060136,106.00000000
2018-02-26 00:35:48,0.00060131,326.00000000
2018-02-26 00:35:48,0.00060131,2.00000000
2018-02-26 00:35:48,0.00060131,2.00000000
2018-02-26 00:35:49,0.00060131,39.00000000
2018-02-26 00:35:49,0.00060131,165.00000000
2018-02-26 00:35:49,0.00060131,180.00000000
2018-02-26 00:35:50,0.00060127,5.00000000
2018-02-26 00:35:52,0.00060130,4.00000000
2018-02-26 00:35:52,0.00060127,112.00000000
2018-02-26 00:35:52,0.00060127,11.00000000
2018-02-26 00:35:52,0.00060127,1596.00000000
2018-02-26 00:35:52,0.00060127,303.00000000
2018-02-26 00:35:52,0.00060127,2.00000000
2018-02-26 00:35:53,0.00060123,13.00000000
2018-02-26 00:35:53,0.00060127,16.00000000
2018-02-26 00:35:54,0.00060127,6.00000000
2018-02-26 00:35:54,0.00060124,4.00000000
2018-02-26 00:35:54,0.00060127,4.00000000
2018-02-26 00:35:54,0.00060127,143.00000000
2018-02-26 00:35:54,0.00060127,4.00000000
2018-02-26 00:35:54,0.00060127,5.00000000
2018-02-26 00:35:54,0.00060127,5.00000000
2018-02-26 00:35:56,0.00060127,49.00000000
2018-02-26 00:35:56,0.00060127,50.00000000
2018-02-26 00:35:56,0.00060127,42.00000000
2018-02-26 00:35:56,0.00060123,13.00000000
2018-02-26 00:35:56,0.00060123,16.00000000
2018-02-26 00:35:59,0.00060123,4.00000000
2018-02-26 00:35:59,0.00060123,2.00000000
2018-02-26 00:36:00,0.00060118,66.00000000
2018-02-26 00:36:00,0.00060118,297.00000000
2018-02-26 00:36:00,0.00060110,20.00000000
2018-02-26 00:36:00,0.00060109,240.00000000
2018-02-26 00:36:00,0.00060103,3.00000000
2018-02-26 00:36:00,0.00060101,180.00000000
2018-02-26 00:36:00,0.00060100,568.00000000
2018-02-26 00:36:00,0.00060082,17.00000000
2018-02-26 00:36:00,0.00060082,68.00000000
2018-02-26 00:36:00,0.00060079,151.00000000
2018-02-26 00:36:00,0.00060060,15.00000000
2018-02-26 00:36:00,0.00060051,81.00000000
2018-02-26 00:36:00,0.00060050,280.00000000
2018-02-26 00:36:00,0.00060050,16.00000000
2018-02-26 00:36:00,0.00060050,48.00000000
2018-02-26 00:36:00,0.00060050,136.00000000
2018-02-26 00:36:00,0.00060050,14.00000000
2018-02-26 00:36:00,0.00060050,111.00000000
2018-02-26 00:36:01,0.00060100,7.00000000
2018-02-26 00:36:02,0.00060100,3.00000000
2018-02-26 00:36:02,0.00060100,15.00000000
2018-02-26 00:36:02,0.00060100,15.00000000
2018-02-26 00:36:04,0.00060100,5.00000000
2018-02-26 00:36:04,0.00060100,3.00000000
2018-02-26 00:36:04,0.00060100,2.00000000
2018-02-26 00:36:04,0.00060100,20.00000000
2018-02-26 00:36:05,0.00060100,6.00000000
2018-02-26 00:36:05,0.00060074,164.00000000
2018-02-26 00:36:05,0.00060050,214.00000000
2018-02-26 00:36:05,0.00060100,8.00000000
2018-02-26 00:36:05,0.00060050,1957.00000000
2018-02-26 00:36:06,0.00060050,96.00000000
2018-02-26 00:36:06,0.00060050,10.00000000
2018-02-26 00:36:06,0.00060050,11.00000000
2018-02-26 00:36:06,0.00060050,2.00000000
2018-02-26 00:36:06,0.00060050,2.00000000
2018-02-26 00:36:07,0.00060050,28.00000000
2018-02-26 00:36:07,0.00060050,2.00000000
2018-02-26 00:36:07,0.00060050,63.00000000
2018-02-26 00:36:07,0.00060100,3145.00000000
2018-02-26 00:36:08,0.00060118,2.00000000
2018-02-26 00:36:10,0.00060100,976.00000000
2018-02-26 00:36:10,0.00060074,102.00000000
2018-02-26 00:36:10,0.00060047,3.00000000
2018-02-26 00:36:10,0.00060044,473.00000000
2018-02-26 00:36:11,0.00060123,8.00000000
2018-02-26 00:36:13,0.00060123,91.00000000
2018-02-26 00:36:13,0.00060123,2.00000000
2018-02-26 00:36:13,0.00060123,6.00000000
2018-02-26 00:36:14,0.00060123,5.00000000
2018-02-26 00:36:14,0.00060123,2.00000000
2018-02-26 00:36:14,0.00060123,25.00000000
2018-02-26 00:36:15,0.00060123,12.00000000
2018-02-26 00:36:15,0.00060054,71.00000000
2018-02-26 00:36:15,0.00060054,41.00000000
2018-02-26 00:36:15,0.00060044,102.00000000
2018-02-26 00:36:15,0.00060037,2.00000000
2018-02-26 00:36:15,0.00060030,15.00000000
2018-02-26 00:36:15,0.00060019,50.00000000
2018-02-26 00:36:15,0.00060011,303.00000000
2018-02-26 00:36:15,0.00060011,16.00000000
2018-02-26 00:36:16,0.00060123,22.00000000
2018-02-26 00:36:16,0.00060123,4.00000000
2018-02-26 00:36:17,0.00060014,4.00000000
2018-02-26 00:36:17,0.00060011,345.00000000
2018-02-26 00:36:17,0.00060010,1093.00000000
2018-02-26 00:36:17,0.00060010,49.00000000
2018-02-26 00:36:17,0.00060010,8.00000000
2018-02-26 00:36:17,0.00060010,44.00000000
2018-02-26 00:36:17,0.00060015,2.00000000
2018-02-26 00:36:19,0.00060123,54.00000000
2018-02-26 00:36:19,0.00060120,4.00000000
2018-02-26 00:36:19,0.00060123,6.00000000
2018-02-26 00:36:19,0.00060123,23.00000000
2018-02-26 00:36:19,0.00060123,20.00000000
2018-02-26 00:36:24,0.00060118,4.00000000
2018-02-26 00:36:26,0.00060127,2.00000000
2018-02-26 00:36:30,0.00060029,4.00000000
2018-02-26 00:36:30,0.00060024,4.00000000
2018-02-26 00:36:30,0.00060021,324.00000000
2018-02-26 00:36:30,0.00060021,74.00000000
2018-02-26 00:36:30,0.00060021,14.00000000
2018-02-26 00:36:30,0.00060021,1612.00000000
2018-02-26 00:36:30,0.00060021,8.00000000
2018-02-26 00:36:30,0.00060021,8.00000000
2018-02-26 00:36:30,0.00060021,8.00000000
2018-02-26 00:36:30,0.00060021,53.00000000
2018-02-26 00:36:30,0.00060021,56.00000000
2018-02-26 00:36:30,0.00060021,3.00000000
2018-02-26 00:36:30,0.00060021,41.00000000
2018-02-26 00:36:31,0.00060021,23.00000000
2018-02-26 00:36:31,0.00060021,103.00000000
2018-02-26 00:36:31,0.00060021,33.00000000
2018-02-26 00:36:31,0.00060018,4.00000000
2018-02-26 00:36:31,0.00060021,171.00000000
2018-02-26 00:36:31,0.00060021,22.00000000
2018-02-26 00:36:32,0.00060013,186.00000000
2018-02-26 00:36:32,0.00060010,16.00000000
2018-02-26 00:36:32,0.00060007,11.00000000
2018-02-26 00:36:32,0.00060005,201.00000000
2018-02-26 00:36:32,0.00060001,47.00000000
2018-02-26 00:36:32,0.00060000,47.00000000
2018-02-26 00:36:32,0.00060000,106.00000000
2018-02-26 00:36:32,0.00060000,100.00000000
2018-02-26 00:36:32,0.00060000,60.00000000
2018-02-26 00:36:32,0.00060000,4206.00000000
2018-02-26 00:36:32,0.00059994,33.00000000
2018-02-26 00:36:32,0.00059990,49.00000000
2018-02-26 00:36:32,0.00059981,17.00000000
2018-02-26 00:36:32,0.00059976,8.00000000
2018-02-26 00:36:32,0.00059962,350.00000000
2018-02-26 00:36:32,0.00059950,15.00000000
2018-02-26 00:36:32,0.00059944,23.00000000
2018-02-26 00:36:32,0.00059937,2.00000000
2018-02-26 00:36:32,0.00059929,12.00000000
2018-02-26 00:36:32,0.00059928,2.00000000
2018-02-26 00:36:32,0.00059922,3.00000000
2018-02-26 00:36:32,0.00059920,200.00000000
2018-02-26 00:36:32,0.00059911,101.00000000
2018-02-26 00:36:32,0.00059902,21.00000000
2018-02-26 00:36:32,0.00059901,40.00000000
2018-02-26 00:36:32,0.00059900,522.00000000
2018-02-26 00:36:32,0.00059884,23.00000000
2018-02-26 00:36:32,0.00059881,18.00000000
2018-02-26 00:36:32,0.00059880,124.00000000
2018-02-26 00:36:32,0.00059861,4.00000000
2018-02-26 00:36:32,0.00059860,5.00000000
2018-02-26 00:36:32,0.00059853,8.00000000
2018-02-26 00:36:32,0.00059850,35.00000000
2018-02-26 00:36:32,0.00059825,261.00000000
2018-02-26 00:36:32,0.00059820,106.00000000
2018-02-26 00:36:32,0.00059810,75.00000000
2018-02-26 00:36:32,0.00059800,341.00000000
2018-02-26 00:36:32,0.00059780,40.00000000
2018-02-26 00:36:32,0.00059762,167.00000000
2018-02-26 00:36:32,0.00059750,15.00000000
2018-02-26 00:36:32,0.00059749,217.00000000
2018-02-26 00:36:32,0.00059742,54.00000000
2018-02-26 00:36:32,0.00059732,634.00000000
2018-02-26 00:36:32,0.00059731,69.00000000
2018-02-26 00:36:32,0.00059710,503.00000000
2018-02-26 00:36:32,0.00059705,11.00000000
2018-02-26 00:36:32,0.00059700,686.00000000
2018-02-26 00:36:32,0.00059700,296.00000000
2018-02-26 00:36:32,0.00059700,1832.00000000
2018-02-26 00:36:32,0.00059700,88.00000000
2018-02-26 00:36:32,0.00059695,4.00000000
2018-02-26 00:36:32,0.00059681,432.00000000
2018-02-26 00:36:32,0.00059674,64.00000000
2018-02-26 00:36:32,0.00059670,10.00000000
2018-02-26 00:36:32,0.00059665,13.00000000
2018-02-26 00:36:32,0.00059632,1676.00000000
2018-02-26 00:36:32,0.00059631,75.00000000
2018-02-26 00:36:32,0.00059626,5.00000000
2018-02-26 00:36:32,0.00059620,12.00000000
2018-02-26 00:36:32,0.00059610,75.00000000
2018-02-26 00:36:32,0.00059600,777.00000000
2018-02-26 00:36:32,0.00059581,45.00000000
2018-02-26 00:36:32,0.00059564,80.00000000
2018-02-26 00:36:32,0.00059550,1052.00000000
2018-02-26 00:36:32,0.00059544,71.00000000
2018-02-26 00:36:32,0.00059534,34.00000000
2018-02-26 00:36:32,0.00059521,75.00000000
2018-02-26 00:36:32,0.00059520,1628.00000000
2018-02-26 00:36:32,0.00059510,10.00000000
2018-02-26 00:36:32,0.00059502,12.00000000
2018-02-26 00:36:32,0.00059501,79.00000000
2018-02-26 00:36:32,0.00059500,2868.00000000
2018-02-26 00:36:32,0.00059488,39.00000000
2018-02-26 00:36:32,0.00059750,30.00000000
2018-02-26 00:36:32,0.00059488,751.00000000
2018-02-26 00:36:32,0.00059488,170.00000000
2018-02-26 00:36:32,0.00059488,137.00000000
2018-02-26 00:36:32,0.00059488,222.00000000
2018-02-26 00:36:32,0.00059488,104.00000000
2018-02-26 00:36:32,0.00059473,3.00000000
2018-02-26 00:36:32,0.00059472,100.00000000
2018-02-26 00:36:32,0.00059460,20.00000000
2018-02-26 00:36:32,0.00059450,163.00000000
2018-02-26 00:36:32,0.00059447,107.00000000
2018-02-26 00:36:32,0.00059437,2.00000000
2018-02-26 00:36:32,0.00059435,2105.00000000
2018-02-26 00:36:32,0.00059435,15.00000000
2018-02-26 00:36:32,0.00059435,42.00000000
2018-02-26 00:36:32,0.00059448,10.00000000
2018-02-26 00:36:32,0.00059448,12.00000000
2018-02-26 00:36:32,0.00059448,12.00000000
2018-02-26 00:36:32,0.00059448,12.00000000
2018-02-26 00:36:32,0.00059448,89.00000000
2018-02-26 00:36:32,0.00059480,480.00000000
2018-02-26 00:36:32,0.00059480,18.00000000
2018-02-26 00:36:32,0.00059480,12.00000000
2018-02-26 00:36:32,0.00059480,121.00000000
2018-02-26 00:36:32,0.00059480,45.00000000
2018-02-26 00:36:32,0.00059480,18.00000000
2018-02-26 00:36:32,0.00059480,96.00000000
2018-02-26 00:36:32,0.00059480,49.00000000
2018-02-26 00:36:32,0.00059480,50.00000000
2018-02-26 00:36:32,0.00059480,50.00000000
2018-02-26 00:36:32,0.00059480,173.00000000
2018-02-26 00:36:32,0.00059500,123.00000000
2018-02-26 00:36:32,0.00059500,42.00000000
2018-02-26 00:36:32,0.00059500,18.00000000
2018-02-26 00:36:32,0.00059500,105.00000000
2018-02-26 00:36:32,0.00059500,19.00000000
2018-02-26 00:36:32,0.00059640,442.00000000
2018-02-26 00:36:32,0.00059750,50.00000000
2018-02-26 00:36:32,0.00059770,403.00000000
2018-02-26 00:36:32,0.00059770,182.00000000
2018-02-26 00:36:32,0.00059770,50.00000000
2018-02-26 00:36:32,0.00059770,16.00000000
2018-02-26 00:36:32,0.00059770,47.00000000
2018-02-26 00:36:32,0.00059770,84.00000000
2018-02-26 00:36:32,0.00059770,16.00000000
2018-02-26 00:36:32,0.00059770,84.00000000
2018-02-26 00:36:32,0.00059770,452.00000000
2018-02-26 00:36:32,0.00059779,33.00000000
2018-02-26 00:36:32,0.00059800,1.00000000
2018-02-26 00:36:32,0.00059800,84.00000000
2018-02-26 00:36:32,0.00059800,27.00000000
2018-02-26 00:36:32,0.00059815,7.00000000
2018-02-26 00:36:33,0.00059815,12.00000000
2018-02-26 00:36:33,0.00059850,2.00000000
2018-02-26 00:36:33,0.00059850,8.00000000
2018-02-26 00:36:33,0.00059898,4.00000000
2018-02-26 00:36:33,0.00059875,11.00000000
2018-02-26 00:36:34,0.00059895,4.00000000
2018-02-26 00:36:34,0.00059898,60.00000000
2018-02-26 00:36:34,0.00059979,81.00000000
2018-02-26 00:36:36,0.00059785,2.00000000
2018-02-26 00:36:36,0.00059885,16.00000000
2018-02-26 00:36:37,0.00059787,100.00000000
2018-02-26 00:36:37,0.00059875,23.00000000
2018-02-26 00:36:37,0.00059787,100.00000000
2018-02-26 00:36:37,0.00059875,5.00000000
2018-02-26 00:36:38,0.00059787,100.00000000
2018-02-26 00:36:38,0.00059874,39.00000000
2018-02-26 00:36:39,0.00059874,6.00000000
2018-02-26 00:36:39,0.00059873,8.00000000
2018-02-26 00:36:39,0.00059874,7.00000000
2018-02-26 00:36:39,0.00059874,16.00000000
2018-02-26 00:36:39,0.00059874,4.00000000
2018-02-26 00:36:39,0.00059874,44.00000000
2018-02-26 00:36:39,0.00059874,11.00000000
2018-02-26 00:36:39,0.00059874,4.00000000
2018-02-26 00:36:40,0.00059874,309.00000000
2018-02-26 00:36:40,0.00059875,181.00000000
2018-02-26 00:36:40,0.00059950,16.00000000
2018-02-26 00:36:40,0.00059973,45.00000000
2018-02-26 00:36:40,0.00059974,4.00000000
2018-02-26 00:36:40,0.00059976,186.00000000
2018-02-26 00:36:40,0.00059977,1825.00000000
2018-02-26 00:36:40,0.00059934,15.00000000
2018-02-26 00:36:40,0.00059980,16.00000000
2018-02-26 00:36:42,0.00059797,30.00000000
2018-02-26 00:36:42,0.00059796,167.00000000
2018-02-26 00:36:42,0.00059796,36.00000000
2018-02-26 00:36:42,0.00059796,2.00000000
2018-02-26 00:36:42,0.00059796,15.00000000
2018-02-26 00:36:43,0.00059924,25.00000000
2018-02-26 00:36:43,0.00059924,3.00000000
2018-02-26 00:36:44,0.00059924,21.00000000
2018-02-26 00:36:44,0.00059919,4.00000000
2018-02-26 00:36:44,0.00059926,4.00000000
2018-02-26 00:36:44,0.00059950,1.00000000
2018-02-26 00:36:44,0.00059917,4.00000000
2018-02-26 00:36:44,0.00059917,4.00000000
2018-02-26 00:36:45,0.00059917,8.00000000
2018-02-26 00:36:45,0.00059917,33.00000000
2018-02-26 00:36:45,0.00059917,2.00000000
2018-02-26 00:36:45,0.00059917,2.00000000
2018-02-26 00:36:45,0.00059917,8.00000000
2018-02-26 00:36:45,0.00059917,6.00000000
2018-02-26 00:36:45,0.00059917,2.00000000
2018-02-26 00:36:45,0.00059917,4.00000000
2018-02-26 00:36:45,0.00059917,6.00000000
2018-02-26 00:36:45,0.00059917,8.00000000
2018-02-26 00:36:45,0.00059917,4.00000000
2018-02-26 00:36:45,0.00059917,14.00000000
2018-02-26 00:36:45,0.00059917,15.00000000
2018-02-26 00:36:45,0.00059949,2.00000000
2018-02-26 00:36:45,0.00059949,29.00000000
2018-02-26 00:36:46,0.00059949,5.00000000
2018-02-26 00:36:46,0.00059949,50.00000000
2018-02-26 00:36:46,0.00059949,81.00000000
2018-02-26 00:36:46,0.00059950,15.00000000
2018-02-26 00:36:46,0.00059972,4.00000000
2018-02-26 00:36:46,0.00059977,63.00000000
2018-02-26 00:36:46,0.00059980,8.00000000
2018-02-26 00:36:46,0.00059998,8.00000000
2018-02-26 00:36:47,0.00059944,4.00000000
2018-02-26 00:36:48,0.00059978,10.00000000
2018-02-26 00:36:49,0.00059998,17.00000000
2018-02-26 00:36:49,0.00059998,4.00000000
2018-02-26 00:36:49,0.00059998,15.00000000
2018-02-26 00:36:49,0.00059998,16.00000000
2018-02-26 00:36:49,0.00059999,4.00000000
2018-02-26 00:36:50,0.00059999,20.00000000
2018-02-26 00:36:50,0.00059999,6.00000000
2018-02-26 00:36:51,0.00059999,4.00000000
2018-02-26 00:36:51,0.00059949,16.00000000
2018-02-26 00:36:51,0.00059999,11.00000000
2018-02-26 00:36:52,0.00059917,2.00000000
2018-02-26 00:36:52,0.00059917,8.00000000
2018-02-26 00:36:52,0.00059917,4.00000000
2018-02-26 00:36:52,0.00059917,8.00000000
2018-02-26 00:36:52,0.00059917,4.00000000
2018-02-26 00:36:53,0.00059917,3.00000000
2018-02-26 00:36:53,0.00059849,7.00000000
2018-02-26 00:36:53,0.00059917,4.00000000
2018-02-26 00:36:54,0.00059917,2.00000000
2018-02-26 00:36:54,0.00059917,39.00000000
2018-02-26 00:36:54,0.00059917,3.00000000
2018-02-26 00:36:54,0.00059917,8.00000000
2018-02-26 00:36:54,0.00059917,17.00000000
2018-02-26 00:36:54,0.00059917,8.00000000
2018-02-26 00:36:54,0.00059917,9.00000000
2018-02-26 00:36:54,0.00059917,67.00000000
2018-02-26 00:36:54,0.00059917,7.00000000
2018-02-26 00:36:54,0.00059917,3.00000000
2018-02-26 00:36:54,0.00059917,7.00000000
2018-02-26 00:36:54,0.00059917,254.00000000
2018-02-26 00:36:54,0.00059917,20.00000000
2018-02-26 00:36:54,0.00059917,4.00000000
2018-02-26 00:36:54,0.00059917,29.00000000
2018-02-26 00:36:54,0.00059917,31.00000000
2018-02-26 00:36:54,0.00059917,4.00000000
2018-02-26 00:36:54,0.00059917,4.00000000
2018-02-26 00:36:55,0.00059917,31.00000000
2018-02-26 00:36:55,0.00059917,4.00000000
2018-02-26 00:36:55,0.00059917,50.00000000
2018-02-26 00:36:55,0.00059917,6.00000000
2018-02-26 00:36:55,0.00059917,5.00000000
2018-02-26 00:36:55,0.00059917,11.00000000
2018-02-26 00:36:55,0.00059917,4.00000000
2018-02-26 00:36:56,0.00059824,146.00000000
2018-02-26 00:36:56,0.00059811,4.00000000
2018-02-26 00:36:56,0.00059808,8.00000000
2018-02-26 00:36:56,0.00059803,4.00000000
2018-02-26 00:36:56,0.00059801,30.00000000
2018-02-26 00:36:56,0.00059800,59.00000000
2018-02-26 00:36:56,0.00059917,3.00000000
2018-02-26 00:36:57,0.00059917,167.00000000
2018-02-26 00:36:57,0.00059917,9.00000000
2018-02-26 00:36:58,0.00059917,42.00000000
2018-02-26 00:36:59,0.00059849,392.00000000
2018-02-26 00:36:59,0.00059804,4.00000000
2018-02-26 00:36:59,0.00059800,194.00000000
2018-02-26 00:36:59,0.00059800,1445.00000000
2018-02-26 00:36:59,0.00059800,611.00000000
2018-02-26 00:36:59,0.00059917,16.00000000
2018-02-26 00:36:59,0.00059917,2.00000000
2018-02-26 00:37:00,0.00059804,4.00000000
2018-02-26 00:37:00,0.00059912,4.00000000
2018-02-26 00:37:00,0.00059917,78.00000000
2018-02-26 00:37:01,0.00059917,10.00000000
2018-02-26 00:37:01,0.00059799,163.00000000
2018-02-26 00:37:01,0.00059797,50.00000000
2018-02-26 00:37:01,0.00059796,36.00000000
2018-02-26 00:37:01,0.00059795,4.00000000
2018-02-26 00:37:01,0.00059787,66.00000000
2018-02-26 00:37:02,0.00059912,83.00000000
2018-02-26 00:37:02,0.00059912,9.00000000
2018-02-26 00:37:02,0.00059912,7.00000000
2018-02-26 00:37:04,0.00059905,33.00000000
2018-02-26 00:37:04,0.00059905,20.00000000
2018-02-26 00:37:08,0.00059898,3.00000000
2018-02-26 00:37:09,0.00059898,4.00000000
2018-02-26 00:37:10,0.00059898,4.00000000
2018-02-26 00:37:10,0.00059900,1.00000000
2018-02-26 00:37:10,0.00059900,3.00000000
2018-02-26 00:37:10,0.00059907,4.00000000
2018-02-26 00:37:12,0.00059818,4.00000000
2018-02-26 00:37:12,0.00059813,8.00000000
2018-02-26 00:37:12,0.00059804,4.00000000
2018-02-26 00:37:12,0.00059800,34.00000000
2018-02-26 00:37:13,0.00059912,4.00000000
2018-02-26 00:37:13,0.00059917,2.00000000
2018-02-26 00:37:13,0.00059912,421.00000000
2018-02-26 00:37:13,0.00059800,5.00000000
2018-02-26 00:37:14,0.00059917,10.00000000
2018-02-26 00:37:14,0.00059917,8.00000000
2018-02-26 00:37:14,0.00059805,4.00000000
2018-02-26 00:37:14,0.00059800,13.00000000
2018-02-26 00:37:15,0.00059912,4.00000000
2018-02-26 00:37:15,0.00059917,1.00000000
2018-02-26 00:37:17,0.00059916,4.00000000
2018-02-26 00:37:18,0.00059865,4.00000000
2018-02-26 00:37:18,0.00059911,4.00000000
2018-02-26 00:37:18,0.00059916,5.00000000
2018-02-26 00:37:18,0.00059917,6.00000000
2018-02-26 00:37:18,0.00059917,4.00000000
2018-02-26 00:37:19,0.00059898,88.00000000
2018-02-26 00:37:19,0.00059917,9.00000000
2018-02-26 00:37:20,0.00059917,7.00000000
2018-02-26 00:37:24,0.00059916,4.00000000
2018-02-26 00:37:26,0.00059911,4.00000000
2018-02-26 00:37:26,0.00059915,4.00000000
2018-02-26 00:37:26,0.00059916,3.00000000
2018-02-26 00:37:28,0.00059821,4.00000000
2018-02-26 00:37:28,0.00059813,63.00000000
2018-02-26 00:37:28,0.00059808,60.00000000
2018-02-26 00:37:30,0.00059911,4.00000000
2018-02-26 00:37:30,0.00059900,89.00000000
2018-02-26 00:37:31,0.00059916,12.00000000
2018-02-26 00:37:31,0.00059917,215.00000000
2018-02-26 00:37:33,0.00059912,4.00000000
2018-02-26 00:37:35,0.00059917,8.00000000
2018-02-26 00:37:35,0.00059916,46.00000000
2018-02-26 00:37:36,0.00059830,8.00000000
2018-02-26 00:37:36,0.00059821,4.00000000
2018-02-26 00:37:36,0.00059813,4.00000000
2018-02-26 00:37:36,0.00059808,73.00000000
2018-02-26 00:37:36,0.00059800,66.00000000
2018-02-26 00:37:37,0.00059916,20.00000000
2018-02-26 00:37:37,0.00059917,10.00000000
2018-02-26 00:37:37,0.00059818,4.00000000
2018-02-26 00:37:37,0.00059813,3.00000000
2018-02-26 00:37:38,0.00059912,4.00000000
2018-02-26 00:37:38,0.00059917,3.00000000
2018-02-26 00:37:39,0.00059917,313.00000000
2018-02-26 00:37:39,0.00059816,4.00000000
2018-02-26 00:37:39,0.00059813,7.00000000
2018-02-26 00:37:39,0.00059801,53.00000000
2018-02-26 00:37:39,0.00059800,355.00000000
2018-02-26 00:37:39,0.00059917,46.00000000
2018-02-26 00:37:40,0.00059932,33.00000000
2018-02-26 00:37:41,0.00059932,8.00000000
2018-02-26 00:37:41,0.00059917,63.00000000
2018-02-26 00:37:46,0.00059929,4.00000000
2018-02-26 00:37:46,0.00059932,9.00000000
2018-02-26 00:37:46,0.00059974,48.00000000
2018-02-26 00:37:46,0.00059976,108.00000000
2018-02-26 00:37:49,0.00059930,19.00000000
2018-02-26 00:37:49,0.00059930,11.00000000
2018-02-26 00:37:49,0.00059930,4.00000000
2018-02-26 00:37:49,0.00059930,10.00000000
2018-02-26 00:37:50,0.00059930,7.00000000
2018-02-26 00:37:50,0.00059930,4.00000000
2018-02-26 00:37:50,0.00059930,2.00000000
2018-02-26 00:37:51,0.00059930,33.00000000
2018-02-26 00:37:51,0.00059930,3.00000000
2018-02-26 00:37:51,0.00059977,7.00000000
2018-02-26 00:37:51,0.00059977,15.00000000
2018-02-26 00:37:52,0.00059977,4.00000000
2018-02-26 00:37:52,0.00059977,382.00000000
2018-02-26 00:37:53,0.00059977,4.00000000
2018-02-26 00:37:53,0.00059977,5.00000000
2018-02-26 00:37:53,0.00059976,4.00000000
2018-02-26 00:37:53,0.00059977,62.00000000
2018-02-26 00:37:54,0.00059977,4.00000000
2018-02-26 00:37:54,0.00059977,41.00000000
2018-02-26 00:37:54,0.00059977,5.00000000
2018-02-26 00:37:55,0.00059977,4.00000000
2018-02-26 00:37:55,0.00059977,25.00000000
2018-02-26 00:37:55,0.00059977,2.00000000
2018-02-26 00:37:55,0.00059977,9.00000000
2018-02-26 00:37:55,0.00059977,18.00000000
2018-02-26 00:37:55,0.00059977,14.00000000
2018-02-26 00:37:56,0.00059977,4.00000000
2018-02-26 00:37:56,0.00059977,3.00000000
2018-02-26 00:37:56,0.00059977,18.00000000
2018-02-26 00:37:56,0.00059977,4.00000000
2018-02-26 00:37:56,0.00059977,39.00000000
2018-02-26 00:37:56,0.00059977,11.00000000
2018-02-26 00:37:56,0.00059977,11.00000000
2018-02-26 00:37:56,0.00059977,4.00000000
2018-02-26 00:37:56,0.00059977,5.00000000
2018-02-26 00:37:56,0.00059977,4.00000000
2018-02-26 00:37:57,0.00059977,29.00000000
2018-02-26 00:37:57,0.00059977,4.00000000
2018-02-26 00:37:57,0.00059977,70.00000000
2018-02-26 00:37:57,0.00059977,10.00000000
2018-02-26 00:37:57,0.00059977,11.00000000
2018-02-26 00:37:57,0.00059977,2.00000000
2018-02-26 00:37:57,0.00059977,53.00000000
2018-02-26 00:37:57,0.00059977,5.00000000
2018-02-26 00:37:58,0.00059977,13.00000000
2018-02-26 00:37:58,0.00059950,20.00000000
2018-02-26 00:37:58,0.00059977,4.00000000
2018-02-26 00:37:58,0.00059977,23.00000000
2018-02-26 00:37:58,0.00059977,4.00000000
2018-02-26 00:37:58,0.00059977,19.00000000
2018-02-26 00:37:58,0.00059977,4.00000000
2018-02-26 00:37:58,0.00059975,50.00000000
2018-02-26 00:37:58,0.00059977,4.00000000
2018-02-26 00:37:58,0.00059977,177.00000000
2018-02-26 00:37:58,0.00059977,125.00000000
2018-02-26 00:37:59,0.00059977,2.00000000
2018-02-26 00:37:59,0.00059977,98.00000000
2018-02-26 00:37:59,0.00059977,5.00000000
2018-02-26 00:38:00,0.00059977,4.00000000
2018-02-26 00:38:00,0.00059977,4.00000000
2018-02-26 00:38:01,0.00059976,98.00000000
2018-02-26 00:38:01,0.00059976,7.00000000
2018-02-26 00:38:01,0.00059977,7.00000000
2018-02-26 00:38:01,0.00059977,8.00000000
2018-02-26 00:38:01,0.00059977,7.00000000
2018-02-26 00:38:03,0.00059950,12.00000000
2018-02-26 00:38:03,0.00060000,8.00000000
2018-02-26 00:38:03,0.00060000,5.00000000
2018-02-26 00:38:04,0.00060000,4.00000000
2018-02-26 00:38:04,0.00060000,4.00000000
2018-02-26 00:38:04,0.00060000,33.00000000
2018-02-26 00:38:04,0.00060000,37.00000000
2018-02-26 00:38:04,0.00060001,211.00000000
2018-02-26 00:38:04,0.00060001,63.00000000
2018-02-26 00:38:04,0.00060001,13.00000000
2018-02-26 00:38:05,0.00060001,4.00000000
2018-02-26 00:38:05,0.00060001,758.00000000
2018-02-26 00:38:06,0.00059977,13.00000000
2018-02-26 00:38:06,0.00059977,52.00000000
2018-02-26 00:38:06,0.00060001,455.00000000
2018-02-26 00:38:07,0.00059950,48.00000000
2018-02-26 00:38:07,0.00059950,8.00000000
2018-02-26 00:38:07,0.00060001,6.00000000
2018-02-26 00:38:07,0.00059919,48.00000000
2018-02-26 00:38:07,0.00060001,697.00000000
2018-02-26 00:38:07,0.00059918,380.00000000
2018-02-26 00:38:07,0.00059973,2.00000000
2018-02-26 00:38:07,0.00059916,100.00000000
2018-02-26 00:38:07,0.00059973,5.00000000
2018-02-26 00:38:07,0.00059874,16.00000000
2018-02-26 00:38:07,0.00059973,5.00000000
2018-02-26 00:38:07,0.00060001,185.00000000
2018-02-26 00:38:08,0.00060001,140.00000000
2018-02-26 00:38:08,0.00060001,108.00000000
2018-02-26 00:38:08,0.00059877,3.00000000
2018-02-26 00:38:08,0.00059977,10.00000000
2018-02-26 00:38:08,0.00059943,4.00000000
2018-02-26 00:38:08,0.00059943,6.00000000
2018-02-26 00:38:08,0.00059977,1.00000000
2018-02-26 00:38:08,0.00059875,10.00000000
2018-02-26 00:38:09,0.00059977,1.00000000
2018-02-26 00:38:09,0.00059996,4.00000000
2018-02-26 00:38:09,0.00060001,18.00000000
2018-02-26 00:38:09,0.00060001,13.00000000
2018-02-26 00:38:11,0.00059900,14.00000000
2018-02-26 00:38:11,0.00059900,2.00000000
2018-02-26 00:38:11,0.00060000,8.00000000
2018-02-26 00:38:11,0.00060000,996.00000000
2018-02-26 00:38:11,0.00059900,55.00000000
2018-02-26 00:38:11,0.00059883,4.00000000
2018-02-26 00:38:11,0.00059882,4.00000000
2018-02-26 00:38:11,0.00059875,40.00000000
2018-02-26 00:38:11,0.00059874,278.00000000
2018-02-26 00:38:11,0.00059851,8.00000000
2018-02-26 00:38:11,0.00059800,607.00000000
2018-02-26 00:38:11,0.00059800,2.00000000
2018-02-26 00:38:11,0.00059802,50.00000000
2018-02-26 00:38:12,0.00059997,2.00000000
2018-02-26 00:38:12,0.00059996,2.00000000
2018-02-26 00:38:12,0.00059949,5.00000000
2018-02-26 00:38:12,0.00059949,9.00000000
2018-02-26 00:38:12,0.00059948,7.00000000
2018-02-26 00:38:13,0.00059948,3.00000000
2018-02-26 00:38:13,0.00059949,4.00000000
2018-02-26 00:38:13,0.00059949,32.00000000
2018-02-26 00:38:13,0.00059950,16.00000000
2018-02-26 00:38:13,0.00059994,4.00000000
2018-02-26 00:38:13,0.00059909,16.00000000
2018-02-26 00:38:14,0.00059994,10.00000000
2018-02-26 00:38:14,0.00059811,22.00000000
2018-02-26 00:38:14,0.00059947,4.00000000
2018-02-26 00:38:15,0.00059947,18.00000000
2018-02-26 00:38:15,0.00059947,12.00000000
2018-02-26 00:38:15,0.00059947,5.00000000
2018-02-26 00:38:16,0.00059820,4.00000000
2018-02-26 00:38:16,0.00059818,62.00000000
2018-02-26 00:38:16,0.00059946,22.00000000
2018-02-26 00:38:17,0.00059822,4.00000000
2018-02-26 00:38:18,0.00059935,8.00000000
2018-02-26 00:38:18,0.00059935,10.00000000
2018-02-26 00:38:20,0.00059932,4.00000000
2018-02-26 00:38:20,0.00059932,13.00000000
2018-02-26 00:38:20,0.00059932,35.00000000
2018-02-26 00:38:20,0.00059934,15.00000000
2018-02-26 00:38:21,0.00059923,4.00000000
2018-02-26 00:38:21,0.00059988,6.00000000
2018-02-26 00:38:22,0.00059987,28.00000000
2018-02-26 00:38:22,0.00059988,47.00000000
2018-02-26 00:38:24,0.00059934,43.00000000
2018-02-26 00:38:25,0.00059989,4.00000000
2018-02-26 00:38:25,0.00059995,8.00000000
2018-02-26 00:38:25,0.00059996,2.00000000
2018-02-26 00:38:25,0.00059998,53.00000000
2018-02-26 00:38:26,0.00059998,251.00000000
2018-02-26 00:38:26,0.00060000,105.00000000
2018-02-26 00:38:26,0.00060050,21.00000000
2018-02-26 00:38:27,0.00060071,8.00000000
2018-02-26 00:38:27,0.00060071,13.00000000
2018-02-26 00:38:28,0.00060070,13.00000000
2018-02-26 00:38:28,0.00060070,4.00000000
2018-02-26 00:38:28,0.00060070,15.00000000
2018-02-26 00:38:28,0.00060070,6.00000000
2018-02-26 00:38:28,0.00060070,4.00000000
2018-02-26 00:38:28,0.00059975,35.00000000
2018-02-26 00:38:28,0.00060070,4.00000000
2018-02-26 00:38:28,0.00060070,14.00000000
2018-02-26 00:38:28,0.00060070,5.00000000
2018-02-26 00:38:29,0.00060070,4.00000000
2018-02-26 00:38:29,0.00060070,10.00000000
2018-02-26 00:38:29,0.00059988,16.00000000
2018-02-26 00:38:29,0.00059988,117.00000000
2018-02-26 00:38:29,0.00059958,7.00000000
2018-02-26 00:38:29,0.00059883,50.00000000
2018-02-26 00:38:29,0.00059958,5.00000000
2018-02-26 00:38:29,0.00059958,4.00000000
2018-02-26 00:38:29,0.00059958,78.00000000
2018-02-26 00:38:29,0.00059988,78.00000000
2018-02-26 00:38:29,0.00060070,24.00000000
2018-02-26 00:38:29,0.00060070,4.00000000
2018-02-26 00:38:29,0.00060070,4.00000000
2018-02-26 00:38:30,0.00060065,4.00000000
2018-02-26 00:38:30,0.00059958,2.00000000
2018-02-26 00:38:30,0.00060098,4.00000000
2018-02-26 00:38:30,0.00059893,50.00000000
2018-02-26 00:38:30,0.00059892,36.00000000
2018-02-26 00:38:30,0.00059957,4.00000000
2018-02-26 00:38:31,0.00060052,16.00000000
2018-02-26 00:38:31,0.00060098,16.00000000
2018-02-26 00:38:31,0.00059896,16.00000000
2018-02-26 00:38:31,0.00059896,66.00000000
2018-02-26 00:38:31,0.00060050,17.00000000
2018-02-26 00:38:31,0.00060049,4.00000000
2018-02-26 00:38:32,0.00060049,4.00000000
2018-02-26 00:38:32,0.00060049,4.00000000
2018-02-26 00:38:32,0.00060049,4.00000000
2018-02-26 00:38:32,0.00060049,2.00000000
2018-02-26 00:38:32,0.00060049,2.00000000
2018-02-26 00:38:32,0.00060049,8.00000000
2018-02-26 00:38:32,0.00060047,5.00000000
2018-02-26 00:38:32,0.00060047,5.00000000
2018-02-26 00:38:32,0.00060047,4.00000000
2018-02-26 00:38:32,0.00060047,60.00000000
2018-02-26 00:38:32,0.00060047,4.00000000
2018-02-26 00:38:32,0.00060047,5.00000000
2018-02-26 00:38:32,0.00060047,81.00000000
2018-02-26 00:38:32,0.00060050,88.00000000
2018-02-26 00:38:33,0.00060099,7.00000000
2018-02-26 00:38:33,0.00059988,10.00000000
2018-02-26 00:38:33,0.00059896,10.00000000
2018-02-26 00:38:33,0.00059986,10.00000000
2018-02-26 00:38:33,0.00060038,2.00000000
2018-02-26 00:38:33,0.00060038,2.00000000
2018-02-26 00:38:33,0.00060097,16.00000000
2018-02-26 00:38:34,0.00060099,1.00000000
2018-02-26 00:38:34,0.00060049,1096.00000000
2018-02-26 00:38:34,0.00059900,49.00000000
2018-02-26 00:38:34,0.00059961,4.00000000
2018-02-26 00:38:34,0.00059961,3.00000000
2018-02-26 00:38:34,0.00060049,14.00000000
2018-02-26 00:38:34,0.00059932,10.00000000
2018-02-26 00:38:34,0.00060049,5.00000000
2018-02-26 00:38:34,0.00060032,13.00000000
2018-02-26 00:38:34,0.00060032,3.00000000
2018-02-26 00:38:34,0.00059898,3.00000000
2018-02-26 00:38:34,0.00059898,16.00000000
2018-02-26 00:38:34,0.00059973,10.00000000
2018-02-26 00:38:35,0.00059973,3.00000000
2018-02-26 00:38:35,0.00060032,1.00000000
2018-02-26 00:38:35,0.00059971,12.00000000
2018-02-26 00:38:35,0.00059971,8.00000000
2018-02-26 00:38:35,0.00059971,4.00000000
2018-02-26 00:38:35,0.00059971,2.00000000
2018-02-26 00:38:35,0.00059971,9.00000000
2018-02-26 00:38:35,0.00059971,3.00000000
2018-02-26 00:38:35,0.00059971,11.00000000
2018-02-26 00:38:35,0.00059972,8.00000000
2018-02-26 00:38:35,0.00060032,11.00000000
2018-02-26 00:38:35,0.00060032,4.00000000
2018-02-26 00:38:35,0.00060049,4.00000000
2018-02-26 00:38:35,0.00060049,8.00000000
2018-02-26 00:38:35,0.00060049,15.00000000
2018-02-26 00:38:35,0.00059909,4.00000000
2018-02-26 00:38:35,0.00059903,4.00000000
2018-02-26 00:38:35,0.00060049,8.00000000
2018-02-26 00:38:35,0.00060049,2.00000000
2018-02-26 00:38:35,0.00060048,5.00000000
2018-02-26 00:38:35,0.00060048,4.00000000
2018-02-26 00:38:35,0.00060048,2.00000000
2018-02-26 00:38:35,0.00060048,4.00000000
2018-02-26 00:38:36,0.00060048,9.00000000
2018-02-26 00:38:36,0.00060048,7.00000000
2018-02-26 00:38:36,0.00059901,100.00000000
2018-02-26 00:38:36,0.00059901,166.00000000
2018-02-26 00:38:36,0.00059901,2.00000000
2018-02-26 00:38:36,0.00060048,4.00000000
2018-02-26 00:38:36,0.00060048,5.00000000
2018-02-26 00:38:36,0.00059897,324.00000000
2018-02-26 00:38:36,0.00059897,13.00000000
2018-02-26 00:38:36,0.00059897,3.00000000
2018-02-26 00:38:36,0.00059897,8.00000000
2018-02-26 00:38:36,0.00060048,34.00000000
2018-02-26 00:38:36,0.00060049,79.00000000
2018-02-26 00:38:36,0.00060094,4.00000000
2018-02-26 00:38:36,0.00060046,4.00000000
2018-02-26 00:38:36,0.00060046,6.00000000
2018-02-26 00:38:36,0.00059884,39.00000000
2018-02-26 00:38:36,0.00059884,25.00000000
2018-02-26 00:38:36,0.00059883,10.00000000
2018-02-26 00:38:36,0.00059884,15.00000000
2018-02-26 00:38:36,0.00059883,75.00000000
2018-02-26 00:38:36,0.00059883,4.00000000
2018-02-26 00:38:37,0.00059883,4.00000000
2018-02-26 00:38:37,0.00060046,3.00000000
2018-02-26 00:38:37,0.00059882,4.00000000
2018-02-26 00:38:37,0.00059882,33.00000000
2018-02-26 00:38:37,0.00059882,8.00000000
2018-02-26 00:38:37,0.00059901,30.00000000
2018-02-26 00:38:37,0.00059880,123.00000000
2018-02-26 00:38:37,0.00059901,4.00000000
2018-02-26 00:38:37,0.00059901,10.00000000
2018-02-26 00:38:37,0.00059901,33.00000000
2018-02-26 00:38:37,0.00059901,4.00000000
2018-02-26 00:38:37,0.00059892,4.00000000
2018-02-26 00:38:37,0.00060049,30.00000000
2018-02-26 00:38:37,0.00059881,166.00000000
2018-02-26 00:38:37,0.00060049,9.00000000
2018-02-26 00:38:37,0.00060048,4.00000000
2018-02-26 00:38:38,0.00060048,2.00000000
2018-02-26 00:38:38,0.00060048,3.00000000
2018-02-26 00:38:38,0.00060047,5.00000000
2018-02-26 00:38:38,0.00059887,21.00000000
2018-02-26 00:38:39,0.00060046,100.00000000
2018-02-26 00:38:39,0.00059889,130.00000000
2018-02-26 00:38:39,0.00060046,99.00000000
2018-02-26 00:38:39,0.00060047,1.00000000
2018-02-26 00:38:39,0.00060046,4.00000000
2018-02-26 00:38:39,0.00059890,2.00000000
2018-02-26 00:38:39,0.00059916,250.00000000
2018-02-26 00:38:39,0.00059900,10.00000000
2018-02-26 00:38:39,0.00060044,11.00000000
2018-02-26 00:38:40,0.00059897,66.00000000
2018-02-26 00:38:40,0.00060044,8.00000000
2018-02-26 00:38:40,0.00060041,24.00000000
2018-02-26 00:38:40,0.00060041,18.00000000
2018-02-26 00:38:41,0.00060041,2.00000000
2018-02-26 00:38:41,0.00060041,46.00000000
2018-02-26 00:38:41,0.00060041,3.00000000
2018-02-26 00:38:41,0.00060041,18.00000000
2018-02-26 00:38:41,0.00060043,44.00000000
2018-02-26 00:38:41,0.00059899,163.00000000
2018-02-26 00:38:41,0.00060046,4.00000000
2018-02-26 00:38:41,0.00060097,4.00000000
2018-02-26 00:38:41,0.00060048,26.00000000
2018-02-26 00:38:41,0.00060048,117.00000000
2018-02-26 00:38:41,0.00060048,68.00000000
2018-02-26 00:38:41,0.00059897,19.00000000
2018-02-26 00:38:41,0.00059893,8.00000000
2018-02-26 00:38:41,0.00059890,2.00000000
2018-02-26 00:38:41,0.00059887,57.00000000
2018-02-26 00:38:41,0.00059882,30.00000000
2018-02-26 00:38:41,0.00059880,95.00000000
