DATE,PRICE,VOLUME
2018-02-27 19:00:00,0.00049239,2.00000000
2018-02-27 19:00:00,0.00049246,258.00000000
2018-02-27 19:00:01,0.00049246,88.00000000
2018-02-27 19:00:01,0.00049247,20.00000000
2018-02-27 19:00:05,0.00049297,53.00000000
2018-02-27 19:00:05,0.00049299,85.00000000
2018-02-27 19:00:05,0.00049246,5.00000000
2018-02-27 19:00:05,0.00049201,129.00000000
2018-02-27 19:00:06,0.00049202,26.00000000
2018-02-27 19:00:06,0.00049299,12.00000000
2018-02-27 19:00:08,0.00049296,10.00000000
2018-02-27 19:00:08,0.00049297,407.00000000
2018-02-27 19:00:10,0.00049298,3.00000000
2018-02-27 19:00:13,0.00049298,3.00000000
2018-02-27 19:00:15,0.00049299,36.00000000
2018-02-27 19:00:15,0.00049298,3.00000000
2018-02-27 19:00:17,0.00049298,219.00000000
2018-02-27 19:00:17,0.00049298,44.00000000
2018-02-27 19:00:17,0.00049260,10.00000000
2018-02-27 19:00:17,0.00049259,10.00000000
2018-02-27 19:00:18,0.00049259,12.00000000
2018-02-27 19:00:20,0.00049259,26.00000000
2018-02-27 19:00:22,0.00049202,3.00000000
2018-02-27 19:00:25,0.00049290,7.00000000
2018-02-27 19:00:25,0.00049259,62.00000000
2018-02-27 19:00:26,0.00049259,11.00000000
2018-02-27 19:00:26,0.00049202,16.00000000
2018-02-27 19:00:26,0.00049290,3.00000000
2018-02-27 19:00:26,0.00049289,3.00000000
2018-02-27 19:00:26,0.00049289,7.00000000
2018-02-27 19:00:26,0.00049289,1.00000000
2018-02-27 19:00:28,0.00049282,7.00000000
2018-02-27 19:00:28,0.00049290,3.00000000
2018-02-27 19:00:28,0.00049291,3.00000000
2018-02-27 19:00:28,0.00049297,4.00000000
2018-02-27 19:00:30,0.00049203,10.00000000
2018-02-27 19:00:30,0.00049202,161.00000000
2018-02-27 19:00:35,0.00049202,44.00000000
2018-02-27 19:00:35,0.00049295,2.00000000
2018-02-27 19:00:36,0.00049294,20.00000000
2018-02-27 19:00:36,0.00049295,8.00000000
2018-02-27 19:00:36,0.00049299,15.00000000
2018-02-27 19:00:37,0.00049202,11.00000000
2018-02-27 19:00:37,0.00049202,10.00000000
2018-02-27 19:00:39,0.00049202,82.00000000
2018-02-27 19:00:41,0.00049202,20.00000000
2018-02-27 19:00:42,0.00049202,6.00000000
2018-02-27 19:00:42,0.00049202,11.00000000
2018-02-27 19:00:43,0.00049201,2600.00000000
2018-02-27 19:00:43,0.00049202,9.00000000
2018-02-27 19:00:43,0.00049299,10.00000000
2018-02-27 19:01:05,0.00049290,90.00000000
2018-02-27 19:01:07,0.00049289,10.00000000
2018-02-27 19:01:07,0.00049290,56.00000000
2018-02-27 19:01:11,0.00049289,22.00000000
2018-02-27 19:01:11,0.00049290,28.00000000
2018-02-27 19:01:11,0.00049290,99.00000000
2018-02-27 19:01:11,0.00049290,828.00000000
2018-02-27 19:01:11,0.00049290,54.00000000
2018-02-27 19:01:11,0.00049290,112.00000000
2018-02-27 19:01:14,0.00049277,3.00000000
2018-02-27 19:01:18,0.00049205,20.00000000
2018-02-27 19:01:18,0.00049204,64.00000000
2018-02-27 19:01:21,0.00049279,14.00000000
2018-02-27 19:01:25,0.00049279,6.00000000
2018-02-27 19:01:26,0.00049279,13.00000000
2018-02-27 19:01:47,0.00049206,11.00000000
2018-02-27 19:01:51,0.00049206,125.00000000
2018-02-27 19:01:51,0.00049205,7.00000000
2018-02-27 19:01:54,0.00049268,3.00000000
2018-02-27 19:01:55,0.00049268,3.00000000
2018-02-27 19:01:56,0.00049268,3.00000000
2018-02-27 19:01:57,0.00049268,212.00000000
2018-02-27 19:01:57,0.00049205,8.00000000
2018-02-27 19:02:02,0.00049249,126.00000000
2018-02-27 19:02:02,0.00049250,2572.00000000
2018-02-27 19:02:02,0.00049268,2005.00000000
2018-02-27 19:02:15,0.00049267,3.00000000
2018-02-27 19:02:15,0.00049268,32.00000000
2018-02-27 19:02:27,0.00049225,51.00000000
2018-02-27 19:02:28,0.00049225,19.00000000
2018-02-27 19:02:31,0.00049225,91.00000000
2018-02-27 19:02:33,0.00049225,39.00000000
2018-02-27 19:02:34,0.00049225,25.00000000
2018-02-27 19:02:35,0.00049225,66.00000000
2018-02-27 19:02:39,0.00049206,258.00000000
2018-02-27 19:02:39,0.00049205,442.00000000
2018-02-27 19:02:40,0.00049205,126.00000000
2018-02-27 19:02:40,0.00049202,31.00000000
2018-02-27 19:02:41,0.00049202,103.00000000
2018-02-27 19:02:41,0.00049201,18.00000000
2018-02-27 19:02:41,0.00049200,30.00000000
2018-02-27 19:02:41,0.00049200,31.00000000
2018-02-27 19:02:41,0.00049225,10.00000000
2018-02-27 19:02:42,0.00049199,3.00000000
2018-02-27 19:02:43,0.00049200,11.00000000
2018-02-27 19:02:51,0.00049199,100.00000000
2018-02-27 19:03:03,0.00049199,6.00000000
2018-02-27 19:03:03,0.00049171,10.00000000
2018-02-27 19:03:03,0.00049170,10.00000000
2018-02-27 19:03:03,0.00049162,3.00000000
2018-02-27 19:03:03,0.00049150,5.00000000
2018-02-27 19:03:03,0.00049148,14.00000000
2018-02-27 19:03:03,0.00049145,10.00000000
2018-02-27 19:03:03,0.00049144,20.00000000
2018-02-27 19:03:03,0.00049121,20.00000000
2018-02-27 19:03:04,0.00049150,200.00000000
2018-02-27 19:03:04,0.00049159,23.00000000
2018-02-27 19:03:04,0.00049171,175.00000000
2018-02-27 19:03:05,0.00049171,115.00000000
2018-02-27 19:03:06,0.00049171,200.00000000
2018-02-27 19:03:06,0.00049171,70.00000000
2018-02-27 19:03:07,0.00049171,100.00000000
2018-02-27 19:03:07,0.00049171,162.00000000
2018-02-27 19:03:09,0.00049171,24.00000000
2018-02-27 19:03:09,0.00049150,30.00000000
2018-02-27 19:03:11,0.00049170,3.00000000
2018-02-27 19:03:11,0.00049171,9.00000000
2018-02-27 19:03:12,0.00049150,140.00000000
2018-02-27 19:03:13,0.00049150,95.00000000
2018-02-27 19:03:17,0.00049167,3.00000000
2018-02-27 19:03:17,0.00049169,3.00000000
2018-02-27 19:03:17,0.00049171,50.00000000
2018-02-27 19:03:17,0.00049200,9.00000000
2018-02-27 19:03:17,0.00049223,5.00000000
2018-02-27 19:03:17,0.00049224,110.00000000
2018-02-27 19:03:20,0.00049171,9.00000000
2018-02-27 19:03:20,0.00049124,57.00000000
2018-02-27 19:03:20,0.00049123,1644.00000000
2018-02-27 19:03:21,0.00049171,51.00000000
2018-02-27 19:03:24,0.00049224,259.00000000
2018-02-27 19:03:27,0.00049171,9.00000000
2018-02-27 19:03:27,0.00049150,274.00000000
2018-02-27 19:03:31,0.00049150,9.00000000
2018-02-27 19:03:36,0.00049146,9.00000000
2018-02-27 19:03:38,0.00049126,9.00000000
2018-02-27 19:03:38,0.00049125,16.00000000
2018-02-27 19:03:39,0.00049219,1.00000000
2018-02-27 19:03:40,0.00049126,4.00000000
2018-02-27 19:03:41,0.00049126,5.00000000
2018-02-27 19:03:45,0.00049126,80.00000000
2018-02-27 19:03:46,0.00049211,4.00000000
2018-02-27 19:03:51,0.00049128,5.00000000
2018-02-27 19:03:55,0.00049127,6.00000000
2018-02-27 19:03:55,0.00049128,12.00000000
2018-02-27 19:03:55,0.00049128,1.00000000
2018-02-27 19:03:56,0.00049128,3.00000000
2018-02-27 19:03:56,0.00049128,13.00000000
2018-02-27 19:04:04,0.00049222,40.00000000
2018-02-27 19:04:10,0.00049222,40.00000000
2018-02-27 19:04:10,0.00049222,18.00000000
2018-02-27 19:04:11,0.00049221,3.00000000
2018-02-27 19:04:11,0.00049222,181.00000000
2018-02-27 19:04:11,0.00049222,3.00000000
2018-02-27 19:04:12,0.00049222,214.00000000
2018-02-27 19:04:19,0.00049219,3.00000000
2018-02-27 19:04:19,0.00049220,3.00000000
2018-02-27 19:04:25,0.00049223,5.00000000
2018-02-27 19:04:26,0.00049220,7.00000000
2018-02-27 19:04:28,0.00049197,9.00000000
2018-02-27 19:04:33,0.00049129,30.00000000
2018-02-27 19:04:33,0.00049128,151.00000000
2018-02-27 19:04:33,0.00049127,26.00000000
2018-02-27 19:04:33,0.00049220,67.00000000
2018-02-27 19:04:49,0.00049212,6.00000000
2018-02-27 19:04:49,0.00049212,27.00000000
2018-02-27 19:04:49,0.00049197,70.00000000
2018-02-27 19:04:50,0.00049197,20.00000000
2018-02-27 19:04:52,0.00049197,8.00000000
2018-02-27 19:04:53,0.00049197,14.00000000
2018-02-27 19:04:54,0.00049197,55.00000000
2018-02-27 19:04:56,0.00049196,6.00000000
2018-02-27 19:05:05,0.00049128,6.00000000
2018-02-27 19:05:05,0.00049127,97.00000000
2018-02-27 19:05:05,0.00049124,40.00000000
2018-02-27 19:05:06,0.00049217,20.00000000
2018-02-27 19:05:06,0.00049218,6.00000000
2018-02-27 19:05:06,0.00049220,29.00000000
2018-02-27 19:05:06,0.00049222,473.00000000
2018-02-27 19:05:12,0.00049200,6.00000000
2018-02-27 19:05:16,0.00049196,101.00000000
2018-02-27 19:05:19,0.00049128,20.00000000
2018-02-27 19:05:19,0.00049127,10.00000000
2018-02-27 19:05:19,0.00049124,10.00000000
2018-02-27 19:05:19,0.00049123,184.00000000
2018-02-27 19:05:22,0.00049199,10.00000000
2018-02-27 19:05:22,0.00049200,10.00000000
2018-02-27 19:05:23,0.00049200,141.00000000
2018-02-27 19:05:32,0.00049200,113.00000000
2018-02-27 19:05:33,0.00049200,8.00000000
2018-02-27 19:05:33,0.00049123,965.00000000
2018-02-27 19:05:35,0.00049123,141.00000000
2018-02-27 19:05:37,0.00049123,12.00000000
2018-02-27 19:05:39,0.00049121,172.00000000
2018-02-27 19:05:41,0.00049121,20.00000000
2018-02-27 19:05:41,0.00049120,1520.00000000
2018-02-27 19:05:42,0.00049120,1000.00000000
2018-02-27 19:05:44,0.00049123,4.00000000
2018-02-27 19:05:44,0.00049121,20.00000000
2018-02-27 19:05:44,0.00049120,300.00000000
2018-02-27 19:05:46,0.00049120,254.00000000
2018-02-27 19:05:48,0.00049123,30.00000000
2018-02-27 19:05:48,0.00049123,8.00000000
2018-02-27 19:05:48,0.00049123,99.00000000
2018-02-27 19:05:53,0.00049127,10.00000000
2018-02-27 19:05:58,0.00049197,5.00000000
2018-02-27 19:06:09,0.00049195,3.00000000
2018-02-27 19:06:15,0.00049126,89.00000000
2018-02-27 19:06:15,0.00049124,11.00000000
2018-02-27 19:06:16,0.00049126,25.00000000
2018-02-27 19:06:16,0.00049126,31.00000000
2018-02-27 19:06:16,0.00049126,3.00000000
2018-02-27 19:06:16,0.00049126,5.00000000
2018-02-27 19:06:17,0.00049126,20.00000000
2018-02-27 19:06:17,0.00049125,40.00000000
2018-02-27 19:06:18,0.00049126,5.00000000
2018-02-27 19:06:18,0.00049196,3.00000000
2018-02-27 19:06:18,0.00049197,16.00000000
2018-02-27 19:06:25,0.00049195,16.00000000
2018-02-27 19:06:27,0.00049168,10.00000000
2018-02-27 19:06:36,0.00049168,1.00000000
2018-02-27 19:06:39,0.00049168,3.00000000
2018-02-27 19:06:43,0.00049168,1.00000000
2018-02-27 19:06:43,0.00049149,2.00000000
2018-02-27 19:06:43,0.00049179,3.00000000
2018-02-27 19:06:43,0.00049195,5.00000000
2018-02-27 19:06:48,0.00049168,10.00000000
2018-02-27 19:06:50,0.00049167,3.00000000
2018-02-27 19:06:50,0.00049168,22.00000000
2018-02-27 19:06:50,0.00049168,26.00000000
2018-02-27 19:06:50,0.00049168,10.00000000
2018-02-27 19:06:50,0.00049168,345.00000000
2018-02-27 19:06:50,0.00049168,65.00000000
2018-02-27 19:06:50,0.00049168,65.00000000
2018-02-27 19:06:52,0.00049124,45.00000000
2018-02-27 19:07:00,0.00049124,10.00000000
2018-02-27 19:07:02,0.00049124,20.00000000
2018-02-27 19:07:05,0.00049150,3.00000000
2018-02-27 19:07:05,0.00049155,6.00000000
2018-02-27 19:07:06,0.00049155,17.00000000
2018-02-27 19:07:11,0.00049146,3.00000000
2018-02-27 19:07:12,0.00049121,20.00000000
2018-02-27 19:07:14,0.00049121,8.00000000
2018-02-27 19:07:14,0.00049155,2.00000000
2018-02-27 19:07:14,0.00049155,7.00000000
2018-02-27 19:07:16,0.00049141,18.00000000
2018-02-27 19:07:16,0.00049120,39.00000000
2018-02-27 19:07:27,0.00049124,5.00000000
2018-02-27 19:07:27,0.00049120,25.00000000
2018-02-27 19:07:29,0.00049150,30.00000000
2018-02-27 19:07:30,0.00049150,5.00000000
2018-02-27 19:07:35,0.00049150,67.00000000
2018-02-27 19:07:35,0.00049155,25.00000000
2018-02-27 19:07:43,0.00049150,23.00000000
2018-02-27 19:07:43,0.00049155,33.00000000
2018-02-27 19:07:43,0.00049168,7.00000000
2018-02-27 19:07:43,0.00049195,823.00000000
2018-02-27 19:07:43,0.00049197,930.00000000
2018-02-27 19:07:48,0.00049143,6.00000000
2018-02-27 19:07:48,0.00049197,74.00000000
2018-02-27 19:07:49,0.00049121,198.00000000
2018-02-27 19:07:51,0.00049141,2.00000000
2018-02-27 19:07:58,0.00049140,6.00000000
2018-02-27 19:07:58,0.00049141,3.00000000
2018-02-27 19:08:03,0.00049141,10.00000000
2018-02-27 19:08:10,0.00049141,5.00000000
2018-02-27 19:08:11,0.00049122,17.00000000
2018-02-27 19:08:11,0.00049120,168.00000000
2018-02-27 19:08:21,0.00049121,254.00000000
2018-02-27 19:08:21,0.00049120,1757.00000000
2018-02-27 19:08:28,0.00049120,5.00000000
2018-02-27 19:08:33,0.00049117,5.00000000
2018-02-27 19:08:33,0.00049116,6.00000000
2018-02-27 19:08:33,0.00049115,3.00000000
2018-02-27 19:08:33,0.00049114,30.00000000
2018-02-27 19:08:33,0.00049102,34.00000000
2018-02-27 19:08:39,0.00049117,3.00000000
2018-02-27 19:08:39,0.00049118,3.00000000
2018-02-27 19:08:39,0.00049119,3.00000000
2018-02-27 19:08:39,0.00049120,1.00000000
2018-02-27 19:08:43,0.00049104,11.00000000
2018-02-27 19:08:43,0.00049103,3.00000000
2018-02-27 19:08:45,0.00049116,3.00000000
2018-02-27 19:08:46,0.00049120,12.00000000
2018-02-27 19:08:47,0.00049120,101.00000000
2018-02-27 19:08:47,0.00049109,10.00000000
2018-02-27 19:08:47,0.00049105,11.00000000
2018-02-27 19:08:47,0.00049103,9.00000000
2018-02-27 19:08:58,0.00049108,3.00000000
2018-02-27 19:08:58,0.00049120,3.00000000
2018-02-27 19:08:59,0.00049107,3.00000000
2018-02-27 19:09:00,0.00049120,28.00000000
2018-02-27 19:09:04,0.00049108,48.00000000
2018-02-27 19:09:04,0.00049107,46.00000000
2018-02-27 19:09:04,0.00049103,17.00000000
2018-02-27 19:09:04,0.00049102,10.00000000
2018-02-27 19:09:04,0.00049120,3.00000000
2018-02-27 19:09:05,0.00049120,10.00000000
2018-02-27 19:09:06,0.00049119,35.00000000
2018-02-27 19:09:06,0.00049120,716.00000000
2018-02-27 19:09:07,0.00049120,8.00000000
2018-02-27 19:09:09,0.00049104,8.00000000
2018-02-27 19:09:09,0.00049102,3.00000000
2018-02-27 19:09:09,0.00049101,326.00000000
2018-02-27 19:09:09,0.00049100,589.00000000
2018-02-27 19:09:09,0.00049098,36.00000000
2018-02-27 19:09:09,0.00049087,8.00000000
2018-02-27 19:09:09,0.00049072,12.00000000
2018-02-27 19:09:09,0.00049070,10.00000000
2018-02-27 19:09:09,0.00049054,501.00000000
2018-02-27 19:09:09,0.00049051,800.00000000
2018-02-27 19:09:09,0.00049020,11.00000000
2018-02-27 19:09:09,0.00049018,43.00000000
2018-02-27 19:09:09,0.00049017,188.00000000
2018-02-27 19:09:09,0.00049010,7.00000000
2018-02-27 19:09:09,0.00049005,14.00000000
2018-02-27 19:09:09,0.00049004,7.00000000
2018-02-27 19:09:09,0.00049003,1785.00000000
2018-02-27 19:09:09,0.00049001,894.00000000
2018-02-27 19:09:09,0.00049000,14758.00000000
2018-02-27 19:09:09,0.00049050,833.00000000
2018-02-27 19:09:09,0.00049070,50.00000000
2018-02-27 19:09:09,0.00049070,49.00000000
2018-02-27 19:09:09,0.00049070,3.00000000
2018-02-27 19:09:09,0.00049070,381.00000000
2018-02-27 19:09:09,0.00049070,2281.00000000
2018-02-27 19:09:15,0.00049120,67.00000000
2018-02-27 19:09:16,0.00049070,110.00000000
2018-02-27 19:09:18,0.00049117,14.00000000
2018-02-27 19:09:19,0.00049117,6.00000000
2018-02-27 19:09:20,0.00049070,61.00000000
2018-02-27 19:09:24,0.00049070,166.00000000
2018-02-27 19:09:24,0.00049117,23.00000000
2018-02-27 19:09:24,0.00049120,310.00000000
2018-02-27 19:09:26,0.00049120,30.00000000
2018-02-27 19:09:28,0.00049120,3.00000000
2018-02-27 19:09:32,0.00049120,26.00000000
2018-02-27 19:09:34,0.00049120,17.00000000
2018-02-27 19:09:37,0.00049120,21.00000000
2018-02-27 19:09:37,0.00049115,6.00000000
2018-02-27 19:09:37,0.00049071,20.00000000
2018-02-27 19:09:37,0.00049070,53.00000000
2018-02-27 19:09:49,0.00049120,10.00000000
2018-02-27 19:09:56,0.00049120,5.00000000
2018-02-27 19:10:14,0.00049120,18.00000000
2018-02-27 19:10:21,0.00049116,3.00000000
2018-02-27 19:10:26,0.00049116,3.00000000
2018-02-27 19:10:40,0.00049117,3.00000000
2018-02-27 19:10:40,0.00049118,20.00000000
2018-02-27 19:10:44,0.00049116,15.00000000
2018-02-27 19:10:47,0.00049118,200.00000000
2018-02-27 19:10:48,0.00049116,8.00000000
2018-02-27 19:11:02,0.00049116,3.00000000
2018-02-27 19:11:08,0.00049116,201.00000000
2018-02-27 19:11:08,0.00049107,3.00000000
2018-02-27 19:11:08,0.00049076,59.00000000
2018-02-27 19:11:08,0.00049075,15.00000000
2018-02-27 19:11:11,0.00049116,27.00000000
2018-02-27 19:11:13,0.00049107,20.00000000
2018-02-27 19:11:13,0.00049075,78.00000000
2018-02-27 19:11:24,0.00049113,3.00000000
2018-02-27 19:11:24,0.00049114,3.00000000
2018-02-27 19:11:24,0.00049115,3.00000000
2018-02-27 19:11:24,0.00049116,63.00000000
2018-02-27 19:11:30,0.00049110,20.00000000
2018-02-27 19:11:30,0.00049113,3.00000000
2018-02-27 19:11:30,0.00049116,246.00000000
2018-02-27 19:11:30,0.00049117,3.00000000
2018-02-27 19:11:30,0.00049118,200.00000000
2018-02-27 19:11:30,0.00049119,3.00000000
2018-02-27 19:11:30,0.00049120,512.00000000
2018-02-27 19:11:32,0.00049075,11.00000000
2018-02-27 19:11:36,0.00049075,385.00000000
2018-02-27 19:11:36,0.00049071,318.00000000
2018-02-27 19:11:36,0.00049070,55.00000000
2018-02-27 19:11:47,0.00049107,40.00000000
2018-02-27 19:11:47,0.00049103,11.00000000
2018-02-27 19:11:50,0.00049103,3.00000000
2018-02-27 19:11:51,0.00049103,3.00000000
2018-02-27 19:11:51,0.00049110,3.00000000
2018-02-27 19:11:57,0.00049110,43.00000000
2018-02-27 19:11:57,0.00049111,3.00000000
2018-02-27 19:11:57,0.00049120,11.00000000
2018-02-27 19:12:00,0.00049110,3.00000000
2018-02-27 19:12:06,0.00049120,12.00000000
2018-02-27 19:12:06,0.00049110,40.00000000
2018-02-27 19:12:07,0.00049110,14.00000000
2018-02-27 19:12:11,0.00049110,104.00000000
2018-02-27 19:12:16,0.00049110,6.00000000
2018-02-27 19:12:17,0.00049103,4.00000000
2018-02-27 19:12:17,0.00049075,37.00000000
2018-02-27 19:12:28,0.00049107,7.00000000
2018-02-27 19:12:28,0.00049096,4.00000000
2018-02-27 19:12:28,0.00049075,154.00000000
2018-02-27 19:12:28,0.00049071,10.00000000
2018-02-27 19:12:28,0.00049070,69.00000000
2018-02-27 19:12:29,0.00049070,251.00000000
2018-02-27 19:12:30,0.00049110,43.00000000
2018-02-27 19:12:34,0.00049110,4.00000000
2018-02-27 19:12:39,0.00049101,7.00000000
2018-02-27 19:12:54,0.00049101,21.00000000
2018-02-27 19:12:59,0.00049070,5157.00000000
2018-02-27 19:12:59,0.00049020,219.00000000
2018-02-27 19:12:59,0.00049001,16.00000000
2018-02-27 19:12:59,0.00049000,7108.00000000
2018-02-27 19:13:06,0.00049070,3.00000000
2018-02-27 19:13:08,0.00049100,25.00000000
2018-02-27 19:13:08,0.00049070,1.00000000
2018-02-27 19:13:08,0.00049070,32.00000000
2018-02-27 19:13:09,0.00049070,407.00000000
2018-02-27 19:13:09,0.00049070,60.00000000
2018-02-27 19:13:09,0.00049090,407.00000000
2018-02-27 19:13:09,0.00049017,26.00000000
2018-02-27 19:13:09,0.00049000,167.00000000
2018-02-27 19:13:13,0.00049003,10.00000000
2018-02-27 19:13:13,0.00049000,1090.00000000
2018-02-27 19:13:14,0.00049002,102.00000000
2018-02-27 19:13:14,0.00049002,20.00000000
2018-02-27 19:13:15,0.00049098,40.00000000
2018-02-27 19:13:16,0.00049003,10.00000000
2018-02-27 19:13:16,0.00049002,80.00000000
2018-02-27 19:13:16,0.00049000,754.00000000
2018-02-27 19:13:16,0.00048998,8.00000000
2018-02-27 19:13:16,0.00048994,10.00000000
2018-02-27 19:13:16,0.00048990,18.00000000
2018-02-27 19:13:16,0.00048965,34.00000000
2018-02-27 19:13:16,0.00048954,14.00000000
2018-02-27 19:13:16,0.00048946,19.00000000
2018-02-27 19:13:16,0.00048942,3.00000000
2018-02-27 19:13:16,0.00048936,216.00000000
2018-02-27 19:13:16,0.00048925,51.00000000
2018-02-27 19:13:16,0.00048924,10.00000000
2018-02-27 19:13:16,0.00048915,20.00000000
2018-02-27 19:13:16,0.00048900,705.00000000
2018-02-27 19:13:16,0.00048950,57.00000000
2018-02-27 19:13:16,0.00048985,792.00000000
2018-02-27 19:13:16,0.00048985,20.00000000
2018-02-27 19:13:16,0.00048985,562.00000000
2018-02-27 19:13:16,0.00048985,518.00000000
2018-02-27 19:13:16,0.00048985,20.00000000
2018-02-27 19:13:16,0.00048985,757.00000000
2018-02-27 19:13:16,0.00048985,85.00000000
2018-02-27 19:13:16,0.00048985,204.00000000
2018-02-27 19:13:16,0.00048985,204.00000000
2018-02-27 19:13:16,0.00048985,39.00000000
2018-02-27 19:13:16,0.00048985,409.00000000
2018-02-27 19:13:19,0.00049066,19.00000000
2018-02-27 19:13:20,0.00049066,183.00000000
2018-02-27 19:13:20,0.00049068,19.00000000
2018-02-27 19:13:22,0.00049000,20.00000000
2018-02-27 19:13:22,0.00049000,597.00000000
2018-02-27 19:13:23,0.00048982,20.00000000
2018-02-27 19:13:24,0.00049040,20.00000000
2018-02-27 19:13:25,0.00049076,4.00000000
2018-02-27 19:13:29,0.00049069,16.00000000
2018-02-27 19:13:29,0.00049078,13.00000000
2018-02-27 19:13:40,0.00049066,3.00000000
2018-02-27 19:13:40,0.00049067,33.00000000
2018-02-27 19:13:40,0.00049068,99.00000000
2018-02-27 19:13:45,0.00049065,3.00000000
2018-02-27 19:13:50,0.00049050,12.00000000
2018-02-27 19:13:55,0.00049065,21.00000000
2018-02-27 19:14:01,0.00049065,76.00000000
2018-02-27 19:14:03,0.00049000,58.00000000
2018-02-27 19:14:03,0.00049000,25.00000000
2018-02-27 19:14:03,0.00048997,12.00000000
2018-02-27 19:14:03,0.00048973,10.00000000
2018-02-27 19:14:03,0.00048950,171.00000000
2018-02-27 19:14:03,0.00048945,30.00000000
2018-02-27 19:14:03,0.00048901,13.00000000
2018-02-27 19:14:03,0.00048900,112.00000000
2018-02-27 19:14:03,0.00049065,18.00000000
2018-02-27 19:14:05,0.00049063,42.00000000
2018-02-27 19:14:07,0.00049062,10.00000000
2018-02-27 19:14:07,0.00049063,1.00000000
2018-02-27 19:14:07,0.00049065,38.00000000
2018-02-27 19:14:12,0.00049061,3.00000000
2018-02-27 19:14:12,0.00049064,97.00000000
2018-02-27 19:14:22,0.00048966,20.00000000
2018-02-27 19:14:22,0.00048965,81.00000000
2018-02-27 19:14:24,0.00048953,122.00000000
2018-02-27 19:14:29,0.00048957,18.00000000
2018-02-27 19:14:32,0.00049032,122.00000000
2018-02-27 19:14:41,0.00048958,10.00000000
2018-02-27 19:14:41,0.00048957,67.00000000
2018-02-27 19:14:41,0.00048957,245.00000000
2018-02-27 19:14:41,0.00048957,20.00000000
2018-02-27 19:14:41,0.00048957,369.00000000
2018-02-27 19:14:43,0.00049029,10.00000000
2018-02-27 19:14:43,0.00049030,3.00000000
2018-02-27 19:14:46,0.00049029,3.00000000
2018-02-27 19:14:47,0.00049029,15.00000000
2018-02-27 19:14:50,0.00049029,42.00000000
2018-02-27 19:14:51,0.00049029,17.00000000
2018-02-27 19:14:52,0.00049029,37.00000000
2018-02-27 19:14:56,0.00048967,130.00000000
2018-02-27 19:14:56,0.00048965,47.00000000
2018-02-27 19:14:59,0.00048965,48.00000000
2018-02-27 19:15:03,0.00049029,16.00000000
2018-02-27 19:15:06,0.00048965,266.00000000
2018-02-27 19:15:06,0.00048965,80.00000000
2018-02-27 19:15:07,0.00048965,140.00000000
2018-02-27 19:15:08,0.00049029,3.00000000
2018-02-27 19:15:09,0.00049029,10.00000000
2018-02-27 19:15:12,0.00049029,100.00000000
2018-02-27 19:15:13,0.00049029,4.00000000
2018-02-27 19:15:18,0.00049029,21.00000000
2018-02-27 19:15:26,0.00049022,3.00000000
2018-02-27 19:15:26,0.00049028,2.00000000
2018-02-27 19:15:30,0.00049000,16.00000000
2018-02-27 19:15:33,0.00049010,3.00000000
2018-02-27 19:15:34,0.00049011,3.00000000
2018-02-27 19:15:34,0.00049000,30.00000000
2018-02-27 19:15:34,0.00049000,14.00000000
2018-02-27 19:15:37,0.00049009,3.00000000
2018-02-27 19:15:46,0.00049000,93.00000000
2018-02-27 19:15:47,0.00049000,54.00000000
2018-02-27 19:15:49,0.00049000,3.00000000
2018-02-27 19:15:52,0.00049000,4.00000000
2018-02-27 19:15:53,0.00049000,71.00000000
2018-02-27 19:15:56,0.00048996,10.00000000
2018-02-27 19:15:58,0.00049000,50.00000000
2018-02-27 19:16:02,0.00048996,4.00000000
2018-02-27 19:16:02,0.00048980,255.00000000
2018-02-27 19:16:14,0.00048997,3.00000000
2018-02-27 19:16:14,0.00048998,37.00000000
2018-02-27 19:16:17,0.00048980,171.00000000
2018-02-27 19:16:17,0.00048980,136.00000000
2018-02-27 19:16:17,0.00048980,101.00000000
2018-02-27 19:16:29,0.00048995,3.00000000
2018-02-27 19:16:32,0.00048995,7.00000000
2018-02-27 19:16:32,0.00048995,4.00000000
2018-02-27 19:16:32,0.00048977,6.00000000
2018-02-27 19:16:32,0.00048960,149.00000000
2018-02-27 19:16:32,0.00048958,23.00000000
2018-02-27 19:16:32,0.00048957,204.00000000
2018-02-27 19:16:32,0.00048910,7.00000000
2018-02-27 19:16:32,0.00048901,202.00000000
2018-02-27 19:16:32,0.00048900,617.00000000
2018-02-27 19:16:39,0.00048980,23.00000000
2018-02-27 19:16:42,0.00048981,5.00000000
2018-02-27 19:16:42,0.00048980,3.00000000
2018-02-27 19:16:50,0.00048980,100.00000000
2018-02-27 19:16:52,0.00048980,51.00000000
2018-02-27 19:16:54,0.00048980,2.00000000
2018-02-27 19:16:56,0.00048981,6.00000000
2018-02-27 19:16:59,0.00048995,12.00000000
2018-02-27 19:16:59,0.00048996,3.00000000
2018-02-27 19:16:59,0.00048998,3.00000000
2018-02-27 19:16:59,0.00048999,3.00000000
2018-02-27 19:16:59,0.00049000,33.00000000
2018-02-27 19:17:00,0.00048981,29.00000000
2018-02-27 19:17:00,0.00048980,303.00000000
2018-02-27 19:17:01,0.00048980,32.00000000
2018-02-27 19:17:02,0.00048980,38.00000000
2018-02-27 19:17:08,0.00048980,26.00000000
2018-02-27 19:17:09,0.00048978,22.00000000
2018-02-27 19:17:09,0.00048980,1.00000000
2018-02-27 19:17:12,0.00048980,30.00000000
2018-02-27 19:17:28,0.00048970,7.00000000
2018-02-27 19:17:28,0.00048971,3.00000000
2018-02-27 19:17:31,0.00048975,3.00000000
2018-02-27 19:17:31,0.00048976,3.00000000
2018-02-27 19:17:31,0.00048979,3.00000000
2018-02-27 19:17:31,0.00048980,81.00000000
2018-02-27 19:17:33,0.00048905,18.00000000
2018-02-27 19:17:35,0.00048954,12.00000000
2018-02-27 19:17:35,0.00048905,64.00000000
2018-02-27 19:17:41,0.00048903,70.00000000
2018-02-27 19:17:45,0.00048905,19.00000000
2018-02-27 19:17:49,0.00048905,7.00000000
2018-02-27 19:17:49,0.00048950,13.00000000
2018-02-27 19:17:49,0.00048905,29.00000000
2018-02-27 19:17:52,0.00048910,7.00000000
2018-02-27 19:17:52,0.00048905,543.00000000
2018-02-27 19:17:53,0.00048905,10.00000000
2018-02-27 19:17:59,0.00048905,42.00000000
2018-02-27 19:18:00,0.00048969,12.00000000
2018-02-27 19:18:01,0.00048969,3.00000000
2018-02-27 19:18:01,0.00048969,4.00000000
2018-02-27 19:18:03,0.00048969,3.00000000
2018-02-27 19:18:05,0.00048969,10.00000000
2018-02-27 19:18:08,0.00048969,11.00000000
2018-02-27 19:18:08,0.00048910,314.00000000
2018-02-27 19:18:08,0.00048905,158.00000000
2018-02-27 19:18:08,0.00048903,180.00000000
2018-02-27 19:18:08,0.00048901,67.00000000
2018-02-27 19:18:08,0.00048900,1004.00000000
2018-02-27 19:18:08,0.00048900,119.00000000
2018-02-27 19:18:08,0.00048900,4.00000000
2018-02-27 19:18:08,0.00048900,20.00000000
2018-02-27 19:18:09,0.00048899,238.00000000
2018-02-27 19:18:09,0.00048890,68.00000000
2018-02-27 19:18:09,0.00048889,226.00000000
2018-02-27 19:18:09,0.00048889,214.00000000
2018-02-27 19:18:09,0.00048889,26.00000000
2018-02-27 19:18:09,0.00048888,25.00000000
2018-02-27 19:18:10,0.00048899,4.00000000
2018-02-27 19:18:12,0.00048899,13.00000000
2018-02-27 19:18:13,0.00048899,10.00000000
2018-02-27 19:18:15,0.00048899,20.00000000
2018-02-27 19:18:18,0.00048900,86.00000000
2018-02-27 19:18:18,0.00048900,37.00000000
2018-02-27 19:18:19,0.00048900,15.00000000
2018-02-27 19:18:20,0.00048899,15.00000000
2018-02-27 19:18:21,0.00048899,9.00000000
2018-02-27 19:18:21,0.00048899,15.00000000
2018-02-27 19:18:22,0.00048899,10.00000000
2018-02-27 19:18:23,0.00048899,21.00000000
2018-02-27 19:18:24,0.00048899,9.00000000
2018-02-27 19:18:27,0.00048899,42.00000000
2018-02-27 19:18:27,0.00048899,19.00000000
2018-02-27 19:18:28,0.00048899,8.00000000
2018-02-27 19:18:29,0.00048888,41.00000000
2018-02-27 19:18:32,0.00048898,11.00000000
2018-02-27 19:18:37,0.00048898,20.00000000
2018-02-27 19:18:38,0.00048898,17.00000000
2018-02-27 19:18:39,0.00048871,1.00000000
2018-02-27 19:18:44,0.00048898,200.00000000
2018-02-27 19:18:48,0.00048898,2.00000000
2018-02-27 19:18:49,0.00048898,10.00000000
2018-02-27 19:18:57,0.00048888,16.00000000
2018-02-27 19:18:57,0.00048871,3.00000000
2018-02-27 19:18:57,0.00048867,532.00000000
2018-02-27 19:18:57,0.00048866,5.00000000
2018-02-27 19:18:57,0.00048801,724.00000000
2018-02-27 19:18:57,0.00048800,3093.00000000
2018-02-27 19:18:57,0.00048898,3.00000000
2018-02-27 19:19:02,0.00048888,51.00000000
2018-02-27 19:19:02,0.00048898,33.00000000
2018-02-27 19:19:03,0.00048898,30.00000000
2018-02-27 19:19:06,0.00048898,18.00000000
2018-02-27 19:19:07,0.00048898,164.00000000
2018-02-27 19:19:07,0.00048899,150.00000000
2018-02-27 19:19:09,0.00048899,5.00000000
2018-02-27 19:19:09,0.00048898,26.00000000
2018-02-27 19:19:10,0.00048898,79.00000000
2018-02-27 19:19:14,0.00048810,41.00000000
2018-02-27 19:19:21,0.00048898,49.00000000
2018-02-27 19:19:21,0.00048898,100.00000000
2018-02-27 19:19:21,0.00048898,28.00000000
2018-02-27 19:19:22,0.00048810,15.00000000
2018-02-27 19:19:22,0.00048801,72.00000000
2018-02-27 19:19:22,0.00048800,512.00000000
2018-02-27 19:19:22,0.00048800,308.00000000
2018-02-27 19:19:22,0.00048898,269.00000000
2018-02-27 19:19:22,0.00048899,39.00000000
2018-02-27 19:19:30,0.00048889,10.00000000
2018-02-27 19:19:30,0.00048891,13.00000000
2018-02-27 19:19:32,0.00048898,98.00000000
2018-02-27 19:19:32,0.00048899,17.00000000
2018-02-27 19:19:33,0.00048898,30.00000000
2018-02-27 19:19:33,0.00048899,785.00000000
2018-02-27 19:19:33,0.00048900,50.00000000
2018-02-27 19:19:33,0.00048959,19.00000000
2018-02-27 19:19:33,0.00048961,128.00000000
2018-02-27 19:19:33,0.00048971,773.00000000
2018-02-27 19:19:33,0.00048971,30.00000000
2018-02-27 19:19:33,0.00048971,30.00000000
2018-02-27 19:19:33,0.00048971,30.00000000
2018-02-27 19:19:34,0.00048972,10.00000000
2018-02-27 19:19:34,0.00048971,213.00000000
2018-02-27 19:19:36,0.00048998,10.00000000
2018-02-27 19:19:36,0.00048999,82.00000000
2018-02-27 19:19:37,0.00048999,20.00000000
2018-02-27 19:19:37,0.00048999,20.00000000
2018-02-27 19:19:38,0.00048999,48.00000000
2018-02-27 19:19:38,0.00048998,72.00000000
2018-02-27 19:19:38,0.00048999,85.00000000
2018-02-27 19:19:38,0.00048999,33.00000000
2018-02-27 19:19:38,0.00048999,6.00000000
2018-02-27 19:19:38,0.00048999,39.00000000
2018-02-27 19:19:39,0.00049000,10.00000000
2018-02-27 19:19:39,0.00048999,13.00000000
2018-02-27 19:19:40,0.00049000,10.00000000
2018-02-27 19:19:40,0.00048999,890.00000000
2018-02-27 19:19:41,0.00048999,201.00000000
2018-02-27 19:19:41,0.00048999,53.00000000
2018-02-27 19:19:41,0.00048999,100.00000000
2018-02-27 19:19:41,0.00049000,21.00000000
2018-02-27 19:19:42,0.00049000,6.00000000
2018-02-27 19:19:42,0.00049000,61.00000000
2018-02-27 19:19:42,0.00048999,3.00000000
2018-02-27 19:19:44,0.00049000,41.00000000
2018-02-27 19:19:44,0.00049000,11.00000000
2018-02-27 19:19:44,0.00048999,10.00000000
2018-02-27 19:19:45,0.00049000,5.00000000
2018-02-27 19:19:45,0.00049000,6.00000000
2018-02-27 19:19:46,0.00049000,4.00000000
2018-02-27 19:19:46,0.00049000,1.00000000
2018-02-27 19:19:50,0.00048999,3.00000000
2018-02-27 19:19:51,0.00048999,6.00000000
2018-02-27 19:19:55,0.00049000,19.00000000
2018-02-27 19:19:56,0.00049000,7.00000000
2018-02-27 19:19:57,0.00048999,3.00000000
2018-02-27 19:19:57,0.00048999,42.00000000
2018-02-27 19:20:01,0.00049000,82.00000000
2018-02-27 19:20:04,0.00049000,26.00000000
2018-02-27 19:20:07,0.00049000,6.00000000
2018-02-27 19:20:08,0.00049000,55.00000000
2018-02-27 19:20:08,0.00049000,28.00000000
2018-02-27 19:20:10,0.00049000,8.00000000
2018-02-27 19:20:10,0.00049000,4.00000000
2018-02-27 19:20:11,0.00048999,8.00000000
2018-02-27 19:20:12,0.00049000,9.00000000
2018-02-27 19:20:14,0.00049000,3.00000000
2018-02-27 19:20:16,0.00049000,10.00000000
2018-02-27 19:20:17,0.00048999,532.00000000
2018-02-27 19:20:18,0.00048999,128.00000000
2018-02-27 19:20:22,0.00048999,386.00000000
2018-02-27 19:20:24,0.00048999,34.00000000
2018-02-27 19:20:25,0.00048999,3.00000000
2018-02-27 19:20:28,0.00048998,7.00000000
2018-02-27 19:20:34,0.00048998,37.00000000
2018-02-27 19:20:39,0.00048956,9.00000000
2018-02-27 19:20:39,0.00048951,19.00000000
2018-02-27 19:20:40,0.00048901,203.00000000
2018-02-27 19:20:40,0.00048899,24.00000000
2018-02-27 19:20:40,0.00048898,12.00000000
2018-02-27 19:20:40,0.00048855,129.00000000
2018-02-27 19:20:40,0.00048842,30.00000000
2018-02-27 19:20:40,0.00048841,81.00000000
2018-02-27 19:20:40,0.00048810,30.00000000
2018-02-27 19:20:40,0.00048773,8.00000000
2018-02-27 19:20:40,0.00048761,24.00000000
2018-02-27 19:20:40,0.00048750,46.00000000
2018-02-27 19:20:40,0.00048742,60.00000000
2018-02-27 19:20:40,0.00048741,191.00000000
2018-02-27 19:20:40,0.00048740,307.00000000
2018-02-27 19:20:40,0.00048736,114.00000000
2018-02-27 19:20:40,0.00048735,10.00000000
2018-02-27 19:20:40,0.00048708,40.00000000
2018-02-27 19:20:40,0.00048705,210.00000000
2018-02-27 19:20:40,0.00048700,102.00000000
2018-02-27 19:20:40,0.00048668,23.00000000
2018-02-27 19:20:40,0.00048660,4.00000000
2018-02-27 19:20:40,0.00048645,3.00000000
2018-02-27 19:20:40,0.00048631,59.00000000
2018-02-27 19:20:40,0.00048630,4.00000000
2018-02-27 19:20:40,0.00048625,416.00000000
2018-02-27 19:20:41,0.00048896,15.00000000
2018-02-27 19:20:41,0.00048896,188.00000000
2018-02-27 19:20:41,0.00048898,30.00000000
2018-02-27 19:20:41,0.00048899,307.00000000
2018-02-27 19:20:41,0.00048849,4.00000000
2018-02-27 19:20:42,0.00048964,6.00000000
2018-02-27 19:20:45,0.00048957,10.00000000
2018-02-27 19:20:45,0.00048959,30.00000000
2018-02-27 19:20:45,0.00048877,3.00000000
2018-02-27 19:20:46,0.00048877,20.00000000
2018-02-27 19:20:46,0.00048877,20.00000000
2018-02-27 19:20:46,0.00048877,31.00000000
2018-02-27 19:20:46,0.00048877,9.00000000
2018-02-27 19:20:47,0.00048877,132.00000000
2018-02-27 19:20:53,0.00048904,10.00000000
2018-02-27 19:20:53,0.00048903,11.00000000
2018-02-27 19:20:53,0.00048902,24.00000000
2018-02-27 19:20:53,0.00048901,292.00000000
2018-02-27 19:20:56,0.00048900,81.00000000
2018-02-27 19:20:56,0.00048900,49.00000000
2018-02-27 19:21:01,0.00048900,24.00000000
2018-02-27 19:21:04,0.00048877,10.00000000
2018-02-27 19:21:05,0.00048877,10.00000000
2018-02-27 19:21:06,0.00048876,3.00000000
2018-02-27 19:21:06,0.00048876,3.00000000
2018-02-27 19:21:06,0.00048876,9.00000000
2018-02-27 19:21:07,0.00048876,3.00000000
2018-02-27 19:21:08,0.00048876,12.00000000
2018-02-27 19:21:13,0.00048876,2.00000000
2018-02-27 19:21:14,0.00048876,3.00000000
2018-02-27 19:21:20,0.00048876,20.00000000
2018-02-27 19:21:21,0.00048801,10.00000000
2018-02-27 19:21:21,0.00048800,4.00000000
2018-02-27 19:21:21,0.00048758,10.00000000
2018-02-27 19:21:21,0.00048720,27.00000000
2018-02-27 19:21:21,0.00048714,30.00000000
2018-02-27 19:21:21,0.00048713,73.00000000
2018-02-27 19:21:21,0.00048710,19.00000000
2018-02-27 19:21:21,0.00048696,24.00000000
2018-02-27 19:21:21,0.00048664,147.00000000
2018-02-27 19:21:25,0.00048847,3.00000000
2018-02-27 19:21:25,0.00048847,40.00000000
2018-02-27 19:21:26,0.00048823,19.00000000
2018-02-27 19:21:27,0.00048847,14.00000000
2018-02-27 19:21:27,0.00048848,63.00000000
2018-02-27 19:21:27,0.00048746,45.00000000
2018-02-27 19:21:28,0.00048751,30.00000000
2018-02-27 19:21:28,0.00048744,66.00000000
2018-02-27 19:21:28,0.00048741,10.00000000
2018-02-27 19:21:28,0.00048738,23.00000000
2018-02-27 19:21:28,0.00048665,327.00000000
2018-02-27 19:21:29,0.00048752,63.00000000
2018-02-27 19:21:29,0.00048846,6.00000000
2018-02-27 19:21:30,0.00048843,33.00000000
2018-02-27 19:21:31,0.00048843,6.00000000
2018-02-27 19:21:31,0.00048845,14.00000000
2018-02-27 19:21:32,0.00048847,4.00000000
2018-02-27 19:21:33,0.00048847,63.00000000
2018-02-27 19:21:33,0.00048847,10.00000000
2018-02-27 19:21:39,0.00048839,3.00000000
2018-02-27 19:21:41,0.00048839,10.00000000
2018-02-27 19:21:43,0.00048839,16.00000000
2018-02-27 19:21:47,0.00048752,9.00000000
2018-02-27 19:21:48,0.00048837,60.00000000
2018-02-27 19:21:48,0.00048839,3.00000000
2018-02-27 19:21:48,0.00048752,1.00000000
2018-02-27 19:21:48,0.00048750,82.00000000
2018-02-27 19:21:48,0.00048720,30.00000000
2018-02-27 19:21:48,0.00048700,26.00000000
2018-02-27 19:21:49,0.00048836,10.00000000
2018-02-27 19:21:49,0.00048837,19.00000000
2018-02-27 19:21:49,0.00048837,13.00000000
2018-02-27 19:21:50,0.00048837,1.00000000
2018-02-27 19:21:54,0.00048836,115.00000000
2018-02-27 19:21:54,0.00048840,399.00000000
2018-02-27 19:22:03,0.00048834,151.00000000
2018-02-27 19:22:04,0.00048754,10.00000000
2018-02-27 19:22:04,0.00048753,20.00000000
2018-02-27 19:22:04,0.00048741,164.00000000
2018-02-27 19:22:06,0.00048833,3.00000000
2018-02-27 19:22:07,0.00048754,30.00000000
2018-02-27 19:22:07,0.00048754,27.00000000
2018-02-27 19:22:09,0.00048741,43.00000000
2018-02-27 19:22:12,0.00048741,25.00000000
2018-02-27 19:22:12,0.00048741,8.00000000
2018-02-27 19:22:12,0.00048741,112.00000000
2018-02-27 19:22:15,0.00048741,8.00000000
2018-02-27 19:22:15,0.00048736,82.00000000
2018-02-27 19:22:15,0.00048735,144.00000000
2018-02-27 19:22:21,0.00048829,9.00000000
2018-02-27 19:22:22,0.00048735,18.00000000
2018-02-27 19:22:22,0.00048735,320.00000000
2018-02-27 19:22:23,0.00048735,98.00000000
2018-02-27 19:22:23,0.00048735,20.00000000
2018-02-27 19:22:24,0.00048799,80.00000000
2018-02-27 19:22:24,0.00048799,38.00000000
2018-02-27 19:22:24,0.00048800,7.00000000
2018-02-27 19:22:29,0.00048737,10.00000000
2018-02-27 19:22:29,0.00048737,3.00000000
2018-02-27 19:22:31,0.00048799,15.00000000
2018-02-27 19:22:33,0.00048737,10.00000000
2018-02-27 19:22:33,0.00048736,2.00000000
2018-02-27 19:22:35,0.00048799,24.00000000
2018-02-27 19:22:35,0.00048799,10.00000000
2018-02-27 19:22:35,0.00048800,423.00000000
2018-02-27 19:22:35,0.00048820,15.00000000
2018-02-27 19:22:36,0.00048799,34.00000000
2018-02-27 19:22:38,0.00048737,10.00000000
2018-02-27 19:22:38,0.00048736,18.00000000
2018-02-27 19:22:38,0.00048665,114.00000000
2018-02-27 19:22:38,0.00048664,858.00000000
2018-02-27 19:22:39,0.00048818,164.00000000
2018-02-27 19:22:39,0.00048819,10.00000000
2018-02-27 19:22:39,0.00048820,177.00000000
2018-02-27 19:22:39,0.00048834,214.00000000
2018-02-27 19:22:39,0.00048835,1598.00000000
2018-02-27 19:22:39,0.00048837,3154.00000000
2018-02-27 19:22:41,0.00048818,30.00000000
2018-02-27 19:22:41,0.00048818,25.00000000
2018-02-27 19:22:42,0.00048818,30.00000000
2018-02-27 19:22:42,0.00048818,29.00000000
2018-02-27 19:22:42,0.00048833,44.00000000
2018-02-27 19:22:45,0.00048833,12.00000000
2018-02-27 19:22:49,0.00048730,3.00000000
2018-02-27 19:22:49,0.00048833,8.00000000
2018-02-27 19:22:51,0.00048741,20.00000000
2018-02-27 19:22:51,0.00048730,79.00000000
2018-02-27 19:22:51,0.00048718,30.00000000
2018-02-27 19:22:51,0.00048715,10.00000000
2018-02-27 19:22:51,0.00048700,10.00000000
2018-02-27 19:22:51,0.00048699,30.00000000
2018-02-27 19:22:51,0.00048699,24.00000000
2018-02-27 19:22:51,0.00048832,13.00000000
2018-02-27 19:22:51,0.00048833,17.00000000
2018-02-27 19:22:51,0.00048832,20.00000000
2018-02-27 19:22:51,0.00048689,43.00000000
2018-02-27 19:22:54,0.00048732,7.00000000
2018-02-27 19:22:54,0.00048732,7.00000000
2018-02-27 19:22:54,0.00048697,7.00000000
2018-02-27 19:23:00,0.00048732,1.00000000
2018-02-27 19:23:00,0.00048821,2.00000000
2018-02-27 19:23:00,0.00048821,1.00000000
2018-02-27 19:23:02,0.00048798,3.00000000
2018-02-27 19:23:02,0.00048797,7.00000000
2018-02-27 19:23:02,0.00048798,10.00000000
2018-02-27 19:23:02,0.00048798,25.00000000
2018-02-27 19:23:03,0.00048798,2.00000000
2018-02-27 19:23:03,0.00048799,3.00000000
2018-02-27 19:23:06,0.00048800,5.00000000
2018-02-27 19:23:06,0.00048800,12.00000000
2018-02-27 19:23:06,0.00048799,2.00000000
2018-02-27 19:23:07,0.00048798,5.00000000
2018-02-27 19:23:08,0.00048798,20.00000000
2018-02-27 19:23:10,0.00048798,25.00000000
2018-02-27 19:23:11,0.00048799,2.00000000
2018-02-27 19:23:12,0.00048701,20.00000000
2018-02-27 19:23:12,0.00048701,3.00000000
2018-02-27 19:23:13,0.00048701,11.00000000
2018-02-27 19:23:13,0.00048701,12.00000000
2018-02-27 19:23:13,0.00048700,10.00000000
2018-02-27 19:23:13,0.00048701,159.00000000
2018-02-27 19:23:16,0.00048713,3.00000000
2018-02-27 19:23:16,0.00048702,156.00000000
2018-02-27 19:23:19,0.00048789,16.00000000
2018-02-27 19:23:20,0.00048786,3.00000000
2018-02-27 19:23:22,0.00048666,10.00000000
2018-02-27 19:23:22,0.00048665,10.00000000
2018-02-27 19:23:22,0.00048664,30.00000000
2018-02-27 19:23:22,0.00048632,59.00000000
2018-02-27 19:23:22,0.00048631,200.00000000
2018-02-27 19:23:22,0.00048630,627.00000000
2018-02-27 19:23:22,0.00048699,3.00000000
2018-02-27 19:23:23,0.00048699,3.00000000
2018-02-27 19:23:23,0.00048699,25.00000000
2018-02-27 19:23:25,0.00048693,3.00000000
2018-02-27 19:23:25,0.00048682,10.00000000
2018-02-27 19:23:26,0.00048693,10.00000000
2018-02-27 19:23:26,0.00048693,8.00000000
2018-02-27 19:23:27,0.00048682,230.00000000
2018-02-27 19:23:27,0.00048680,85.00000000
2018-02-27 19:23:27,0.00048682,6.00000000
2018-02-27 19:23:28,0.00048682,4.00000000
2018-02-27 19:23:28,0.00048701,10.00000000
2018-02-27 19:23:35,0.00048701,20.00000000
2018-02-27 19:23:38,0.00048775,18.00000000
2018-02-27 19:23:39,0.00048774,30.00000000
2018-02-27 19:23:39,0.00048775,12.00000000
2018-02-27 19:23:39,0.00048774,16.00000000
2018-02-27 19:23:39,0.00048774,10.00000000
2018-02-27 19:23:39,0.00048775,10.00000000
2018-02-27 19:23:41,0.00048775,4.00000000
2018-02-27 19:23:41,0.00048775,156.00000000
2018-02-27 19:23:41,0.00048777,4.00000000
2018-02-27 19:23:48,0.00048777,8.00000000
2018-02-27 19:23:49,0.00048777,8.00000000
2018-02-27 19:23:53,0.00048776,5.00000000
2018-02-27 19:23:54,0.00048708,9.00000000
2018-02-27 19:23:57,0.00048775,3.00000000
2018-02-27 19:23:57,0.00048776,7.00000000
2018-02-27 19:23:57,0.00048708,1.00000000
2018-02-27 19:23:57,0.00048701,10.00000000
2018-02-27 19:23:59,0.00048769,15.00000000
2018-02-27 19:23:59,0.00048776,7.00000000
2018-02-27 19:24:03,0.00048773,3.00000000
2018-02-27 19:24:03,0.00048776,106.00000000
2018-02-27 19:24:03,0.00048777,142.00000000
2018-02-27 19:24:07,0.00048771,3.00000000
2018-02-27 19:24:11,0.00048771,5.00000000
2018-02-27 19:24:11,0.00048708,48.00000000
2018-02-27 19:24:11,0.00048702,10.00000000
2018-02-27 19:24:11,0.00048700,68.00000000
2018-02-27 19:24:11,0.00048675,42.00000000
2018-02-27 19:24:11,0.00048631,30.00000000
2018-02-27 19:24:11,0.00048630,45.00000000
2018-02-27 19:24:12,0.00048772,10.00000000
2018-02-27 19:24:12,0.00048773,3.00000000
2018-02-27 19:24:12,0.00048775,3.00000000
2018-02-27 19:24:12,0.00048777,36.00000000
2018-02-27 19:24:12,0.00048777,12.00000000
2018-02-27 19:24:12,0.00048771,82.00000000
2018-02-27 19:24:15,0.00048777,7.00000000
2018-02-27 19:24:15,0.00048789,8.00000000
2018-02-27 19:24:15,0.00048797,59.00000000
2018-02-27 19:24:15,0.00048798,200.00000000
2018-02-27 19:24:15,0.00048799,250.00000000
2018-02-27 19:24:15,0.00048800,226.00000000
2018-02-27 19:24:17,0.00048705,7.00000000
2018-02-27 19:24:21,0.00048799,5.00000000
2018-02-27 19:24:22,0.00048735,15.00000000
2018-02-27 19:24:22,0.00048702,6.00000000
2018-02-27 19:24:23,0.00048702,12.00000000
2018-02-27 19:24:23,0.00048702,25.00000000
2018-02-27 19:24:23,0.00048702,10.00000000
2018-02-27 19:24:23,0.00048702,124.00000000
2018-02-27 19:24:24,0.00048702,33.00000000
2018-02-27 19:24:24,0.00048702,218.00000000
2018-02-27 19:24:24,0.00048702,157.00000000
2018-02-27 19:24:24,0.00048702,59.00000000
2018-02-27 19:24:25,0.00048702,3.00000000
2018-02-27 19:24:29,0.00048702,328.00000000
2018-02-27 19:24:34,0.00048702,128.00000000
2018-02-27 19:24:35,0.00048702,18.00000000
2018-02-27 19:24:42,0.00048702,23.00000000
2018-02-27 19:24:42,0.00048702,98.00000000
2018-02-27 19:24:42,0.00048702,29.00000000
2018-02-27 19:24:43,0.00048702,337.00000000
2018-02-27 19:24:44,0.00048702,19.00000000
2018-02-27 19:24:49,0.00048702,4.00000000
2018-02-27 19:24:50,0.00048701,2.00000000
2018-02-27 19:24:51,0.00048701,50.00000000
2018-02-27 19:24:51,0.00048690,25.00000000
2018-02-27 19:24:51,0.00048702,17.00000000
2018-02-27 19:24:53,0.00048702,53.00000000
2018-02-27 19:24:54,0.00048702,300.00000000
2018-02-27 19:24:55,0.00048690,126.00000000
2018-02-27 19:24:58,0.00048690,161.00000000
2018-02-27 19:24:59,0.00048702,5.00000000
2018-02-27 19:24:59,0.00048690,81.00000000
2018-02-27 19:25:01,0.00048691,10.00000000
2018-02-27 19:25:01,0.00048690,9.00000000
2018-02-27 19:25:02,0.00048702,5.00000000
2018-02-27 19:25:04,0.00048690,146.00000000
2018-02-27 19:25:04,0.00048702,3.00000000
2018-02-27 19:25:05,0.00048702,575.00000000
2018-02-27 19:25:06,0.00048702,3.00000000
2018-02-27 19:25:07,0.00048690,10.00000000
2018-02-27 19:25:07,0.00048702,118.00000000
2018-02-27 19:25:08,0.00048702,10.00000000
2018-02-27 19:25:12,0.00048702,328.00000000
2018-02-27 19:25:13,0.00048702,6.00000000
2018-02-27 19:25:14,0.00048702,7.00000000
2018-02-27 19:25:17,0.00048702,5.00000000
2018-02-27 19:25:18,0.00048702,5.00000000
2018-02-27 19:25:20,0.00048702,7.00000000
2018-02-27 19:25:20,0.00048702,4.00000000
2018-02-27 19:25:26,0.00048702,39.00000000
2018-02-27 19:25:27,0.00048702,30.00000000
2018-02-27 19:25:32,0.00048702,1200.00000000
2018-02-27 19:25:33,0.00048702,821.00000000
2018-02-27 19:25:34,0.00048702,220.00000000
2018-02-27 19:25:34,0.00048702,164.00000000
2018-02-27 19:25:34,0.00048702,110.00000000
2018-02-27 19:25:35,0.00048702,55.00000000
2018-02-27 19:25:38,0.00048797,10.00000000
2018-02-27 19:25:38,0.00048797,5.00000000
2018-02-27 19:25:38,0.00048798,5.00000000
2018-02-27 19:25:39,0.00048798,3.00000000
2018-02-27 19:25:39,0.00048798,3.00000000
2018-02-27 19:25:39,0.00048798,9.00000000
2018-02-27 19:25:56,0.00048741,61.00000000
2018-02-27 19:25:57,0.00048703,15.00000000
2018-02-27 19:25:57,0.00048702,6.00000000
2018-02-27 19:25:57,0.00048695,58.00000000
2018-02-27 19:25:57,0.00048694,88.00000000
2018-02-27 19:25:58,0.00048741,5.00000000
2018-02-27 19:26:05,0.00048741,3.00000000
2018-02-27 19:26:05,0.00048797,1.00000000
2018-02-27 19:26:06,0.00048797,5.00000000
2018-02-27 19:26:07,0.00048777,2.00000000
2018-02-27 19:26:11,0.00048740,10.00000000
2018-02-27 19:26:19,0.00048740,72.00000000
2018-02-27 19:26:20,0.00048797,4.00000000
2018-02-27 19:26:20,0.00048798,659.00000000
2018-02-27 19:26:20,0.00048799,8.00000000
2018-02-27 19:26:20,0.00048800,119.00000000
2018-02-27 19:26:22,0.00048800,57.00000000
2018-02-27 19:26:24,0.00048796,9.00000000
2018-02-27 19:26:29,0.00048796,5.00000000
2018-02-27 19:26:31,0.00048796,31.00000000
2018-02-27 19:26:31,0.00048796,5.00000000
2018-02-27 19:26:32,0.00048796,26.00000000
2018-02-27 19:26:32,0.00048740,106.00000000
2018-02-27 19:26:32,0.00048700,11.00000000
2018-02-27 19:26:32,0.00048700,8.00000000
2018-02-27 19:26:33,0.00048700,25.00000000
2018-02-27 19:26:35,0.00048694,4.00000000
2018-02-27 19:26:35,0.00048694,104.00000000
2018-02-27 19:26:35,0.00048693,96.00000000
2018-02-27 19:26:37,0.00048740,40.00000000
2018-02-27 19:26:46,0.00048740,119.00000000
2018-02-27 19:26:49,0.00048739,3.00000000
2018-02-27 19:26:49,0.00048740,33.00000000
2018-02-27 19:26:50,0.00048740,5.00000000
2018-02-27 19:26:52,0.00048701,3.00000000
2018-02-27 19:26:52,0.00048737,3.00000000
2018-02-27 19:26:52,0.00048740,25.00000000
2018-02-27 19:26:54,0.00048740,113.00000000
2018-02-27 19:26:57,0.00048735,3.00000000
2018-02-27 19:26:57,0.00048740,207.00000000
2018-02-27 19:27:04,0.00048742,4.00000000
2018-02-27 19:27:07,0.00048743,321.00000000
2018-02-27 19:27:07,0.00048742,679.00000000
2018-02-27 19:27:14,0.00048743,26.00000000
2018-02-27 19:27:14,0.00048742,32.00000000
2018-02-27 19:27:15,0.00048760,21.00000000
2018-02-27 19:27:16,0.00048742,530.00000000
2018-02-27 19:27:16,0.00048740,34.00000000
2018-02-27 19:27:16,0.00048695,82.00000000
2018-02-27 19:27:16,0.00048691,3.00000000
2018-02-27 19:27:16,0.00048690,593.00000000
2018-02-27 19:27:17,0.00048690,7.00000000
2018-02-27 19:27:17,0.00048690,63.00000000
2018-02-27 19:27:22,0.00048651,62.00000000
2018-02-27 19:27:22,0.00048690,869.00000000
2018-02-27 19:27:23,0.00048690,5.00000000
2018-02-27 19:27:25,0.00048690,383.00000000
2018-02-27 19:27:26,0.00048690,3.00000000
2018-02-27 19:27:39,0.00048691,5.00000000
2018-02-27 19:27:40,0.00048691,11.00000000
2018-02-27 19:27:40,0.00048690,89.00000000
2018-02-27 19:27:46,0.00048694,3.00000000
2018-02-27 19:27:48,0.00048695,8.00000000
2018-02-27 19:27:50,0.00048694,5.00000000
2018-02-27 19:27:50,0.00048695,37.00000000
2018-02-27 19:27:51,0.00048695,1.00000000
2018-02-27 19:27:54,0.00048696,3.00000000
2018-02-27 19:27:55,0.00048697,3.00000000
2018-02-27 19:28:00,0.00048752,25.00000000
2018-02-27 19:28:04,0.00048760,77.00000000
2018-02-27 19:28:04,0.00048770,3.00000000
2018-02-27 19:28:04,0.00048779,3.00000000
2018-02-27 19:28:04,0.00048785,3.00000000
2018-02-27 19:28:04,0.00048788,3.00000000
2018-02-27 19:28:04,0.00048790,3.00000000
2018-02-27 19:28:04,0.00048793,3.00000000
2018-02-27 19:28:04,0.00048794,58.00000000
2018-02-27 19:28:04,0.00048795,223.00000000
2018-02-27 19:28:04,0.00048796,29.00000000
2018-02-27 19:28:04,0.00048797,48.00000000
2018-02-27 19:28:07,0.00048796,10.00000000
2018-02-27 19:28:07,0.00048796,25.00000000
2018-02-27 19:28:14,0.00048798,12.00000000
2018-02-27 19:28:14,0.00048799,6.00000000
2018-02-27 19:28:15,0.00048797,13.00000000
2018-02-27 19:28:17,0.00048796,32.00000000
2018-02-27 19:28:20,0.00048705,20.00000000
2018-02-27 19:28:20,0.00048704,8.00000000
2018-02-27 19:28:20,0.00048701,12.00000000
2018-02-27 19:28:20,0.00048698,14.00000000
2018-02-27 19:28:20,0.00048690,31.00000000
2018-02-27 19:28:20,0.00048688,24.00000000
2018-02-27 19:28:20,0.00048661,24.00000000
2018-02-27 19:28:20,0.00048651,100.00000000
2018-02-27 19:28:20,0.00048650,48.00000000
2018-02-27 19:28:20,0.00048632,1025.00000000
2018-02-27 19:28:20,0.00048630,604.00000000
2018-02-27 19:28:20,0.00048630,22.00000000
2018-02-27 19:28:23,0.00048796,7.00000000
2018-02-27 19:28:28,0.00048695,10.00000000
2018-02-27 19:28:30,0.00048695,2.00000000
2018-02-27 19:28:31,0.00048790,13.00000000
2018-02-27 19:28:31,0.00048791,4.00000000
2018-02-27 19:28:32,0.00048791,1.00000000
2018-02-27 19:28:34,0.00048790,1.00000000
2018-02-27 19:28:43,0.00048795,3.00000000
2018-02-27 19:28:44,0.00048795,7.00000000
2018-02-27 19:28:44,0.00048794,11.00000000
2018-02-27 19:28:45,0.00048790,569.00000000
2018-02-27 19:28:54,0.00048791,9.00000000
2018-02-27 19:28:54,0.00048791,2.00000000
2018-02-27 19:28:54,0.00048790,2.00000000
2018-02-27 19:28:54,0.00048790,20.00000000
2018-02-27 19:28:54,0.00048790,159.00000000
2018-02-27 19:28:54,0.00048695,10.00000000
2018-02-27 19:28:54,0.00048695,20.00000000
2018-02-27 19:28:54,0.00048694,40.00000000
2018-02-27 19:28:54,0.00048690,53.00000000
2018-02-27 19:28:54,0.00048650,46.00000000
2018-02-27 19:28:54,0.00048650,20.00000000
2018-02-27 19:28:55,0.00048788,11.00000000
2018-02-27 19:28:58,0.00048781,3.00000000
2018-02-27 19:29:07,0.00048688,10.00000000
2018-02-27 19:29:07,0.00048687,2.00000000
2018-02-27 19:29:07,0.00048687,8.00000000
2018-02-27 19:29:07,0.00048686,10.00000000
2018-02-27 19:29:07,0.00048660,30.00000000
2018-02-27 19:29:07,0.00048659,59.00000000
2018-02-27 19:29:07,0.00048650,1060.00000000
2018-02-27 19:29:07,0.00048641,29.00000000
2018-02-27 19:29:07,0.00048625,500.00000000
2018-02-27 19:29:07,0.00048623,8.00000000
2018-02-27 19:29:10,0.00048776,49.00000000
2018-02-27 19:29:10,0.00048777,127.00000000
2018-02-27 19:29:10,0.00048785,214.00000000
2018-02-27 19:29:10,0.00048787,10.00000000
2018-02-27 19:29:10,0.00048788,73.00000000
2018-02-27 19:29:12,0.00048788,3.00000000
2018-02-27 19:29:20,0.00048685,19.00000000
2018-02-27 19:29:22,0.00048765,16.00000000
2018-02-27 19:29:25,0.00048685,17.00000000
2018-02-27 19:29:25,0.00048684,55.00000000
2018-02-27 19:29:34,0.00048639,57.00000000
2018-02-27 19:29:34,0.00048639,3.00000000
2018-02-27 19:29:34,0.00048639,10.00000000
2018-02-27 19:29:35,0.00048640,30.00000000
2018-02-27 19:29:35,0.00048754,20.00000000
2018-02-27 19:29:35,0.00048755,55.00000000
2018-02-27 19:29:35,0.00048758,3.00000000
2018-02-27 19:29:35,0.00048760,3.00000000
2018-02-27 19:29:35,0.00048763,3.00000000
2018-02-27 19:29:35,0.00048765,3.00000000
2018-02-27 19:29:35,0.00048766,11.00000000
2018-02-27 19:29:35,0.00048777,3.00000000
2018-02-27 19:29:35,0.00048787,49.00000000
2018-02-27 19:29:35,0.00048788,153.00000000
2018-02-27 19:29:35,0.00048791,3.00000000
2018-02-27 19:29:35,0.00048792,3.00000000
2018-02-27 19:29:35,0.00048793,59.00000000
2018-02-27 19:29:35,0.00048794,38.00000000
2018-02-27 19:29:36,0.00048648,110.00000000
2018-02-27 19:29:37,0.00048651,22.00000000
2018-02-27 19:29:37,0.00048649,20.00000000
2018-02-27 19:29:37,0.00048644,30.00000000
2018-02-27 19:29:37,0.00048643,82.00000000
2018-02-27 19:29:37,0.00048630,73.00000000
2018-02-27 19:29:37,0.00048625,81.00000000
2018-02-27 19:29:37,0.00048624,8.00000000
2018-02-27 19:29:37,0.00048623,315.00000000
2018-02-27 19:29:37,0.00048621,60.00000000
2018-02-27 19:29:37,0.00048620,166.00000000
2018-02-27 19:29:37,0.00048618,2680.00000000
2018-02-27 19:29:37,0.00048611,32.00000000
2018-02-27 19:29:37,0.00048610,200.00000000
2018-02-27 19:29:37,0.00048609,19.00000000
2018-02-27 19:29:37,0.00048605,54.00000000
2018-02-27 19:29:37,0.00048603,5.00000000
2018-02-27 19:29:37,0.00048601,209.00000000
2018-02-27 19:29:37,0.00048600,2837.00000000
2018-02-27 19:29:37,0.00048597,19.00000000
2018-02-27 19:29:37,0.00048596,4.00000000
2018-02-27 19:29:37,0.00048590,469.00000000
2018-02-27 19:29:37,0.00048567,83.00000000
2018-02-27 19:29:37,0.00048564,10.00000000
2018-02-27 19:29:37,0.00048562,102.00000000
2018-02-27 19:29:37,0.00048555,230.00000000
2018-02-27 19:29:37,0.00048552,23.00000000
2018-02-27 19:29:37,0.00048551,25.00000000
2018-02-27 19:29:37,0.00048544,211.00000000
2018-02-27 19:29:37,0.00048539,1764.00000000
2018-02-27 19:29:37,0.00048536,3.00000000
2018-02-27 19:29:37,0.00048535,6.00000000
2018-02-27 19:29:37,0.00048530,30.00000000
2018-02-27 19:29:37,0.00048530,4.00000000
2018-02-27 19:29:37,0.00048530,30.00000000
2018-02-27 19:29:37,0.00048530,4.00000000
2018-02-27 19:29:37,0.00048530,20.00000000
2018-02-27 19:29:37,0.00048528,3.00000000
2018-02-27 19:29:37,0.00048528,191.00000000
2018-02-27 19:29:37,0.00048528,8.00000000
2018-02-27 19:29:37,0.00048530,69.00000000
2018-02-27 19:29:37,0.00048530,8.00000000
2018-02-27 19:29:37,0.00048528,10.00000000
2018-02-27 19:29:38,0.00048530,1310.00000000
2018-02-27 19:29:38,0.00048530,76.00000000
2018-02-27 19:29:39,0.00048530,12.00000000
2018-02-27 19:29:39,0.00048530,17.00000000
2018-02-27 19:29:39,0.00048530,264.00000000
2018-02-27 19:29:39,0.00048530,65.00000000
2018-02-27 19:29:39,0.00048530,50.00000000
2018-02-27 19:29:39,0.00048530,50.00000000
2018-02-27 19:29:40,0.00048530,20.00000000
2018-02-27 19:29:40,0.00048530,50.00000000
2018-02-27 19:29:40,0.00048530,10.00000000
2018-02-27 19:29:40,0.00048530,58.00000000
2018-02-27 19:29:40,0.00048528,72.00000000
2018-02-27 19:29:40,0.00048526,8.00000000
2018-02-27 19:29:40,0.00048526,10.00000000
2018-02-27 19:29:41,0.00048526,28.00000000
2018-02-27 19:29:41,0.00048526,6.00000000
2018-02-27 19:29:42,0.00048565,69.00000000
2018-02-27 19:29:42,0.00048572,19.00000000
2018-02-27 19:29:42,0.00048720,150.00000000
2018-02-27 19:29:42,0.00048747,10.00000000
2018-02-27 19:29:42,0.00048748,10.00000000
2018-02-27 19:29:42,0.00048750,3.00000000
2018-02-27 19:29:42,0.00048793,143.00000000
2018-02-27 19:29:42,0.00048523,5.00000000
2018-02-27 19:29:45,0.00048662,10.00000000
2018-02-27 19:29:45,0.00048663,14.00000000
2018-02-27 19:29:45,0.00048663,7.00000000
2018-02-27 19:29:45,0.00048663,10.00000000
2018-02-27 19:29:45,0.00048663,9.00000000
2018-02-27 19:29:46,0.00048663,31.00000000
2018-02-27 19:29:46,0.00048663,41.00000000
2018-02-27 19:29:46,0.00048664,9.00000000
2018-02-27 19:29:46,0.00048664,13.00000000
2018-02-27 19:29:47,0.00048664,19.00000000
2018-02-27 19:29:49,0.00048726,3.00000000
2018-02-27 19:29:49,0.00048726,11.00000000
2018-02-27 19:29:50,0.00048726,3.00000000
2018-02-27 19:29:50,0.00048726,5.00000000
2018-02-27 19:29:52,0.00048736,5.00000000
2018-02-27 19:29:53,0.00048735,10.00000000
2018-02-27 19:29:55,0.00048619,49.00000000
2018-02-27 19:29:56,0.00048765,4.00000000
2018-02-27 19:29:57,0.00048765,6.00000000
2018-02-27 19:29:57,0.00048766,3.00000000
2018-02-27 19:29:57,0.00048766,14.00000000
2018-02-27 19:29:57,0.00048766,4.00000000
2018-02-27 19:29:58,0.00048766,7.00000000
2018-02-27 19:29:58,0.00048766,5.00000000
2018-02-27 19:29:58,0.00048766,24.00000000
2018-02-27 19:29:58,0.00048637,10.00000000
2018-02-27 19:29:58,0.00048766,9.00000000
2018-02-27 19:29:58,0.00048789,30.00000000
2018-02-27 19:29:58,0.00048790,6.00000000
2018-02-27 19:29:59,0.00048647,25.00000000
2018-02-27 19:30:01,0.00048788,5.00000000
2018-02-27 19:30:01,0.00048665,122.00000000
2018-02-27 19:30:01,0.00048663,50.00000000
2018-02-27 19:30:01,0.00048648,82.00000000
2018-02-27 19:30:01,0.00048601,60.00000000
2018-02-27 19:30:01,0.00048600,69.00000000
2018-02-27 19:30:03,0.00048780,18.00000000
2018-02-27 19:30:03,0.00048780,4.00000000
2018-02-27 19:30:04,0.00048773,32.00000000
2018-02-27 19:30:05,0.00048768,5.00000000
2018-02-27 19:30:07,0.00048741,2.00000000
2018-02-27 19:30:09,0.00048718,5.00000000
2018-02-27 19:30:09,0.00048715,6.00000000
2018-02-27 19:30:11,0.00048705,6.00000000
2018-02-27 19:30:14,0.00048696,6.00000000
2018-02-27 19:30:18,0.00048601,5.00000000
2018-02-27 19:30:18,0.00048600,120.00000000
2018-02-27 19:30:19,0.00048675,22.00000000
2018-02-27 19:30:21,0.00048654,6.00000000
2018-02-27 19:30:23,0.00048633,88.00000000
2018-02-27 19:30:29,0.00048612,22.00000000
2018-02-27 19:30:29,0.00048614,4.00000000
2018-02-27 19:30:33,0.00048633,10.00000000
2018-02-27 19:30:33,0.00048633,3.00000000
2018-02-27 19:30:36,0.00048633,3.00000000
2018-02-27 19:30:37,0.00048633,4.00000000
2018-02-27 19:30:37,0.00048633,12.00000000
2018-02-27 19:30:38,0.00048634,3.00000000
2018-02-27 19:30:41,0.00048641,3.00000000
2018-02-27 19:30:45,0.00048738,5.00000000
2018-02-27 19:30:48,0.00048736,5.00000000
2018-02-27 19:30:49,0.00048737,82.00000000
2018-02-27 19:30:49,0.00048738,10.00000000
2018-02-27 19:30:49,0.00048752,3.00000000
2018-02-27 19:30:49,0.00048754,14.00000000
2018-02-27 19:30:49,0.00048638,50.00000000
2018-02-27 19:30:49,0.00048634,19.00000000
2018-02-27 19:30:49,0.00048634,168.00000000
2018-02-27 19:30:50,0.00048643,37.00000000
2018-02-27 19:30:50,0.00048642,10.00000000
2018-02-27 19:30:55,0.00048733,40.00000000
2018-02-27 19:30:59,0.00048719,15.00000000
2018-02-27 19:31:00,0.00048716,5.00000000
2018-02-27 19:31:00,0.00048716,5.00000000
2018-02-27 19:31:03,0.00048634,9.00000000
2018-02-27 19:31:03,0.00048634,5.00000000
2018-02-27 19:31:03,0.00048705,32.00000000
2018-02-27 19:31:03,0.00048700,9.00000000
2018-02-27 19:31:07,0.00048705,5.00000000
2018-02-27 19:31:07,0.00048705,5.00000000
2018-02-27 19:31:07,0.00048634,68.00000000
2018-02-27 19:31:07,0.00048633,157.00000000
2018-02-27 19:31:07,0.00048630,12.00000000
2018-02-27 19:31:07,0.00048616,5.00000000
2018-02-27 19:31:07,0.00048601,515.00000000
2018-02-27 19:31:08,0.00048699,33.00000000
2018-02-27 19:31:10,0.00048692,4.00000000
2018-02-27 19:31:12,0.00048689,20.00000000
2018-02-27 19:31:17,0.00048689,10.00000000
2018-02-27 19:31:17,0.00048634,102.00000000
2018-02-27 19:31:20,0.00048634,7.00000000
2018-02-27 19:31:20,0.00048601,118.00000000
2018-02-27 19:31:21,0.00048689,6.00000000
2018-02-27 19:31:24,0.00048650,20.00000000
2018-02-27 19:31:34,0.00048633,23.00000000
2018-02-27 19:31:34,0.00048601,218.00000000
2018-02-27 19:31:37,0.00048676,28.00000000
2018-02-27 19:31:37,0.00048678,10.00000000
2018-02-27 19:31:37,0.00048689,57.00000000
2018-02-27 19:31:37,0.00048704,50.00000000
2018-02-27 19:31:41,0.00048650,400.00000000
2018-02-27 19:31:44,0.00048650,222.00000000
2018-02-27 19:31:47,0.00048650,265.00000000
2018-02-27 19:31:47,0.00048650,34.00000000
2018-02-27 19:31:50,0.00048602,18.00000000
2018-02-27 19:31:50,0.00048601,548.00000000
2018-02-27 19:31:50,0.00048600,816.00000000
2018-02-27 19:31:52,0.00048601,16.00000000
2018-02-27 19:31:53,0.00048601,94.00000000
2018-02-27 19:31:56,0.00048601,106.00000000
2018-02-27 19:31:58,0.00048601,23.00000000
2018-02-27 19:31:59,0.00048601,21.00000000
2018-02-27 19:32:00,0.00048601,79.00000000
2018-02-27 19:32:04,0.00048650,17.00000000
2018-02-27 19:32:06,0.00048650,5.00000000
2018-02-27 19:32:07,0.00048650,31.00000000
2018-02-27 19:32:19,0.00048611,179.00000000
2018-02-27 19:32:19,0.00048601,206.00000000
2018-02-27 19:32:19,0.00048601,14.00000000
2018-02-27 19:32:21,0.00048601,80.00000000
2018-02-27 19:32:23,0.00048601,3.00000000
2018-02-27 19:32:24,0.00048600,3.00000000
2018-02-27 19:32:30,0.00048601,114.00000000
2018-02-27 19:32:31,0.00048601,67.00000000
2018-02-27 19:32:34,0.00048601,36.00000000
2018-02-27 19:32:42,0.00048645,3.00000000
2018-02-27 19:32:42,0.00048647,3.00000000
2018-02-27 19:32:42,0.00048649,99.00000000
2018-02-27 19:32:42,0.00048650,39.00000000
2018-02-27 19:32:44,0.00048650,48.00000000
2018-02-27 19:32:45,0.00048601,69.00000000
2018-02-27 19:32:58,0.00048601,59.00000000
2018-02-27 19:33:03,0.00048601,12.00000000
2018-02-27 19:33:07,0.00048638,3.00000000
2018-02-27 19:33:08,0.00048601,971.00000000
2018-02-27 19:33:08,0.00048600,331.00000000
2018-02-27 19:33:18,0.00048602,105.00000000
2018-02-27 19:33:18,0.00048601,54.00000000
2018-02-27 19:33:29,0.00048601,79.00000000
2018-02-27 19:33:30,0.00048601,13.00000000
2018-02-27 19:33:30,0.00048600,327.00000000
2018-02-27 19:33:30,0.00048600,178.00000000
2018-02-27 19:33:34,0.00048600,6.00000000
2018-02-27 19:33:34,0.00048600,50.00000000
2018-02-27 19:33:34,0.00048600,1926.00000000
2018-02-27 19:33:34,0.00048600,1.00000000
2018-02-27 19:33:35,0.00048604,3.00000000
2018-02-27 19:33:37,0.00048613,3.00000000
2018-02-27 19:33:37,0.00048615,3.00000000
2018-02-27 19:33:37,0.00048635,3.00000000
2018-02-27 19:33:37,0.00048636,1.00000000
2018-02-27 19:33:38,0.00048602,20.00000000
2018-02-27 19:33:38,0.00048580,13.00000000
2018-02-27 19:33:46,0.00048604,18.00000000
2018-02-27 19:33:46,0.00048604,10.00000000
2018-02-27 19:33:46,0.00048580,18.00000000
2018-02-27 19:33:47,0.00048636,2.00000000
2018-02-27 19:33:47,0.00048637,3.00000000
2018-02-27 19:33:47,0.00048642,14.00000000
2018-02-27 19:33:50,0.00048642,437.00000000
2018-02-27 19:33:54,0.00048644,6.00000000
2018-02-27 19:33:54,0.00048647,3.00000000
2018-02-27 19:33:54,0.00048649,3.00000000
2018-02-27 19:33:54,0.00048650,3.00000000
2018-02-27 19:33:57,0.00048604,4.00000000
2018-02-27 19:33:57,0.00048650,4.00000000
2018-02-27 19:33:57,0.00048604,13.00000000
2018-02-27 19:33:58,0.00048581,65.00000000
2018-02-27 19:33:58,0.00048580,223.00000000
2018-02-27 19:34:00,0.00048650,20.00000000
2018-02-27 19:34:02,0.00048642,48.00000000
2018-02-27 19:34:02,0.00048580,72.00000000
2018-02-27 19:34:02,0.00048580,500.00000000
2018-02-27 19:34:02,0.00048580,199.00000000
2018-02-27 19:34:05,0.00048580,150.00000000
2018-02-27 19:34:06,0.00048580,165.00000000
2018-02-27 19:34:15,0.00048581,11.00000000
2018-02-27 19:34:15,0.00048580,111.00000000
2018-02-27 19:34:23,0.00048581,5.00000000
2018-02-27 19:34:23,0.00048581,26.00000000
2018-02-27 19:34:23,0.00048580,120.00000000
2018-02-27 19:34:26,0.00048649,2.00000000
2018-02-27 19:34:34,0.00048601,14.00000000
2018-02-27 19:34:36,0.00048584,5.00000000
2018-02-27 19:34:36,0.00048583,541.00000000
2018-02-27 19:34:36,0.00048580,95.00000000
2018-02-27 19:34:44,0.00048601,21.00000000
2018-02-27 19:34:47,0.00048600,3.00000000
2018-02-27 19:34:50,0.00048600,5.00000000
2018-02-27 19:34:53,0.00048601,27.00000000
2018-02-27 19:34:53,0.00048600,3.00000000
2018-02-27 19:34:53,0.00048580,380.00000000
2018-02-27 19:34:54,0.00048580,10.00000000
2018-02-27 19:34:54,0.00048601,68.00000000
2018-02-27 19:35:05,0.00048596,3.00000000
2018-02-27 19:35:05,0.00048598,3.00000000
2018-02-27 19:35:06,0.00048598,112.00000000
2018-02-27 19:35:09,0.00048598,13.00000000
2018-02-27 19:35:09,0.00048600,53.00000000
2018-02-27 19:35:09,0.00048601,151.00000000
2018-02-27 19:35:09,0.00048601,5.00000000
2018-02-27 19:35:10,0.00048601,149.00000000
2018-02-27 19:35:10,0.00048580,10.00000000
2018-02-27 19:35:10,0.00048552,10.00000000
2018-02-27 19:35:10,0.00048550,315.00000000
2018-02-27 19:35:10,0.00048536,95.00000000
2018-02-27 19:35:19,0.00048600,6.00000000
2018-02-27 19:35:20,0.00048600,60.00000000
2018-02-27 19:35:24,0.00048600,6.00000000
2018-02-27 19:35:28,0.00048594,3.00000000
2018-02-27 19:35:28,0.00048600,6.00000000
2018-02-27 19:35:32,0.00048592,3.00000000
2018-02-27 19:35:32,0.00048599,7.00000000
2018-02-27 19:35:33,0.00048580,10.00000000
2018-02-27 19:35:33,0.00048599,34.00000000
2018-02-27 19:35:35,0.00048599,18.00000000
2018-02-27 19:35:37,0.00048580,160.00000000
2018-02-27 19:35:39,0.00048590,6.00000000
2018-02-27 19:35:41,0.00048599,14.00000000
2018-02-27 19:35:48,0.00048599,1.00000000
2018-02-27 19:35:48,0.00048600,9.00000000
2018-02-27 19:35:50,0.00048600,3.00000000
2018-02-27 19:35:54,0.00048600,30.00000000
2018-02-27 19:35:56,0.00048600,32.00000000
2018-02-27 19:36:02,0.00048600,16.00000000
2018-02-27 19:36:05,0.00048600,492.00000000
2018-02-27 19:36:14,0.00048590,120.00000000
2018-02-27 19:36:14,0.00048580,200.00000000
2018-02-27 19:36:15,0.00048599,6.00000000
2018-02-27 19:36:19,0.00048580,25.00000000
2018-02-27 19:36:19,0.00048590,21.00000000
2018-02-27 19:36:21,0.00048590,10.00000000
2018-02-27 19:36:24,0.00048590,6.00000000
2018-02-27 19:36:27,0.00048590,201.00000000
2018-02-27 19:36:35,0.00048599,235.00000000
2018-02-27 19:36:36,0.00048590,3.00000000
2018-02-27 19:36:38,0.00048599,124.00000000
2018-02-27 19:36:38,0.00048591,17.00000000
2018-02-27 19:36:43,0.00048590,5.00000000
2018-02-27 19:36:46,0.00048599,485.00000000
2018-02-27 19:36:46,0.00048600,392.00000000
2018-02-27 19:36:48,0.00048639,3.00000000
2018-02-27 19:36:48,0.00048641,1.00000000
2018-02-27 19:36:49,0.00048641,2.00000000
2018-02-27 19:36:49,0.00048643,3.00000000
2018-02-27 19:36:49,0.00048645,3.00000000
2018-02-27 19:36:49,0.00048648,3.00000000
2018-02-27 19:36:49,0.00048650,18.00000000
2018-02-27 19:36:49,0.00048650,7.00000000
2018-02-27 19:36:49,0.00048600,300.00000000
2018-02-27 19:36:49,0.00048650,4.00000000
2018-02-27 19:36:49,0.00048650,16.00000000
2018-02-27 19:36:49,0.00048704,8.00000000
2018-02-27 19:36:49,0.00048705,6.00000000
2018-02-27 19:36:49,0.00048704,4.00000000
2018-02-27 19:36:49,0.00048704,10.00000000
2018-02-27 19:36:50,0.00048704,9.00000000
2018-02-27 19:36:50,0.00048697,4.00000000
2018-02-27 19:36:50,0.00048639,5.00000000
2018-02-27 19:36:50,0.00048603,21.00000000
2018-02-27 19:36:51,0.00048603,11.00000000
2018-02-27 19:36:51,0.00048600,310.00000000
2018-02-27 19:36:53,0.00048639,5.00000000
2018-02-27 19:36:55,0.00048639,6.00000000
2018-02-27 19:36:56,0.00048600,78.00000000
2018-02-27 19:36:56,0.00048590,222.00000000
2018-02-27 19:36:56,0.00048639,10.00000000
2018-02-27 19:36:56,0.00048639,15.00000000
2018-02-27 19:36:56,0.00048639,4.00000000
2018-02-27 19:37:06,0.00048603,15.00000000
2018-02-27 19:37:07,0.00048603,12.00000000
2018-02-27 19:37:08,0.00048603,8.00000000
2018-02-27 19:37:08,0.00048600,203.00000000
2018-02-27 19:37:08,0.00048590,47.00000000
2018-02-27 19:37:10,0.00048601,47.00000000
2018-02-27 19:37:11,0.00048591,11.00000000
2018-02-27 19:37:11,0.00048590,60.00000000
2018-02-27 19:37:11,0.00048580,252.00000000
2018-02-27 19:37:11,0.00048551,54.00000000
2018-02-27 19:37:11,0.00048550,550.00000000
2018-02-27 19:37:11,0.00048541,89.00000000
2018-02-27 19:37:11,0.00048539,165.00000000
2018-02-27 19:37:11,0.00048536,371.00000000
2018-02-27 19:37:11,0.00048532,57.00000000
2018-02-27 19:37:11,0.00048523,5.00000000
2018-02-27 19:37:11,0.00048520,3.00000000
2018-02-27 19:37:11,0.00048516,143.00000000
2018-02-27 19:37:11,0.00048513,401.00000000
2018-02-27 19:37:14,0.00048603,13.00000000
2018-02-27 19:37:15,0.00048603,5.00000000
2018-02-27 19:37:15,0.00048603,16.00000000
2018-02-27 19:37:15,0.00048581,8.00000000
2018-02-27 19:37:16,0.00048581,24.00000000
2018-02-27 19:37:17,0.00048582,11.00000000
2018-02-27 19:37:17,0.00048581,16.00000000
2018-02-27 19:37:19,0.00048591,19.00000000
2018-02-27 19:37:21,0.00048513,80.00000000
2018-02-27 19:37:24,0.00048513,42.00000000
2018-02-27 19:37:25,0.00048590,4.00000000
2018-02-27 19:37:25,0.00048591,32.00000000
2018-02-27 19:37:31,0.00048513,9.00000000
2018-02-27 19:37:34,0.00048514,452.00000000
2018-02-27 19:37:34,0.00048513,340.00000000
2018-02-27 19:37:38,0.00048583,1.00000000
2018-02-27 19:37:42,0.00048514,106.00000000
2018-02-27 19:37:42,0.00048513,2441.00000000
2018-02-27 19:37:45,0.00048514,3.00000000
2018-02-27 19:37:47,0.00048514,19.00000000
2018-02-27 19:37:49,0.00048514,44.00000000
2018-02-27 19:37:50,0.00048514,14.00000000
2018-02-27 19:37:52,0.00048514,10.00000000
2018-02-27 19:37:53,0.00048514,3.00000000
2018-02-27 19:37:53,0.00048514,20.00000000
2018-02-27 19:37:54,0.00048513,77.00000000
2018-02-27 19:37:54,0.00048514,4.00000000
2018-02-27 19:37:54,0.00048515,1.00000000
2018-02-27 19:37:54,0.00048515,2.00000000
2018-02-27 19:37:54,0.00048516,3.00000000
2018-02-27 19:37:54,0.00048583,2.00000000
2018-02-27 19:37:54,0.00048586,3.00000000
2018-02-27 19:37:54,0.00048589,3.00000000
2018-02-27 19:37:54,0.00048591,34.00000000
2018-02-27 19:37:54,0.00048600,17.00000000
2018-02-27 19:37:54,0.00048603,31.00000000
2018-02-27 19:37:54,0.00048607,3.00000000
2018-02-27 19:37:54,0.00048611,59.00000000
2018-02-27 19:37:54,0.00048638,83.00000000
2018-02-27 19:37:54,0.00048639,286.00000000
2018-02-27 19:37:54,0.00048638,30.00000000
2018-02-27 19:37:54,0.00048639,532.00000000
2018-02-27 19:37:54,0.00048638,11.00000000
2018-02-27 19:37:54,0.00048639,51.00000000
2018-02-27 19:37:54,0.00048638,30.00000000
2018-02-27 19:37:54,0.00048639,117.00000000
2018-02-27 19:37:54,0.00048638,11.00000000
2018-02-27 19:37:54,0.00048638,19.00000000
2018-02-27 19:37:55,0.00048516,77.00000000
2018-02-27 19:37:55,0.00048639,31.00000000
2018-02-27 19:37:59,0.00048705,5.00000000
2018-02-27 19:37:59,0.00048705,16.00000000
2018-02-27 19:38:00,0.00048704,4.00000000
2018-02-27 19:38:01,0.00048704,5.00000000
2018-02-27 19:38:02,0.00048639,5.00000000
2018-02-27 19:38:03,0.00048637,16.00000000
2018-02-27 19:38:04,0.00048637,4.00000000
2018-02-27 19:38:05,0.00048637,12.00000000
2018-02-27 19:38:07,0.00048637,22.00000000
2018-02-27 19:38:08,0.00048637,23.00000000
2018-02-27 19:38:08,0.00048639,327.00000000
2018-02-27 19:38:09,0.00048637,3.00000000
2018-02-27 19:38:16,0.00048571,3.00000000
2018-02-27 19:38:16,0.00048637,4.00000000
2018-02-27 19:38:16,0.00048564,10.00000000
2018-02-27 19:38:19,0.00048570,3.00000000
2018-02-27 19:38:20,0.00048637,9.00000000
2018-02-27 19:38:23,0.00048600,3.00000000
2018-02-27 19:38:39,0.00048605,11.00000000
2018-02-27 19:38:39,0.00048604,10.00000000
2018-02-27 19:38:39,0.00048600,13.00000000
2018-02-27 19:38:43,0.00048600,291.00000000
2018-02-27 19:38:43,0.00048600,291.00000000
2018-02-27 19:38:43,0.00048600,292.00000000
2018-02-27 19:38:44,0.00048600,27.00000000
2018-02-27 19:38:45,0.00048600,105.00000000
2018-02-27 19:38:49,0.00048599,12.00000000
2018-02-27 19:38:49,0.00048600,2453.00000000
2018-02-27 19:38:54,0.00048576,11.00000000
2018-02-27 19:38:54,0.00048575,54.00000000
2018-02-27 19:38:54,0.00048570,20.00000000
2018-02-27 19:38:54,0.00048568,16.00000000
2018-02-27 19:38:54,0.00048566,9.00000000
2018-02-27 19:38:54,0.00048554,21.00000000
2018-02-27 19:38:54,0.00048553,82.00000000
2018-02-27 19:38:54,0.00048550,20.00000000
2018-02-27 19:38:54,0.00048516,412.00000000
2018-02-27 19:38:56,0.00048516,166.00000000
2018-02-27 19:38:57,0.00048600,26.00000000
2018-02-27 19:38:58,0.00048524,10.00000000
2018-02-27 19:38:58,0.00048516,141.00000000
2018-02-27 19:38:58,0.00048515,5000.00000000
2018-02-27 19:38:58,0.00048513,1169.00000000
2018-02-27 19:38:58,0.00048512,80.00000000
2018-02-27 19:38:58,0.00048510,312.00000000
2018-02-27 19:38:58,0.00048507,4.00000000
2018-02-27 19:38:58,0.00048504,9.00000000
2018-02-27 19:38:58,0.00048502,60.00000000
2018-02-27 19:38:58,0.00048501,416.00000000
2018-02-27 19:38:58,0.00048500,2835.00000000
2018-02-27 19:38:58,0.00048500,1007.00000000
2018-02-27 19:39:01,0.00048517,20.00000000
2018-02-27 19:39:01,0.00048516,515.00000000
2018-02-27 19:39:01,0.00048516,57.00000000
2018-02-27 19:39:01,0.00048516,3.00000000
2018-02-27 19:39:02,0.00048516,7.00000000
2018-02-27 19:39:04,0.00048516,3.00000000
2018-02-27 19:39:04,0.00048516,34.00000000
2018-02-27 19:39:05,0.00048516,3.00000000
2018-02-27 19:39:05,0.00048516,39.00000000
2018-02-27 19:39:06,0.00048516,8.00000000
2018-02-27 19:39:06,0.00048516,22.00000000
2018-02-27 19:39:07,0.00048516,3.00000000
2018-02-27 19:39:07,0.00048516,15.00000000
2018-02-27 19:39:14,0.00048515,3.00000000
2018-02-27 19:39:15,0.00048516,122.00000000
2018-02-27 19:39:15,0.00048600,251.00000000
2018-02-27 19:39:15,0.00048600,34.00000000
2018-02-27 19:39:17,0.00048636,24.00000000
2018-02-27 19:39:17,0.00048600,78.00000000
2018-02-27 19:39:18,0.00048636,16.00000000
2018-02-27 19:39:19,0.00048600,3.00000000
2018-02-27 19:39:20,0.00048636,5.00000000
2018-02-27 19:39:20,0.00048636,7.00000000
2018-02-27 19:39:21,0.00048636,8.00000000
2018-02-27 19:39:21,0.00048637,2.00000000
2018-02-27 19:39:27,0.00048639,62.00000000
2018-02-27 19:39:29,0.00048639,250.00000000
2018-02-27 19:39:31,0.00048699,3.00000000
2018-02-27 19:39:32,0.00048699,31.00000000
2018-02-27 19:39:32,0.00048699,10.00000000
2018-02-27 19:39:33,0.00048640,10.00000000
2018-02-27 19:39:33,0.00048639,138.00000000
2018-02-27 19:39:33,0.00048699,10.00000000
2018-02-27 19:39:33,0.00048639,3.00000000
2018-02-27 19:39:36,0.00048640,3.00000000
2018-02-27 19:39:37,0.00048699,496.00000000
2018-02-27 19:39:37,0.00048700,549.00000000
2018-02-27 19:39:38,0.00048700,14.00000000
2018-02-27 19:39:38,0.00048700,3.00000000
2018-02-27 19:39:41,0.00048705,7.00000000
2018-02-27 19:39:41,0.00048705,65.00000000
2018-02-27 19:39:42,0.00048710,14.00000000
2018-02-27 19:39:44,0.00048710,6.00000000
2018-02-27 19:39:44,0.00048713,28.00000000
2018-02-27 19:39:44,0.00048736,82.00000000
2018-02-27 19:39:44,0.00048774,22.00000000
2018-02-27 19:39:44,0.00048775,148.00000000
2018-02-27 19:39:44,0.00048799,5.00000000
2018-02-27 19:39:44,0.00048800,23.00000000
2018-02-27 19:39:45,0.00048711,4.00000000
2018-02-27 19:39:45,0.00048711,14.00000000
2018-02-27 19:39:45,0.00048711,12.00000000
2018-02-27 19:39:45,0.00048710,513.00000000
2018-02-27 19:39:45,0.00048710,353.00000000
2018-02-27 19:39:45,0.00048710,30.00000000
2018-02-27 19:39:45,0.00048708,30.00000000
2018-02-27 19:39:45,0.00048700,87.00000000
2018-02-27 19:39:45,0.00048700,4.00000000
2018-02-27 19:39:45,0.00048700,353.00000000
2018-02-27 19:39:45,0.00048700,758.00000000
2018-02-27 19:39:45,0.00048639,20.00000000
2018-02-27 19:39:45,0.00048639,3.00000000
2018-02-27 19:39:46,0.00048624,4.00000000
2018-02-27 19:39:50,0.00048696,10.00000000
2018-02-27 19:39:54,0.00048696,165.00000000
2018-02-27 19:39:54,0.00048697,519.00000000
2018-02-27 19:39:54,0.00048698,50.00000000
2018-02-27 19:40:08,0.00048600,30.00000000
2018-02-27 19:40:09,0.00048600,56.00000000
2018-02-27 19:40:09,0.00048624,100.00000000
2018-02-27 19:40:09,0.00048624,59.00000000
2018-02-27 19:40:12,0.00048624,129.00000000
2018-02-27 19:40:12,0.00048624,6.00000000
2018-02-27 19:40:13,0.00048624,134.00000000
2018-02-27 19:40:15,0.00048682,2.00000000
2018-02-27 19:40:15,0.00048624,20.00000000
2018-02-27 19:40:15,0.00048624,55.00000000
2018-02-27 19:40:16,0.00048624,100.00000000
2018-02-27 19:40:17,0.00048624,8.00000000
2018-02-27 19:40:18,0.00048624,12.00000000
2018-02-27 19:40:18,0.00048624,185.00000000
2018-02-27 19:40:20,0.00048627,6.00000000
2018-02-27 19:40:20,0.00048682,4.00000000
2018-02-27 19:40:20,0.00048683,24.00000000
2018-02-27 19:40:24,0.00048682,8.00000000
2018-02-27 19:40:24,0.00048681,4.00000000
2018-02-27 19:40:24,0.00048682,2.00000000
2018-02-27 19:40:24,0.00048683,170.00000000
2018-02-27 19:40:24,0.00048688,6.00000000
2018-02-27 19:40:24,0.00048690,299.00000000
2018-02-27 19:40:24,0.00048693,6.00000000
2018-02-27 19:40:24,0.00048698,45.00000000
2018-02-27 19:40:24,0.00048710,88.00000000
2018-02-27 19:40:29,0.00048626,14.00000000
2018-02-27 19:40:30,0.00048626,8.00000000
2018-02-27 19:40:30,0.00048709,10.00000000
2018-02-27 19:40:30,0.00048710,3.00000000
2018-02-27 19:40:30,0.00048626,26.00000000
2018-02-27 19:40:35,0.00048709,5.00000000
2018-02-27 19:40:36,0.00048626,12.00000000
2018-02-27 19:40:38,0.00048629,3.00000000
2018-02-27 19:40:38,0.00048629,251.00000000
2018-02-27 19:40:39,0.00048629,3.00000000
2018-02-27 19:40:39,0.00048629,71.00000000
2018-02-27 19:40:39,0.00048709,15.00000000
2018-02-27 19:40:39,0.00048629,92.00000000
2018-02-27 19:40:39,0.00048624,15.00000000
2018-02-27 19:40:42,0.00048709,10.00000000
2018-02-27 19:40:42,0.00048710,5.00000000
2018-02-27 19:40:42,0.00048630,19.00000000
2018-02-27 19:40:45,0.00048630,1.00000000
2018-02-27 19:40:45,0.00048625,9.00000000
2018-02-27 19:40:46,0.00048625,116.00000000
2018-02-27 19:40:46,0.00048624,18.00000000
2018-02-27 19:40:47,0.00048624,10.00000000
2018-02-27 19:40:48,0.00048624,51.00000000
2018-02-27 19:40:48,0.00048624,32.00000000
2018-02-27 19:40:48,0.00048624,23.00000000
2018-02-27 19:40:49,0.00048624,36.00000000
2018-02-27 19:40:50,0.00048624,10.00000000
2018-02-27 19:40:50,0.00048624,4.00000000
2018-02-27 19:40:50,0.00048707,3.00000000
2018-02-27 19:40:50,0.00048709,13.00000000
2018-02-27 19:40:50,0.00048709,65.00000000
2018-02-27 19:40:50,0.00048624,65.00000000
2018-02-27 19:40:50,0.00048624,20.00000000
2018-02-27 19:40:52,0.00048626,9.00000000
2018-02-27 19:40:52,0.00048626,3.00000000
2018-02-27 19:40:52,0.00048710,100.00000000
2018-02-27 19:40:53,0.00048710,7.00000000
2018-02-27 19:40:54,0.00048626,13.00000000
2018-02-27 19:40:54,0.00048626,185.00000000
2018-02-27 19:40:55,0.00048626,33.00000000
2018-02-27 19:40:56,0.00048626,10.00000000
2018-02-27 19:41:07,0.00048705,3.00000000
2018-02-27 19:41:07,0.00048710,172.00000000
2018-02-27 19:41:11,0.00048698,7.00000000
2018-02-27 19:41:11,0.00048710,1.00000000
2018-02-27 19:41:21,0.00048710,14.00000000
2018-02-27 19:41:24,0.00048700,7.00000000
2018-02-27 19:41:24,0.00048690,3.00000000
2018-02-27 19:41:28,0.00048690,6.00000000
2018-02-27 19:41:28,0.00048631,6.00000000
2018-02-27 19:41:28,0.00048631,85.00000000
2018-02-27 19:41:29,0.00048626,15.00000000
2018-02-27 19:41:29,0.00048626,160.00000000
2018-02-27 19:41:29,0.00048626,472.00000000
2018-02-27 19:41:30,0.00048626,3.00000000
2018-02-27 19:41:32,0.00048626,23.00000000
2018-02-27 19:41:32,0.00048624,23.00000000
2018-02-27 19:41:32,0.00048624,27.00000000
2018-02-27 19:41:34,0.00048624,20.00000000
2018-02-27 19:41:36,0.00048624,3.00000000
2018-02-27 19:41:37,0.00048624,56.00000000
2018-02-27 19:41:37,0.00048624,3.00000000
2018-02-27 19:41:37,0.00048624,8.00000000
2018-02-27 19:41:38,0.00048624,79.00000000
2018-02-27 19:41:45,0.00048700,5.00000000
2018-02-27 19:41:48,0.00048700,29.00000000
2018-02-27 19:41:52,0.00048700,14.00000000
2018-02-27 19:41:52,0.00048710,24.00000000
2018-02-27 19:41:55,0.00048690,6.00000000
2018-02-27 19:41:56,0.00048710,91.00000000
2018-02-27 19:42:00,0.00048710,216.00000000
2018-02-27 19:42:04,0.00048710,52.00000000
2018-02-27 19:42:07,0.00048710,3.00000000
2018-02-27 19:42:10,0.00048711,26.00000000
2018-02-27 19:42:12,0.00048711,3.00000000
2018-02-27 19:42:16,0.00048711,3.00000000
2018-02-27 19:42:17,0.00048711,7.00000000
2018-02-27 19:42:18,0.00048711,314.00000000
2018-02-27 19:42:21,0.00048712,3.00000000
2018-02-27 19:42:21,0.00048750,1.00000000
2018-02-27 19:42:22,0.00048711,47.00000000
2018-02-27 19:42:22,0.00048711,375.00000000
2018-02-27 19:42:25,0.00048711,175.00000000
2018-02-27 19:42:27,0.00048712,3.00000000
2018-02-27 19:42:32,0.00048712,22.00000000
2018-02-27 19:42:32,0.00048713,3.00000000
2018-02-27 19:42:32,0.00048712,6.00000000
2018-02-27 19:42:36,0.00048746,3.00000000
2018-02-27 19:42:36,0.00048750,25.00000000
2018-02-27 19:42:38,0.00048713,4.00000000
2018-02-27 19:42:41,0.00048743,3.00000000
2018-02-27 19:42:41,0.00048745,3.00000000
2018-02-27 19:42:41,0.00048788,30.00000000
2018-02-27 19:42:45,0.00048788,71.00000000
2018-02-27 19:42:45,0.00048788,257.00000000
2018-02-27 19:42:45,0.00048713,12.00000000
2018-02-27 19:42:45,0.00048712,88.00000000
2018-02-27 19:42:53,0.00048776,3.00000000
2018-02-27 19:42:53,0.00048780,3.00000000
2018-02-27 19:42:53,0.00048789,14.00000000
2018-02-27 19:42:56,0.00048715,152.00000000
2018-02-27 19:42:57,0.00048712,855.00000000
2018-02-27 19:42:57,0.00048711,7275.00000000
2018-02-27 19:42:58,0.00048711,549.00000000
2018-02-27 19:42:59,0.00048711,53.00000000
2018-02-27 19:43:02,0.00048711,309.00000000
2018-02-27 19:43:03,0.00048711,35.00000000
2018-02-27 19:43:04,0.00048711,6.00000000
2018-02-27 19:43:04,0.00048711,27.00000000
2018-02-27 19:43:05,0.00048710,133.00000000
2018-02-27 19:43:07,0.00048711,34.00000000
2018-02-27 19:43:07,0.00048711,857.00000000
2018-02-27 19:43:07,0.00048770,3.00000000
2018-02-27 19:43:07,0.00048771,3.00000000
2018-02-27 19:43:07,0.00048788,10.00000000
2018-02-27 19:43:07,0.00048789,3.00000000
2018-02-27 19:43:07,0.00048799,30.00000000
2018-02-27 19:43:07,0.00048800,48.00000000
2018-02-27 19:43:07,0.00048837,1173.00000000
2018-02-27 19:43:10,0.00048833,10.00000000
2018-02-27 19:43:10,0.00048834,10.00000000
2018-02-27 19:43:10,0.00048835,30.00000000
2018-02-27 19:43:10,0.00048836,196.00000000
2018-02-27 19:43:11,0.00048837,82.00000000
2018-02-27 19:43:13,0.00048836,10.00000000
2018-02-27 19:43:13,0.00048837,124.00000000
2018-02-27 19:43:14,0.00048837,7.00000000
2018-02-27 19:43:15,0.00048741,7.00000000
2018-02-27 19:43:15,0.00048837,17.00000000
2018-02-27 19:43:15,0.00048837,88.00000000
2018-02-27 19:43:16,0.00048837,352.00000000
2018-02-27 19:43:18,0.00048836,5.00000000
2018-02-27 19:43:23,0.00048744,10.00000000
2018-02-27 19:43:23,0.00048743,6.00000000
2018-02-27 19:43:24,0.00048738,82.00000000
2018-02-27 19:43:24,0.00048832,1.00000000
2018-02-27 19:43:24,0.00048716,152.00000000
2018-02-27 19:43:30,0.00048732,10.00000000
2018-02-27 19:43:30,0.00048711,752.00000000
2018-02-27 19:43:30,0.00048710,159.00000000
2018-02-27 19:43:30,0.00048710,10.00000000
2018-02-27 19:43:31,0.00048711,17.00000000
2018-02-27 19:43:49,0.00048713,21.00000000
2018-02-27 19:43:51,0.00048714,3.00000000
2018-02-27 19:43:52,0.00048714,314.00000000
2018-02-27 19:43:52,0.00048713,88.00000000
2018-02-27 19:43:53,0.00048713,3.00000000
2018-02-27 19:43:53,0.00048713,3.00000000
2018-02-27 19:43:55,0.00048713,3.00000000
2018-02-27 19:43:55,0.00048713,3.00000000
2018-02-27 19:43:56,0.00048714,3.00000000
2018-02-27 19:43:57,0.00048714,3.00000000
2018-02-27 19:43:58,0.00048793,4.00000000
2018-02-27 19:43:59,0.00048713,6.00000000
2018-02-27 19:43:59,0.00048793,2.00000000
2018-02-27 19:43:59,0.00048798,2.00000000
2018-02-27 19:44:04,0.00048798,6.00000000
2018-02-27 19:44:12,0.00048798,151.00000000
2018-02-27 19:44:12,0.00048798,29.00000000
2018-02-27 19:44:14,0.00048798,20.00000000
2018-02-27 19:44:14,0.00048713,18.00000000
2018-02-27 19:44:14,0.00048712,290.00000000
2018-02-27 19:44:14,0.00048711,624.00000000
2018-02-27 19:44:15,0.00048711,20.00000000
2018-02-27 19:44:17,0.00048711,12.00000000
2018-02-27 19:44:17,0.00048711,9.00000000
2018-02-27 19:44:17,0.00048711,57.00000000
2018-02-27 19:44:17,0.00048711,95.00000000
2018-02-27 19:44:17,0.00048711,3.00000000
2018-02-27 19:44:18,0.00048711,90.00000000
2018-02-27 19:44:18,0.00048710,165.00000000
2018-02-27 19:44:18,0.00048700,68.00000000
2018-02-27 19:44:18,0.00048690,8.00000000
2018-02-27 19:44:18,0.00048634,129.00000000
2018-02-27 19:44:18,0.00048630,10.00000000
2018-02-27 19:44:18,0.00048601,100.00000000
2018-02-27 19:44:18,0.00048600,67.00000000
2018-02-27 19:44:18,0.00048593,78.00000000
2018-02-27 19:44:18,0.00048581,25.00000000
2018-02-27 19:44:18,0.00048579,21.00000000
2018-02-27 19:44:18,0.00048575,19.00000000
2018-02-27 19:44:18,0.00048567,59.00000000
2018-02-27 19:44:18,0.00048566,308.00000000
2018-02-27 19:44:18,0.00048551,14.00000000
2018-02-27 19:44:18,0.00048532,179.00000000
2018-02-27 19:44:19,0.00048710,40.00000000
2018-02-27 19:44:19,0.00048709,30.00000000
2018-02-27 19:44:20,0.00048687,3.00000000
2018-02-27 19:44:21,0.00048686,3.00000000
2018-02-27 19:44:23,0.00048686,49.00000000
2018-02-27 19:44:23,0.00048687,19.00000000
2018-02-27 19:44:24,0.00048687,3.00000000
2018-02-27 19:44:25,0.00048710,30.00000000
2018-02-27 19:44:25,0.00048587,54.00000000
2018-02-27 19:44:25,0.00048710,3.00000000
2018-02-27 19:44:28,0.00048710,27.00000000
2018-02-27 19:44:28,0.00048711,39.00000000
2018-02-27 19:44:28,0.00048604,148.00000000
2018-02-27 19:44:28,0.00048602,20.00000000
2018-02-27 19:44:28,0.00048597,101.00000000
2018-02-27 19:44:34,0.00048598,82.00000000
2018-02-27 19:44:34,0.00048597,101.00000000
2018-02-27 19:44:34,0.00048597,20.00000000
2018-02-27 19:44:34,0.00048597,97.00000000
2018-02-27 19:44:34,0.00048690,20.00000000
2018-02-27 19:44:35,0.00048690,3.00000000
2018-02-27 19:44:35,0.00048690,3.00000000
2018-02-27 19:44:37,0.00048679,176.00000000
2018-02-27 19:44:37,0.00048681,3.00000000
2018-02-27 19:44:37,0.00048681,3.00000000
2018-02-27 19:44:38,0.00048681,3.00000000
2018-02-27 19:44:38,0.00048587,104.00000000
2018-02-27 19:44:38,0.00048587,224.00000000
2018-02-27 19:44:38,0.00048681,1.00000000
2018-02-27 19:44:38,0.00048684,82.00000000
2018-02-27 19:44:38,0.00048705,6.00000000
2018-02-27 19:44:38,0.00048714,30.00000000
2018-02-27 19:44:38,0.00048752,19.00000000
2018-02-27 19:44:38,0.00048776,86.00000000
2018-02-27 19:44:44,0.00048775,10.00000000
2018-02-27 19:44:52,0.00048775,2.00000000
2018-02-27 19:44:52,0.00048731,6.00000000
2018-02-27 19:45:03,0.00048731,15.00000000
2018-02-27 19:45:07,0.00048770,3.00000000
2018-02-27 19:45:07,0.00048773,6.00000000
2018-02-27 19:45:07,0.00048774,3.00000000
2018-02-27 19:45:07,0.00048775,3.00000000
2018-02-27 19:45:07,0.00048784,6.00000000
2018-02-27 19:45:07,0.00048797,59.00000000
2018-02-27 19:45:07,0.00048798,534.00000000
2018-02-27 19:45:08,0.00048798,13.00000000
2018-02-27 19:45:08,0.00048731,80.00000000
2018-02-27 19:45:10,0.00048731,23.00000000
2018-02-27 19:45:12,0.00048766,3.00000000
2018-02-27 19:45:13,0.00048766,18.00000000
2018-02-27 19:45:14,0.00048733,7.00000000
2018-02-27 19:45:14,0.00048798,1213.00000000
2018-02-27 19:45:16,0.00048798,3.00000000
2018-02-27 19:45:19,0.00048731,82.00000000
2018-02-27 19:45:25,0.00048798,20.00000000
2018-02-27 19:45:28,0.00048798,6.00000000
2018-02-27 19:45:29,0.00048804,6.00000000
2018-02-27 19:45:29,0.00048810,6.00000000
2018-02-27 19:45:29,0.00048816,6.00000000
2018-02-27 19:45:29,0.00048829,6.00000000
2018-02-27 19:45:30,0.00048829,302.00000000
2018-02-27 19:45:45,0.00048810,3.00000000
2018-02-27 19:45:45,0.00048833,8.00000000
2018-02-27 19:45:45,0.00048837,431.00000000
2018-02-27 19:45:49,0.00048829,3.00000000
2018-02-27 19:45:50,0.00048837,6.00000000
2018-02-27 19:45:52,0.00048829,21.00000000
2018-02-27 19:45:52,0.00048829,3.00000000
2018-02-27 19:45:53,0.00048829,3.00000000
2018-02-27 19:45:54,0.00048837,9.00000000
2018-02-27 19:45:56,0.00048837,1.00000000
2018-02-27 19:45:57,0.00048829,56.00000000
2018-02-27 19:45:57,0.00048829,100.00000000
2018-02-27 19:45:57,0.00048829,3.00000000
2018-02-27 19:45:59,0.00048837,1309.00000000
2018-02-27 19:46:01,0.00048829,53.00000000
2018-02-27 19:46:02,0.00048829,203.00000000
2018-02-27 19:46:02,0.00048829,57.00000000
2018-02-27 19:46:02,0.00048829,371.00000000
2018-02-27 19:46:03,0.00048829,744.00000000
2018-02-27 19:46:07,0.00048837,5.00000000
2018-02-27 19:46:08,0.00048837,171.00000000
2018-02-27 19:46:12,0.00048829,12.00000000
2018-02-27 19:46:12,0.00048799,55.00000000
2018-02-27 19:46:12,0.00048798,125.00000000
2018-02-27 19:46:13,0.00048828,110.00000000
2018-02-27 19:46:16,0.00048828,18.00000000
2018-02-27 19:46:16,0.00048829,233.00000000
2018-02-27 19:46:17,0.00048800,5.00000000
2018-02-27 19:46:17,0.00048798,516.00000000
2018-02-27 19:46:20,0.00048798,160.00000000
2018-02-27 19:46:23,0.00048798,363.00000000
2018-02-27 19:46:26,0.00048799,1.00000000
2018-02-27 19:46:26,0.00048798,44.00000000
2018-02-27 19:46:28,0.00048732,6.00000000
2018-02-27 19:46:31,0.00048799,3.00000000
2018-02-27 19:46:39,0.00048732,57.00000000
2018-02-27 19:46:39,0.00048731,108.00000000
2018-02-27 19:46:39,0.00048795,3.00000000
2018-02-27 19:46:39,0.00048797,3.00000000
2018-02-27 19:46:39,0.00048799,8.00000000
2018-02-27 19:46:40,0.00048799,439.00000000
2018-02-27 19:46:44,0.00048792,3.00000000
2018-02-27 19:46:49,0.00048790,4.00000000
2018-02-27 19:46:50,0.00048790,2.00000000
2018-02-27 19:46:50,0.00048798,54.00000000
2018-02-27 19:46:50,0.00048799,38.00000000
2018-02-27 19:46:57,0.00048790,1.00000000
2018-02-27 19:46:57,0.00048790,17.00000000
2018-02-27 19:47:00,0.00048797,57.00000000
2018-02-27 19:47:00,0.00048798,23.00000000
2018-02-27 19:47:00,0.00048799,162.00000000
2018-02-27 19:47:00,0.00048800,1019.00000000
2018-02-27 19:47:07,0.00048800,21.00000000
2018-02-27 19:47:07,0.00048800,2941.00000000
2018-02-27 19:47:08,0.00048800,21.00000000
2018-02-27 19:47:11,0.00048799,3.00000000
2018-02-27 19:47:11,0.00048800,7.00000000
2018-02-27 19:47:15,0.00048796,3.00000000
2018-02-27 19:47:15,0.00048800,400.00000000
2018-02-27 19:47:15,0.00048820,3.00000000
2018-02-27 19:47:15,0.00048822,3.00000000
2018-02-27 19:47:15,0.00048824,3.00000000
2018-02-27 19:47:15,0.00048827,3.00000000
2018-02-27 19:47:15,0.00048828,69.00000000
2018-02-27 19:47:15,0.00048834,3.00000000
2018-02-27 19:47:15,0.00048837,212.00000000
2018-02-27 19:47:15,0.00048837,213.00000000
2018-02-27 19:47:15,0.00048838,13.00000000
2018-02-27 19:47:15,0.00048838,50.00000000
2018-02-27 19:47:15,0.00048838,43.00000000
2018-02-27 19:47:18,0.00048857,4.00000000
2018-02-27 19:47:20,0.00048864,213.00000000
2018-02-27 19:47:21,0.00048864,106.00000000
2018-02-27 19:47:21,0.00048864,33.00000000
2018-02-27 19:47:21,0.00048890,5.00000000
2018-02-27 19:47:23,0.00048900,26.00000000
2018-02-27 19:47:23,0.00048899,8.00000000
2018-02-27 19:47:23,0.00048899,2.00000000
2018-02-27 19:47:24,0.00048890,3.00000000
2018-02-27 19:47:26,0.00048927,19.00000000
2018-02-27 19:47:27,0.00048890,8.00000000
2018-02-27 19:47:27,0.00048927,78.00000000
2018-02-27 19:47:28,0.00048927,20.00000000
2018-02-27 19:47:28,0.00048927,4.00000000
2018-02-27 19:47:29,0.00048900,26.00000000
2018-02-27 19:47:34,0.00048890,9.00000000
2018-02-27 19:47:34,0.00048890,608.00000000
2018-02-27 19:47:35,0.00048923,3.00000000
2018-02-27 19:47:35,0.00048926,3.00000000
2018-02-27 19:47:35,0.00048927,1.00000000
2018-02-27 19:47:36,0.00048839,30.00000000
2018-02-27 19:47:36,0.00048838,164.00000000
2018-02-27 19:47:36,0.00048801,58.00000000
2018-02-27 19:47:36,0.00048800,409.00000000
2018-02-27 19:47:36,0.00048790,6.00000000
2018-02-27 19:47:36,0.00048788,19.00000000
2018-02-27 19:47:36,0.00048786,86.00000000
2018-02-27 19:47:36,0.00048720,506.00000000
2018-02-27 19:47:36,0.00048715,349.00000000
2018-02-27 19:47:36,0.00048714,57.00000000
2018-02-27 19:47:36,0.00048713,500.00000000
2018-02-27 19:47:36,0.00048711,30.00000000
2018-02-27 19:47:36,0.00048710,39.00000000
2018-02-27 19:47:36,0.00048702,14.00000000
2018-02-27 19:47:36,0.00048701,82.00000000
2018-02-27 19:47:36,0.00048686,10.00000000
2018-02-27 19:47:36,0.00048658,303.00000000
2018-02-27 19:47:38,0.00048687,11.00000000
2018-02-27 19:47:38,0.00048667,15.00000000
2018-02-27 19:47:40,0.00048883,10.00000000
2018-02-27 19:47:40,0.00048900,82.00000000
2018-02-27 19:47:40,0.00048903,19.00000000
2018-02-27 19:47:40,0.00048906,129.00000000
2018-02-27 19:47:40,0.00048917,116.00000000
2018-02-27 19:47:40,0.00048918,30.00000000
2018-02-27 19:47:40,0.00048919,355.00000000
2018-02-27 19:47:40,0.00048921,3.00000000
2018-02-27 19:47:40,0.00048927,51.00000000
2018-02-27 19:47:40,0.00048960,478.00000000
2018-02-27 19:47:40,0.00048964,2.00000000
2018-02-27 19:47:40,0.00048990,104.00000000
2018-02-27 19:47:40,0.00048999,2452.00000000
2018-02-27 19:47:40,0.00049000,2193.00000000
2018-02-27 19:47:40,0.00049025,13.00000000
2018-02-27 19:47:40,0.00049000,512.00000000
2018-02-27 19:47:40,0.00049000,30.00000000
2018-02-27 19:47:40,0.00049000,451.00000000
2018-02-27 19:47:40,0.00049000,1078.00000000
2018-02-27 19:47:40,0.00049000,19.00000000
2018-02-27 19:47:40,0.00049000,349.00000000
2018-02-27 19:47:40,0.00049001,25.00000000
2018-02-27 19:47:41,0.00049001,15.00000000
2018-02-27 19:47:41,0.00049000,327.00000000
2018-02-27 19:47:41,0.00049001,3.00000000
2018-02-27 19:47:41,0.00049001,6.00000000
2018-02-27 19:47:41,0.00049001,21.00000000
2018-02-27 19:47:42,0.00049001,25.00000000
2018-02-27 19:47:42,0.00049001,5.00000000
2018-02-27 19:47:42,0.00049001,30.00000000
2018-02-27 19:47:42,0.00049023,15.00000000
2018-02-27 19:47:42,0.00049025,13.00000000
2018-02-27 19:47:42,0.00049029,6.00000000
2018-02-27 19:47:42,0.00049065,16.00000000
2018-02-27 19:47:42,0.00049110,17.00000000
2018-02-27 19:47:42,0.00049128,41.00000000
2018-02-27 19:47:42,0.00049001,30.00000000
2018-02-27 19:47:42,0.00049001,30.00000000
2018-02-27 19:47:42,0.00049000,96.00000000
2018-02-27 19:47:43,0.00049002,42.00000000
2018-02-27 19:47:43,0.00049002,8.00000000
2018-02-27 19:47:43,0.00049002,9.00000000
2018-02-27 19:47:43,0.00049003,81.00000000
2018-02-27 19:47:43,0.00049002,144.00000000
2018-02-27 19:47:43,0.00049000,461.00000000
2018-02-27 19:47:43,0.00049000,2.00000000
2018-02-27 19:47:44,0.00049125,5.00000000
2018-02-27 19:47:45,0.00049000,3.00000000
2018-02-27 19:47:45,0.00049000,4.00000000
2018-02-27 19:47:45,0.00049000,3.00000000
2018-02-27 19:47:46,0.00049000,66.00000000
2018-02-27 19:47:47,0.00049000,275.00000000
2018-02-27 19:47:47,0.00048945,19.00000000
2018-02-27 19:47:47,0.00048889,9.00000000
2018-02-27 19:47:48,0.00048927,20.00000000
2018-02-27 19:47:48,0.00048927,62.00000000
2018-02-27 19:47:48,0.00048927,12.00000000
2018-02-27 19:47:48,0.00048928,20.00000000
2018-02-27 19:47:48,0.00049113,198.00000000
2018-02-27 19:47:48,0.00049115,40.00000000
2018-02-27 19:47:48,0.00049118,81.00000000
2018-02-27 19:47:48,0.00049128,606.00000000
2018-02-27 19:47:48,0.00049115,30.00000000
2018-02-27 19:47:48,0.00049119,12.00000000
2018-02-27 19:47:48,0.00048930,12.00000000
2018-02-27 19:47:48,0.00048930,12.00000000
2018-02-27 19:47:49,0.00048934,9.00000000
2018-02-27 19:47:50,0.00049090,19.00000000
2018-02-27 19:47:50,0.00049117,10.00000000
2018-02-27 19:47:50,0.00049119,12.00000000
2018-02-27 19:47:50,0.00049124,9.00000000
2018-02-27 19:47:50,0.00049125,5.00000000
2018-02-27 19:47:50,0.00049127,30.00000000
2018-02-27 19:47:50,0.00049128,48.00000000
2018-02-27 19:47:51,0.00049127,4.00000000
2018-02-27 19:47:52,0.00049001,8.00000000
2018-02-27 19:47:52,0.00049024,7.00000000
2018-02-27 19:47:53,0.00049001,30.00000000
2018-02-27 19:47:53,0.00049000,111.00000000
2018-02-27 19:47:54,0.00049000,133.00000000
2018-02-27 19:47:54,0.00048997,30.00000000
2018-02-27 19:47:57,0.00049021,17.00000000
2018-02-27 19:47:58,0.00049021,49.00000000
2018-02-27 19:48:03,0.00049018,3.00000000
2018-02-27 19:48:04,0.00048906,6.00000000
2018-02-27 19:48:05,0.00049018,9.00000000
2018-02-27 19:48:06,0.00049018,3.00000000
2018-02-27 19:48:06,0.00049018,66.00000000
2018-02-27 19:48:12,0.00048929,10.00000000
2018-02-27 19:48:12,0.00048920,18.00000000
2018-02-27 19:48:12,0.00048904,53.00000000
2018-02-27 19:48:13,0.00049013,25.00000000
2018-02-27 19:48:15,0.00048912,61.00000000
2018-02-27 19:48:19,0.00049001,6.00000000
2018-02-27 19:48:19,0.00049001,6.00000000
2018-02-27 19:48:19,0.00049006,58.00000000
2018-02-27 19:48:20,0.00048910,10.00000000
2018-02-27 19:48:21,0.00049003,9.00000000
2018-02-27 19:48:21,0.00049005,4.00000000
2018-02-27 19:48:23,0.00049001,24.00000000
2018-02-27 19:48:30,0.00048998,10.00000000
2018-02-27 19:48:30,0.00048999,13.00000000
2018-02-27 19:48:30,0.00049001,118.00000000
2018-02-27 19:48:32,0.00048997,57.00000000
2018-02-27 19:48:32,0.00049000,5.00000000
2018-02-27 19:48:32,0.00049001,63.00000000
2018-02-27 19:48:33,0.00049001,121.00000000
2018-02-27 19:48:36,0.00049001,65.00000000
2018-02-27 19:48:36,0.00049000,12.00000000
2018-02-27 19:48:36,0.00048930,10.00000000
2018-02-27 19:48:36,0.00048929,98.00000000
2018-02-27 19:48:39,0.00049010,50.00000000
2018-02-27 19:48:41,0.00049010,64.00000000
2018-02-27 19:48:41,0.00049011,6.00000000
2018-02-27 19:48:41,0.00049014,6.00000000
2018-02-27 19:48:41,0.00049020,3.00000000
2018-02-27 19:48:41,0.00049023,56.00000000
2018-02-27 19:48:42,0.00048930,6.00000000
2018-02-27 19:48:43,0.00049023,44.00000000
2018-02-27 19:48:49,0.00049023,8.00000000
2018-02-27 19:48:50,0.00049023,4.00000000
2018-02-27 19:48:50,0.00049023,20.00000000
2018-02-27 19:48:53,0.00049020,3.00000000
2018-02-27 19:48:54,0.00049023,35.00000000
2018-02-27 19:48:54,0.00049026,4.00000000
2018-02-27 19:48:54,0.00049027,8.00000000
2018-02-27 19:49:06,0.00049015,3.00000000
2018-02-27 19:49:07,0.00049015,80.00000000
2018-02-27 19:49:07,0.00049017,3.00000000
2018-02-27 19:49:07,0.00049027,20.00000000
2018-02-27 19:49:07,0.00049029,34.00000000
2018-02-27 19:49:07,0.00049095,86.00000000
2018-02-27 19:49:09,0.00048947,15.00000000
2018-02-27 19:49:20,0.00049092,1.00000000
2018-02-27 19:49:23,0.00049027,30.00000000
2018-02-27 19:49:29,0.00049028,45.00000000
2018-02-27 19:49:29,0.00049004,24.00000000
2018-02-27 19:49:29,0.00049004,5.00000000
2018-02-27 19:49:31,0.00049002,14.00000000
2018-02-27 19:49:31,0.00049004,16.00000000
2018-02-27 19:49:32,0.00049004,16.00000000
2018-02-27 19:49:32,0.00048948,10.00000000
2018-02-27 19:49:32,0.00048947,40.00000000
2018-02-27 19:49:36,0.00049004,7.00000000
2018-02-27 19:49:36,0.00049004,608.00000000
2018-02-27 19:49:36,0.00049004,391.00000000
2018-02-27 19:49:36,0.00049004,9.00000000
2018-02-27 19:49:46,0.00049002,3.00000000
2018-02-27 19:49:51,0.00049003,6.00000000
2018-02-27 19:49:51,0.00049003,8.00000000
2018-02-27 19:49:51,0.00049002,197.00000000
2018-02-27 19:49:53,0.00049002,61.00000000
2018-02-27 19:49:59,0.00049000,3.00000000
2018-02-27 19:50:02,0.00049002,463.00000000
2018-02-27 19:50:02,0.00049004,6.00000000
2018-02-27 19:50:02,0.00049005,3.00000000
2018-02-27 19:50:02,0.00049027,97.00000000
2018-02-27 19:50:02,0.00049032,3.00000000
2018-02-27 19:50:02,0.00049033,66.00000000
2018-02-27 19:50:02,0.00049000,3.00000000
2018-02-27 19:50:06,0.00049001,3.00000000
2018-02-27 19:50:07,0.00049091,29.00000000
2018-02-27 19:50:10,0.00049001,3.00000000
2018-02-27 19:50:12,0.00049091,52.00000000
2018-02-27 19:50:12,0.00049092,47.00000000
2018-02-27 19:50:13,0.00049001,3.00000000
2018-02-27 19:50:16,0.00049001,3.00000000
2018-02-27 19:50:17,0.00049091,15.00000000
2018-02-27 19:50:19,0.00049002,11.00000000
2018-02-27 19:50:19,0.00049001,77.00000000
2018-02-27 19:50:25,0.00048976,3.00000000
2018-02-27 19:50:26,0.00049090,8.00000000
2018-02-27 19:50:26,0.00049091,30.00000000
2018-02-27 19:50:26,0.00049092,337.00000000
2018-02-27 19:50:26,0.00049100,4998.00000000
2018-02-27 19:50:26,0.00049100,30.00000000
2018-02-27 19:50:26,0.00049100,30.00000000
2018-02-27 19:50:26,0.00049100,30.00000000
2018-02-27 19:50:26,0.00049100,20.00000000
2018-02-27 19:50:26,0.00049100,11.00000000
2018-02-27 19:50:32,0.00049102,6.00000000
2018-02-27 19:50:32,0.00049102,12.00000000
2018-02-27 19:50:36,0.00049102,5.00000000
2018-02-27 19:50:36,0.00049102,3.00000000
2018-02-27 19:50:36,0.00049102,43.00000000
2018-02-27 19:50:37,0.00049125,9.00000000
2018-02-27 19:50:43,0.00049124,3.00000000
2018-02-27 19:50:47,0.00049120,3.00000000
2018-02-27 19:50:47,0.00049122,2.00000000
2018-02-27 19:50:49,0.00049122,1.00000000
2018-02-27 19:50:49,0.00049125,29.00000000
2018-02-27 19:50:56,0.00049116,3.00000000
2018-02-27 19:50:56,0.00049118,3.00000000
2018-02-27 19:50:56,0.00049122,25.00000000
2018-02-27 19:50:56,0.00049125,178.00000000
2018-02-27 19:51:02,0.00049125,256.00000000
2018-02-27 19:51:02,0.00049121,312.00000000
2018-02-27 19:51:02,0.00049120,9.00000000
2018-02-27 19:51:02,0.00049128,30.00000000
2018-02-27 19:51:05,0.00049120,695.00000000
2018-02-27 19:51:06,0.00049120,20.00000000
2018-02-27 19:51:07,0.00049127,17.00000000
2018-02-27 19:51:08,0.00049127,307.00000000
2018-02-27 19:51:08,0.00049128,2693.00000000
2018-02-27 19:51:10,0.00049128,7.00000000
2018-02-27 19:51:10,0.00049121,116.00000000
2018-02-27 19:51:10,0.00049128,25.00000000
2018-02-27 19:51:10,0.00049121,3.00000000
2018-02-27 19:51:11,0.00049121,3.00000000
2018-02-27 19:51:12,0.00049121,78.00000000
2018-02-27 19:51:13,0.00049128,200.00000000
2018-02-27 19:51:14,0.00049121,5.00000000
2018-02-27 19:51:15,0.00049121,5.00000000
2018-02-27 19:51:15,0.00049125,5.00000000
2018-02-27 19:51:15,0.00049121,332.00000000
2018-02-27 19:51:15,0.00049120,2032.00000000
2018-02-27 19:51:18,0.00049116,21.00000000
2018-02-27 19:51:18,0.00049105,400.00000000
2018-02-27 19:51:18,0.00049103,100.00000000
2018-02-27 19:51:18,0.00049102,3.00000000
2018-02-27 19:51:19,0.00049100,79.00000000
2018-02-27 19:51:19,0.00049120,73.00000000
2018-02-27 19:51:20,0.00049008,3.00000000
2018-02-27 19:51:23,0.00049019,30.00000000
2018-02-27 19:51:25,0.00049019,10.00000000
2018-02-27 19:51:28,0.00049021,100.00000000
2018-02-27 19:51:31,0.00049019,6.00000000
2018-02-27 19:51:34,0.00049019,24.00000000
2018-02-27 19:51:35,0.00049019,82.00000000
2018-02-27 19:51:35,0.00049007,218.00000000
2018-02-27 19:51:40,0.00049019,156.00000000
2018-02-27 19:51:43,0.00049007,6.00000000
2018-02-27 19:51:44,0.00049007,89.00000000
2018-02-27 19:51:48,0.00049009,10.00000000
2018-02-27 19:51:48,0.00049007,36.00000000
2018-02-27 19:51:48,0.00049019,275.00000000
2018-02-27 19:51:49,0.00049012,61.00000000
