DATE,PRICE,VOLUME
2018-02-27 14:00:00,0.00048400,10.00000000
2018-02-27 14:00:01,0.00048400,12.00000000
2018-02-27 14:00:04,0.00048400,6.00000000
2018-02-27 14:00:04,0.00048400,10.00000000
2018-02-27 14:00:04,0.00048398,49.00000000
2018-02-27 14:00:04,0.00048394,11.00000000
2018-02-27 14:00:04,0.00048340,231.00000000
2018-02-27 14:00:06,0.00048340,4166.00000000
2018-02-27 14:00:06,0.00048340,5.00000000
2018-02-27 14:00:06,0.00048340,74.00000000
2018-02-27 14:00:06,0.00048340,5.00000000
2018-02-27 14:00:09,0.00048336,731.00000000
2018-02-27 14:00:10,0.00048336,877.00000000
2018-02-27 14:00:10,0.00048333,100.00000000
2018-02-27 14:00:10,0.00048312,37.00000000
2018-02-27 14:00:10,0.00048310,211.00000000
2018-02-27 14:00:10,0.00048303,78.00000000
2018-02-27 14:00:10,0.00048300,348.00000000
2018-02-27 14:00:11,0.00048300,56.00000000
2018-02-27 14:00:11,0.00048300,18.00000000
2018-02-27 14:00:12,0.00048300,9.00000000
2018-02-27 14:00:12,0.00048300,113.00000000
2018-02-27 14:00:14,0.00048300,100.00000000
2018-02-27 14:00:14,0.00048300,4.00000000
2018-02-27 14:00:15,0.00048300,10.00000000
2018-02-27 14:00:15,0.00048283,4.00000000
2018-02-27 14:00:16,0.00048300,98.00000000
2018-02-27 14:00:16,0.00048284,10.00000000
2018-02-27 14:00:16,0.00048300,11.00000000
2018-02-27 14:00:17,0.00048299,3.00000000
2018-02-27 14:00:17,0.00048397,3.00000000
2018-02-27 14:00:17,0.00048397,3.00000000
2018-02-27 14:00:17,0.00048299,82.00000000
2018-02-27 14:00:17,0.00048397,8.00000000
2018-02-27 14:00:18,0.00048397,68.00000000
2018-02-27 14:00:18,0.00048398,20.00000000
2018-02-27 14:00:18,0.00048398,6.00000000
2018-02-27 14:00:19,0.00048399,8.00000000
2018-02-27 14:00:20,0.00048302,118.00000000
2018-02-27 14:00:20,0.00048300,14.00000000
2018-02-27 14:00:20,0.00048286,30.00000000
2018-02-27 14:00:20,0.00048278,10.00000000
2018-02-27 14:00:20,0.00048272,150.00000000
2018-02-27 14:00:20,0.00048269,2837.00000000
2018-02-27 14:00:20,0.00048257,101.00000000
2018-02-27 14:00:20,0.00048254,33.00000000
2018-02-27 14:00:20,0.00048253,4.00000000
2018-02-27 14:00:20,0.00048251,529.00000000
2018-02-27 14:00:20,0.00048250,5.00000000
2018-02-27 14:00:20,0.00048243,3.00000000
2018-02-27 14:00:20,0.00048240,8.00000000
2018-02-27 14:00:20,0.00048220,37.00000000
2018-02-27 14:00:20,0.00048250,4.00000000
2018-02-27 14:00:20,0.00048250,30.00000000
2018-02-27 14:00:20,0.00048250,30.00000000
2018-02-27 14:00:20,0.00048250,1312.00000000
2018-02-27 14:00:21,0.00048397,8.00000000
2018-02-27 14:00:21,0.00048397,10.00000000
2018-02-27 14:00:21,0.00048397,3.00000000
2018-02-27 14:00:22,0.00048300,16.00000000
2018-02-27 14:00:22,0.00048397,5.00000000
2018-02-27 14:00:22,0.00048300,1395.00000000
2018-02-27 14:00:22,0.00048287,3.00000000
2018-02-27 14:00:22,0.00048281,30.00000000
2018-02-27 14:00:22,0.00048223,13.00000000
2018-02-27 14:00:22,0.00048220,464.00000000
2018-02-27 14:00:22,0.00048211,176.00000000
2018-02-27 14:00:22,0.00048207,19.00000000
2018-02-27 14:00:22,0.00048200,121.00000000
2018-02-27 14:00:22,0.00048300,8.00000000
2018-02-27 14:00:22,0.00048300,362.00000000
2018-02-27 14:00:22,0.00048396,4.00000000
2018-02-27 14:00:23,0.00048394,20.00000000
2018-02-27 14:00:23,0.00048394,13.00000000
2018-02-27 14:00:23,0.00048394,19.00000000
2018-02-27 14:00:23,0.00048393,10.00000000
2018-02-27 14:00:23,0.00048394,6.00000000
2018-02-27 14:00:23,0.00048396,10.00000000
2018-02-27 14:00:23,0.00048397,30.00000000
2018-02-27 14:00:23,0.00048399,52.00000000
2018-02-27 14:00:23,0.00048400,106.00000000
2018-02-27 14:00:23,0.00048393,20.00000000
2018-02-27 14:00:24,0.00048370,19.00000000
2018-02-27 14:00:24,0.00048393,10.00000000
2018-02-27 14:00:25,0.00048368,8.00000000
2018-02-27 14:00:25,0.00048368,5.00000000
2018-02-27 14:00:25,0.00048368,76.00000000
2018-02-27 14:00:25,0.00048368,30.00000000
2018-02-27 14:00:25,0.00048393,1.00000000
2018-02-27 14:00:25,0.00048393,16.00000000
2018-02-27 14:00:26,0.00048251,30.00000000
2018-02-27 14:00:27,0.00048399,10.00000000
2018-02-27 14:00:28,0.00048399,9.00000000
2018-02-27 14:00:28,0.00048302,205.00000000
2018-02-27 14:00:28,0.00048300,233.00000000
2018-02-27 14:00:28,0.00048400,29.00000000
2018-02-27 14:00:28,0.00048301,10.00000000
2018-02-27 14:00:28,0.00048300,5.00000000
2018-02-27 14:00:29,0.00048398,22.00000000
2018-02-27 14:00:29,0.00048398,9.00000000
2018-02-27 14:00:33,0.00048391,60.00000000
2018-02-27 14:00:34,0.00048310,19.00000000
2018-02-27 14:00:34,0.00048310,7.00000000
2018-02-27 14:00:34,0.00048310,1.00000000
2018-02-27 14:00:34,0.00048390,19.00000000
2018-02-27 14:00:34,0.00048388,28.00000000
2018-02-27 14:00:35,0.00048388,4.00000000
2018-02-27 14:00:35,0.00048388,72.00000000
2018-02-27 14:00:35,0.00048301,1091.00000000
2018-02-27 14:00:35,0.00048300,10.00000000
2018-02-27 14:00:36,0.00048300,1795.00000000
2018-02-27 14:00:37,0.00048300,5.00000000
2018-02-27 14:00:38,0.00048300,36.00000000
2018-02-27 14:00:39,0.00048300,600.00000000
2018-02-27 14:00:41,0.00048300,4.00000000
2018-02-27 14:00:42,0.00048300,10.00000000
2018-02-27 14:00:44,0.00048300,33.00000000
2018-02-27 14:00:45,0.00048300,4.00000000
2018-02-27 14:00:45,0.00048300,207.00000000
2018-02-27 14:00:46,0.00048251,11.00000000
2018-02-27 14:00:46,0.00048250,12.00000000
2018-02-27 14:00:46,0.00048241,37.00000000
2018-02-27 14:00:46,0.00048233,284.00000000
2018-02-27 14:00:46,0.00048223,25.00000000
2018-02-27 14:00:46,0.00048200,631.00000000
2018-02-27 14:00:46,0.00048300,111.00000000
2018-02-27 14:00:46,0.00048300,1624.00000000
2018-02-27 14:00:46,0.00048301,254.00000000
2018-02-27 14:00:46,0.00048346,82.00000000
2018-02-27 14:00:46,0.00048350,18.00000000
2018-02-27 14:00:46,0.00048391,177.00000000
2018-02-27 14:00:49,0.00048229,30.00000000
2018-02-27 14:00:49,0.00048229,30.00000000
2018-02-27 14:00:49,0.00048229,30.00000000
2018-02-27 14:00:49,0.00048229,30.00000000
2018-02-27 14:00:49,0.00048229,121.00000000
2018-02-27 14:00:50,0.00048251,30.00000000
2018-02-27 14:00:50,0.00048251,26.00000000
2018-02-27 14:00:50,0.00048251,17.00000000
2018-02-27 14:00:50,0.00048251,46.00000000
2018-02-27 14:00:52,0.00048251,11.00000000
2018-02-27 14:00:56,0.00048290,9.00000000
2018-02-27 14:00:56,0.00048290,328.00000000
2018-02-27 14:00:58,0.00048290,12.00000000
2018-02-27 14:00:59,0.00048275,5.00000000
2018-02-27 14:00:59,0.00048252,41.00000000
2018-02-27 14:00:59,0.00048251,426.00000000
2018-02-27 14:00:59,0.00048250,320.00000000
2018-02-27 14:00:59,0.00048220,82.00000000
2018-02-27 14:00:59,0.00048203,59.00000000
2018-02-27 14:00:59,0.00048200,703.00000000
2018-02-27 14:00:59,0.00048180,100.00000000
2018-02-27 14:00:59,0.00048154,457.00000000
2018-02-27 14:00:59,0.00048150,677.00000000
2018-02-27 14:00:59,0.00048281,5.00000000
2018-02-27 14:01:00,0.00048281,5.00000000
2018-02-27 14:01:00,0.00048282,4.00000000
2018-02-27 14:01:00,0.00048289,7.00000000
2018-02-27 14:01:01,0.00048241,101.00000000
2018-02-27 14:01:01,0.00048193,83.00000000
2018-02-27 14:01:01,0.00048289,23.00000000
2018-02-27 14:01:01,0.00048290,20.00000000
2018-02-27 14:01:03,0.00048197,446.00000000
2018-02-27 14:01:04,0.00048199,10.00000000
2018-02-27 14:01:04,0.00048194,83.00000000
2018-02-27 14:01:04,0.00048159,30.00000000
2018-02-27 14:01:04,0.00048156,83.00000000
2018-02-27 14:01:04,0.00048150,1926.00000000
2018-02-27 14:01:05,0.00048278,10.00000000
2018-02-27 14:01:06,0.00048278,83.00000000
2018-02-27 14:01:06,0.00048279,4.00000000
2018-02-27 14:01:08,0.00048170,205.00000000
2018-02-27 14:01:08,0.00048168,83.00000000
2018-02-27 14:01:08,0.00048165,20.00000000
2018-02-27 14:01:08,0.00048153,195.00000000
2018-02-27 14:01:08,0.00048153,20.00000000
2018-02-27 14:01:08,0.00048153,430.00000000
2018-02-27 14:01:08,0.00048153,195.00000000
2018-02-27 14:01:08,0.00048153,62.00000000
2018-02-27 14:01:08,0.00048153,765.00000000
2018-02-27 14:01:10,0.00048283,40.00000000
2018-02-27 14:01:10,0.00048279,165.00000000
2018-02-27 14:01:12,0.00048154,23.00000000
2018-02-27 14:01:12,0.00048153,207.00000000
2018-02-27 14:01:12,0.00048150,3048.00000000
2018-02-27 14:01:13,0.00048150,14.00000000
2018-02-27 14:01:13,0.00048149,10.00000000
2018-02-27 14:01:13,0.00048150,3.00000000
2018-02-27 14:01:13,0.00048274,20.00000000
2018-02-27 14:01:13,0.00048274,3.00000000
2018-02-27 14:01:13,0.00048275,68.00000000
2018-02-27 14:01:14,0.00048272,20.00000000
2018-02-27 14:01:15,0.00048267,139.00000000
2018-02-27 14:01:15,0.00048269,68.00000000
2018-02-27 14:01:17,0.00048161,63.00000000
2018-02-27 14:01:18,0.00048265,1.00000000
2018-02-27 14:01:20,0.00048271,15.00000000
2018-02-27 14:01:20,0.00048272,104.00000000
2018-02-27 14:01:21,0.00048272,13.00000000
2018-02-27 14:01:22,0.00048272,5.00000000
2018-02-27 14:01:24,0.00048272,10.00000000
2018-02-27 14:01:24,0.00048278,59.00000000
2018-02-27 14:01:24,0.00048279,382.00000000
2018-02-27 14:01:24,0.00048278,30.00000000
2018-02-27 14:01:24,0.00048279,24.00000000
2018-02-27 14:01:26,0.00048277,63.00000000
2018-02-27 14:01:26,0.00048279,19.00000000
2018-02-27 14:01:27,0.00048275,43.00000000
2018-02-27 14:01:29,0.00048177,203.00000000
2018-02-27 14:01:29,0.00048175,83.00000000
2018-02-27 14:01:29,0.00048165,168.00000000
2018-02-27 14:01:30,0.00048267,16.00000000
2018-02-27 14:01:30,0.00048267,24.00000000
2018-02-27 14:01:31,0.00048267,163.00000000
2018-02-27 14:01:31,0.00048269,83.00000000
2018-02-27 14:01:31,0.00048272,107.00000000
2018-02-27 14:01:35,0.00048173,11.00000000
2018-02-27 14:01:35,0.00048170,83.00000000
2018-02-27 14:01:35,0.00048166,11.00000000
2018-02-27 14:01:35,0.00048165,800.00000000
2018-02-27 14:01:35,0.00048158,10.00000000
2018-02-27 14:01:35,0.00048158,28.00000000
2018-02-27 14:01:35,0.00048151,1001.00000000
2018-02-27 14:01:35,0.00048151,47.00000000
2018-02-27 14:01:36,0.00048150,83.00000000
2018-02-27 14:01:37,0.00048165,18.00000000
2018-02-27 14:01:37,0.00048165,165.00000000
2018-02-27 14:01:37,0.00048165,7.00000000
2018-02-27 14:01:39,0.00048165,19.00000000
2018-02-27 14:01:39,0.00048165,4.00000000
2018-02-27 14:01:40,0.00048165,15.00000000
2018-02-27 14:01:40,0.00048133,100.00000000
2018-02-27 14:01:40,0.00048130,104.00000000
2018-02-27 14:01:40,0.00048126,128.00000000
2018-02-27 14:01:40,0.00048123,478.00000000
2018-02-27 14:01:40,0.00048120,293.00000000
2018-02-27 14:01:40,0.00048119,326.00000000
2018-02-27 14:01:40,0.00048111,200.00000000
2018-02-27 14:01:40,0.00048110,41.00000000
2018-02-27 14:01:40,0.00048109,19.00000000
2018-02-27 14:01:40,0.00048108,22.00000000
2018-02-27 14:01:40,0.00048106,5.00000000
2018-02-27 14:01:40,0.00048104,865.00000000
2018-02-27 14:01:41,0.00048165,20.00000000
2018-02-27 14:01:42,0.00048165,173.00000000
2018-02-27 14:01:43,0.00048165,1.00000000
2018-02-27 14:01:43,0.00048165,131.00000000
2018-02-27 14:01:43,0.00048158,65.00000000
2018-02-27 14:01:43,0.00048151,11.00000000
2018-02-27 14:01:43,0.00048104,30.00000000
2018-02-27 14:01:43,0.00048103,6.00000000
2018-02-27 14:01:43,0.00048100,120.00000000
2018-02-27 14:01:43,0.00048100,473.00000000
2018-02-27 14:01:43,0.00048100,200.00000000
2018-02-27 14:01:44,0.00048100,626.00000000
2018-02-27 14:01:44,0.00048165,444.00000000
2018-02-27 14:01:45,0.00048100,77.00000000
2018-02-27 14:01:45,0.00048165,22.00000000
2018-02-27 14:01:46,0.00048100,302.00000000
2018-02-27 14:01:46,0.00048100,3813.00000000
2018-02-27 14:01:47,0.00048165,207.00000000
2018-02-27 14:01:47,0.00048165,2392.00000000
2018-02-27 14:01:47,0.00048100,295.00000000
2018-02-27 14:01:47,0.00048165,133.00000000
2018-02-27 14:01:48,0.00048165,50.00000000
2018-02-27 14:01:48,0.00048150,23.00000000
2018-02-27 14:01:49,0.00048150,27.00000000
2018-02-27 14:01:49,0.00048164,3.00000000
2018-02-27 14:01:49,0.00048164,18.00000000
2018-02-27 14:01:49,0.00048164,387.00000000
2018-02-27 14:01:49,0.00048165,222.00000000
2018-02-27 14:01:50,0.00048165,100.00000000
2018-02-27 14:01:51,0.00048150,207.00000000
2018-02-27 14:01:52,0.00048101,4.00000000
2018-02-27 14:01:52,0.00048100,30.00000000
2018-02-27 14:01:54,0.00048150,40.00000000
2018-02-27 14:01:54,0.00048150,255.00000000
2018-02-27 14:01:55,0.00048150,3.00000000
2018-02-27 14:01:55,0.00048109,10.00000000
2018-02-27 14:01:55,0.00048105,10.00000000
2018-02-27 14:01:55,0.00048100,63.00000000
2018-02-27 14:01:55,0.00048150,4.00000000
2018-02-27 14:01:56,0.00048165,1.00000000
2018-02-27 14:01:56,0.00048165,207.00000000
2018-02-27 14:01:57,0.00048105,5.00000000
2018-02-27 14:01:57,0.00048100,626.00000000
2018-02-27 14:01:58,0.00048105,5.00000000
2018-02-27 14:01:58,0.00048105,100.00000000
2018-02-27 14:01:59,0.00048105,21.00000000
2018-02-27 14:01:59,0.00048105,9.00000000
2018-02-27 14:02:01,0.00048105,36.00000000
2018-02-27 14:02:01,0.00048150,94.00000000
2018-02-27 14:02:01,0.00048165,9224.00000000
2018-02-27 14:02:01,0.00048165,700.00000000
2018-02-27 14:02:02,0.00048105,29.00000000
2018-02-27 14:02:02,0.00048101,85.00000000
2018-02-27 14:02:02,0.00048100,3201.00000000
2018-02-27 14:02:02,0.00048165,167.00000000
2018-02-27 14:02:02,0.00048165,276.00000000
2018-02-27 14:02:03,0.00048165,1655.00000000
2018-02-27 14:02:03,0.00048165,37.00000000
2018-02-27 14:02:03,0.00048200,71.00000000
2018-02-27 14:02:04,0.00048200,4.00000000
2018-02-27 14:02:04,0.00048210,868.00000000
2018-02-27 14:02:05,0.00048210,207.00000000
2018-02-27 14:02:06,0.00048210,5.00000000
2018-02-27 14:02:07,0.00048169,10.00000000
2018-02-27 14:02:07,0.00048210,720.00000000
2018-02-27 14:02:07,0.00048210,39.00000000
2018-02-27 14:02:08,0.00048255,70.00000000
2018-02-27 14:02:08,0.00048255,23.00000000
2018-02-27 14:02:08,0.00048255,13.00000000
2018-02-27 14:02:08,0.00048256,13.00000000
2018-02-27 14:02:08,0.00048277,645.00000000
2018-02-27 14:02:08,0.00048279,2855.00000000
2018-02-27 14:02:08,0.00048279,6264.00000000
2018-02-27 14:02:08,0.00048299,30.00000000
2018-02-27 14:02:09,0.00048300,13.00000000
2018-02-27 14:02:10,0.00048309,5.00000000
2018-02-27 14:02:10,0.00048309,14.00000000
2018-02-27 14:02:10,0.00048310,19.00000000
2018-02-27 14:02:10,0.00048397,40.00000000
2018-02-27 14:02:10,0.00048398,550.00000000
2018-02-27 14:02:11,0.00048303,81.00000000
2018-02-27 14:02:12,0.00048398,8.00000000
2018-02-27 14:02:12,0.00048398,4.00000000
2018-02-27 14:02:12,0.00048398,80.00000000
2018-02-27 14:02:13,0.00048398,12.00000000
2018-02-27 14:02:13,0.00048398,6.00000000
2018-02-27 14:02:13,0.00048398,16.00000000
2018-02-27 14:02:13,0.00048398,20.00000000
2018-02-27 14:02:13,0.00048398,43.00000000
2018-02-27 14:02:13,0.00048398,8.00000000
2018-02-27 14:02:14,0.00048304,13.00000000
2018-02-27 14:02:14,0.00048398,21.00000000
2018-02-27 14:02:14,0.00048398,10.00000000
2018-02-27 14:02:14,0.00048398,10.00000000
2018-02-27 14:02:14,0.00048398,5.00000000
2018-02-27 14:02:14,0.00048398,16.00000000
2018-02-27 14:02:16,0.00048398,3.00000000
2018-02-27 14:02:16,0.00048398,112.00000000
2018-02-27 14:02:16,0.00048399,12.00000000
2018-02-27 14:02:16,0.00048400,16.00000000
2018-02-27 14:02:16,0.00048398,15.00000000
2018-02-27 14:02:17,0.00048398,3.00000000
2018-02-27 14:02:17,0.00048398,72.00000000
2018-02-27 14:02:17,0.00048398,118.00000000
2018-02-27 14:02:18,0.00048398,228.00000000
2018-02-27 14:02:18,0.00048400,196.00000000
2018-02-27 14:02:18,0.00048458,37.00000000
2018-02-27 14:02:20,0.00048458,3.00000000
2018-02-27 14:02:21,0.00048458,9.00000000
2018-02-27 14:02:22,0.00048458,168.00000000
2018-02-27 14:02:22,0.00048496,206.00000000
2018-02-27 14:02:22,0.00048500,38.00000000
2018-02-27 14:02:23,0.00048500,10.00000000
2018-02-27 14:02:24,0.00048500,5.00000000
2018-02-27 14:02:24,0.00048500,285.00000000
2018-02-27 14:02:24,0.00048578,5.00000000
2018-02-27 14:02:24,0.00048606,80.00000000
2018-02-27 14:02:24,0.00048606,90.00000000
2018-02-27 14:02:24,0.00048613,5.00000000
2018-02-27 14:02:24,0.00048629,40.00000000
2018-02-27 14:02:24,0.00048630,1.00000000
2018-02-27 14:02:25,0.00048507,5.00000000
2018-02-27 14:02:25,0.00048502,202.00000000
2018-02-27 14:02:25,0.00048500,183.00000000
2018-02-27 14:02:26,0.00048628,7.00000000
2018-02-27 14:02:26,0.00048628,7.00000000
2018-02-27 14:02:27,0.00048604,30.00000000
2018-02-27 14:02:28,0.00048604,6.00000000
2018-02-27 14:02:28,0.00048517,82.00000000
2018-02-27 14:02:28,0.00048516,19.00000000
2018-02-27 14:02:28,0.00048507,49.00000000
2018-02-27 14:02:28,0.00048604,233.00000000
2018-02-27 14:02:28,0.00048606,5.00000000
2018-02-27 14:02:28,0.00048628,30.00000000
2018-02-27 14:02:28,0.00048630,776.00000000
2018-02-27 14:02:28,0.00048667,625.00000000
2018-02-27 14:02:28,0.00048628,30.00000000
2018-02-27 14:02:28,0.00048628,22.00000000
2018-02-27 14:02:29,0.00048628,15.00000000
2018-02-27 14:02:30,0.00048667,302.00000000
2018-02-27 14:02:30,0.00048628,690.00000000
2018-02-27 14:02:30,0.00048525,125.00000000
2018-02-27 14:02:30,0.00048515,19.00000000
2018-02-27 14:02:30,0.00048501,346.00000000
2018-02-27 14:02:30,0.00048500,900.00000000
2018-02-27 14:02:30,0.00048641,60.00000000
2018-02-27 14:02:32,0.00048640,82.00000000
2018-02-27 14:02:32,0.00048641,40.00000000
2018-02-27 14:02:32,0.00048667,765.00000000
2018-02-27 14:02:32,0.00048668,10.00000000
2018-02-27 14:02:32,0.00048668,48.00000000
2018-02-27 14:02:32,0.00048668,1001.00000000
2018-02-27 14:02:32,0.00048668,17.00000000
2018-02-27 14:02:33,0.00048668,44.00000000
2018-02-27 14:02:36,0.00048696,10.00000000
2018-02-27 14:02:37,0.00048700,46.00000000
2018-02-27 14:02:37,0.00048700,363.00000000
2018-02-27 14:02:37,0.00048700,115.00000000
2018-02-27 14:02:38,0.00048700,31.00000000
2018-02-27 14:02:38,0.00048668,352.00000000
2018-02-27 14:02:38,0.00048668,10.00000000
2018-02-27 14:02:39,0.00048700,151.00000000
2018-02-27 14:02:40,0.00048668,2.00000000
2018-02-27 14:02:41,0.00048700,11.00000000
2018-02-27 14:02:41,0.00048700,79.00000000
2018-02-27 14:02:41,0.00048715,10.00000000
2018-02-27 14:02:42,0.00048668,29.00000000
2018-02-27 14:02:42,0.00048715,42.00000000
2018-02-27 14:02:42,0.00048740,657.00000000
2018-02-27 14:02:42,0.00048740,43.00000000
2018-02-27 14:02:42,0.00048740,64.00000000
2018-02-27 14:02:42,0.00048741,3.00000000
2018-02-27 14:02:42,0.00048746,19.00000000
2018-02-27 14:02:42,0.00048800,129.00000000
2018-02-27 14:02:43,0.00048740,19.00000000
2018-02-27 14:02:44,0.00048740,134.00000000
2018-02-27 14:02:44,0.00048704,3.00000000
2018-02-27 14:02:46,0.00048762,19.00000000
2018-02-27 14:02:46,0.00048800,76.00000000
2018-02-27 14:02:46,0.00048803,5.00000000
2018-02-27 14:02:46,0.00048721,19.00000000
2018-02-27 14:02:46,0.00048702,2.00000000
2018-02-27 14:02:49,0.00048705,80.00000000
2018-02-27 14:02:49,0.00048700,3.00000000
2018-02-27 14:02:49,0.00048696,75.00000000
2018-02-27 14:02:49,0.00048669,21.00000000
2018-02-27 14:02:49,0.00048700,81.00000000
2018-02-27 14:02:51,0.00048700,3.00000000
2018-02-27 14:02:52,0.00048669,36.00000000
2018-02-27 14:02:52,0.00048668,35.00000000
2018-02-27 14:02:52,0.00048668,1026.00000000
2018-02-27 14:02:53,0.00048667,30.00000000
2018-02-27 14:02:53,0.00048668,385.00000000
2018-02-27 14:02:54,0.00048667,30.00000000
2018-02-27 14:02:54,0.00048668,460.00000000
2018-02-27 14:02:54,0.00048667,28.00000000
2018-02-27 14:02:54,0.00048668,161.00000000
2018-02-27 14:02:54,0.00048668,119.00000000
2018-02-27 14:02:55,0.00048668,57.00000000
2018-02-27 14:02:56,0.00048668,93.00000000
2018-02-27 14:02:57,0.00048667,30.00000000
2018-02-27 14:02:57,0.00048632,15.00000000
2018-02-27 14:02:57,0.00048561,8.00000000
2018-02-27 14:02:57,0.00048668,141.00000000
2018-02-27 14:02:57,0.00048674,19.00000000
2018-02-27 14:02:57,0.00048700,199.00000000
2018-02-27 14:02:59,0.00048668,9.00000000
2018-02-27 14:02:59,0.00048668,8.00000000
2018-02-27 14:03:00,0.00048667,41.00000000
2018-02-27 14:03:00,0.00048667,41.00000000
2018-02-27 14:03:00,0.00048668,42.00000000
2018-02-27 14:03:03,0.00048643,19.00000000
2018-02-27 14:03:03,0.00048668,89.00000000
2018-02-27 14:03:03,0.00048668,10.00000000
2018-02-27 14:03:04,0.00048668,15.00000000
2018-02-27 14:03:06,0.00048658,19.00000000
2018-02-27 14:03:06,0.00048668,41.00000000
2018-02-27 14:03:09,0.00048668,84.00000000
2018-02-27 14:03:11,0.00048668,9.00000000
2018-02-27 14:03:14,0.00048668,367.00000000
2018-02-27 14:03:14,0.00048668,65.00000000
2018-02-27 14:03:14,0.00048601,39.00000000
2018-02-27 14:03:14,0.00048600,335.00000000
2018-02-27 14:03:16,0.00048600,2.00000000
2018-02-27 14:03:16,0.00048571,9.00000000
2018-02-27 14:03:16,0.00048569,82.00000000
2018-02-27 14:03:16,0.00048557,7.00000000
2018-02-27 14:03:17,0.00048667,85.00000000
2018-02-27 14:03:18,0.00048666,7.00000000
2018-02-27 14:03:21,0.00048666,3.00000000
2018-02-27 14:03:26,0.00048559,9.00000000
2018-02-27 14:03:28,0.00048517,143.00000000
2018-02-27 14:03:31,0.00048517,146.00000000
2018-02-27 14:03:31,0.00048508,40.00000000
2018-02-27 14:03:31,0.00048505,3.00000000
2018-02-27 14:03:31,0.00048503,401.00000000
2018-02-27 14:03:31,0.00048501,30.00000000
2018-02-27 14:03:31,0.00048500,1048.00000000
2018-02-27 14:03:32,0.00048559,37.00000000
2018-02-27 14:03:33,0.00048521,10.00000000
2018-02-27 14:03:36,0.00048500,133.00000000
2018-02-27 14:03:38,0.00048559,5.00000000
2018-02-27 14:03:41,0.00048510,10.00000000
2018-02-27 14:03:41,0.00048505,20.00000000
2018-02-27 14:03:41,0.00048500,266.00000000
2018-02-27 14:03:42,0.00048500,21.00000000
2018-02-27 14:03:42,0.00048500,21.00000000
2018-02-27 14:03:43,0.00048500,2.00000000
2018-02-27 14:03:43,0.00048500,40.00000000
2018-02-27 14:03:44,0.00048500,25.00000000
2018-02-27 14:03:44,0.00048500,144.00000000
2018-02-27 14:03:48,0.00048558,10.00000000
2018-02-27 14:03:51,0.00048550,5.00000000
2018-02-27 14:03:51,0.00048508,139.00000000
2018-02-27 14:03:51,0.00048501,4.00000000
2018-02-27 14:03:51,0.00048500,89.00000000
2018-02-27 14:03:51,0.00048497,30.00000000
2018-02-27 14:03:51,0.00048496,175.00000000
2018-02-27 14:03:51,0.00048424,10.00000000
2018-02-27 14:03:51,0.00048387,4.00000000
2018-02-27 14:03:51,0.00048386,19.00000000
2018-02-27 14:03:51,0.00048380,14.00000000
2018-02-27 14:03:51,0.00048363,40.00000000
2018-02-27 14:03:51,0.00048361,401.00000000
2018-02-27 14:03:51,0.00048357,14.00000000
2018-02-27 14:03:51,0.00048498,40.00000000
2018-02-27 14:03:52,0.00048498,6.00000000
2018-02-27 14:03:52,0.00048498,6.00000000
2018-02-27 14:03:52,0.00048498,6.00000000
2018-02-27 14:03:52,0.00048498,6.00000000
2018-02-27 14:03:53,0.00048498,48.00000000
2018-02-27 14:03:53,0.00048499,3.00000000
2018-02-27 14:03:54,0.00048350,205.00000000
2018-02-27 14:03:54,0.00048348,3.00000000
2018-02-27 14:03:54,0.00048348,79.00000000
2018-02-27 14:03:54,0.00048345,10.00000000
2018-02-27 14:03:55,0.00048497,4.00000000
2018-02-27 14:03:55,0.00048497,48.00000000
2018-02-27 14:03:56,0.00048494,156.00000000
2018-02-27 14:03:57,0.00048361,204.00000000
2018-02-27 14:03:57,0.00048359,20.00000000
2018-02-27 14:03:58,0.00048366,5.00000000
2018-02-27 14:03:58,0.00048362,95.00000000
2018-02-27 14:03:58,0.00048470,19.00000000
2018-02-27 14:03:58,0.00048366,117.00000000
2018-02-27 14:03:58,0.00048464,10.00000000
2018-02-27 14:03:59,0.00048465,5.00000000
2018-02-27 14:04:00,0.00048463,5.00000000
2018-02-27 14:04:01,0.00048463,157.00000000
2018-02-27 14:04:01,0.00048368,37.00000000
2018-02-27 14:04:01,0.00048377,10.00000000
2018-02-27 14:04:01,0.00048368,202.00000000
2018-02-27 14:04:01,0.00048463,42.00000000
2018-02-27 14:04:02,0.00048450,10.00000000
2018-02-27 14:04:02,0.00048450,7.00000000
2018-02-27 14:04:02,0.00048369,62.00000000
2018-02-27 14:04:02,0.00048368,6.00000000
2018-02-27 14:04:02,0.00048365,10.00000000
2018-02-27 14:04:02,0.00048450,100.00000000
2018-02-27 14:04:02,0.00048450,100.00000000
2018-02-27 14:04:03,0.00048449,7.00000000
2018-02-27 14:04:03,0.00048385,10.00000000
2018-02-27 14:04:03,0.00048366,190.00000000
2018-02-27 14:04:03,0.00048449,25.00000000
2018-02-27 14:04:03,0.00048450,52.00000000
2018-02-27 14:04:04,0.00048381,20.00000000
2018-02-27 14:04:06,0.00048450,40.00000000
2018-02-27 14:04:06,0.00048450,22.00000000
2018-02-27 14:04:06,0.00048450,122.00000000
2018-02-27 14:04:06,0.00048450,23.00000000
2018-02-27 14:04:06,0.00048450,1.00000000
2018-02-27 14:04:06,0.00048496,23.00000000
2018-02-27 14:04:07,0.00048497,66.00000000
2018-02-27 14:04:07,0.00048496,16.00000000
2018-02-27 14:04:07,0.00048386,87.00000000
2018-02-27 14:04:08,0.00048465,136.00000000
2018-02-27 14:04:09,0.00048396,3.00000000
2018-02-27 14:04:09,0.00048391,119.00000000
2018-02-27 14:04:12,0.00048490,7.00000000
2018-02-27 14:04:14,0.00048490,112.00000000
2018-02-27 14:04:14,0.00048492,66.00000000
2018-02-27 14:04:14,0.00048497,609.00000000
2018-02-27 14:04:14,0.00048500,37.00000000
2018-02-27 14:04:14,0.00048552,19.00000000
2018-02-27 14:04:14,0.00048559,204.00000000
2018-02-27 14:04:14,0.00048561,125.00000000
2018-02-27 14:04:14,0.00048599,60.00000000
2018-02-27 14:04:14,0.00048600,265.00000000
2018-02-27 14:04:14,0.00048600,148.00000000
2018-02-27 14:04:14,0.00048606,14.00000000
2018-02-27 14:04:15,0.00048497,3.00000000
2018-02-27 14:04:15,0.00048557,24.00000000
2018-02-27 14:04:15,0.00048558,143.00000000
2018-02-27 14:04:15,0.00048558,178.00000000
2018-02-27 14:04:17,0.00048525,10.00000000
2018-02-27 14:04:18,0.00048666,5.00000000
2018-02-27 14:04:19,0.00048535,192.00000000
2018-02-27 14:04:19,0.00048533,20.00000000
2018-02-27 14:04:19,0.00048532,30.00000000
2018-02-27 14:04:19,0.00048529,82.00000000
2018-02-27 14:04:19,0.00048522,19.00000000
2018-02-27 14:04:19,0.00048502,95.00000000
2018-02-27 14:04:19,0.00048497,37.00000000
2018-02-27 14:04:19,0.00048490,25.00000000
2018-02-27 14:04:20,0.00048658,30.00000000
2018-02-27 14:04:20,0.00048533,67.00000000
2018-02-27 14:04:20,0.00048462,410.00000000
2018-02-27 14:04:20,0.00048461,125.00000000
2018-02-27 14:04:20,0.00048452,19.00000000
2018-02-27 14:04:21,0.00048520,4.00000000
2018-02-27 14:04:21,0.00048460,19.00000000
2018-02-27 14:04:21,0.00048458,16.00000000
2018-02-27 14:04:22,0.00048457,7.00000000
2018-02-27 14:04:22,0.00048457,3.00000000
2018-02-27 14:04:22,0.00048458,19.00000000
2018-02-27 14:04:22,0.00048458,51.00000000
2018-02-27 14:04:22,0.00048455,10.00000000
2018-02-27 14:04:22,0.00048455,72.00000000
2018-02-27 14:04:22,0.00048457,10.00000000
2018-02-27 14:04:22,0.00048457,12.00000000
2018-02-27 14:04:23,0.00048457,32.00000000
2018-02-27 14:04:23,0.00048457,63.00000000
2018-02-27 14:04:23,0.00048460,15.00000000
2018-02-27 14:04:23,0.00048460,12.00000000
2018-02-27 14:04:23,0.00048460,20.00000000
2018-02-27 14:04:24,0.00048460,280.00000000
2018-02-27 14:04:24,0.00048460,3.00000000
2018-02-27 14:04:24,0.00048460,64.00000000
2018-02-27 14:04:24,0.00048457,20.00000000
2018-02-27 14:04:25,0.00048459,10.00000000
2018-02-27 14:04:25,0.00048459,206.00000000
2018-02-27 14:04:29,0.00048459,11.00000000
2018-02-27 14:04:30,0.00048459,131.00000000
2018-02-27 14:04:30,0.00048459,10.00000000
2018-02-27 14:04:31,0.00048459,42.00000000
2018-02-27 14:04:31,0.00048478,63.00000000
2018-02-27 14:04:32,0.00048459,46.00000000
2018-02-27 14:04:32,0.00048459,30.00000000
2018-02-27 14:04:33,0.00048459,373.00000000
2018-02-27 14:04:33,0.00048458,11.00000000
2018-02-27 14:04:33,0.00048458,160.00000000
2018-02-27 14:04:34,0.00048478,3.00000000
2018-02-27 14:04:36,0.00048478,125.00000000
2018-02-27 14:04:36,0.00048458,104.00000000
2018-02-27 14:04:39,0.00048458,42.00000000
2018-02-27 14:04:40,0.00048458,232.00000000
2018-02-27 14:04:40,0.00048478,281.00000000
2018-02-27 14:04:40,0.00048478,2.00000000
2018-02-27 14:04:40,0.00048458,45.00000000
2018-02-27 14:04:40,0.00048457,20.00000000
2018-02-27 14:04:41,0.00048398,43.00000000
2018-02-27 14:04:41,0.00048397,12.00000000
2018-02-27 14:04:42,0.00048397,352.00000000
2018-02-27 14:04:42,0.00048396,3015.00000000
2018-02-27 14:04:42,0.00048391,968.00000000
2018-02-27 14:04:44,0.00048458,23.00000000
2018-02-27 14:04:47,0.00048458,15.00000000
2018-02-27 14:04:53,0.00048393,40.00000000
2018-02-27 14:04:53,0.00048458,10.00000000
2018-02-27 14:04:54,0.00048450,3.00000000
2018-02-27 14:04:55,0.00048450,19.00000000
2018-02-27 14:04:55,0.00048450,171.00000000
2018-02-27 14:04:55,0.00048458,19.00000000
2018-02-27 14:04:55,0.00048478,1094.00000000
2018-02-27 14:04:55,0.00048478,28.00000000
2018-02-27 14:04:57,0.00048458,146.00000000
2018-02-27 14:04:58,0.00048458,59.00000000
2018-02-27 14:04:59,0.00048458,254.00000000
2018-02-27 14:04:59,0.00048458,41.00000000
2018-02-27 14:04:59,0.00048478,206.00000000
2018-02-27 14:04:59,0.00048487,82.00000000
2018-02-27 14:04:59,0.00048490,46.00000000
2018-02-27 14:04:59,0.00048498,302.00000000
2018-02-27 14:04:59,0.00048500,360.00000000
2018-02-27 14:04:59,0.00048500,711.00000000
2018-02-27 14:05:00,0.00048499,8.00000000
2018-02-27 14:05:04,0.00048499,2.00000000
2018-02-27 14:05:04,0.00048500,66.00000000
2018-02-27 14:05:06,0.00048529,1.00000000
2018-02-27 14:05:06,0.00048529,3.00000000
2018-02-27 14:05:06,0.00048501,10.00000000
2018-02-27 14:05:06,0.00048500,1108.00000000
2018-02-27 14:05:09,0.00048499,154.00000000
2018-02-27 14:05:10,0.00048499,23.00000000
2018-02-27 14:05:12,0.00048425,77.00000000
2018-02-27 14:05:12,0.00048402,173.00000000
2018-02-27 14:05:12,0.00048396,59.00000000
2018-02-27 14:05:12,0.00048394,10.00000000
2018-02-27 14:05:12,0.00048393,5.00000000
2018-02-27 14:05:12,0.00048392,245.00000000
2018-02-27 14:05:12,0.00048391,158.00000000
2018-02-27 14:05:12,0.00048383,69.00000000
2018-02-27 14:05:13,0.00048499,204.00000000
2018-02-27 14:05:13,0.00048499,15.00000000
2018-02-27 14:05:13,0.00048499,46.00000000
2018-02-27 14:05:13,0.00048426,851.00000000
2018-02-27 14:05:13,0.00048426,367.00000000
2018-02-27 14:05:14,0.00048426,139.00000000
2018-02-27 14:05:14,0.00048426,24.00000000
2018-02-27 14:05:17,0.00048495,7.00000000
2018-02-27 14:05:20,0.00048495,3.00000000
2018-02-27 14:05:21,0.00048423,10.00000000
2018-02-27 14:05:22,0.00048495,82.00000000
2018-02-27 14:05:23,0.00048435,10.00000000
2018-02-27 14:05:25,0.00048495,98.00000000
2018-02-27 14:05:26,0.00048495,17.00000000
2018-02-27 14:05:27,0.00048427,134.00000000
2018-02-27 14:05:27,0.00048426,20.00000000
2018-02-27 14:05:29,0.00048426,3.00000000
2018-02-27 14:05:29,0.00048426,16.00000000
2018-02-27 14:05:29,0.00048426,206.00000000
2018-02-27 14:05:31,0.00048426,8.00000000
2018-02-27 14:05:32,0.00048426,2.00000000
2018-02-27 14:05:32,0.00048426,127.00000000
2018-02-27 14:05:32,0.00048426,16.00000000
2018-02-27 14:05:33,0.00048426,206.00000000
2018-02-27 14:05:34,0.00048426,10.00000000
2018-02-27 14:05:34,0.00048426,499.00000000
2018-02-27 14:05:34,0.00048494,59.00000000
2018-02-27 14:05:34,0.00048495,528.00000000
2018-02-27 14:05:34,0.00048496,82.00000000
2018-02-27 14:05:34,0.00048499,832.00000000
2018-02-27 14:05:35,0.00048498,30.00000000
2018-02-27 14:05:35,0.00048500,115.00000000
2018-02-27 14:05:35,0.00048529,16.00000000
2018-02-27 14:05:35,0.00048540,125.00000000
2018-02-27 14:05:35,0.00048597,33.00000000
2018-02-27 14:05:35,0.00048600,18.00000000
2018-02-27 14:05:35,0.00048621,12.00000000
2018-02-27 14:05:35,0.00048498,30.00000000
2018-02-27 14:05:35,0.00048621,2.00000000
2018-02-27 14:05:36,0.00048666,100.00000000
2018-02-27 14:05:36,0.00048666,281.00000000
2018-02-27 14:05:36,0.00048666,384.00000000
2018-02-27 14:05:36,0.00048666,24.00000000
2018-02-27 14:05:36,0.00048667,25.00000000
2018-02-27 14:05:36,0.00048668,50.00000000
2018-02-27 14:05:36,0.00048682,3.00000000
2018-02-27 14:05:36,0.00048682,11.00000000
2018-02-27 14:05:37,0.00048694,19.00000000
2018-02-27 14:05:37,0.00048699,35.00000000
2018-02-27 14:05:37,0.00048700,484.00000000
2018-02-27 14:05:37,0.00048684,19.00000000
2018-02-27 14:05:37,0.00048700,125.00000000
2018-02-27 14:05:37,0.00048700,19.00000000
2018-02-27 14:05:38,0.00048511,100.00000000
2018-02-27 14:05:39,0.00048614,19.00000000
2018-02-27 14:05:39,0.00048614,17.00000000
2018-02-27 14:05:39,0.00048783,10.00000000
2018-02-27 14:05:39,0.00048617,75.00000000
2018-02-27 14:05:39,0.00048717,19.00000000
2018-02-27 14:05:40,0.00048717,19.00000000
2018-02-27 14:05:41,0.00048646,19.00000000
2018-02-27 14:05:41,0.00048625,104.00000000
2018-02-27 14:05:41,0.00048623,26.00000000
2018-02-27 14:05:42,0.00048626,14.00000000
2018-02-27 14:05:42,0.00048625,23.00000000
2018-02-27 14:05:42,0.00048624,37.00000000
2018-02-27 14:05:42,0.00048623,95.00000000
2018-02-27 14:05:42,0.00048535,245.00000000
2018-02-27 14:05:42,0.00048533,324.00000000
2018-02-27 14:05:43,0.00048624,6.00000000
2018-02-27 14:05:43,0.00048677,6.00000000
2018-02-27 14:05:43,0.00048603,19.00000000
2018-02-27 14:05:43,0.00048517,6.00000000
2018-02-27 14:05:43,0.00048508,6.00000000
2018-02-27 14:05:43,0.00048500,100.00000000
2018-02-27 14:05:44,0.00048501,6.00000000
2018-02-27 14:05:44,0.00048500,13.00000000
2018-02-27 14:05:44,0.00048468,6.00000000
2018-02-27 14:05:44,0.00048430,32.00000000
2018-02-27 14:05:45,0.00048664,38.00000000
2018-02-27 14:05:46,0.00048662,20.00000000
2018-02-27 14:05:47,0.00048651,7.00000000
2018-02-27 14:05:49,0.00048628,5.00000000
2018-02-27 14:05:51,0.00048624,5.00000000
2018-02-27 14:05:53,0.00048515,282.00000000
2018-02-27 14:05:53,0.00048515,127.00000000
2018-02-27 14:05:53,0.00048515,4.00000000
2018-02-27 14:05:53,0.00048514,19.00000000
2018-02-27 14:05:57,0.00048515,342.00000000
2018-02-27 14:05:57,0.00048501,119.00000000
2018-02-27 14:05:58,0.00048516,7.00000000
2018-02-27 14:05:58,0.00048516,4.00000000
2018-02-27 14:05:59,0.00048502,60.00000000
2018-02-27 14:05:59,0.00048501,4.00000000
2018-02-27 14:06:01,0.00048559,5.00000000
2018-02-27 14:06:03,0.00048501,10.00000000
2018-02-27 14:06:03,0.00048513,38.00000000
2018-02-27 14:06:04,0.00048501,197.00000000
2018-02-27 14:06:04,0.00048501,218.00000000
2018-02-27 14:06:05,0.00048504,128.00000000
2018-02-27 14:06:05,0.00048506,145.00000000
2018-02-27 14:06:05,0.00048515,11.00000000
2018-02-27 14:06:06,0.00048555,19.00000000
2018-02-27 14:06:06,0.00048501,50.00000000
2018-02-27 14:06:06,0.00048568,245.00000000
2018-02-27 14:06:06,0.00048618,44.00000000
2018-02-27 14:06:06,0.00048628,30.00000000
2018-02-27 14:06:06,0.00048628,30.00000000
2018-02-27 14:06:06,0.00048657,61.00000000
2018-02-27 14:06:06,0.00048658,49.00000000
2018-02-27 14:06:06,0.00048658,217.00000000
2018-02-27 14:06:06,0.00048628,30.00000000
2018-02-27 14:06:06,0.00048658,56.00000000
2018-02-27 14:06:06,0.00048660,139.00000000
2018-02-27 14:06:06,0.00048660,30.00000000
2018-02-27 14:06:07,0.00048681,1.00000000
2018-02-27 14:06:08,0.00048651,19.00000000
2018-02-27 14:06:08,0.00048559,97.00000000
2018-02-27 14:06:09,0.00048669,9.00000000
2018-02-27 14:06:09,0.00048682,10.00000000
2018-02-27 14:06:10,0.00048516,72.00000000
2018-02-27 14:06:10,0.00048515,95.00000000
2018-02-27 14:06:10,0.00048514,82.00000000
2018-02-27 14:06:10,0.00048511,270.00000000
2018-02-27 14:06:10,0.00048516,30.00000000
2018-02-27 14:06:10,0.00048505,88.00000000
2018-02-27 14:06:10,0.00048501,141.00000000
2018-02-27 14:06:10,0.00048501,87.00000000
2018-02-27 14:06:14,0.00048458,2.00000000
2018-02-27 14:06:15,0.00048589,82.00000000
2018-02-27 14:06:15,0.00048590,117.00000000
2018-02-27 14:06:15,0.00048591,20.00000000
2018-02-27 14:06:15,0.00048592,30.00000000
2018-02-27 14:06:15,0.00048600,114.00000000
2018-02-27 14:06:15,0.00048634,19.00000000
2018-02-27 14:06:15,0.00048670,19.00000000
2018-02-27 14:06:15,0.00048680,324.00000000
2018-02-27 14:06:15,0.00048681,2397.00000000
2018-02-27 14:06:16,0.00048592,10.00000000
2018-02-27 14:06:16,0.00048561,19.00000000
2018-02-27 14:06:16,0.00048563,93.00000000
2018-02-27 14:06:16,0.00048563,108.00000000
2018-02-27 14:06:16,0.00048458,5.00000000
2018-02-27 14:06:16,0.00048458,2.00000000
2018-02-27 14:06:16,0.00048593,17.00000000
2018-02-27 14:06:18,0.00048527,10.00000000
2018-02-27 14:06:18,0.00048526,1.00000000
2018-02-27 14:06:18,0.00048674,40.00000000
2018-02-27 14:06:18,0.00048672,127.00000000
2018-02-27 14:06:19,0.00048669,76.00000000
2018-02-27 14:06:19,0.00048671,10.00000000
2018-02-27 14:06:19,0.00048673,16.00000000
2018-02-27 14:06:19,0.00048674,10.00000000
2018-02-27 14:06:20,0.00048680,14.00000000
2018-02-27 14:06:21,0.00048559,20.00000000
2018-02-27 14:06:21,0.00048559,36.00000000
2018-02-27 14:06:21,0.00048559,84.00000000
2018-02-27 14:06:22,0.00048658,3.00000000
2018-02-27 14:06:22,0.00048678,10.00000000
2018-02-27 14:06:22,0.00048679,168.00000000
2018-02-27 14:06:24,0.00048577,15.00000000
2018-02-27 14:06:24,0.00048577,66.00000000
2018-02-27 14:06:24,0.00048579,100.00000000
2018-02-27 14:06:24,0.00048579,47.00000000
2018-02-27 14:06:24,0.00048574,20.00000000
2018-02-27 14:06:25,0.00048676,20.00000000
2018-02-27 14:06:25,0.00048677,287.00000000
2018-02-27 14:06:25,0.00048679,102.00000000
2018-02-27 14:06:25,0.00048680,67.00000000
2018-02-27 14:06:25,0.00048681,6958.00000000
2018-02-27 14:06:25,0.00048681,307.00000000
2018-02-27 14:06:25,0.00048697,367.00000000
2018-02-27 14:06:25,0.00048697,3.00000000
2018-02-27 14:06:25,0.00048700,236.00000000
2018-02-27 14:06:25,0.00048734,14.00000000
2018-02-27 14:06:25,0.00048775,14.00000000
2018-02-27 14:06:25,0.00048782,18.00000000
2018-02-27 14:06:25,0.00048784,3.00000000
2018-02-27 14:06:25,0.00048680,1.00000000
2018-02-27 14:06:26,0.00048682,3.00000000
2018-02-27 14:06:26,0.00048682,201.00000000
2018-02-27 14:06:26,0.00048681,62.00000000
2018-02-27 14:06:26,0.00048681,46.00000000
2018-02-27 14:06:27,0.00048696,204.00000000
2018-02-27 14:06:27,0.00048698,152.00000000
2018-02-27 14:06:28,0.00048684,8.00000000
2018-02-27 14:06:30,0.00048810,6.00000000
2018-02-27 14:06:31,0.00048705,4.00000000
2018-02-27 14:06:31,0.00048808,22.00000000
2018-02-27 14:06:31,0.00048809,82.00000000
2018-02-27 14:06:31,0.00048810,850.00000000
2018-02-27 14:06:31,0.00048810,815.00000000
2018-02-27 14:06:32,0.00048708,82.00000000
2018-02-27 14:06:32,0.00048707,204.00000000
2018-02-27 14:06:32,0.00048705,30.00000000
2018-02-27 14:06:32,0.00048698,19.00000000
2018-02-27 14:06:32,0.00048684,30.00000000
2018-02-27 14:06:32,0.00048684,30.00000000
2018-02-27 14:06:32,0.00048684,30.00000000
2018-02-27 14:06:32,0.00048684,20.00000000
2018-02-27 14:06:32,0.00048683,308.00000000
2018-02-27 14:06:32,0.00048680,395.00000000
2018-02-27 14:06:32,0.00048626,125.00000000
2018-02-27 14:06:36,0.00048677,30.00000000
2018-02-27 14:06:36,0.00048680,14.00000000
2018-02-27 14:06:36,0.00048675,202.00000000
2018-02-27 14:06:37,0.00048583,19.00000000
2018-02-27 14:06:37,0.00048581,10.00000000
2018-02-27 14:06:37,0.00048583,11.00000000
2018-02-27 14:06:37,0.00048676,22.00000000
2018-02-27 14:06:39,0.00048680,56.00000000
2018-02-27 14:06:43,0.00048682,557.00000000
2018-02-27 14:06:43,0.00048683,12.00000000
2018-02-27 14:06:43,0.00048684,1804.00000000
2018-02-27 14:06:43,0.00048684,898.00000000
2018-02-27 14:06:43,0.00048684,529.00000000
2018-02-27 14:06:43,0.00048684,264.00000000
2018-02-27 14:06:44,0.00048681,10.00000000
2018-02-27 14:06:44,0.00048681,50.00000000
2018-02-27 14:06:44,0.00048684,698.00000000
2018-02-27 14:06:45,0.00048700,110.00000000
2018-02-27 14:06:45,0.00048700,91.00000000
2018-02-27 14:06:47,0.00048684,201.00000000
2018-02-27 14:06:52,0.00048700,600.00000000
2018-02-27 14:06:53,0.00048684,7.00000000
2018-02-27 14:06:53,0.00048684,1690.00000000
2018-02-27 14:06:53,0.00048700,199.00000000
2018-02-27 14:06:53,0.00048743,19.00000000
2018-02-27 14:06:53,0.00048807,7.00000000
2018-02-27 14:06:53,0.00048686,205.00000000
2018-02-27 14:06:53,0.00048684,193.00000000
2018-02-27 14:06:53,0.00048684,14.00000000
2018-02-27 14:06:54,0.00048682,1.00000000
2018-02-27 14:06:55,0.00048680,3.00000000
2018-02-27 14:06:55,0.00048682,38.00000000
2018-02-27 14:06:55,0.00048682,43.00000000
2018-02-27 14:06:57,0.00048680,82.00000000
2018-02-27 14:06:57,0.00048682,123.00000000
2018-02-27 14:06:57,0.00048684,108.00000000
2018-02-27 14:07:00,0.00048801,35.00000000
2018-02-27 14:07:05,0.00048801,49.00000000
2018-02-27 14:07:08,0.00048800,7.00000000
2018-02-27 14:07:08,0.00048801,197.00000000
2018-02-27 14:07:10,0.00048706,10.00000000
2018-02-27 14:07:14,0.00048739,43.00000000
2018-02-27 14:07:14,0.00048706,3.00000000
2018-02-27 14:07:14,0.00048705,3.00000000
2018-02-27 14:07:14,0.00048703,82.00000000
2018-02-27 14:07:14,0.00048701,6.00000000
2018-02-27 14:07:14,0.00048697,19.00000000
2018-02-27 14:07:14,0.00048689,480.00000000
2018-02-27 14:07:14,0.00048685,90.00000000
2018-02-27 14:07:14,0.00048684,1063.00000000
2018-02-27 14:07:18,0.00048740,3.00000000
2018-02-27 14:07:18,0.00048721,19.00000000
2018-02-27 14:07:18,0.00048700,228.00000000
2018-02-27 14:07:20,0.00048700,151.00000000
2018-02-27 14:07:20,0.00048700,662.00000000
2018-02-27 14:07:20,0.00048686,389.00000000
2018-02-27 14:07:20,0.00048684,77.00000000
2018-02-27 14:07:21,0.00048793,62.00000000
2018-02-27 14:07:21,0.00048793,30.00000000
2018-02-27 14:07:21,0.00048794,19.00000000
2018-02-27 14:07:21,0.00048800,3.00000000
2018-02-27 14:07:22,0.00048692,202.00000000
2018-02-27 14:07:25,0.00048696,20.00000000
2018-02-27 14:07:25,0.00048694,82.00000000
2018-02-27 14:07:25,0.00048684,1320.00000000
2018-02-27 14:07:25,0.00048680,173.00000000
2018-02-27 14:07:25,0.00048679,30.00000000
2018-02-27 14:07:25,0.00048675,3.00000000
2018-02-27 14:07:25,0.00048600,637.00000000
2018-02-27 14:07:26,0.00048681,167.00000000
2018-02-27 14:07:26,0.00048681,10.00000000
2018-02-27 14:07:26,0.00048681,25.00000000
2018-02-27 14:07:26,0.00048683,10.00000000
2018-02-27 14:07:26,0.00048686,85.00000000
2018-02-27 14:07:30,0.00048686,10.00000000
2018-02-27 14:07:31,0.00048650,45.00000000
2018-02-27 14:07:32,0.00048686,292.00000000
2018-02-27 14:07:34,0.00048650,12.00000000
2018-02-27 14:07:36,0.00048685,62.00000000
2018-02-27 14:07:36,0.00048686,157.00000000
2018-02-27 14:07:37,0.00048651,22.00000000
2018-02-27 14:07:37,0.00048650,308.00000000
2018-02-27 14:07:37,0.00048649,205.00000000
2018-02-27 14:07:38,0.00048649,67.00000000
2018-02-27 14:07:39,0.00048600,1241.00000000
2018-02-27 14:07:39,0.00048584,496.00000000
2018-02-27 14:07:41,0.00048584,39.00000000
2018-02-27 14:07:41,0.00048583,520.00000000
2018-02-27 14:07:41,0.00048575,14.00000000
2018-02-27 14:07:41,0.00048568,14.00000000
2018-02-27 14:07:41,0.00048554,491.00000000
2018-02-27 14:07:41,0.00048554,219.00000000
2018-02-27 14:07:41,0.00048550,50.00000000
2018-02-27 14:07:42,0.00048533,2.00000000
2018-02-27 14:07:42,0.00048600,65.00000000
2018-02-27 14:07:42,0.00048544,20.00000000
2018-02-27 14:07:43,0.00048533,40.00000000
2018-02-27 14:07:43,0.00048544,16.00000000
2018-02-27 14:07:44,0.00048533,20.00000000
2018-02-27 14:07:44,0.00048533,4.00000000
2018-02-27 14:07:45,0.00048556,19.00000000
2018-02-27 14:07:45,0.00048600,22.00000000
2018-02-27 14:07:47,0.00048600,206.00000000
2018-02-27 14:07:47,0.00048538,20.00000000
2018-02-27 14:07:47,0.00048532,152.00000000
2018-02-27 14:07:47,0.00048532,59.00000000
2018-02-27 14:07:48,0.00048600,10.00000000
2018-02-27 14:07:50,0.00048532,125.00000000
2018-02-27 14:07:50,0.00048520,11.00000000
2018-02-27 14:07:50,0.00048510,100.00000000
2018-02-27 14:07:52,0.00048600,22.00000000
2018-02-27 14:07:52,0.00048600,19.00000000
2018-02-27 14:07:53,0.00048532,21.00000000
2018-02-27 14:07:53,0.00048532,4.00000000
2018-02-27 14:07:53,0.00048600,16.00000000
2018-02-27 14:07:53,0.00048600,13.00000000
2018-02-27 14:07:53,0.00048600,192.00000000
2018-02-27 14:07:53,0.00048600,43.00000000
2018-02-27 14:07:53,0.00048600,43.00000000
2018-02-27 14:07:54,0.00048600,77.00000000
2018-02-27 14:07:55,0.00048600,408.00000000
2018-02-27 14:07:55,0.00048520,104.00000000
2018-02-27 14:07:55,0.00048600,95.00000000
2018-02-27 14:07:55,0.00048600,5.00000000
2018-02-27 14:07:56,0.00048600,170.00000000
2018-02-27 14:07:56,0.00048600,10.00000000
2018-02-27 14:07:56,0.00048600,206.00000000
2018-02-27 14:07:57,0.00048600,6.00000000
2018-02-27 14:07:57,0.00048600,20.00000000
2018-02-27 14:07:58,0.00048521,11.00000000
2018-02-27 14:07:58,0.00048519,103.00000000
2018-02-27 14:07:58,0.00048510,214.00000000
2018-02-27 14:07:58,0.00048502,659.00000000
2018-02-27 14:07:58,0.00048501,647.00000000
2018-02-27 14:07:58,0.00048500,55.00000000
2018-02-27 14:07:58,0.00048500,146.00000000
2018-02-27 14:07:58,0.00048500,66.00000000
2018-02-27 14:07:58,0.00048500,66.00000000
2018-02-27 14:07:58,0.00048500,19.00000000
2018-02-27 14:07:58,0.00048500,66.00000000
2018-02-27 14:07:58,0.00048458,19.00000000
2018-02-27 14:07:58,0.00048500,50.00000000
2018-02-27 14:07:58,0.00048458,23.00000000
2018-02-27 14:07:58,0.00048458,43.00000000
2018-02-27 14:08:00,0.00048500,5.00000000
2018-02-27 14:08:00,0.00048500,16.00000000
2018-02-27 14:08:01,0.00048450,66.00000000
2018-02-27 14:08:02,0.00048500,21.00000000
2018-02-27 14:08:07,0.00048593,1.00000000
2018-02-27 14:08:10,0.00048593,18.00000000
2018-02-27 14:08:11,0.00048594,88.00000000
2018-02-27 14:08:15,0.00048594,28.00000000
2018-02-27 14:08:17,0.00048593,10.00000000
2018-02-27 14:08:17,0.00048594,13.00000000
2018-02-27 14:08:19,0.00048511,1583.00000000
2018-02-27 14:08:23,0.00048550,5.00000000
2018-02-27 14:08:23,0.00048593,10.00000000
2018-02-27 14:08:23,0.00048594,53.00000000
2018-02-27 14:08:24,0.00048594,3.00000000
2018-02-27 14:08:24,0.00048594,477.00000000
2018-02-27 14:08:24,0.00048596,91.00000000
2018-02-27 14:08:24,0.00048600,49.00000000
2018-02-27 14:08:24,0.00048600,20.00000000
2018-02-27 14:08:24,0.00048600,20.00000000
2018-02-27 14:08:25,0.00048600,19.00000000
2018-02-27 14:08:25,0.00048600,3.00000000
2018-02-27 14:08:25,0.00048600,12.00000000
2018-02-27 14:08:26,0.00048600,2.00000000
2018-02-27 14:08:26,0.00048600,16.00000000
2018-02-27 14:08:26,0.00048600,3.00000000
2018-02-27 14:08:27,0.00048600,3.00000000
2018-02-27 14:08:27,0.00048600,19.00000000
2018-02-27 14:08:27,0.00048600,4.00000000
2018-02-27 14:08:27,0.00048649,101.00000000
2018-02-27 14:08:29,0.00048649,121.00000000
2018-02-27 14:08:29,0.00048650,900.00000000
2018-02-27 14:08:29,0.00048650,989.00000000
2018-02-27 14:08:29,0.00048650,613.00000000
2018-02-27 14:08:29,0.00048650,120.00000000
2018-02-27 14:08:31,0.00048650,802.00000000
2018-02-27 14:08:32,0.00048650,3.00000000
2018-02-27 14:08:34,0.00048683,22.00000000
2018-02-27 14:08:34,0.00048684,264.00000000
2018-02-27 14:08:34,0.00048700,20.00000000
2018-02-27 14:08:34,0.00048746,77.00000000
2018-02-27 14:08:36,0.00048650,94.00000000
2018-02-27 14:08:37,0.00048700,121.00000000
2018-02-27 14:08:37,0.00048746,13.00000000
2018-02-27 14:08:37,0.00048746,3.00000000
2018-02-27 14:08:43,0.00048796,20.00000000
2018-02-27 14:08:44,0.00048796,6.00000000
2018-02-27 14:08:44,0.00048796,22.00000000
2018-02-27 14:08:44,0.00048798,183.00000000
2018-02-27 14:08:45,0.00048746,20.00000000
2018-02-27 14:08:46,0.00048746,10.00000000
2018-02-27 14:08:46,0.00048796,44.00000000
2018-02-27 14:08:48,0.00048798,16.00000000
2018-02-27 14:08:50,0.00048798,20.00000000
2018-02-27 14:08:50,0.00048747,283.00000000
2018-02-27 14:08:50,0.00048746,780.00000000
2018-02-27 14:08:52,0.00048746,324.00000000
2018-02-27 14:08:53,0.00048746,6.00000000
2018-02-27 14:08:54,0.00048700,10.00000000
2018-02-27 14:08:54,0.00048700,20.00000000
2018-02-27 14:08:55,0.00048746,1.00000000
2018-02-27 14:08:55,0.00048746,18.00000000
2018-02-27 14:08:56,0.00048746,372.00000000
2018-02-27 14:08:57,0.00048746,127.00000000
2018-02-27 14:09:01,0.00048746,63.00000000
2018-02-27 14:09:01,0.00048746,5.00000000
2018-02-27 14:09:02,0.00048746,46.00000000
2018-02-27 14:09:03,0.00048746,313.00000000
2018-02-27 14:09:07,0.00048798,5.00000000
2018-02-27 14:09:08,0.00048751,11.00000000
2018-02-27 14:09:08,0.00048750,9.00000000
2018-02-27 14:09:08,0.00048798,10.00000000
2018-02-27 14:09:08,0.00048750,6.00000000
2018-02-27 14:09:08,0.00048798,20.00000000
2018-02-27 14:09:09,0.00048798,291.00000000
2018-02-27 14:09:09,0.00048799,317.00000000
2018-02-27 14:09:09,0.00048800,6.00000000
2018-02-27 14:09:09,0.00048805,26.00000000
2018-02-27 14:09:09,0.00048831,4.00000000
2018-02-27 14:09:09,0.00048881,52.00000000
2018-02-27 14:09:09,0.00048898,60.00000000
2018-02-27 14:09:09,0.00048900,200.00000000
2018-02-27 14:09:09,0.00048920,74.00000000
2018-02-27 14:09:09,0.00048926,19.00000000
2018-02-27 14:09:09,0.00048949,21.00000000
2018-02-27 14:09:09,0.00048950,46.00000000
2018-02-27 14:09:09,0.00049000,150.00000000
2018-02-27 14:09:09,0.00049089,19.00000000
2018-02-27 14:09:09,0.00049098,40.00000000
2018-02-27 14:09:09,0.00049099,183.00000000
2018-02-27 14:09:09,0.00049100,21.00000000
2018-02-27 14:09:09,0.00049120,74.00000000
2018-02-27 14:09:09,0.00049133,32.00000000
2018-02-27 14:09:09,0.00049140,38.00000000
2018-02-27 14:09:09,0.00049180,15.00000000
2018-02-27 14:09:09,0.00049189,152.00000000
2018-02-27 14:09:09,0.00049200,218.00000000
2018-02-27 14:09:09,0.00049202,9.00000000
2018-02-27 14:09:09,0.00049272,105.00000000
2018-02-27 14:09:09,0.00049300,441.00000000
2018-02-27 14:09:09,0.00049309,7.00000000
2018-02-27 14:09:09,0.00049320,74.00000000
2018-02-27 14:09:09,0.00049363,750.00000000
2018-02-27 14:09:09,0.00049398,168.00000000
2018-02-27 14:09:09,0.00049400,1866.00000000
2018-02-27 14:09:09,0.00049420,70.00000000
2018-02-27 14:09:09,0.00049433,801.00000000
2018-02-27 14:09:09,0.00049444,200.00000000
2018-02-27 14:09:09,0.00049449,155.00000000
2018-02-27 14:09:09,0.00049455,100.00000000
2018-02-27 14:09:09,0.00049457,5.00000000
2018-02-27 14:09:09,0.00049463,3.00000000
2018-02-27 14:09:09,0.00049498,2000.00000000
2018-02-27 14:09:09,0.00049500,1545.00000000
2018-02-27 14:09:09,0.00049502,5.00000000
2018-02-27 14:09:09,0.00049509,5750.00000000
2018-02-27 14:09:09,0.00049509,5.00000000
2018-02-27 14:09:09,0.00049509,5.00000000
2018-02-27 14:09:09,0.00049029,203.00000000
2018-02-27 14:09:09,0.00049027,19.00000000
2018-02-27 14:09:09,0.00048928,95.00000000
2018-02-27 14:09:09,0.00048927,7.00000000
2018-02-27 14:09:09,0.00048847,4.00000000
2018-02-27 14:09:09,0.00048800,172.00000000
2018-02-27 14:09:10,0.00048850,9.00000000
2018-02-27 14:09:10,0.00048822,11.00000000
2018-02-27 14:09:11,0.00048927,20.00000000
2018-02-27 14:09:13,0.00049240,19.00000000
2018-02-27 14:09:13,0.00049261,3.00000000
2018-02-27 14:09:14,0.00048984,167.00000000
2018-02-27 14:09:14,0.00048983,6.00000000
2018-02-27 14:09:14,0.00048831,8.00000000
2018-02-27 14:09:14,0.00048827,113.00000000
2018-02-27 14:09:14,0.00049258,5.00000000
2018-02-27 14:09:15,0.00049231,19.00000000
2018-02-27 14:09:15,0.00049260,2.00000000
2018-02-27 14:09:15,0.00048982,6.00000000
2018-02-27 14:09:15,0.00048984,13.00000000
2018-02-27 14:09:15,0.00049000,12.00000000
2018-02-27 14:09:15,0.00049007,7.00000000
2018-02-27 14:09:15,0.00048984,3.00000000
2018-02-27 14:09:15,0.00049228,12.00000000
2018-02-27 14:09:15,0.00049228,4.00000000
2018-02-27 14:09:16,0.00049226,28.00000000
2018-02-27 14:09:16,0.00049226,32.00000000
2018-02-27 14:09:16,0.00049226,4.00000000
2018-02-27 14:09:16,0.00048984,6.00000000
2018-02-27 14:09:16,0.00049225,5.00000000
2018-02-27 14:09:17,0.00049173,5.00000000
2018-02-27 14:09:18,0.00049173,8.00000000
2018-02-27 14:09:18,0.00048999,11.00000000
2018-02-27 14:09:18,0.00048997,104.00000000
2018-02-27 14:09:18,0.00048996,197.00000000
2018-02-27 14:09:18,0.00049171,5.00000000
2018-02-27 14:09:18,0.00049169,5.00000000
2018-02-27 14:09:18,0.00048995,15.00000000
2018-02-27 14:09:18,0.00049169,10.00000000
2018-02-27 14:09:19,0.00048996,5.00000000
2018-02-27 14:09:19,0.00048995,20.00000000
2018-02-27 14:09:19,0.00049166,81.00000000
2018-02-27 14:09:20,0.00048995,4.00000000
2018-02-27 14:09:20,0.00049164,20.00000000
2018-02-27 14:09:20,0.00049167,30.00000000
2018-02-27 14:09:20,0.00049168,11.00000000
2018-02-27 14:09:21,0.00048981,5.00000000
2018-02-27 14:09:21,0.00049019,19.00000000
2018-02-27 14:09:21,0.00048982,20.00000000
2018-02-27 14:09:21,0.00048981,5.00000000
2018-02-27 14:09:21,0.00048979,6.00000000
2018-02-27 14:09:21,0.00048927,19.00000000
2018-02-27 14:09:21,0.00048827,6.00000000
2018-02-27 14:09:22,0.00049103,17.00000000
2018-02-27 14:09:22,0.00048959,10.00000000
2018-02-27 14:09:22,0.00049059,14.00000000
2018-02-27 14:09:22,0.00049059,3.00000000
2018-02-27 14:09:22,0.00048960,14.00000000
2018-02-27 14:09:23,0.00049092,20.00000000
2018-02-27 14:09:24,0.00048981,19.00000000
2018-02-27 14:09:25,0.00049090,70.00000000
2018-02-27 14:09:25,0.00049091,95.00000000
2018-02-27 14:09:25,0.00049096,8.00000000
2018-02-27 14:09:25,0.00049099,30.00000000
2018-02-27 14:09:25,0.00049100,21.00000000
2018-02-27 14:09:26,0.00049042,5.00000000
2018-02-27 14:09:26,0.00049042,74.00000000
2018-02-27 14:09:29,0.00048996,9.00000000
2018-02-27 14:09:30,0.00049040,4.00000000
2018-02-27 14:09:31,0.00049039,249.00000000
2018-02-27 14:09:31,0.00049040,164.00000000
2018-02-27 14:09:32,0.00049040,87.00000000
2018-02-27 14:09:32,0.00049042,19.00000000
2018-02-27 14:09:32,0.00049100,30.00000000
2018-02-27 14:09:32,0.00049100,30.00000000
2018-02-27 14:09:32,0.00049100,442.00000000
2018-02-27 14:09:32,0.00049100,30.00000000
2018-02-27 14:09:32,0.00049100,30.00000000
2018-02-27 14:09:32,0.00049100,20.00000000
2018-02-27 14:09:35,0.00049107,19.00000000
2018-02-27 14:09:35,0.00049159,49.00000000
2018-02-27 14:09:35,0.00049283,40.00000000
2018-02-27 14:09:35,0.00049296,6.00000000
2018-02-27 14:09:35,0.00049367,7.00000000
2018-02-27 14:09:35,0.00049393,19.00000000
2018-02-27 14:09:35,0.00049400,802.00000000
2018-02-27 14:09:35,0.00049205,19.00000000
2018-02-27 14:09:35,0.00049105,19.00000000
2018-02-27 14:09:40,0.00049187,6.00000000
2018-02-27 14:09:41,0.00049107,112.00000000
2018-02-27 14:09:42,0.00049187,15.00000000
2018-02-27 14:09:42,0.00049190,12.00000000
2018-02-27 14:09:42,0.00049108,11.00000000
2018-02-27 14:09:45,0.00049190,26.00000000
2018-02-27 14:09:45,0.00049107,20.00000000
2018-02-27 14:09:46,0.00049190,22.00000000
2018-02-27 14:09:46,0.00049191,17.00000000
2018-02-27 14:09:46,0.00049191,61.00000000
2018-02-27 14:09:49,0.00049190,14.00000000
2018-02-27 14:09:49,0.00049190,4.00000000
2018-02-27 14:09:49,0.00049191,3.00000000
2018-02-27 14:09:49,0.00049116,10.00000000
2018-02-27 14:09:50,0.00049181,11.00000000
2018-02-27 14:09:52,0.00049116,14.00000000
2018-02-27 14:09:53,0.00049181,5.00000000
2018-02-27 14:09:53,0.00049191,1.00000000
2018-02-27 14:09:56,0.00049191,37.00000000
2018-02-27 14:09:57,0.00049194,11.00000000
2018-02-27 14:09:57,0.00049196,201.00000000
2018-02-27 14:09:57,0.00049194,114.00000000
2018-02-27 14:09:57,0.00049192,81.00000000
2018-02-27 14:09:57,0.00049191,57.00000000
2018-02-27 14:09:57,0.00049194,6.00000000
2018-02-27 14:09:58,0.00049197,95.00000000
2018-02-27 14:09:58,0.00049194,23.00000000
2018-02-27 14:09:58,0.00049219,19.00000000
2018-02-27 14:09:58,0.00049192,18.00000000
2018-02-27 14:10:00,0.00049378,39.00000000
2018-02-27 14:10:01,0.00049377,5.00000000
2018-02-27 14:10:02,0.00049372,8.00000000
2018-02-27 14:10:02,0.00049372,10.00000000
2018-02-27 14:10:04,0.00049219,118.00000000
2018-02-27 14:10:04,0.00049295,80.00000000
2018-02-27 14:10:04,0.00049295,43.00000000
2018-02-27 14:10:04,0.00049293,10.00000000
2018-02-27 14:10:04,0.00049295,21.00000000
2018-02-27 14:10:04,0.00049293,4.00000000
2018-02-27 14:10:05,0.00049293,20.00000000
2018-02-27 14:10:05,0.00049294,85.00000000
2018-02-27 14:10:05,0.00049295,76.00000000
2018-02-27 14:10:05,0.00049296,95.00000000
2018-02-27 14:10:05,0.00049300,59.00000000
2018-02-27 14:10:05,0.00049371,142.00000000
2018-02-27 14:10:05,0.00049377,195.00000000
2018-02-27 14:10:05,0.00049399,201.00000000
2018-02-27 14:10:05,0.00049400,499.00000000
2018-02-27 14:10:05,0.00049415,20.00000000
2018-02-27 14:10:05,0.00049493,252.00000000
2018-02-27 14:10:05,0.00049503,31.00000000
2018-02-27 14:10:05,0.00049507,6.00000000
2018-02-27 14:10:05,0.00049509,819.00000000
2018-02-27 14:10:05,0.00049303,19.00000000
2018-02-27 14:10:06,0.00049206,149.00000000
2018-02-27 14:10:07,0.00049231,13.00000000
2018-02-27 14:10:07,0.00049231,6.00000000
2018-02-27 14:10:07,0.00049214,73.00000000
2018-02-27 14:10:08,0.00049235,26.00000000
2018-02-27 14:10:08,0.00049369,10.00000000
2018-02-27 14:10:08,0.00049238,10.00000000
2018-02-27 14:10:08,0.00049369,20.00000000
2018-02-27 14:10:08,0.00049370,103.00000000
2018-02-27 14:10:08,0.00049238,9.00000000
2018-02-27 14:10:08,0.00049237,3.00000000
2018-02-27 14:10:09,0.00049240,53.00000000
2018-02-27 14:10:09,0.00049238,350.00000000
2018-02-27 14:10:09,0.00049238,6.00000000
2018-02-27 14:10:09,0.00049368,42.00000000
2018-02-27 14:10:10,0.00049367,6.00000000
2018-02-27 14:10:10,0.00049240,4.00000000
2018-02-27 14:10:10,0.00049240,12.00000000
2018-02-27 14:10:11,0.00049240,39.00000000
2018-02-27 14:10:11,0.00049280,416.00000000
2018-02-27 14:10:11,0.00049362,32.00000000
2018-02-27 14:10:11,0.00049280,10.00000000
2018-02-27 14:10:11,0.00049362,123.00000000
2018-02-27 14:10:12,0.00049300,3.00000000
2018-02-27 14:10:12,0.00049352,10.00000000
2018-02-27 14:10:12,0.00049300,20.00000000
2018-02-27 14:10:12,0.00049350,5.00000000
2018-02-27 14:10:13,0.00049300,3.00000000
2018-02-27 14:10:13,0.00049350,2.00000000
2018-02-27 14:10:13,0.00049350,31.00000000
2018-02-27 14:10:14,0.00049350,97.00000000
2018-02-27 14:10:15,0.00049350,4.00000000
2018-02-27 14:10:15,0.00049350,3.00000000
2018-02-27 14:10:15,0.00049350,5.00000000
2018-02-27 14:10:16,0.00049350,7.00000000
2018-02-27 14:10:17,0.00049300,20.00000000
2018-02-27 14:10:17,0.00049350,113.00000000
2018-02-27 14:10:17,0.00049350,97.00000000
2018-02-27 14:10:17,0.00049350,4.00000000
2018-02-27 14:10:17,0.00049350,5.00000000
2018-02-27 14:10:17,0.00049350,94.00000000
2018-02-27 14:10:18,0.00049351,3.00000000
2018-02-27 14:10:18,0.00049350,56.00000000
2018-02-27 14:10:18,0.00049352,11.00000000
2018-02-27 14:10:18,0.00049360,722.00000000
2018-02-27 14:10:18,0.00049350,9.00000000
2018-02-27 14:10:20,0.00049350,2.00000000
2018-02-27 14:10:20,0.00049359,73.00000000
2018-02-27 14:10:20,0.00049360,211.00000000
2018-02-27 14:10:20,0.00049350,5.00000000
2018-02-27 14:10:21,0.00049360,61.00000000
2018-02-27 14:10:22,0.00049350,517.00000000
2018-02-27 14:10:22,0.00049360,167.00000000
2018-02-27 14:10:23,0.00049360,35.00000000
2018-02-27 14:10:23,0.00049360,12.00000000
2018-02-27 14:10:23,0.00049350,3.00000000
2018-02-27 14:10:23,0.00049350,28.00000000
2018-02-27 14:10:23,0.00049360,22.00000000
2018-02-27 14:10:23,0.00049360,10.00000000
2018-02-27 14:10:24,0.00049360,7.00000000
2018-02-27 14:10:24,0.00049350,7.00000000
2018-02-27 14:10:24,0.00049360,4.00000000
2018-02-27 14:10:24,0.00049360,29.00000000
2018-02-27 14:10:24,0.00049360,189.00000000
2018-02-27 14:10:25,0.00049350,19.00000000
2018-02-27 14:10:25,0.00049360,22.00000000
2018-02-27 14:10:25,0.00049360,100.00000000
2018-02-27 14:10:26,0.00049360,4.00000000
2018-02-27 14:10:26,0.00049360,502.00000000
2018-02-27 14:10:27,0.00049360,41.00000000
2018-02-27 14:10:27,0.00049350,260.00000000
2018-02-27 14:10:27,0.00049240,7.00000000
2018-02-27 14:10:27,0.00049300,49.00000000
2018-02-27 14:10:27,0.00049300,234.00000000
2018-02-27 14:10:28,0.00049300,17.00000000
2018-02-27 14:10:28,0.00049295,19.00000000
2018-02-27 14:10:28,0.00049300,27.00000000
2018-02-27 14:10:28,0.00049300,76.00000000
2018-02-27 14:10:28,0.00049300,1126.00000000
2018-02-27 14:10:28,0.00049240,14.00000000
2018-02-27 14:10:29,0.00049240,80.00000000
2018-02-27 14:10:30,0.00049240,5.00000000
2018-02-27 14:10:30,0.00049240,10.00000000
2018-02-27 14:10:30,0.00049240,85.00000000
2018-02-27 14:10:30,0.00049240,5.00000000
2018-02-27 14:10:30,0.00049240,24.00000000
2018-02-27 14:10:31,0.00049300,145.00000000
2018-02-27 14:10:31,0.00049240,14.00000000
2018-02-27 14:10:32,0.00049240,5.00000000
2018-02-27 14:10:32,0.00049240,9.00000000
2018-02-27 14:10:33,0.00049240,7.00000000
2018-02-27 14:10:33,0.00049240,5.00000000
2018-02-27 14:10:33,0.00049240,45.00000000
2018-02-27 14:10:33,0.00049240,1.00000000
2018-02-27 14:10:33,0.00049300,46.00000000
2018-02-27 14:10:34,0.00049300,780.00000000
2018-02-27 14:10:34,0.00049250,10.00000000
2018-02-27 14:10:35,0.00049344,16.00000000
2018-02-27 14:10:35,0.00049252,26.00000000
2018-02-27 14:10:36,0.00049344,3.00000000
2018-02-27 14:10:38,0.00049306,44.00000000
2018-02-27 14:10:38,0.00049413,2.00000000
2018-02-27 14:10:39,0.00049413,5.00000000
2018-02-27 14:10:41,0.00049368,7.00000000
2018-02-27 14:10:41,0.00049301,290.00000000
2018-02-27 14:10:41,0.00049410,20.00000000
2018-02-27 14:10:42,0.00049368,5.00000000
2018-02-27 14:10:42,0.00049368,5.00000000
2018-02-27 14:10:43,0.00049368,13.00000000
2018-02-27 14:10:44,0.00049368,1.00000000
2018-02-27 14:10:44,0.00049370,31.00000000
2018-02-27 14:10:46,0.00049306,11.00000000
2018-02-27 14:10:47,0.00049370,17.00000000
2018-02-27 14:10:47,0.00049404,13.00000000
2018-02-27 14:10:51,0.00049454,72.00000000
2018-02-27 14:10:51,0.00049455,30.00000000
2018-02-27 14:10:51,0.00049455,34.00000000
2018-02-27 14:10:53,0.00049477,38.00000000
2018-02-27 14:10:53,0.00049479,30.00000000
2018-02-27 14:10:53,0.00049480,167.00000000
2018-02-27 14:10:55,0.00049476,5.00000000
2018-02-27 14:10:56,0.00049410,393.00000000
2018-02-27 14:10:56,0.00049476,5.00000000
2018-02-27 14:10:56,0.00049480,311.00000000
2018-02-27 14:10:56,0.00049499,524.00000000
2018-02-27 14:10:56,0.00049500,652.00000000
2018-02-27 14:10:56,0.00049504,20.00000000
2018-02-27 14:10:56,0.00049508,207.00000000
2018-02-27 14:10:56,0.00049509,1413.00000000
2018-02-27 14:10:58,0.00049455,28.00000000
2018-02-27 14:10:58,0.00049455,681.00000000
2018-02-27 14:10:59,0.00049368,15.00000000
2018-02-27 14:11:00,0.00049371,69.00000000
2018-02-27 14:11:00,0.00049508,35.00000000
2018-02-27 14:11:00,0.00049509,116.00000000
2018-02-27 14:11:00,0.00049371,4.00000000
2018-02-27 14:11:00,0.00049509,10.00000000
2018-02-27 14:11:01,0.00049509,393.00000000
2018-02-27 14:11:01,0.00049508,15.00000000
2018-02-27 14:11:01,0.00049508,28.00000000
2018-02-27 14:11:01,0.00049508,6.00000000
2018-02-27 14:11:01,0.00049377,20.00000000
2018-02-27 14:11:03,0.00049501,4.00000000
2018-02-27 14:11:05,0.00049401,7.00000000
2018-02-27 14:11:05,0.00049401,73.00000000
2018-02-27 14:11:06,0.00049484,73.00000000
2018-02-27 14:11:06,0.00049486,6.00000000
2018-02-27 14:11:06,0.00049500,41.00000000
2018-02-27 14:11:08,0.00049495,117.00000000
2018-02-27 14:11:08,0.00049495,23.00000000
2018-02-27 14:11:08,0.00049400,47.00000000
2018-02-27 14:11:09,0.00049402,6.00000000
2018-02-27 14:11:09,0.00049402,2.00000000
2018-02-27 14:11:09,0.00049499,80.00000000
2018-02-27 14:11:09,0.00049500,471.00000000
2018-02-27 14:11:09,0.00049450,140.00000000
2018-02-27 14:11:10,0.00049450,60.00000000
2018-02-27 14:11:12,0.00049499,5.00000000
2018-02-27 14:11:12,0.00049499,259.00000000
2018-02-27 14:11:12,0.00049499,19.00000000
2018-02-27 14:11:12,0.00049401,20.00000000
2018-02-27 14:11:13,0.00049450,103.00000000
2018-02-27 14:11:14,0.00049405,4.00000000
2018-02-27 14:11:14,0.00049405,16.00000000
2018-02-27 14:11:14,0.00049450,345.00000000
2018-02-27 14:11:15,0.00049402,3.00000000
2018-02-27 14:11:15,0.00049402,15.00000000
2018-02-27 14:11:15,0.00049402,3.00000000
2018-02-27 14:11:16,0.00049402,101.00000000
2018-02-27 14:11:16,0.00049402,435.00000000
2018-02-27 14:11:17,0.00049402,2.00000000
2018-02-27 14:11:17,0.00049402,8.00000000
2018-02-27 14:11:17,0.00049402,32.00000000
2018-02-27 14:11:17,0.00049402,218.00000000
2018-02-27 14:11:18,0.00049489,5.00000000
2018-02-27 14:11:18,0.00049402,16.00000000
2018-02-27 14:11:18,0.00049402,6.00000000
2018-02-27 14:11:18,0.00049489,10.00000000
2018-02-27 14:11:18,0.00049489,28.00000000
2018-02-27 14:11:18,0.00049402,19.00000000
2018-02-27 14:11:18,0.00049402,2.00000000
2018-02-27 14:11:18,0.00049401,443.00000000
2018-02-27 14:11:18,0.00049401,15.00000000
2018-02-27 14:11:19,0.00049401,165.00000000
2018-02-27 14:11:19,0.00049401,176.00000000
2018-02-27 14:11:19,0.00049400,165.00000000
2018-02-27 14:11:20,0.00049479,76.00000000
2018-02-27 14:11:20,0.00049400,1000.00000000
2018-02-27 14:11:20,0.00049400,128.00000000
2018-02-27 14:11:20,0.00049479,20.00000000
2018-02-27 14:11:20,0.00049400,150.00000000
2018-02-27 14:11:22,0.00049402,18.00000000
2018-02-27 14:11:22,0.00049400,365.00000000
2018-02-27 14:11:23,0.00049479,3.00000000
2018-02-27 14:11:23,0.00049400,150.00000000
2018-02-27 14:11:24,0.00049400,850.00000000
2018-02-27 14:11:25,0.00049400,143.00000000
2018-02-27 14:11:28,0.00049400,34.00000000
2018-02-27 14:11:30,0.00049400,6.00000000
2018-02-27 14:11:35,0.00049477,135.00000000
2018-02-27 14:11:38,0.00049477,5.00000000
2018-02-27 14:11:38,0.00049401,33.00000000
2018-02-27 14:11:38,0.00049401,10.00000000
2018-02-27 14:11:39,0.00049478,711.00000000
2018-02-27 14:11:39,0.00049479,71.00000000
2018-02-27 14:11:39,0.00049481,9.00000000
2018-02-27 14:11:39,0.00049492,31.00000000
2018-02-27 14:11:39,0.00049498,123.00000000
2018-02-27 14:11:39,0.00049500,1748.00000000
2018-02-27 14:11:39,0.00049501,100.00000000
2018-02-27 14:11:39,0.00049509,407.00000000
2018-02-27 14:11:39,0.00049477,10.00000000
2018-02-27 14:11:39,0.00049500,23.00000000
2018-02-27 14:11:39,0.00049500,28.00000000
2018-02-27 14:11:39,0.00049500,8.00000000
2018-02-27 14:11:39,0.00049500,8.00000000
2018-02-27 14:11:40,0.00049500,20.00000000
2018-02-27 14:11:40,0.00049500,9.00000000
2018-02-27 14:11:40,0.00049500,20.00000000
2018-02-27 14:11:40,0.00049500,20.00000000
2018-02-27 14:11:40,0.00049500,10.00000000
2018-02-27 14:11:40,0.00049500,33.00000000
2018-02-27 14:11:40,0.00049499,2.00000000
2018-02-27 14:11:40,0.00049499,322.00000000
2018-02-27 14:11:41,0.00049500,7.00000000
2018-02-27 14:11:41,0.00049406,44.00000000
2018-02-27 14:11:42,0.00049508,18.00000000
2018-02-27 14:11:48,0.00049475,52.00000000
2018-02-27 14:11:48,0.00049477,43.00000000
2018-02-27 14:11:49,0.00049477,10.00000000
2018-02-27 14:11:49,0.00049401,3.00000000
2018-02-27 14:11:49,0.00049400,389.00000000
2018-02-27 14:11:49,0.00049381,54.00000000
2018-02-27 14:11:49,0.00049380,33.00000000
2018-02-27 14:11:51,0.00049383,48.00000000
2018-02-27 14:11:51,0.00049381,30.00000000
2018-02-27 14:11:51,0.00049380,5.00000000
2018-02-27 14:11:52,0.00049381,30.00000000
2018-02-27 14:11:52,0.00049380,100.00000000
2018-02-27 14:11:53,0.00049381,3.00000000
2018-02-27 14:11:53,0.00049477,19.00000000
2018-02-27 14:11:54,0.00049402,62.00000000
2018-02-27 14:11:56,0.00049402,39.00000000
2018-02-27 14:11:58,0.00049477,45.00000000
2018-02-27 14:11:58,0.00049499,5.00000000
2018-02-27 14:11:58,0.00049380,70.00000000
2018-02-27 14:12:00,0.00049385,167.00000000
2018-02-27 14:12:01,0.00049392,20.00000000
2018-02-27 14:12:02,0.00049392,11.00000000
2018-02-27 14:12:02,0.00049394,10.00000000
2018-02-27 14:12:02,0.00049391,80.00000000
2018-02-27 14:12:04,0.00049378,30.00000000
2018-02-27 14:12:04,0.00049377,200.00000000
2018-02-27 14:12:04,0.00049375,30.00000000
2018-02-27 14:12:05,0.00049486,5.00000000
2018-02-27 14:12:06,0.00049354,22.00000000
2018-02-27 14:12:06,0.00049353,14.00000000
2018-02-27 14:12:08,0.00049467,193.00000000
2018-02-27 14:12:08,0.00049468,22.00000000
2018-02-27 14:12:08,0.00049469,5.00000000
2018-02-27 14:12:08,0.00049385,5.00000000
2018-02-27 14:12:10,0.00049385,30.00000000
2018-02-27 14:12:11,0.00049385,5.00000000
2018-02-27 14:12:12,0.00049385,45.00000000
2018-02-27 14:12:13,0.00049402,6.00000000
2018-02-27 14:12:13,0.00049402,10.00000000
2018-02-27 14:12:13,0.00049391,25.00000000
2018-02-27 14:12:15,0.00049355,20.00000000
2018-02-27 14:12:15,0.00049353,6.00000000
2018-02-27 14:12:15,0.00049352,5.00000000
2018-02-27 14:12:17,0.00049352,171.00000000
2018-02-27 14:12:21,0.00049352,289.00000000
2018-02-27 14:12:25,0.00049352,19.00000000
2018-02-27 14:12:26,0.00049353,6.00000000
2018-02-27 14:12:26,0.00049398,70.00000000
2018-02-27 14:12:27,0.00049352,257.00000000
2018-02-27 14:12:27,0.00049352,20.00000000
2018-02-27 14:12:27,0.00049352,5.00000000
2018-02-27 14:12:27,0.00049352,47.00000000
2018-02-27 14:12:28,0.00049352,3.00000000
2018-02-27 14:12:29,0.00049352,22.00000000
2018-02-27 14:12:29,0.00049300,11.00000000
2018-02-27 14:12:30,0.00049350,16.00000000
2018-02-27 14:12:30,0.00049350,11.00000000
2018-02-27 14:12:30,0.00049311,2.00000000
2018-02-27 14:12:32,0.00049350,16.00000000
2018-02-27 14:12:33,0.00049350,119.00000000
2018-02-27 14:12:33,0.00049311,5.00000000
2018-02-27 14:12:36,0.00049300,109.00000000
2018-02-27 14:12:37,0.00049300,4.00000000
2018-02-27 14:12:38,0.00049276,208.00000000
2018-02-27 14:12:39,0.00049275,14.00000000
2018-02-27 14:12:40,0.00049250,10.00000000
2018-02-27 14:12:40,0.00049217,16.00000000
2018-02-27 14:12:41,0.00049253,5.00000000
2018-02-27 14:12:42,0.00049251,5.00000000
2018-02-27 14:12:42,0.00049217,22.00000000
2018-02-27 14:12:42,0.00049217,503.00000000
2018-02-27 14:12:44,0.00049251,1.00000000
2018-02-27 14:12:45,0.00049217,189.00000000
2018-02-27 14:12:45,0.00049217,21.00000000
2018-02-27 14:12:45,0.00049217,7.00000000
2018-02-27 14:12:45,0.00049200,645.00000000
2018-02-27 14:12:45,0.00049200,262.00000000
2018-02-27 14:12:45,0.00049200,12.00000000
2018-02-27 14:12:46,0.00049200,7.00000000
2018-02-27 14:12:46,0.00049200,5.00000000
2018-02-27 14:12:49,0.00049200,3.00000000
2018-02-27 14:12:49,0.00049167,10.00000000
2018-02-27 14:12:49,0.00049200,99.00000000
2018-02-27 14:12:54,0.00049200,20.00000000
2018-02-27 14:12:54,0.00049200,199.00000000
2018-02-27 14:12:55,0.00049160,6.00000000
2018-02-27 14:12:55,0.00049134,5.00000000
2018-02-27 14:12:55,0.00049133,806.00000000
2018-02-27 14:12:55,0.00049116,283.00000000
2018-02-27 14:12:59,0.00049200,6.00000000
2018-02-27 14:13:00,0.00049124,20.00000000
2018-02-27 14:13:00,0.00049116,207.00000000
2018-02-27 14:13:00,0.00049101,61.00000000
2018-02-27 14:13:00,0.00049100,3015.00000000
2018-02-27 14:13:00,0.00049200,139.00000000
2018-02-27 14:13:02,0.00049102,399.00000000
2018-02-27 14:13:02,0.00049100,1950.00000000
2018-02-27 14:13:02,0.00049100,35.00000000
2018-02-27 14:13:03,0.00049196,5.00000000
2018-02-27 14:13:03,0.00049100,6.00000000
2018-02-27 14:13:03,0.00049065,20.00000000
2018-02-27 14:13:03,0.00049098,11.00000000
2018-02-27 14:13:04,0.00049098,19.00000000
2018-02-27 14:13:04,0.00049098,77.00000000
2018-02-27 14:13:04,0.00049098,94.00000000
2018-02-27 14:13:04,0.00049100,12.00000000
2018-02-27 14:13:04,0.00049098,77.00000000
2018-02-27 14:13:05,0.00049196,17.00000000
2018-02-27 14:13:05,0.00049100,8.00000000
2018-02-27 14:13:06,0.00049195,10.00000000
2018-02-27 14:13:06,0.00049196,49.00000000
2018-02-27 14:13:06,0.00049198,30.00000000
2018-02-27 14:13:06,0.00049200,32.00000000
2018-02-27 14:13:07,0.00049195,4.00000000
2018-02-27 14:13:09,0.00049068,4.00000000
2018-02-27 14:13:10,0.00049101,10.00000000
2018-02-27 14:13:10,0.00049101,3.00000000
2018-02-27 14:13:11,0.00049101,12.00000000
2018-02-27 14:13:11,0.00049103,199.00000000
2018-02-27 14:13:11,0.00049101,12.00000000
2018-02-27 14:13:13,0.00049098,3.00000000
2018-02-27 14:13:13,0.00049076,81.00000000
2018-02-27 14:13:13,0.00049098,28.00000000
2018-02-27 14:13:14,0.00049098,20.00000000
2018-02-27 14:13:14,0.00049098,152.00000000
2018-02-27 14:13:14,0.00049054,20.00000000
2018-02-27 14:13:14,0.00049050,19.00000000
2018-02-27 14:13:15,0.00049079,10.00000000
2018-02-27 14:13:15,0.00049051,107.00000000
2018-02-27 14:13:15,0.00049051,5.00000000
2018-02-27 14:13:16,0.00049099,161.00000000
2018-02-27 14:13:18,0.00049050,19.00000000
2018-02-27 14:13:19,0.00049050,8.00000000
2018-02-27 14:13:19,0.00049099,31.00000000
2018-02-27 14:13:19,0.00049100,16.00000000
2018-02-27 14:13:20,0.00049019,16.00000000
2018-02-27 14:13:21,0.00049019,8.00000000
2018-02-27 14:13:21,0.00049019,7.00000000
2018-02-27 14:13:24,0.00049099,30.00000000
2018-02-27 14:13:24,0.00049100,9.00000000
2018-02-27 14:13:28,0.00049099,20.00000000
2018-02-27 14:13:30,0.00049099,18.00000000
2018-02-27 14:13:30,0.00049100,8.00000000
2018-02-27 14:13:31,0.00049100,100.00000000
2018-02-27 14:13:31,0.00049099,17.00000000
2018-02-27 14:13:32,0.00049027,10.00000000
2018-02-27 14:13:32,0.00049020,363.00000000
2018-02-27 14:13:35,0.00049098,30.00000000
2018-02-27 14:13:37,0.00049020,44.00000000
2018-02-27 14:13:37,0.00049019,30.00000000
2018-02-27 14:13:37,0.00049019,37.00000000
2018-02-27 14:13:37,0.00049019,47.00000000
2018-02-27 14:13:42,0.00049006,40.00000000
2018-02-27 14:13:42,0.00049000,45.00000000
2018-02-27 14:13:43,0.00049018,6.00000000
2018-02-27 14:13:43,0.00049019,486.00000000
2018-02-27 14:13:43,0.00048946,15.00000000
2018-02-27 14:13:43,0.00048921,25.00000000
2018-02-27 14:13:43,0.00048890,125.00000000
2018-02-27 14:13:43,0.00048847,40.00000000
2018-02-27 14:13:43,0.00048846,5.00000000
2018-02-27 14:13:43,0.00048837,19.00000000
2018-02-27 14:13:43,0.00048831,36.00000000
2018-02-27 14:13:43,0.00048805,8.00000000
2018-02-27 14:13:43,0.00048801,204.00000000
2018-02-27 14:13:43,0.00048778,10.00000000
2018-02-27 14:13:43,0.00048771,205.00000000
2018-02-27 14:13:43,0.00048751,10.00000000
2018-02-27 14:13:43,0.00048746,186.00000000
2018-02-27 14:13:43,0.00048701,7.00000000
2018-02-27 14:13:43,0.00048700,105.00000000
2018-02-27 14:13:44,0.00048954,113.00000000
2018-02-27 14:13:45,0.00049007,19.00000000
2018-02-27 14:13:45,0.00049016,85.00000000
2018-02-27 14:13:45,0.00048954,52.00000000
2018-02-27 14:13:45,0.00048953,29.00000000
2018-02-27 14:13:45,0.00049015,10.00000000
2018-02-27 14:13:45,0.00049016,8.00000000
2018-02-27 14:13:45,0.00049016,10.00000000
2018-02-27 14:13:45,0.00049016,20.00000000
2018-02-27 14:13:45,0.00049016,2.00000000
2018-02-27 14:13:45,0.00049017,12.00000000
2018-02-27 14:13:45,0.00049016,10.00000000
2018-02-27 14:13:46,0.00049000,19.00000000
2018-02-27 14:13:46,0.00049017,15.00000000
2018-02-27 14:13:48,0.00048991,19.00000000
2018-02-27 14:13:49,0.00049013,19.00000000
2018-02-27 14:13:50,0.00048934,10.00000000
2018-02-27 14:13:50,0.00048833,89.00000000
2018-02-27 14:13:50,0.00048832,13.00000000
2018-02-27 14:13:50,0.00048893,81.00000000
2018-02-27 14:13:52,0.00048947,9.00000000
2018-02-27 14:13:53,0.00048947,19.00000000
2018-02-27 14:13:53,0.00048944,3.00000000
2018-02-27 14:13:54,0.00048896,16.00000000
2018-02-27 14:13:54,0.00048856,19.00000000
2018-02-27 14:13:54,0.00048847,16.00000000
2018-02-27 14:13:54,0.00048832,32.00000000
2018-02-27 14:13:54,0.00048944,16.00000000
2018-02-27 14:13:54,0.00048943,196.00000000
2018-02-27 14:13:55,0.00048940,3.00000000
2018-02-27 14:13:56,0.00048937,31.00000000
2018-02-27 14:13:57,0.00048938,25.00000000
2018-02-27 14:13:57,0.00048938,46.00000000
2018-02-27 14:13:58,0.00048891,169.00000000
2018-02-27 14:13:58,0.00048891,83.00000000
2018-02-27 14:13:59,0.00048891,17.00000000
2018-02-27 14:13:59,0.00048832,72.00000000
2018-02-27 14:13:59,0.00048793,10.00000000
2018-02-27 14:13:59,0.00048890,6.00000000
2018-02-27 14:14:00,0.00048888,10.00000000
2018-02-27 14:14:00,0.00048889,10.00000000
2018-02-27 14:14:01,0.00048888,52.00000000
2018-02-27 14:14:01,0.00048888,9.00000000
2018-02-27 14:14:02,0.00048888,16.00000000
2018-02-27 14:14:02,0.00048840,20.00000000
2018-02-27 14:14:02,0.00048840,20.00000000
2018-02-27 14:14:02,0.00048840,20.00000000
2018-02-27 14:14:02,0.00048840,20.00000000
2018-02-27 14:14:02,0.00048840,20.00000000
2018-02-27 14:14:03,0.00048840,16.00000000
2018-02-27 14:14:03,0.00048840,20.00000000
2018-02-27 14:14:03,0.00048840,20.00000000
2018-02-27 14:14:04,0.00048840,1.00000000
2018-02-27 14:14:04,0.00048888,3.00000000
2018-02-27 14:14:04,0.00048930,10.00000000
2018-02-27 14:14:05,0.00048887,195.00000000
2018-02-27 14:14:05,0.00048938,10.00000000
2018-02-27 14:14:06,0.00048888,7.00000000
2018-02-27 14:14:06,0.00048888,20.00000000
2018-02-27 14:14:06,0.00048888,20.00000000
2018-02-27 14:14:06,0.00048888,3.00000000
2018-02-27 14:14:07,0.00048888,4.00000000
2018-02-27 14:14:08,0.00048888,182.00000000
2018-02-27 14:14:08,0.00048888,204.00000000
2018-02-27 14:14:08,0.00048888,68.00000000
2018-02-27 14:14:09,0.00048997,10.00000000
2018-02-27 14:14:09,0.00048998,40.00000000
2018-02-27 14:14:09,0.00048999,30.00000000
2018-02-27 14:14:09,0.00049000,220.00000000
2018-02-27 14:14:10,0.00048999,5.00000000
2018-02-27 14:14:12,0.00048999,12.00000000
2018-02-27 14:14:13,0.00048999,9.00000000
2018-02-27 14:14:14,0.00049000,34.00000000
2018-02-27 14:14:14,0.00048999,2.00000000
2018-02-27 14:14:16,0.00048900,10.00000000
2018-02-27 14:14:17,0.00048900,204.00000000
2018-02-27 14:14:17,0.00048900,269.00000000
2018-02-27 14:14:17,0.00048900,111.00000000
2018-02-27 14:14:17,0.00048900,1284.00000000
2018-02-27 14:14:17,0.00048900,99.00000000
2018-02-27 14:14:19,0.00048997,4.00000000
2018-02-27 14:14:20,0.00048880,39.00000000
2018-02-27 14:14:20,0.00048997,4.00000000
2018-02-27 14:14:20,0.00048882,203.00000000
2018-02-27 14:14:20,0.00048880,11.00000000
2018-02-27 14:14:21,0.00048995,14.00000000
2018-02-27 14:14:22,0.00048992,5.00000000
2018-02-27 14:14:22,0.00048992,36.00000000
2018-02-27 14:14:26,0.00048980,5.00000000
2018-02-27 14:14:26,0.00048941,8.00000000
2018-02-27 14:14:33,0.00048940,10.00000000
2018-02-27 14:14:35,0.00048962,4.00000000
2018-02-27 14:14:35,0.00048962,49.00000000
2018-02-27 14:14:36,0.00048962,90.00000000
2018-02-27 14:14:36,0.00048964,43.00000000
2018-02-27 14:14:36,0.00048960,7.00000000
2018-02-27 14:14:37,0.00048940,19.00000000
2018-02-27 14:14:37,0.00048940,227.00000000
2018-02-27 14:14:38,0.00048940,59.00000000
2018-02-27 14:14:40,0.00048994,84.00000000
2018-02-27 14:14:40,0.00048994,49.00000000
2018-02-27 14:14:40,0.00048994,88.00000000
2018-02-27 14:14:43,0.00048902,39.00000000
2018-02-27 14:14:45,0.00048994,29.00000000
2018-02-27 14:14:47,0.00048938,39.00000000
2018-02-27 14:14:47,0.00048940,289.00000000
2018-02-27 14:14:47,0.00048998,537.00000000
2018-02-27 14:14:48,0.00048994,8.00000000
2018-02-27 14:14:48,0.00048940,30.00000000
2018-02-27 14:14:50,0.00048940,25.00000000
2018-02-27 14:14:52,0.00048940,6.00000000
2018-02-27 14:14:54,0.00048902,87.00000000
2018-02-27 14:14:54,0.00048900,15.00000000
2018-02-27 14:14:54,0.00048887,27.00000000
2018-02-27 14:14:54,0.00048885,76.00000000
2018-02-27 14:14:55,0.00048902,51.00000000
2018-02-27 14:14:57,0.00048939,286.00000000
2018-02-27 14:14:58,0.00048939,20.00000000
2018-02-27 14:14:58,0.00048939,20.00000000
2018-02-27 14:14:58,0.00048939,20.00000000
2018-02-27 14:14:58,0.00048939,20.00000000
2018-02-27 14:14:58,0.00048939,20.00000000
2018-02-27 14:14:58,0.00048939,12.00000000
2018-02-27 14:14:58,0.00048939,20.00000000
2018-02-27 14:14:58,0.00048939,20.00000000
2018-02-27 14:14:58,0.00048939,44.00000000
2018-02-27 14:14:58,0.00048939,20.00000000
2018-02-27 14:15:00,0.00048900,77.00000000
2018-02-27 14:15:00,0.00048939,202.00000000
2018-02-27 14:15:01,0.00048939,53.00000000
2018-02-27 14:15:01,0.00048939,204.00000000
2018-02-27 14:15:02,0.00048939,96.00000000
2018-02-27 14:15:02,0.00048940,204.00000000
2018-02-27 14:15:02,0.00048940,286.00000000
2018-02-27 14:15:05,0.00048903,10.00000000
2018-02-27 14:15:05,0.00048900,3.00000000
2018-02-27 14:15:05,0.00048885,5.00000000
2018-02-27 14:15:05,0.00048880,82.00000000
2018-02-27 14:15:08,0.00048880,100.00000000
2018-02-27 14:15:08,0.00048940,195.00000000
2018-02-27 14:15:09,0.00048940,39.00000000
2018-02-27 14:15:09,0.00048886,6.00000000
2018-02-27 14:15:09,0.00048880,22.00000000
2018-02-27 14:15:11,0.00048880,24.00000000
2018-02-27 14:15:12,0.00048880,7.00000000
2018-02-27 14:15:12,0.00048880,99.00000000
2018-02-27 14:15:12,0.00048880,42.00000000
2018-02-27 14:15:15,0.00048940,172.00000000
2018-02-27 14:15:15,0.00048940,146.00000000
2018-02-27 14:15:19,0.00048940,118.00000000
2018-02-27 14:15:19,0.00048940,149.00000000
2018-02-27 14:15:20,0.00048950,88.00000000
2018-02-27 14:15:20,0.00048950,82.00000000
2018-02-27 14:15:20,0.00048950,7.00000000
2018-02-27 14:15:23,0.00048939,5.00000000
2018-02-27 14:15:23,0.00048950,18.00000000
2018-02-27 14:15:24,0.00048939,15.00000000
2018-02-27 14:15:24,0.00048930,85.00000000
2018-02-27 14:15:24,0.00048950,9.00000000
2018-02-27 14:15:24,0.00048977,16.00000000
2018-02-27 14:15:26,0.00048995,10.00000000
2018-02-27 14:15:26,0.00048996,65.00000000
2018-02-27 14:15:26,0.00048997,20.00000000
2018-02-27 14:15:26,0.00048886,20.00000000
2018-02-27 14:15:27,0.00048890,81.00000000
2018-02-27 14:15:27,0.00048889,185.00000000
2018-02-27 14:15:29,0.00048885,4.00000000
2018-02-27 14:15:30,0.00048945,82.00000000
2018-02-27 14:15:35,0.00048945,62.00000000
2018-02-27 14:15:36,0.00048901,6.00000000
2018-02-27 14:15:36,0.00048900,250.00000000
2018-02-27 14:15:37,0.00048945,7.00000000
2018-02-27 14:15:39,0.00048945,46.00000000
2018-02-27 14:15:42,0.00048945,8.00000000
2018-02-27 14:15:43,0.00048945,4.00000000
2018-02-27 14:15:43,0.00048902,11.00000000
2018-02-27 14:15:43,0.00048900,573.00000000
2018-02-27 14:15:43,0.00048880,1336.00000000
2018-02-27 14:15:43,0.00048947,88.00000000
2018-02-27 14:15:43,0.00048950,28.00000000
2018-02-27 14:15:43,0.00048945,35.00000000
2018-02-27 14:15:43,0.00048880,4.00000000
2018-02-27 14:15:44,0.00048880,3.00000000
2018-02-27 14:15:45,0.00048880,44.00000000
2018-02-27 14:15:47,0.00048880,26.00000000
2018-02-27 14:15:47,0.00048880,25.00000000
2018-02-27 14:15:48,0.00048880,200.00000000
2018-02-27 14:15:50,0.00048880,19.00000000
2018-02-27 14:15:54,0.00048880,71.00000000
2018-02-27 14:15:55,0.00048880,30.00000000
2018-02-27 14:15:55,0.00048880,30.00000000
2018-02-27 14:15:56,0.00048880,356.00000000
2018-02-27 14:15:56,0.00048820,21.00000000
2018-02-27 14:15:57,0.00048880,49.00000000
2018-02-27 14:15:57,0.00048880,100.00000000
2018-02-27 14:15:58,0.00048880,42.00000000
2018-02-27 14:15:58,0.00048880,48.00000000
2018-02-27 14:15:58,0.00048880,569.00000000
2018-02-27 14:16:01,0.00048950,132.00000000
2018-02-27 14:16:03,0.00048950,116.00000000
2018-02-27 14:16:04,0.00048950,13.00000000
2018-02-27 14:16:05,0.00048950,147.00000000
2018-02-27 14:16:07,0.00048950,100.00000000
2018-02-27 14:16:07,0.00048950,104.00000000
2018-02-27 14:16:12,0.00048974,11.00000000
2018-02-27 14:16:12,0.00048975,57.00000000
2018-02-27 14:16:12,0.00048982,81.00000000
2018-02-27 14:16:12,0.00048997,51.00000000
2018-02-27 14:16:13,0.00048950,203.00000000
2018-02-27 14:16:13,0.00048902,334.00000000
2018-02-27 14:16:13,0.00048900,876.00000000
2018-02-27 14:16:13,0.00048881,59.00000000
2018-02-27 14:16:13,0.00048880,324.00000000
2018-02-27 14:16:13,0.00048879,421.00000000
2018-02-27 14:16:17,0.00048950,8.00000000
2018-02-27 14:16:20,0.00048950,17.00000000
2018-02-27 14:16:23,0.00048891,11.00000000
2018-02-27 14:16:23,0.00048889,996.00000000
2018-02-27 14:16:24,0.00048891,8.00000000
2018-02-27 14:16:24,0.00048950,136.00000000
2018-02-27 14:16:25,0.00048950,5.00000000
2018-02-27 14:16:25,0.00048896,95.00000000
2018-02-27 14:16:28,0.00048911,221.00000000
2018-02-27 14:16:28,0.00048995,95.00000000
2018-02-27 14:16:28,0.00048997,247.00000000
2018-02-27 14:16:28,0.00048998,50.00000000
2018-02-27 14:16:28,0.00048999,1323.00000000
2018-02-27 14:16:28,0.00048999,247.00000000
2018-02-27 14:16:28,0.00048999,111.00000000
2018-02-27 14:16:29,0.00048911,39.00000000
2018-02-27 14:16:31,0.00048999,865.00000000
2018-02-27 14:16:31,0.00048999,397.00000000
2018-02-27 14:16:31,0.00048999,160.00000000
2018-02-27 14:16:33,0.00048999,680.00000000
2018-02-27 14:16:35,0.00048999,256.00000000
2018-02-27 14:16:35,0.00048999,405.00000000
2018-02-27 14:16:35,0.00048990,83.00000000
2018-02-27 14:16:35,0.00048951,5.00000000
2018-02-27 14:16:35,0.00048912,2.00000000
2018-02-27 14:16:35,0.00048999,119.00000000
2018-02-27 14:16:36,0.00048999,998.00000000
2018-02-27 14:16:37,0.00048999,60.00000000
2018-02-27 14:16:38,0.00048999,26.00000000
2018-02-27 14:16:38,0.00048999,454.00000000
2018-02-27 14:16:38,0.00048999,572.00000000
2018-02-27 14:16:38,0.00049000,41.00000000
2018-02-27 14:16:38,0.00049000,206.00000000
2018-02-27 14:16:40,0.00049000,186.00000000
2018-02-27 14:16:43,0.00048999,11.00000000
2018-02-27 14:16:43,0.00048999,2.00000000
2018-02-27 14:16:44,0.00048999,10.00000000
2018-02-27 14:16:45,0.00048999,4.00000000
2018-02-27 14:16:45,0.00048956,5.00000000
2018-02-27 14:16:45,0.00048951,5.00000000
2018-02-27 14:16:45,0.00048950,16.00000000
2018-02-27 14:16:46,0.00048999,140.00000000
2018-02-27 14:16:46,0.00048999,22.00000000
2018-02-27 14:16:46,0.00049000,567.00000000
2018-02-27 14:16:46,0.00049016,115.00000000
2018-02-27 14:16:46,0.00049043,5.00000000
2018-02-27 14:16:47,0.00049098,3.00000000
2018-02-27 14:16:49,0.00049093,5.00000000
2018-02-27 14:16:49,0.00049098,26.00000000
2018-02-27 14:16:50,0.00049007,5.00000000
2018-02-27 14:16:50,0.00049002,1.00000000
2018-02-27 14:16:51,0.00049098,18.00000000
2018-02-27 14:16:53,0.00049093,5.00000000
2018-02-27 14:16:53,0.00049098,12.00000000
2018-02-27 14:16:56,0.00049100,133.00000000
2018-02-27 14:16:57,0.00049100,167.00000000
2018-02-27 14:16:57,0.00049101,50.00000000
2018-02-27 14:16:57,0.00049183,19.00000000
2018-02-27 14:16:57,0.00049188,381.00000000
2018-02-27 14:16:57,0.00049203,11.00000000
2018-02-27 14:16:57,0.00049251,43.00000000
2018-02-27 14:16:57,0.00049299,40.00000000
2018-02-27 14:16:57,0.00049300,56.00000000
2018-02-27 14:16:57,0.00049300,219.00000000
2018-02-27 14:16:57,0.00049315,30.00000000
2018-02-27 14:16:57,0.00049367,750.00000000
2018-02-27 14:16:57,0.00049400,161.00000000
2018-02-27 14:16:57,0.00049402,792.00000000
2018-02-27 14:16:58,0.00049100,58.00000000
2018-02-27 14:16:58,0.00049398,10.00000000
2018-02-27 14:16:58,0.00049399,19.00000000
2018-02-27 14:16:58,0.00049400,12.00000000
2018-02-27 14:16:58,0.00049199,19.00000000
2018-02-27 14:16:58,0.00049099,19.00000000
2018-02-27 14:16:58,0.00049199,19.00000000
2018-02-27 14:17:00,0.00049200,20.00000000
2018-02-27 14:17:00,0.00049201,2.00000000
2018-02-27 14:17:01,0.00049192,16.00000000
2018-02-27 14:17:01,0.00049192,65.00000000
2018-02-27 14:17:01,0.00049191,19.00000000
2018-02-27 14:17:01,0.00049193,12.00000000
2018-02-27 14:17:01,0.00049193,188.00000000
2018-02-27 14:17:01,0.00049130,12.00000000
2018-02-27 14:17:01,0.00049388,22.00000000
2018-02-27 14:17:01,0.00049396,31.00000000
2018-02-27 14:17:01,0.00049397,37.00000000
2018-02-27 14:17:02,0.00049186,4.00000000
2018-02-27 14:17:03,0.00049216,6.00000000
2018-02-27 14:17:05,0.00049368,80.00000000
2018-02-27 14:17:05,0.00049220,10.00000000
2018-02-27 14:17:05,0.00049219,6.00000000
2018-02-27 14:17:06,0.00049189,32.00000000
2018-02-27 14:17:06,0.00049188,94.00000000
2018-02-27 14:17:06,0.00049186,2.00000000
2018-02-27 14:17:06,0.00049364,20.00000000
2018-02-27 14:17:06,0.00049365,30.00000000
2018-02-27 14:17:07,0.00049187,14.00000000
2018-02-27 14:17:07,0.00049187,80.00000000
2018-02-27 14:17:14,0.00049311,18.00000000
2018-02-27 14:17:17,0.00049139,50.00000000
2018-02-27 14:17:25,0.00049259,81.00000000
2018-02-27 14:17:25,0.00049260,92.00000000
2018-02-27 14:17:25,0.00049262,20.00000000
2018-02-27 14:17:25,0.00049263,22.00000000
2018-02-27 14:17:25,0.00049266,165.00000000
2018-02-27 14:17:25,0.00049283,30.00000000
2018-02-27 14:17:25,0.00049308,244.00000000
2018-02-27 14:17:25,0.00049361,19.00000000
2018-02-27 14:17:25,0.00049370,29.00000000
2018-02-27 14:17:25,0.00049379,24.00000000
2018-02-27 14:17:25,0.00049394,19.00000000
2018-02-27 14:17:25,0.00049395,200.00000000
2018-02-27 14:17:25,0.00049397,1715.00000000
2018-02-27 14:17:25,0.00049398,198.00000000
2018-02-27 14:17:25,0.00049400,1479.00000000
2018-02-27 14:17:25,0.00049402,1792.00000000
2018-02-27 14:17:25,0.00049402,14.00000000
2018-02-27 14:17:25,0.00049402,94.00000000
2018-02-27 14:17:25,0.00049402,781.00000000
2018-02-27 14:17:25,0.00049402,248.00000000
2018-02-27 14:17:26,0.00049403,3.00000000
2018-02-27 14:17:26,0.00049434,26.00000000
2018-02-27 14:17:26,0.00049403,7.00000000
2018-02-27 14:17:26,0.00049402,98.00000000
2018-02-27 14:17:27,0.00049402,19.00000000
2018-02-27 14:17:27,0.00049402,126.00000000
2018-02-27 14:17:27,0.00049402,2.00000000
2018-02-27 14:17:28,0.00049402,21.00000000
2018-02-27 14:17:28,0.00049402,38.00000000
2018-02-27 14:17:30,0.00049402,104.00000000
2018-02-27 14:17:30,0.00049402,2.00000000
2018-02-27 14:17:30,0.00049402,152.00000000
2018-02-27 14:17:30,0.00049434,19.00000000
2018-02-27 14:17:32,0.00049433,11.00000000
2018-02-27 14:17:32,0.00049434,17.00000000
2018-02-27 14:17:33,0.00049402,902.00000000
2018-02-27 14:17:33,0.00049402,1619.00000000
2018-02-27 14:17:33,0.00049402,28.00000000
2018-02-27 14:17:34,0.00049402,2.00000000
2018-02-27 14:17:34,0.00049402,410.00000000
2018-02-27 14:17:34,0.00049402,127.00000000
2018-02-27 14:17:34,0.00049434,7.00000000
2018-02-27 14:17:37,0.00049433,10.00000000
2018-02-27 14:17:38,0.00049350,4.00000000
2018-02-27 14:17:39,0.00049402,13.00000000
2018-02-27 14:17:39,0.00049350,1.00000000
2018-02-27 14:17:41,0.00049353,12.00000000
2018-02-27 14:17:41,0.00049353,6.00000000
2018-02-27 14:17:42,0.00049402,16.00000000
2018-02-27 14:17:43,0.00049335,111.00000000
2018-02-27 14:17:44,0.00049335,10.00000000
2018-02-27 14:17:44,0.00049401,1.00000000
2018-02-27 14:17:45,0.00049401,161.00000000
2018-02-27 14:17:45,0.00049402,849.00000000
2018-02-27 14:17:45,0.00049433,282.00000000
2018-02-27 14:17:45,0.00049434,535.00000000
2018-02-27 14:17:45,0.00049434,1813.00000000
2018-02-27 14:17:45,0.00049434,476.00000000
2018-02-27 14:17:46,0.00049434,42.00000000
2018-02-27 14:17:46,0.00049434,6.00000000
2018-02-27 14:17:47,0.00049434,35.00000000
2018-02-27 14:17:48,0.00049434,667.00000000
2018-02-27 14:17:49,0.00049434,34.00000000
2018-02-27 14:17:51,0.00049434,39.00000000
2018-02-27 14:17:58,0.00049434,2040.00000000
2018-02-27 14:17:58,0.00049434,83.00000000
2018-02-27 14:17:59,0.00049434,997.00000000
2018-02-27 14:18:00,0.00049434,18.00000000
2018-02-27 14:18:00,0.00049434,4.00000000
2018-02-27 14:18:01,0.00049434,2.00000000
2018-02-27 14:18:02,0.00049434,7.00000000
2018-02-27 14:18:03,0.00049434,248.00000000
2018-02-27 14:18:03,0.00049434,1108.00000000
2018-02-27 14:18:03,0.00049402,19.00000000
2018-02-27 14:18:03,0.00049335,705.00000000
2018-02-27 14:18:04,0.00049335,166.00000000
2018-02-27 14:18:04,0.00049326,124.00000000
2018-02-27 14:18:04,0.00049271,30.00000000
2018-02-27 14:18:04,0.00049223,10.00000000
2018-02-27 14:18:04,0.00049163,483.00000000
2018-02-27 14:18:05,0.00049335,257.00000000
2018-02-27 14:18:05,0.00049335,13.00000000
2018-02-27 14:18:06,0.00049335,716.00000000
2018-02-27 14:18:06,0.00049335,68.00000000
2018-02-27 14:18:10,0.00049335,41.00000000
2018-02-27 14:18:10,0.00049335,16.00000000
2018-02-27 14:18:10,0.00049282,6.00000000
2018-02-27 14:18:10,0.00049335,249.00000000
2018-02-27 14:18:12,0.00049335,65.00000000
2018-02-27 14:18:12,0.00049283,49.00000000
2018-02-27 14:18:12,0.00049335,6.00000000
2018-02-27 14:18:12,0.00049335,267.00000000
2018-02-27 14:18:14,0.00049378,14.00000000
2018-02-27 14:18:17,0.00049309,4.00000000
2018-02-27 14:18:25,0.00049433,8.00000000
2018-02-27 14:18:28,0.00049433,2.00000000
2018-02-27 14:18:28,0.00049434,6.00000000
2018-02-27 14:18:31,0.00049350,9.00000000
2018-02-27 14:18:32,0.00049350,15.00000000
2018-02-27 14:18:32,0.00049350,9.00000000
2018-02-27 14:18:33,0.00049350,24.00000000
2018-02-27 14:18:35,0.00049304,10.00000000
2018-02-27 14:18:35,0.00049300,170.00000000
2018-02-27 14:18:35,0.00049300,5.00000000
2018-02-27 14:18:37,0.00049300,1.00000000
2018-02-27 14:18:37,0.00049350,2.00000000
2018-02-27 14:18:38,0.00049350,119.00000000
2018-02-27 14:18:40,0.00049309,63.00000000
2018-02-27 14:18:40,0.00049285,10.00000000
2018-02-27 14:18:40,0.00049284,8.00000000
2018-02-27 14:18:40,0.00049284,2.00000000
2018-02-27 14:18:40,0.00049350,1.00000000
2018-02-27 14:18:41,0.00049350,7.00000000
2018-02-27 14:18:41,0.00049350,36.00000000
2018-02-27 14:18:42,0.00049350,4.00000000
2018-02-27 14:18:48,0.00049289,10.00000000
2018-02-27 14:18:48,0.00049283,9.00000000
2018-02-27 14:18:49,0.00049350,258.00000000
2018-02-27 14:18:50,0.00049349,5.00000000
2018-02-27 14:18:53,0.00049284,41.00000000
2018-02-27 14:18:53,0.00049283,104.00000000
2018-02-27 14:18:54,0.00049349,821.00000000
2018-02-27 14:18:54,0.00049350,167.00000000
2018-02-27 14:18:54,0.00049253,199.00000000
2018-02-27 14:18:54,0.00049251,81.00000000
2018-02-27 14:18:54,0.00049188,66.00000000
2018-02-27 14:18:55,0.00049346,44.00000000
2018-02-27 14:18:56,0.00049204,8.00000000
2018-02-27 14:18:57,0.00049336,14.00000000
2018-02-27 14:19:02,0.00049318,122.00000000
2018-02-27 14:19:02,0.00049318,5.00000000
2018-02-27 14:19:02,0.00049318,76.00000000
2018-02-27 14:19:02,0.00049320,5.00000000
2018-02-27 14:19:02,0.00049320,61.00000000
2018-02-27 14:19:03,0.00049238,27.00000000
2018-02-27 14:19:07,0.00049321,7.00000000
2018-02-27 14:19:07,0.00049321,20.00000000
2018-02-27 14:19:07,0.00049323,82.00000000
2018-02-27 14:19:07,0.00049323,3.00000000
2018-02-27 14:19:08,0.00049323,115.00000000
2018-02-27 14:19:09,0.00049237,35.00000000
2018-02-27 14:19:09,0.00049233,10.00000000
2018-02-27 14:19:09,0.00049211,309.00000000
2018-02-27 14:19:10,0.00049216,5.00000000
2018-02-27 14:19:13,0.00049336,1513.00000000
2018-02-27 14:19:16,0.00049336,59.00000000
2018-02-27 14:19:18,0.00049336,1.00000000
2018-02-27 14:19:20,0.00049336,42.00000000
2018-02-27 14:19:20,0.00049336,48.00000000
2018-02-27 14:19:20,0.00049336,48.00000000
2018-02-27 14:19:20,0.00049336,48.00000000
2018-02-27 14:19:21,0.00049336,3.00000000
2018-02-27 14:19:22,0.00049336,14.00000000
2018-02-27 14:19:22,0.00049336,6.00000000
2018-02-27 14:19:26,0.00049273,30.00000000
2018-02-27 14:19:26,0.00049268,11.00000000
2018-02-27 14:19:26,0.00049267,30.00000000
2018-02-27 14:19:26,0.00049260,112.00000000
2018-02-27 14:19:26,0.00049255,20.00000000
2018-02-27 14:19:26,0.00049237,116.00000000
2018-02-27 14:19:26,0.00049230,136.00000000
2018-02-27 14:19:26,0.00049212,30.00000000
2018-02-27 14:19:26,0.00049211,15.00000000
2018-02-27 14:19:27,0.00049335,6.00000000
2018-02-27 14:19:29,0.00049335,75.00000000
2018-02-27 14:19:29,0.00049336,26.00000000
2018-02-27 14:19:31,0.00049335,20.00000000
2018-02-27 14:19:32,0.00049335,3.00000000
2018-02-27 14:19:32,0.00049335,90.00000000
2018-02-27 14:19:32,0.00049335,3.00000000
2018-02-27 14:19:32,0.00049335,6.00000000
2018-02-27 14:19:33,0.00049335,208.00000000
2018-02-27 14:19:33,0.00049336,141.00000000
2018-02-27 14:19:38,0.00049336,20.00000000
2018-02-27 14:19:38,0.00049336,48.00000000
2018-02-27 14:19:38,0.00049348,19.00000000
2018-02-27 14:19:44,0.00049348,57.00000000
2018-02-27 14:19:45,0.00049337,5.00000000
2018-02-27 14:19:49,0.00049337,6.00000000
2018-02-27 14:19:53,0.00049338,5.00000000
2018-02-27 14:19:55,0.00049338,15.00000000
2018-02-27 14:19:55,0.00049336,28.00000000
2018-02-27 14:19:57,0.00049336,9.00000000
2018-02-27 14:19:59,0.00049348,101.00000000
2018-02-27 14:20:03,0.00049336,626.00000000
2018-02-27 14:20:05,0.00049336,34.00000000
2018-02-27 14:20:07,0.00049346,5.00000000
2018-02-27 14:20:08,0.00049336,201.00000000
2018-02-27 14:20:09,0.00049346,128.00000000
2018-02-27 14:20:09,0.00049348,280.00000000
2018-02-27 14:20:10,0.00049348,891.00000000
2018-02-27 14:20:10,0.00049336,245.00000000
2018-02-27 14:20:11,0.00049350,32.00000000
2018-02-27 14:20:13,0.00049348,12.00000000
2018-02-27 14:20:15,0.00049348,112.00000000
2018-02-27 14:20:15,0.00049350,4.00000000
2018-02-27 14:20:22,0.00049348,78.00000000
2018-02-27 14:20:22,0.00049337,9.00000000
2018-02-27 14:20:22,0.00049336,22.00000000
2018-02-27 14:20:23,0.00049336,15.00000000
2018-02-27 14:20:24,0.00049336,20.00000000
2018-02-27 14:20:27,0.00049336,54.00000000
2018-02-27 14:20:29,0.00049340,51.00000000
2018-02-27 14:20:29,0.00049345,53.00000000
2018-02-27 14:20:29,0.00049350,4.00000000
2018-02-27 14:20:29,0.00049336,33.00000000
2018-02-27 14:20:29,0.00049300,136.00000000
2018-02-27 14:20:31,0.00049300,8.00000000
2018-02-27 14:20:31,0.00049349,30.00000000
2018-02-27 14:20:31,0.00049350,56.00000000
2018-02-27 14:20:33,0.00049337,98.00000000
2018-02-27 14:20:33,0.00049349,10.00000000
2018-02-27 14:20:33,0.00049350,15.00000000
2018-02-27 14:20:36,0.00049350,99.00000000
2018-02-27 14:20:37,0.00049350,32.00000000
2018-02-27 14:20:39,0.00049350,6.00000000
2018-02-27 14:20:39,0.00049350,68.00000000
2018-02-27 14:20:45,0.00049349,46.00000000
2018-02-27 14:20:45,0.00049350,65.00000000
2018-02-27 14:20:47,0.00049343,204.00000000
2018-02-27 14:20:48,0.00049338,88.00000000
2018-02-27 14:20:48,0.00049338,20.00000000
2018-02-27 14:20:48,0.00049338,116.00000000
2018-02-27 14:20:50,0.00049339,10.00000000
2018-02-27 14:20:50,0.00049338,11.00000000
2018-02-27 14:20:51,0.00049343,5.00000000
2018-02-27 14:20:52,0.00049343,354.00000000
2018-02-27 14:20:52,0.00049350,275.00000000
2018-02-27 14:20:55,0.00049350,650.00000000
2018-02-27 14:20:57,0.00049433,7.00000000
2018-02-27 14:20:57,0.00049350,101.00000000
2018-02-27 14:20:57,0.00049350,401.00000000
2018-02-27 14:20:59,0.00049433,125.00000000
2018-02-27 14:20:59,0.00049432,12.00000000
2018-02-27 14:20:59,0.00049433,17.00000000
2018-02-27 14:21:03,0.00049350,3.00000000
2018-02-27 14:21:03,0.00049350,5.00000000
2018-02-27 14:21:04,0.00049350,29.00000000
2018-02-27 14:21:05,0.00049350,49.00000000
2018-02-27 14:21:06,0.00049350,6.00000000
2018-02-27 14:21:08,0.00049432,58.00000000
2018-02-27 14:21:15,0.00049431,104.00000000
2018-02-27 14:21:20,0.00049350,5.00000000
2018-02-27 14:21:25,0.00049431,155.00000000
2018-02-27 14:21:26,0.00049350,195.00000000
2018-02-27 14:21:29,0.00049350,5.00000000
2018-02-27 14:21:31,0.00049350,107.00000000
2018-02-27 14:21:38,0.00049351,30.00000000
2018-02-27 14:21:40,0.00049430,68.00000000
2018-02-27 14:21:40,0.00049430,3.00000000
2018-02-27 14:21:43,0.00049351,3.00000000
2018-02-27 14:21:43,0.00049430,101.00000000
2018-02-27 14:21:45,0.00049430,7.00000000
2018-02-27 14:21:46,0.00049430,40.00000000
2018-02-27 14:21:51,0.00049429,10.00000000
2018-02-27 14:21:52,0.00049429,90.00000000
2018-02-27 14:21:52,0.00049430,12.00000000
2018-02-27 14:21:53,0.00049430,3.00000000
2018-02-27 14:21:53,0.00049430,3.00000000
2018-02-27 14:21:53,0.00049430,26.00000000
2018-02-27 14:21:53,0.00049430,43.00000000
2018-02-27 14:21:53,0.00049430,27.00000000
2018-02-27 14:21:55,0.00049430,130.00000000
2018-02-27 14:21:56,0.00049430,10.00000000
2018-02-27 14:21:58,0.00049429,363.00000000
2018-02-27 14:21:58,0.00049430,13.00000000
2018-02-27 14:21:58,0.00049431,1700.00000000
2018-02-27 14:21:58,0.00049431,14.00000000
2018-02-27 14:22:00,0.00049431,10.00000000
2018-02-27 14:22:02,0.00049351,61.00000000
2018-02-27 14:22:02,0.00049350,45.00000000
2018-02-27 14:22:03,0.00049350,164.00000000
2018-02-27 14:22:05,0.00049351,151.00000000
2018-02-27 14:22:05,0.00049350,564.00000000
2018-02-27 14:22:12,0.00049429,16.00000000
2018-02-27 14:22:12,0.00049350,193.00000000
2018-02-27 14:22:13,0.00049351,18.00000000
2018-02-27 14:22:13,0.00049350,7.00000000
2018-02-27 14:22:13,0.00049429,77.00000000
2018-02-27 14:22:16,0.00049429,80.00000000
2018-02-27 14:22:17,0.00049351,47.00000000
2018-02-27 14:22:17,0.00049429,138.00000000
2018-02-27 14:22:17,0.00049430,27.00000000
2018-02-27 14:22:18,0.00049351,77.00000000
2018-02-27 14:22:18,0.00049350,246.00000000
2018-02-27 14:22:18,0.00049348,170.00000000
2018-02-27 14:22:18,0.00049300,1030.00000000
2018-02-27 14:22:20,0.00049428,36.00000000
2018-02-27 14:22:21,0.00049428,81.00000000
2018-02-27 14:22:23,0.00049427,101.00000000
2018-02-27 14:22:23,0.00049351,20.00000000
2018-02-27 14:22:23,0.00049306,6.00000000
2018-02-27 14:22:25,0.00049425,6.00000000
2018-02-27 14:22:25,0.00049427,97.00000000
2018-02-27 14:22:27,0.00049426,10.00000000
2018-02-27 14:22:28,0.00049427,90.00000000
2018-02-27 14:22:31,0.00049427,264.00000000
2018-02-27 14:22:31,0.00049428,140.00000000
2018-02-27 14:22:32,0.00049427,3.00000000
2018-02-27 14:22:33,0.00049428,100.00000000
2018-02-27 14:22:37,0.00049428,25.00000000
2018-02-27 14:22:40,0.00049428,477.00000000
2018-02-27 14:22:42,0.00049428,1.00000000
2018-02-27 14:22:44,0.00049427,103.00000000
2018-02-27 14:22:45,0.00049427,15.00000000
2018-02-27 14:22:47,0.00049428,429.00000000
2018-02-27 14:22:51,0.00049427,4.00000000
2018-02-27 14:22:52,0.00049427,71.00000000
2018-02-27 14:22:52,0.00049427,297.00000000
2018-02-27 14:22:54,0.00049426,4.00000000
2018-02-27 14:22:54,0.00049428,97.00000000
2018-02-27 14:22:55,0.00049350,6.00000000
2018-02-27 14:22:55,0.00049428,71.00000000
2018-02-27 14:22:57,0.00049400,11.00000000
2018-02-27 14:22:57,0.00049351,3.00000000
2018-02-27 14:22:57,0.00049399,69.00000000
2018-02-27 14:22:58,0.00049399,3.00000000
2018-02-27 14:22:58,0.00049399,3.00000000
2018-02-27 14:22:59,0.00049399,24.00000000
2018-02-27 14:22:59,0.00049351,16.00000000
2018-02-27 14:23:00,0.00049399,55.00000000
2018-02-27 14:23:03,0.00049399,35.00000000
2018-02-27 14:23:07,0.00049400,76.00000000
2018-02-27 14:23:08,0.00049400,69.00000000
2018-02-27 14:23:11,0.00049399,102.00000000
2018-02-27 14:23:11,0.00049399,33.00000000
2018-02-27 14:23:11,0.00049351,10.00000000
