DATE,PRICE,VOLUME
2018-02-28 00:00:09,0.00048780,10.00000000
2018-02-28 00:00:13,0.00048842,36.00000000
2018-02-28 00:00:13,0.00048842,12.00000000
2018-02-28 00:00:13,0.00048842,32.00000000
2018-02-28 00:00:19,0.00048843,48.00000000
2018-02-28 00:00:19,0.00048795,10.00000000
2018-02-28 00:00:19,0.00048788,10.00000000
2018-02-28 00:00:19,0.00048763,70.00000000
2018-02-28 00:00:30,0.00048867,7.00000000
2018-02-28 00:00:30,0.00048867,26.00000000
2018-02-28 00:00:30,0.00048867,5.00000000
2018-02-28 00:00:30,0.00048867,3.00000000
2018-02-28 00:00:32,0.00048866,16.00000000
2018-02-28 00:00:38,0.00048867,98.00000000
2018-02-28 00:00:43,0.00048867,20.00000000
2018-02-28 00:00:43,0.00048867,20.00000000
2018-02-28 00:00:43,0.00048867,21.00000000
2018-02-28 00:00:44,0.00048866,95.00000000
2018-02-28 00:00:49,0.00048866,116.00000000
2018-02-28 00:00:49,0.00048797,48.00000000
2018-02-28 00:00:49,0.00048787,10.00000000
2018-02-28 00:00:49,0.00048779,51.00000000
2018-02-28 00:00:49,0.00048775,292.00000000
2018-02-28 00:00:51,0.00048866,3.00000000
2018-02-28 00:00:51,0.00048866,6.00000000
2018-02-28 00:00:51,0.00048866,45.00000000
2018-02-28 00:00:51,0.00048867,427.00000000
2018-02-28 00:00:53,0.00048867,3.00000000
2018-02-28 00:00:56,0.00048866,3.00000000
2018-02-28 00:00:56,0.00048867,655.00000000
2018-02-28 00:00:56,0.00048893,70.00000000
2018-02-28 00:00:57,0.00048900,215.00000000
2018-02-28 00:00:59,0.00048900,3.00000000
2018-02-28 00:01:06,0.00048950,22.00000000
2018-02-28 00:01:08,0.00048900,2950.00000000
2018-02-28 00:01:08,0.00048900,57.00000000
2018-02-28 00:01:08,0.00048900,6.00000000
2018-02-28 00:01:10,0.00048803,22.00000000
2018-02-28 00:01:13,0.00048899,10.00000000
2018-02-28 00:01:13,0.00048900,158.00000000
2018-02-28 00:01:15,0.00048900,20.00000000
2018-02-28 00:01:15,0.00048900,70.00000000
2018-02-28 00:01:15,0.00048900,20.00000000
2018-02-28 00:01:15,0.00048900,23.00000000
2018-02-28 00:01:15,0.00048900,20.00000000
2018-02-28 00:01:15,0.00048900,20.00000000
2018-02-28 00:01:15,0.00048900,16.00000000
2018-02-28 00:01:15,0.00048900,145.00000000
2018-02-28 00:01:15,0.00048900,17.00000000
2018-02-28 00:01:17,0.00048815,10.00000000
2018-02-28 00:01:22,0.00048893,40.00000000
2018-02-28 00:01:23,0.00048900,2000.00000000
2018-02-28 00:01:26,0.00048893,60.00000000
2018-02-28 00:01:26,0.00048893,10.00000000
2018-02-28 00:01:27,0.00048892,30.00000000
2018-02-28 00:01:27,0.00048893,164.00000000
2018-02-28 00:01:28,0.00048812,6.00000000
2018-02-28 00:01:32,0.00048812,77.00000000
2018-02-28 00:01:36,0.00048815,10.00000000
2018-02-28 00:01:38,0.00048833,4.00000000
2018-02-28 00:01:48,0.00048890,3.00000000
2018-02-28 00:01:48,0.00048866,219.00000000
2018-02-28 00:01:50,0.00048889,3.00000000
2018-02-28 00:01:52,0.00048891,3.00000000
2018-02-28 00:01:52,0.00048892,3.00000000
2018-02-28 00:01:52,0.00048893,1.00000000
2018-02-28 00:02:08,0.00048893,1031.00000000
2018-02-28 00:02:08,0.00048899,3.00000000
2018-02-28 00:02:08,0.00048900,158.00000000
2018-02-28 00:02:08,0.00048915,63.00000000
2018-02-28 00:02:12,0.00048960,27.00000000
2018-02-28 00:02:18,0.00048986,99.00000000
2018-02-28 00:02:18,0.00049000,137.00000000
2018-02-28 00:02:18,0.00049000,4.00000000
2018-02-28 00:02:19,0.00049000,16.00000000
2018-02-28 00:02:19,0.00049000,23.00000000
2018-02-28 00:02:19,0.00049000,201.00000000
2018-02-28 00:02:20,0.00048960,204.00000000
2018-02-28 00:02:20,0.00048960,81.00000000
2018-02-28 00:02:25,0.00048919,6.00000000
2018-02-28 00:02:29,0.00048960,214.00000000
2018-02-28 00:02:30,0.00049025,10.00000000
2018-02-28 00:02:34,0.00049000,11.00000000
2018-02-28 00:02:34,0.00049000,11.00000000
2018-02-28 00:02:34,0.00049000,11.00000000
2018-02-28 00:02:37,0.00049000,204.00000000
2018-02-28 00:02:37,0.00049000,11.00000000
2018-02-28 00:02:37,0.00049000,28.00000000
2018-02-28 00:02:37,0.00049000,585.00000000
2018-02-28 00:02:37,0.00049004,5.00000000
2018-02-28 00:02:37,0.00049025,10.00000000
2018-02-28 00:02:37,0.00049027,192.00000000
2018-02-28 00:02:37,0.00049060,19.00000000
2018-02-28 00:02:37,0.00049089,19.00000000
2018-02-28 00:02:37,0.00049093,50.00000000
2018-02-28 00:02:37,0.00049095,70.00000000
2018-02-28 00:02:37,0.00049096,4.00000000
2018-02-28 00:02:37,0.00049097,128.00000000
2018-02-28 00:02:37,0.00049100,2368.00000000
2018-02-28 00:02:38,0.00049031,3.00000000
2018-02-28 00:02:38,0.00049031,3.00000000
2018-02-28 00:02:38,0.00049099,13.00000000
2018-02-28 00:02:40,0.00049098,2.00000000
2018-02-28 00:02:41,0.00049031,6.00000000
2018-02-28 00:02:41,0.00049031,3.00000000
2018-02-28 00:02:45,0.00049031,4.00000000
2018-02-28 00:02:46,0.00048978,114.00000000
2018-02-28 00:02:47,0.00048976,40.00000000
2018-02-28 00:02:47,0.00048973,4.00000000
2018-02-28 00:02:47,0.00048980,4.00000000
2018-02-28 00:02:48,0.00048980,4.00000000
2018-02-28 00:02:48,0.00048973,3.00000000
2018-02-28 00:02:48,0.00049022,120.00000000
2018-02-28 00:02:48,0.00049024,10.00000000
2018-02-28 00:02:48,0.00049031,8.00000000
2018-02-28 00:02:48,0.00049095,78.00000000
2018-02-28 00:02:48,0.00049096,10.00000000
2018-02-28 00:02:48,0.00049097,228.00000000
2018-02-28 00:02:49,0.00048978,50.00000000
2018-02-28 00:02:56,0.00048980,30.00000000
2018-02-28 00:02:56,0.00048979,74.00000000
2018-02-28 00:02:56,0.00048978,30.00000000
2018-02-28 00:02:56,0.00048978,26.00000000
2018-02-28 00:02:57,0.00048933,10.00000000
2018-02-28 00:02:57,0.00048924,108.00000000
2018-02-28 00:02:58,0.00048924,56.00000000
2018-02-28 00:03:00,0.00048908,5.00000000
2018-02-28 00:03:00,0.00049016,50.00000000
2018-02-28 00:03:00,0.00049017,10.00000000
2018-02-28 00:03:00,0.00049018,65.00000000
2018-02-28 00:03:01,0.00049000,7.00000000
2018-02-28 00:03:01,0.00048908,3.00000000
2018-02-28 00:03:01,0.00048910,12.00000000
2018-02-28 00:03:01,0.00048909,9.00000000
2018-02-28 00:03:02,0.00048912,103.00000000
2018-02-28 00:03:02,0.00048912,10.00000000
2018-02-28 00:03:03,0.00048915,12.00000000
2018-02-28 00:03:04,0.00048915,4.00000000
2018-02-28 00:03:07,0.00048916,5.00000000
2018-02-28 00:03:07,0.00048916,21.00000000
2018-02-28 00:03:07,0.00049005,118.00000000
2018-02-28 00:03:10,0.00048902,4.00000000
2018-02-28 00:03:11,0.00048993,5.00000000
2018-02-28 00:03:11,0.00048902,27.00000000
2018-02-28 00:03:11,0.00048993,6.00000000
2018-02-28 00:03:11,0.00048998,20.00000000
2018-02-28 00:03:11,0.00048903,5.00000000
2018-02-28 00:03:14,0.00048912,4.00000000
2018-02-28 00:03:14,0.00048912,31.00000000
2018-02-28 00:03:15,0.00049013,15.00000000
2018-02-28 00:03:17,0.00049013,133.00000000
2018-02-28 00:03:19,0.00049020,15.00000000
2018-02-28 00:03:19,0.00049013,120.00000000
2018-02-28 00:03:19,0.00049020,4.00000000
2018-02-28 00:03:20,0.00049013,6.00000000
2018-02-28 00:03:20,0.00049013,10.00000000
2018-02-28 00:03:25,0.00049013,2.00000000
2018-02-28 00:03:33,0.00049013,4.00000000
2018-02-28 00:03:39,0.00049020,63.00000000
2018-02-28 00:03:40,0.00049020,10.00000000
2018-02-28 00:03:40,0.00049020,3.00000000
2018-02-28 00:03:41,0.00049020,124.00000000
2018-02-28 00:03:41,0.00049014,44.00000000
2018-02-28 00:03:42,0.00049014,90.00000000
2018-02-28 00:03:42,0.00049014,11.00000000
2018-02-28 00:03:43,0.00049014,52.00000000
2018-02-28 00:03:46,0.00049021,8.00000000
2018-02-28 00:03:46,0.00049094,37.00000000
2018-02-28 00:03:46,0.00049096,122.00000000
2018-02-28 00:03:46,0.00049099,8.00000000
2018-02-28 00:03:46,0.00049014,77.00000000
2018-02-28 00:03:47,0.00049014,144.00000000
2018-02-28 00:03:48,0.00049013,38.00000000
2018-02-28 00:03:48,0.00049013,25.00000000
2018-02-28 00:03:49,0.00049013,25.00000000
2018-02-28 00:03:49,0.00049013,20.00000000
2018-02-28 00:03:49,0.00049013,210.00000000
2018-02-28 00:03:50,0.00049013,20.00000000
2018-02-28 00:03:51,0.00049013,3.00000000
2018-02-28 00:03:52,0.00049090,10.00000000
2018-02-28 00:03:52,0.00049015,16.00000000
2018-02-28 00:03:53,0.00049013,56.00000000
2018-02-28 00:03:53,0.00049013,17.00000000
2018-02-28 00:03:53,0.00049013,448.00000000
2018-02-28 00:03:57,0.00049013,376.00000000
2018-02-28 00:04:04,0.00049014,130.00000000
2018-02-28 00:04:05,0.00049014,61.00000000
2018-02-28 00:04:10,0.00049013,51.00000000
2018-02-28 00:04:12,0.00049014,3.00000000
2018-02-28 00:04:13,0.00049014,10.00000000
2018-02-28 00:04:15,0.00049014,7.00000000
2018-02-28 00:04:16,0.00049014,3.00000000
2018-02-28 00:04:20,0.00049014,98.00000000
2018-02-28 00:04:20,0.00049014,2.00000000
2018-02-28 00:04:24,0.00049020,10.00000000
2018-02-28 00:04:44,0.00049021,112.00000000
2018-02-28 00:04:46,0.00049029,8.00000000
2018-02-28 00:04:47,0.00049029,11.00000000
2018-02-28 00:04:50,0.00049021,118.00000000
2018-02-28 00:04:51,0.00049030,64.00000000
2018-02-28 00:04:51,0.00049031,10.00000000
2018-02-28 00:04:51,0.00049068,6.00000000
2018-02-28 00:04:55,0.00049068,9.00000000
2018-02-28 00:05:06,0.00049066,5.00000000
2018-02-28 00:05:06,0.00049067,17.00000000
2018-02-28 00:05:06,0.00049068,29.00000000
2018-02-28 00:05:09,0.00049022,181.00000000
2018-02-28 00:05:09,0.00049021,92.00000000
2018-02-28 00:05:10,0.00049020,240.00000000
2018-02-28 00:05:14,0.00049044,10.00000000
2018-02-28 00:05:14,0.00049020,586.00000000
2018-02-28 00:05:15,0.00049020,221.00000000
2018-02-28 00:05:15,0.00049044,34.00000000
2018-02-28 00:05:16,0.00049025,75.00000000
2018-02-28 00:05:22,0.00049030,50.00000000
2018-02-28 00:05:31,0.00049044,599.00000000
2018-02-28 00:05:31,0.00049065,39.00000000
2018-02-28 00:05:31,0.00049068,217.00000000
2018-02-28 00:05:39,0.00049023,11.00000000
2018-02-28 00:05:39,0.00049022,299.00000000
2018-02-28 00:05:41,0.00049022,6.00000000
2018-02-28 00:05:42,0.00049022,4.00000000
2018-02-28 00:05:42,0.00049020,6.00000000
2018-02-28 00:05:47,0.00049030,26.00000000
2018-02-28 00:05:47,0.00049023,2.00000000
2018-02-28 00:05:48,0.00049037,8.00000000
2018-02-28 00:05:48,0.00049039,10.00000000
2018-02-28 00:05:49,0.00049039,36.00000000
2018-02-28 00:06:18,0.00049037,12.00000000
2018-02-28 00:06:18,0.00049038,25.00000000
2018-02-28 00:06:18,0.00049039,23.00000000
2018-02-28 00:06:19,0.00049039,42.00000000
2018-02-28 00:06:24,0.00049039,102.00000000
2018-02-28 00:06:26,0.00049040,273.00000000
2018-02-28 00:06:29,0.00049043,64.00000000
2018-02-28 00:06:29,0.00049099,53.00000000
2018-02-28 00:06:32,0.00049043,6.00000000
2018-02-28 00:06:34,0.00049098,3.00000000
2018-02-28 00:06:34,0.00049098,4.00000000
2018-02-28 00:06:34,0.00049098,10.00000000
2018-02-28 00:06:36,0.00049057,197.00000000
2018-02-28 00:06:41,0.00049057,4.00000000
2018-02-28 00:06:43,0.00049099,387.00000000
2018-02-28 00:06:47,0.00049100,309.00000000
2018-02-28 00:06:47,0.00049100,301.00000000
2018-02-28 00:06:49,0.00049043,9.00000000
2018-02-28 00:06:49,0.00049041,19.00000000
2018-02-28 00:06:49,0.00049040,49.00000000
2018-02-28 00:06:49,0.00049021,236.00000000
2018-02-28 00:06:49,0.00049020,226.00000000
2018-02-28 00:06:49,0.00049014,205.00000000
2018-02-28 00:06:49,0.00049000,100.00000000
2018-02-28 00:06:50,0.00049000,119.00000000
2018-02-28 00:06:50,0.00049000,37.00000000
2018-02-28 00:06:51,0.00049099,14.00000000
2018-02-28 00:06:52,0.00049002,129.00000000
2018-02-28 00:06:52,0.00049002,74.00000000
2018-02-28 00:06:52,0.00049000,10.00000000
2018-02-28 00:06:52,0.00048999,81.00000000
2018-02-28 00:06:52,0.00048927,52.00000000
2018-02-28 00:06:52,0.00049000,8.00000000
2018-02-28 00:06:52,0.00049000,22.00000000
2018-02-28 00:06:56,0.00048994,3.00000000
2018-02-28 00:06:56,0.00048994,205.00000000
2018-02-28 00:06:56,0.00048996,8.00000000
2018-02-28 00:06:56,0.00048998,60.00000000
2018-02-28 00:06:56,0.00048998,21.00000000
2018-02-28 00:06:58,0.00048926,10.00000000
2018-02-28 00:06:58,0.00048925,30.00000000
2018-02-28 00:06:58,0.00048924,1.00000000
2018-02-28 00:07:01,0.00049050,5.00000000
2018-02-28 00:07:01,0.00048933,33.00000000
2018-02-28 00:07:08,0.00049039,3.00000000
2018-02-28 00:07:09,0.00049063,23.00000000
2018-02-28 00:07:10,0.00049063,11.00000000
2018-02-28 00:07:10,0.00049065,10.00000000
2018-02-28 00:07:10,0.00049099,10.00000000
2018-02-28 00:07:10,0.00049100,131.00000000
2018-02-28 00:07:11,0.00049080,11.00000000
2018-02-28 00:07:11,0.00049100,43.00000000
2018-02-28 00:07:17,0.00049100,20.00000000
2018-02-28 00:07:18,0.00049100,105.00000000
2018-02-28 00:07:20,0.00049039,13.00000000
2018-02-28 00:07:22,0.00049097,6.00000000
2018-02-28 00:07:30,0.00049042,152.00000000
2018-02-28 00:07:30,0.00049041,7.00000000
2018-02-28 00:07:32,0.00049041,73.00000000
2018-02-28 00:07:32,0.00049041,20.00000000
2018-02-28 00:07:32,0.00049041,30.00000000
2018-02-28 00:07:34,0.00049043,492.00000000
2018-02-28 00:07:35,0.00049043,96.00000000
2018-02-28 00:07:44,0.00049039,92.00000000
2018-02-28 00:07:44,0.00049039,10.00000000
2018-02-28 00:07:49,0.00049040,7.00000000
2018-02-28 00:07:49,0.00049041,4.00000000
2018-02-28 00:07:50,0.00049040,127.00000000
2018-02-28 00:07:50,0.00049041,65.00000000
2018-02-28 00:07:55,0.00049041,6.00000000
2018-02-28 00:08:04,0.00049041,144.00000000
2018-02-28 00:08:07,0.00049041,70.00000000
2018-02-28 00:08:07,0.00049041,19.00000000
2018-02-28 00:08:21,0.00049041,65.00000000
2018-02-28 00:08:23,0.00049040,15.00000000
2018-02-28 00:08:28,0.00049039,15.00000000
2018-02-28 00:08:30,0.00049039,52.00000000
2018-02-28 00:08:37,0.00049039,63.00000000
2018-02-28 00:08:41,0.00049006,10.00000000
2018-02-28 00:08:51,0.00049038,95.00000000
2018-02-28 00:08:51,0.00049039,5.00000000
2018-02-28 00:09:03,0.00049039,956.00000000
2018-02-28 00:09:05,0.00049039,50.00000000
2018-02-28 00:09:08,0.00049035,23.00000000
2018-02-28 00:09:19,0.00049012,124.00000000
2018-02-28 00:09:22,0.00049012,28.00000000
2018-02-28 00:09:22,0.00049011,4188.00000000
2018-02-28 00:09:22,0.00049010,88.00000000
2018-02-28 00:09:22,0.00049009,300.00000000
2018-02-28 00:09:22,0.00049002,20.00000000
2018-02-28 00:09:22,0.00049001,81.00000000
2018-02-28 00:09:22,0.00049000,1183.00000000
2018-02-28 00:09:24,0.00049034,7.00000000
2018-02-28 00:09:29,0.00049034,13.00000000
2018-02-28 00:09:31,0.00049033,90.00000000
2018-02-28 00:09:31,0.00049034,27.00000000
2018-02-28 00:09:32,0.00049024,108.00000000
2018-02-28 00:09:32,0.00049013,11.00000000
2018-02-28 00:09:32,0.00049011,54.00000000
2018-02-28 00:09:32,0.00049000,176.00000000
2018-02-28 00:09:34,0.00049000,1013.00000000
2018-02-28 00:09:37,0.00049000,152.00000000
2018-02-28 00:09:42,0.00049000,50.00000000
2018-02-28 00:09:44,0.00049001,184.00000000
2018-02-28 00:09:48,0.00049001,119.00000000
2018-02-28 00:09:49,0.00049001,20.00000000
2018-02-28 00:09:53,0.00049001,1.00000000
2018-02-28 00:09:53,0.00049033,2.00000000
2018-02-28 00:09:58,0.00049033,177.00000000
2018-02-28 00:09:58,0.00049034,122.00000000
2018-02-28 00:10:03,0.00049039,3.00000000
2018-02-28 00:10:04,0.00049035,103.00000000
2018-02-28 00:10:06,0.00049035,32.00000000
2018-02-28 00:10:06,0.00049034,87.00000000
2018-02-28 00:10:12,0.00049034,102.00000000
2018-02-28 00:10:14,0.00049005,108.00000000
2018-02-28 00:10:32,0.00049033,70.00000000
2018-02-28 00:10:35,0.00049032,51.00000000
2018-02-28 00:10:38,0.00049032,26.00000000
2018-02-28 00:10:40,0.00049032,54.00000000
2018-02-28 00:10:42,0.00049005,30.00000000
2018-02-28 00:10:54,0.00049032,100.00000000
2018-02-28 00:10:54,0.00049006,50.00000000
2018-02-28 00:10:55,0.00049006,12.00000000
2018-02-28 00:10:56,0.00049030,5.00000000
2018-02-28 00:10:56,0.00049032,11.00000000
2018-02-28 00:11:08,0.00049033,54.00000000
2018-02-28 00:11:08,0.00049033,59.00000000
2018-02-28 00:11:11,0.00049032,28.00000000
2018-02-28 00:11:23,0.00049032,27.00000000
2018-02-28 00:11:24,0.00049032,26.00000000
2018-02-28 00:11:24,0.00049032,85.00000000
2018-02-28 00:11:30,0.00049032,62.00000000
2018-02-28 00:11:30,0.00049008,100.00000000
2018-02-28 00:11:30,0.00049006,1668.00000000
2018-02-28 00:11:30,0.00049034,3.00000000
2018-02-28 00:11:33,0.00049006,163.00000000
2018-02-28 00:11:33,0.00049005,37.00000000
2018-02-28 00:11:34,0.00049033,106.00000000
2018-02-28 00:11:34,0.00049034,396.00000000
2018-02-28 00:11:34,0.00049035,210.00000000
2018-02-28 00:11:36,0.00049038,89.00000000
2018-02-28 00:11:36,0.00049035,9.00000000
2018-02-28 00:11:38,0.00049038,27.00000000
2018-02-28 00:11:39,0.00049040,7.00000000
2018-02-28 00:11:39,0.00049041,3.00000000
2018-02-28 00:11:42,0.00049041,4.00000000
2018-02-28 00:11:42,0.00049041,3.00000000
2018-02-28 00:11:47,0.00049042,8.00000000
2018-02-28 00:11:50,0.00049041,12.00000000
2018-02-28 00:11:50,0.00049035,4.00000000
2018-02-28 00:11:52,0.00049041,1.00000000
2018-02-28 00:11:54,0.00049035,1279.00000000
2018-02-28 00:11:54,0.00049032,46.00000000
2018-02-28 00:11:55,0.00049032,1.00000000
2018-02-28 00:11:55,0.00049041,76.00000000
2018-02-28 00:11:56,0.00049041,27.00000000
2018-02-28 00:11:56,0.00049042,23.00000000
2018-02-28 00:11:58,0.00049025,1.00000000
2018-02-28 00:12:06,0.00049025,29.00000000
2018-02-28 00:12:06,0.00049013,14.00000000
2018-02-28 00:12:06,0.00049005,838.00000000
2018-02-28 00:12:06,0.00049000,14.00000000
2018-02-28 00:12:09,0.00049000,27.00000000
2018-02-28 00:12:11,0.00049000,30.00000000
2018-02-28 00:12:12,0.00049000,2163.00000000
2018-02-28 00:12:16,0.00048919,10.00000000
2018-02-28 00:12:16,0.00048911,2.00000000
2018-02-28 00:12:17,0.00049000,4.00000000
2018-02-28 00:12:18,0.00048905,8.00000000
2018-02-28 00:12:19,0.00048904,6.00000000
2018-02-28 00:12:27,0.00048998,89.00000000
2018-02-28 00:12:27,0.00049000,11.00000000
2018-02-28 00:12:39,0.00048901,20.00000000
2018-02-28 00:12:40,0.00048997,30.00000000
2018-02-28 00:12:43,0.00048905,19.00000000
2018-02-28 00:12:43,0.00048901,61.00000000
2018-02-28 00:12:43,0.00048900,18.00000000
2018-02-28 00:12:50,0.00048909,3.00000000
2018-02-28 00:12:50,0.00048901,5.00000000
2018-02-28 00:12:50,0.00048900,153.00000000
2018-02-28 00:13:03,0.00048900,418.00000000
2018-02-28 00:13:06,0.00048900,112.00000000
2018-02-28 00:13:12,0.00048901,10.00000000
2018-02-28 00:13:12,0.00048900,17.00000000
2018-02-28 00:13:20,0.00048900,206.00000000
2018-02-28 00:13:21,0.00048994,10.00000000
2018-02-28 00:13:22,0.00048901,10.00000000
2018-02-28 00:13:22,0.00048900,204.00000000
2018-02-28 00:13:27,0.00048900,44.00000000
2018-02-28 00:13:37,0.00048991,20.00000000
2018-02-28 00:13:37,0.00048992,230.00000000
2018-02-28 00:13:37,0.00048993,55.00000000
2018-02-28 00:13:48,0.00048993,1.00000000
2018-02-28 00:13:52,0.00048901,20.00000000
2018-02-28 00:13:52,0.00048900,116.00000000
2018-02-28 00:13:52,0.00048968,10.00000000
2018-02-28 00:13:52,0.00048969,7.00000000
2018-02-28 00:13:52,0.00048969,3.00000000
2018-02-28 00:13:56,0.00048900,26.00000000
2018-02-28 00:13:56,0.00048969,5.00000000
2018-02-28 00:13:59,0.00048900,12.00000000
2018-02-28 00:13:59,0.00048899,3.00000000
2018-02-28 00:13:59,0.00048898,15.00000000
2018-02-28 00:13:59,0.00048878,10.00000000
2018-02-28 00:13:59,0.00048874,19.00000000
2018-02-28 00:13:59,0.00048866,203.00000000
2018-02-28 00:13:59,0.00048826,60.00000000
2018-02-28 00:13:59,0.00048825,96.00000000
2018-02-28 00:13:59,0.00048820,553.00000000
2018-02-28 00:14:06,0.00048853,21.00000000
2018-02-28 00:14:12,0.00048859,200.00000000
2018-02-28 00:14:12,0.00048851,28.00000000
2018-02-28 00:14:15,0.00048837,5.00000000
2018-02-28 00:14:16,0.00048837,29.00000000
2018-02-28 00:14:16,0.00048851,97.00000000
2018-02-28 00:14:16,0.00048851,46.00000000
2018-02-28 00:14:20,0.00048848,5.00000000
2018-02-28 00:14:20,0.00048848,24.00000000
2018-02-28 00:14:24,0.00048848,21.00000000
2018-02-28 00:14:24,0.00048850,10.00000000
2018-02-28 00:14:24,0.00048853,33.00000000
2018-02-28 00:14:27,0.00048853,4826.00000000
2018-02-28 00:14:28,0.00048853,12.00000000
2018-02-28 00:14:31,0.00048900,5.00000000
2018-02-28 00:14:33,0.00048900,18.00000000
2018-02-28 00:14:33,0.00048860,5.00000000
2018-02-28 00:14:45,0.00048860,5.00000000
2018-02-28 00:14:47,0.00048900,55.00000000
2018-02-28 00:14:48,0.00048860,69.00000000
2018-02-28 00:14:49,0.00048900,253.00000000
2018-02-28 00:14:49,0.00048900,232.00000000
2018-02-28 00:14:49,0.00048861,1.00000000
2018-02-28 00:14:51,0.00048900,109.00000000
2018-02-28 00:14:51,0.00048900,22.00000000
2018-02-28 00:14:52,0.00048861,20.00000000
2018-02-28 00:14:52,0.00048900,5.00000000
2018-02-28 00:15:06,0.00048861,2436.00000000
2018-02-28 00:15:06,0.00048860,552.00000000
2018-02-28 00:15:06,0.00048853,1344.00000000
2018-02-28 00:15:10,0.00048900,23.00000000
2018-02-28 00:15:11,0.00048900,21.00000000
2018-02-28 00:15:11,0.00048900,10.00000000
2018-02-28 00:15:11,0.00048900,20.00000000
2018-02-28 00:15:12,0.00048900,45.00000000
2018-02-28 00:15:12,0.00048900,188.00000000
2018-02-28 00:15:24,0.00048862,8.00000000
2018-02-28 00:15:24,0.00048853,818.00000000
2018-02-28 00:15:26,0.00048853,99.00000000
2018-02-28 00:15:28,0.00048853,34.00000000
2018-02-28 00:15:29,0.00048853,7.00000000
2018-02-28 00:15:29,0.00048853,7.00000000
2018-02-28 00:15:34,0.00048853,25.00000000
2018-02-28 00:15:35,0.00048853,5.00000000
2018-02-28 00:15:36,0.00048853,7.00000000
2018-02-28 00:15:38,0.00048850,49.00000000
2018-02-28 00:15:38,0.00048850,3.00000000
2018-02-28 00:15:42,0.00048850,1100.00000000
2018-02-28 00:15:46,0.00048850,49.00000000
2018-02-28 00:15:53,0.00048850,140.00000000
2018-02-28 00:15:55,0.00048839,5.00000000
2018-02-28 00:15:55,0.00048838,18.00000000
2018-02-28 00:15:55,0.00048837,323.00000000
2018-02-28 00:15:57,0.00048850,20.00000000
2018-02-28 00:15:57,0.00048837,270.00000000
2018-02-28 00:15:58,0.00048837,129.00000000
2018-02-28 00:16:00,0.00048850,53.00000000
2018-02-28 00:16:03,0.00048850,38.00000000
2018-02-28 00:16:09,0.00048850,31.00000000
2018-02-28 00:16:13,0.00048849,6.00000000
2018-02-28 00:16:17,0.00048837,59.00000000
2018-02-28 00:16:19,0.00048837,6.00000000
2018-02-28 00:16:21,0.00048837,1433.00000000
2018-02-28 00:16:21,0.00048826,30.00000000
2018-02-28 00:16:21,0.00048821,68.00000000
2018-02-28 00:16:21,0.00048820,1087.00000000
2018-02-28 00:16:21,0.00048800,128.00000000
2018-02-28 00:16:21,0.00048775,8.00000000
2018-02-28 00:16:21,0.00048773,25.00000000
2018-02-28 00:16:21,0.00048771,25.00000000
2018-02-28 00:16:21,0.00048756,644.00000000
2018-02-28 00:16:28,0.00048756,26.00000000
2018-02-28 00:16:36,0.00048833,30.00000000
2018-02-28 00:16:36,0.00048722,4.00000000
2018-02-28 00:16:36,0.00048716,557.00000000
2018-02-28 00:16:36,0.00048700,1010.00000000
2018-02-28 00:16:37,0.00048726,20.00000000
2018-02-28 00:16:37,0.00048726,20.00000000
2018-02-28 00:16:37,0.00048726,20.00000000
2018-02-28 00:16:37,0.00048726,13.00000000
2018-02-28 00:16:38,0.00048729,25.00000000
2018-02-28 00:16:38,0.00048835,6.00000000
2018-02-28 00:16:40,0.00048834,8.00000000
2018-02-28 00:16:42,0.00048730,17.00000000
2018-02-28 00:16:46,0.00048827,32.00000000
2018-02-28 00:16:53,0.00048826,82.00000000
2018-02-28 00:16:53,0.00048827,352.00000000
2018-02-28 00:16:53,0.00048836,52.00000000
2018-02-28 00:16:53,0.00048849,82.00000000
2018-02-28 00:16:53,0.00048850,2678.00000000
2018-02-28 00:16:53,0.00048888,19.00000000
2018-02-28 00:16:53,0.00048900,1716.00000000
2018-02-28 00:16:54,0.00048827,25.00000000
2018-02-28 00:16:54,0.00048827,10.00000000
2018-02-28 00:16:54,0.00048826,15.00000000
2018-02-28 00:16:59,0.00048898,10.00000000
2018-02-28 00:17:06,0.00048900,292.00000000
2018-02-28 00:17:06,0.00048918,30.00000000
2018-02-28 00:17:06,0.00048949,129.00000000
2018-02-28 00:17:06,0.00048960,40.00000000
2018-02-28 00:17:06,0.00048969,3.00000000
2018-02-28 00:17:06,0.00048991,60.00000000
2018-02-28 00:17:06,0.00048992,44.00000000
2018-02-28 00:17:06,0.00048993,121.00000000
2018-02-28 00:17:06,0.00048995,91.00000000
2018-02-28 00:17:06,0.00048996,92.00000000
2018-02-28 00:17:06,0.00048997,69.00000000
2018-02-28 00:17:06,0.00049000,63.00000000
2018-02-28 00:17:06,0.00049037,19.00000000
2018-02-28 00:17:06,0.00049041,102.00000000
2018-02-28 00:17:06,0.00049089,20.00000000
2018-02-28 00:17:06,0.00049097,884.00000000
2018-02-28 00:17:06,0.00049099,188.00000000
2018-02-28 00:17:06,0.00049100,956.00000000
2018-02-28 00:17:06,0.00049107,4.00000000
2018-02-28 00:17:06,0.00049113,109.00000000
2018-02-28 00:17:06,0.00049117,24.00000000
2018-02-28 00:17:06,0.00049120,60.00000000
2018-02-28 00:17:06,0.00048920,30.00000000
2018-02-28 00:17:06,0.00048935,7.00000000
2018-02-28 00:17:06,0.00048921,10.00000000
2018-02-28 00:17:07,0.00048920,141.00000000
2018-02-28 00:17:09,0.00048920,28.00000000
2018-02-28 00:17:10,0.00048920,3.00000000
2018-02-28 00:17:11,0.00048899,85.00000000
2018-02-28 00:17:12,0.00048878,4.00000000
2018-02-28 00:17:12,0.00048878,4.00000000
2018-02-28 00:17:12,0.00048998,192.00000000
2018-02-28 00:17:14,0.00048911,201.00000000
2018-02-28 00:17:16,0.00048934,19.00000000
2018-02-28 00:17:16,0.00048913,19.00000000
2018-02-28 00:17:16,0.00049094,5.00000000
2018-02-28 00:17:17,0.00048920,23.00000000
2018-02-28 00:17:17,0.00048920,37.00000000
2018-02-28 00:17:18,0.00048921,6.00000000
2018-02-28 00:17:19,0.00048922,70.00000000
2018-02-28 00:17:19,0.00048922,30.00000000
2018-02-28 00:17:20,0.00048919,30.00000000
2018-02-28 00:17:20,0.00048919,11.00000000
2018-02-28 00:17:20,0.00048918,66.00000000
2018-02-28 00:17:21,0.00048930,3.00000000
2018-02-28 00:17:21,0.00048929,8.00000000
2018-02-28 00:17:28,0.00048917,19.00000000
2018-02-28 00:17:31,0.00048993,4.00000000
2018-02-28 00:17:32,0.00048901,18.00000000
2018-02-28 00:17:33,0.00048901,180.00000000
2018-02-28 00:17:35,0.00048947,192.00000000
2018-02-28 00:17:35,0.00048949,8.00000000
2018-02-28 00:17:39,0.00048961,23.00000000
2018-02-28 00:17:41,0.00048959,73.00000000
2018-02-28 00:17:41,0.00048960,23.00000000
2018-02-28 00:17:42,0.00048913,11.00000000
2018-02-28 00:17:42,0.00048912,112.00000000
2018-02-28 00:17:42,0.00048902,214.00000000
2018-02-28 00:17:45,0.00048981,8.00000000
2018-02-28 00:17:45,0.00048999,75.00000000
2018-02-28 00:17:45,0.00049000,23.00000000
2018-02-28 00:17:46,0.00048913,10.00000000
2018-02-28 00:17:46,0.00049027,19.00000000
2018-02-28 00:17:46,0.00049038,18.00000000
2018-02-28 00:17:49,0.00048981,3.00000000
2018-02-28 00:17:50,0.00048981,3.00000000
2018-02-28 00:17:50,0.00049036,10.00000000
2018-02-28 00:17:50,0.00049038,20.00000000
2018-02-28 00:17:52,0.00049026,82.00000000
2018-02-28 00:17:52,0.00049032,13.00000000
2018-02-28 00:17:53,0.00049032,2.00000000
2018-02-28 00:17:55,0.00048982,11.00000000
2018-02-28 00:18:01,0.00049036,10.00000000
2018-02-28 00:18:01,0.00049037,15.00000000
2018-02-28 00:18:04,0.00049037,5.00000000
2018-02-28 00:18:09,0.00049048,84.00000000
2018-02-28 00:18:11,0.00049097,54.00000000
2018-02-28 00:18:11,0.00049120,14.00000000
2018-02-28 00:18:11,0.00049139,40.00000000
2018-02-28 00:18:11,0.00049143,3.00000000
2018-02-28 00:18:11,0.00049174,33.00000000
2018-02-28 00:18:11,0.00049188,7.00000000
2018-02-28 00:18:11,0.00049189,16.00000000
2018-02-28 00:18:12,0.00049090,80.00000000
2018-02-28 00:18:12,0.00049188,7.00000000
2018-02-28 00:18:13,0.00049189,7.00000000
2018-02-28 00:18:14,0.00049090,4.00000000
2018-02-28 00:18:18,0.00049092,8.00000000
2018-02-28 00:18:18,0.00049090,68.00000000
2018-02-28 00:18:18,0.00049090,13.00000000
2018-02-28 00:18:26,0.00049049,5.00000000
2018-02-28 00:18:31,0.00049088,28.00000000
2018-02-28 00:18:59,0.00049082,56.00000000
2018-02-28 00:18:59,0.00049084,77.00000000
2018-02-28 00:18:59,0.00049087,78.00000000
2018-02-28 00:19:00,0.00049088,39.00000000
2018-02-28 00:19:00,0.00049088,35.00000000
2018-02-28 00:19:02,0.00049090,1.00000000
2018-02-28 00:19:03,0.00049088,29.00000000
2018-02-28 00:19:03,0.00049049,34.00000000
2018-02-28 00:19:09,0.00049090,11.00000000
2018-02-28 00:19:12,0.00049089,57.00000000
2018-02-28 00:19:15,0.00049089,18.00000000
2018-02-28 00:19:16,0.00049090,144.00000000
2018-02-28 00:19:20,0.00049090,36.00000000
2018-02-28 00:19:24,0.00049090,8.00000000
2018-02-28 00:19:24,0.00049090,8.00000000
2018-02-28 00:19:29,0.00049092,20.00000000
2018-02-28 00:19:29,0.00049092,20.00000000
2018-02-28 00:19:30,0.00049092,20.00000000
2018-02-28 00:19:31,0.00049094,8.00000000
2018-02-28 00:19:31,0.00049090,12.00000000
2018-02-28 00:19:31,0.00049090,20.00000000
2018-02-28 00:19:31,0.00049090,164.00000000
2018-02-28 00:19:32,0.00049090,20.00000000
2018-02-28 00:19:32,0.00049090,23.00000000
2018-02-28 00:19:32,0.00049090,20.00000000
2018-02-28 00:19:32,0.00049176,9.00000000
2018-02-28 00:19:32,0.00049090,391.00000000
2018-02-28 00:19:47,0.00049084,11.00000000
2018-02-28 00:19:48,0.00049084,20.00000000
2018-02-28 00:19:49,0.00049084,7.00000000
2018-02-28 00:19:53,0.00049053,254.00000000
2018-02-28 00:19:54,0.00049049,8.00000000
2018-02-28 00:20:02,0.00049051,13.00000000
2018-02-28 00:20:02,0.00049053,8.00000000
2018-02-28 00:20:02,0.00049083,72.00000000
2018-02-28 00:20:02,0.00049090,51.00000000
2018-02-28 00:20:02,0.00049172,35.00000000
2018-02-28 00:20:02,0.00049172,13.00000000
2018-02-28 00:20:04,0.00049084,150.00000000
2018-02-28 00:20:09,0.00049084,27.00000000
2018-02-28 00:20:12,0.00049082,30.00000000
2018-02-28 00:20:13,0.00049082,30.00000000
2018-02-28 00:20:13,0.00049083,70.00000000
2018-02-28 00:20:13,0.00049084,41.00000000
2018-02-28 00:20:13,0.00049172,397.00000000
2018-02-28 00:20:13,0.00049172,30.00000000
2018-02-28 00:20:13,0.00049082,3.00000000
2018-02-28 00:20:38,0.00049090,8.00000000
2018-02-28 00:20:38,0.00049088,33.00000000
2018-02-28 00:20:43,0.00049162,2.00000000
2018-02-28 00:20:45,0.00049162,6.00000000
2018-02-28 00:20:45,0.00049164,20.00000000
2018-02-28 00:20:45,0.00049171,69.00000000
2018-02-28 00:20:45,0.00049172,153.00000000
2018-02-28 00:20:46,0.00049172,20.00000000
2018-02-28 00:20:57,0.00049150,20.00000000
2018-02-28 00:20:58,0.00049150,10.00000000
2018-02-28 00:21:00,0.00049150,20.00000000
2018-02-28 00:21:00,0.00049153,3.00000000
2018-02-28 00:21:00,0.00049154,3.00000000
2018-02-28 00:21:00,0.00049160,3.00000000
2018-02-28 00:21:00,0.00049161,65.00000000
2018-02-28 00:21:01,0.00049149,3.00000000
2018-02-28 00:21:01,0.00049161,2.00000000
2018-02-28 00:21:01,0.00049164,3.00000000
2018-02-28 00:21:01,0.00049172,13.00000000
2018-02-28 00:21:10,0.00049146,66.00000000
2018-02-28 00:21:10,0.00049147,3.00000000
2018-02-28 00:21:10,0.00049172,5.00000000
2018-02-28 00:21:13,0.00049100,2.00000000
2018-02-28 00:21:16,0.00049100,27.00000000
2018-02-28 00:21:20,0.00049129,6.00000000
2018-02-28 00:21:22,0.00049129,102.00000000
2018-02-28 00:21:23,0.00049129,6.00000000
2018-02-28 00:21:25,0.00049135,3.00000000
2018-02-28 00:21:25,0.00049143,3.00000000
2018-02-28 00:21:25,0.00049172,25.00000000
2018-02-28 00:21:28,0.00049170,18.00000000
2018-02-28 00:21:28,0.00049170,15.00000000
2018-02-28 00:21:28,0.00049170,18.00000000
2018-02-28 00:21:31,0.00049134,5.00000000
2018-02-28 00:21:33,0.00049134,59.00000000
2018-02-28 00:21:53,0.00049171,15.00000000
2018-02-28 00:21:55,0.00049140,7.00000000
2018-02-28 00:21:57,0.00049171,5.00000000
2018-02-28 00:22:03,0.00049140,51.00000000
2018-02-28 00:22:09,0.00049171,46.00000000
2018-02-28 00:22:09,0.00049172,146.00000000
2018-02-28 00:22:09,0.00049172,41.00000000
2018-02-28 00:22:10,0.00049140,115.00000000
2018-02-28 00:22:13,0.00049170,49.00000000
2018-02-28 00:22:17,0.00049140,127.00000000
2018-02-28 00:22:18,0.00049140,12.00000000
2018-02-28 00:22:22,0.00049134,10.00000000
2018-02-28 00:22:22,0.00049134,100.00000000
2018-02-28 00:22:23,0.00049134,130.00000000
2018-02-28 00:22:24,0.00049130,6.00000000
2018-02-28 00:22:25,0.00049140,10.00000000
2018-02-28 00:22:30,0.00049168,35.00000000
2018-02-28 00:22:30,0.00049129,38.00000000
2018-02-28 00:22:34,0.00049129,50.00000000
2018-02-28 00:22:39,0.00049129,1.00000000
2018-02-28 00:22:39,0.00049129,20.00000000
2018-02-28 00:22:43,0.00049129,13.00000000
2018-02-28 00:22:43,0.00049130,12.00000000
2018-02-28 00:22:47,0.00049130,437.00000000
2018-02-28 00:23:02,0.00049131,10.00000000
2018-02-28 00:23:02,0.00049130,5.00000000
2018-02-28 00:23:10,0.00049159,39.00000000
2018-02-28 00:23:12,0.00049158,5.00000000
2018-02-28 00:23:17,0.00049130,10.00000000
2018-02-28 00:23:20,0.00049158,5.00000000
2018-02-28 00:23:22,0.00049158,16.00000000
2018-02-28 00:23:24,0.00049130,51.00000000
2018-02-28 00:23:29,0.00049157,277.00000000
2018-02-28 00:23:31,0.00049157,56.00000000
2018-02-28 00:23:32,0.00049157,30.00000000
2018-02-28 00:23:32,0.00049157,32.00000000
2018-02-28 00:23:33,0.00049157,59.00000000
2018-02-28 00:23:33,0.00049157,4.00000000
2018-02-28 00:23:34,0.00049157,166.00000000
2018-02-28 00:23:40,0.00049157,8.00000000
2018-02-28 00:23:44,0.00049157,5.00000000
2018-02-28 00:23:46,0.00049157,2.00000000
2018-02-28 00:23:46,0.00049131,3.00000000
2018-02-28 00:23:50,0.00049157,53.00000000
2018-02-28 00:23:50,0.00049158,69.00000000
2018-02-28 00:23:50,0.00049159,20.00000000
2018-02-28 00:23:50,0.00049160,138.00000000
2018-02-28 00:23:50,0.00049167,60.00000000
2018-02-28 00:23:50,0.00049170,182.00000000
2018-02-28 00:23:50,0.00049171,228.00000000
2018-02-28 00:23:53,0.00049157,10.00000000
2018-02-28 00:23:54,0.00049131,14.00000000
2018-02-28 00:23:59,0.00049131,24.00000000
2018-02-28 00:24:02,0.00049131,4.00000000
2018-02-28 00:24:03,0.00049156,3.00000000
2018-02-28 00:24:03,0.00049157,219.00000000
2018-02-28 00:24:03,0.00049171,400.00000000
2018-02-28 00:24:03,0.00049178,73.00000000
2018-02-28 00:24:04,0.00049131,660.00000000
2018-02-28 00:24:05,0.00049170,3.00000000
2018-02-28 00:24:15,0.00049186,10.00000000
2018-02-28 00:24:16,0.00049186,44.00000000
2018-02-28 00:24:16,0.00049187,423.00000000
2018-02-28 00:24:16,0.00049189,1166.00000000
2018-02-28 00:24:16,0.00049200,662.00000000
2018-02-28 00:24:16,0.00049220,30.00000000
2018-02-28 00:24:16,0.00049231,20.00000000
2018-02-28 00:24:16,0.00049240,3.00000000
2018-02-28 00:24:16,0.00049250,1000.00000000
2018-02-28 00:24:16,0.00049258,4.00000000
2018-02-28 00:24:16,0.00049263,14.00000000
2018-02-28 00:24:16,0.00049288,25.00000000
2018-02-28 00:24:16,0.00049299,194.00000000
2018-02-28 00:24:16,0.00049300,204.00000000
2018-02-28 00:24:16,0.00049305,24.00000000
2018-02-28 00:24:16,0.00049307,4.00000000
2018-02-28 00:24:16,0.00049308,19.00000000
2018-02-28 00:24:16,0.00049311,124.00000000
2018-02-28 00:24:16,0.00049315,19.00000000
2018-02-28 00:24:16,0.00049320,74.00000000
2018-02-28 00:24:16,0.00049321,24.00000000
2018-02-28 00:24:16,0.00049335,61.00000000
2018-02-28 00:24:16,0.00049339,75.00000000
2018-02-28 00:24:16,0.00049340,4.00000000
2018-02-28 00:24:16,0.00049374,46.00000000
2018-02-28 00:24:16,0.00049380,5.00000000
2018-02-28 00:24:16,0.00049389,53.00000000
2018-02-28 00:24:16,0.00049395,11.00000000
2018-02-28 00:24:16,0.00049400,24.00000000
2018-02-28 00:24:16,0.00049407,385.00000000
2018-02-28 00:24:16,0.00049430,58.00000000
2018-02-28 00:24:16,0.00049432,3.00000000
2018-02-28 00:24:16,0.00049437,40.00000000
2018-02-28 00:24:16,0.00049447,126.00000000
2018-02-28 00:24:16,0.00049221,30.00000000
2018-02-28 00:24:16,0.00049218,6.00000000
2018-02-28 00:24:16,0.00049158,6.00000000
2018-02-28 00:24:17,0.00049430,7.00000000
2018-02-28 00:24:17,0.00049447,72.00000000
2018-02-28 00:24:17,0.00049456,7.00000000
2018-02-28 00:24:17,0.00049469,3.00000000
2018-02-28 00:24:17,0.00049475,57.00000000
2018-02-28 00:24:17,0.00049479,169.00000000
2018-02-28 00:24:17,0.00049178,112.00000000
2018-02-28 00:24:17,0.00049259,7.00000000
2018-02-28 00:24:17,0.00049159,7.00000000
2018-02-28 00:24:18,0.00049220,6.00000000
2018-02-28 00:24:18,0.00049258,7.00000000
2018-02-28 00:24:18,0.00049259,7.00000000
2018-02-28 00:24:19,0.00049214,10.00000000
2018-02-28 00:24:19,0.00049216,29.00000000
2018-02-28 00:24:19,0.00049216,29.00000000
2018-02-28 00:24:20,0.00049217,201.00000000
2018-02-28 00:24:20,0.00049216,307.00000000
2018-02-28 00:24:20,0.00049217,10.00000000
2018-02-28 00:24:20,0.00049216,69.00000000
2018-02-28 00:24:20,0.00049215,13.00000000
2018-02-28 00:24:20,0.00049217,22.00000000
2018-02-28 00:24:20,0.00049216,30.00000000
2018-02-28 00:24:20,0.00049215,234.00000000
2018-02-28 00:24:21,0.00049169,3.00000000
2018-02-28 00:24:21,0.00049241,16.00000000
2018-02-28 00:24:21,0.00049241,3.00000000
2018-02-28 00:24:21,0.00049169,2.00000000
2018-02-28 00:24:21,0.00049169,19.00000000
2018-02-28 00:24:21,0.00049231,19.00000000
2018-02-28 00:24:21,0.00049236,16.00000000
2018-02-28 00:24:22,0.00049227,8.00000000
2018-02-28 00:24:23,0.00049170,4.00000000
2018-02-28 00:24:24,0.00049171,10.00000000
2018-02-28 00:24:27,0.00049173,4.00000000
2018-02-28 00:24:29,0.00049193,18.00000000
2018-02-28 00:24:31,0.00049303,81.00000000
2018-02-28 00:24:31,0.00049306,42.00000000
2018-02-28 00:24:31,0.00049311,30.00000000
2018-02-28 00:24:31,0.00049342,3.00000000
2018-02-28 00:24:32,0.00049228,10.00000000
2018-02-28 00:24:32,0.00049227,26.00000000
2018-02-28 00:24:33,0.00049175,5.00000000
2018-02-28 00:24:34,0.00049176,10.00000000
2018-02-28 00:24:34,0.00049175,4.00000000
2018-02-28 00:24:35,0.00049175,3.00000000
2018-02-28 00:24:37,0.00049271,183.00000000
2018-02-28 00:24:37,0.00049267,18.00000000
2018-02-28 00:24:37,0.00049269,10.00000000
2018-02-28 00:24:37,0.00049271,12.00000000
2018-02-28 00:24:39,0.00049281,4.00000000
2018-02-28 00:24:40,0.00049267,3.00000000
2018-02-28 00:24:41,0.00049282,8.00000000
2018-02-28 00:24:42,0.00049266,3.00000000
2018-02-28 00:24:43,0.00049197,10.00000000
2018-02-28 00:24:44,0.00049199,8.00000000
2018-02-28 00:24:44,0.00049201,18.00000000
2018-02-28 00:24:45,0.00049264,10.00000000
2018-02-28 00:24:45,0.00049265,3.00000000
2018-02-28 00:24:46,0.00049262,18.00000000
2018-02-28 00:24:46,0.00049332,18.00000000
2018-02-28 00:24:46,0.00049342,10.00000000
2018-02-28 00:24:46,0.00049346,30.00000000
2018-02-28 00:24:46,0.00049347,52.00000000
2018-02-28 00:24:46,0.00049377,19.00000000
2018-02-28 00:24:46,0.00049404,17.00000000
2018-02-28 00:24:46,0.00049205,10.00000000
2018-02-28 00:24:46,0.00049206,22.00000000
2018-02-28 00:24:46,0.00049203,8.00000000
2018-02-28 00:24:47,0.00049343,12.00000000
2018-02-28 00:24:49,0.00049264,3.00000000
2018-02-28 00:24:50,0.00049341,426.00000000
2018-02-28 00:24:50,0.00049342,10.00000000
2018-02-28 00:24:50,0.00049344,30.00000000
2018-02-28 00:24:50,0.00049345,8.00000000
2018-02-28 00:24:50,0.00049344,30.00000000
2018-02-28 00:24:50,0.00049345,11.00000000
2018-02-28 00:24:50,0.00049266,24.00000000
2018-02-28 00:24:50,0.00049266,8.00000000
2018-02-28 00:24:50,0.00049266,164.00000000
2018-02-28 00:24:51,0.00049266,19.00000000
2018-02-28 00:24:51,0.00049266,51.00000000
2018-02-28 00:24:52,0.00049341,20.00000000
2018-02-28 00:24:52,0.00049341,4.00000000
2018-02-28 00:24:52,0.00049269,10.00000000
2018-02-28 00:24:52,0.00049268,8.00000000
2018-02-28 00:24:52,0.00049266,1.00000000
2018-02-28 00:24:54,0.00049282,252.00000000
2018-02-28 00:24:54,0.00049282,16.00000000
2018-02-28 00:24:55,0.00049282,10.00000000
2018-02-28 00:24:55,0.00049291,4.00000000
2018-02-28 00:24:55,0.00049330,10.00000000
2018-02-28 00:24:55,0.00049334,8.00000000
2018-02-28 00:24:55,0.00049336,20.00000000
2018-02-28 00:24:55,0.00049345,25.00000000
2018-02-28 00:24:57,0.00049282,22.00000000
2018-02-28 00:24:57,0.00049350,13.00000000
2018-02-28 00:24:59,0.00049282,5.00000000
2018-02-28 00:24:59,0.00049336,9.00000000
2018-02-28 00:24:59,0.00049336,2.00000000
2018-02-28 00:24:59,0.00049336,11.00000000
2018-02-28 00:24:59,0.00049336,8.00000000
2018-02-28 00:24:59,0.00049336,176.00000000
2018-02-28 00:24:59,0.00049336,20.00000000
2018-02-28 00:25:01,0.00049336,6.00000000
2018-02-28 00:25:02,0.00049336,20.00000000
2018-02-28 00:25:02,0.00049336,2.00000000
2018-02-28 00:25:03,0.00049336,4.00000000
2018-02-28 00:25:04,0.00049336,62.00000000
2018-02-28 00:25:04,0.00049350,94.00000000
2018-02-28 00:25:06,0.00049350,20.00000000
2018-02-28 00:25:06,0.00049350,2.00000000
2018-02-28 00:25:06,0.00049350,14.00000000
2018-02-28 00:25:07,0.00049350,3.00000000
2018-02-28 00:25:07,0.00049350,14.00000000
2018-02-28 00:25:09,0.00049350,90.00000000
2018-02-28 00:25:12,0.00049350,50.00000000
2018-02-28 00:25:12,0.00049380,15.00000000
2018-02-28 00:25:13,0.00049380,17.00000000
2018-02-28 00:25:16,0.00049401,3.00000000
2018-02-28 00:25:16,0.00049402,6.00000000
2018-02-28 00:25:16,0.00049403,3.00000000
2018-02-28 00:25:16,0.00049404,149.00000000
2018-02-28 00:25:16,0.00049439,30.00000000
2018-02-28 00:25:16,0.00049479,322.00000000
2018-02-28 00:25:16,0.00049500,287.00000000
2018-02-28 00:25:17,0.00049400,3.00000000
2018-02-28 00:25:17,0.00049440,85.00000000
2018-02-28 00:25:17,0.00049500,127.00000000
2018-02-28 00:25:18,0.00049441,51.00000000
2018-02-28 00:25:18,0.00049441,133.00000000
2018-02-28 00:25:18,0.00049441,11.00000000
2018-02-28 00:25:18,0.00049441,11.00000000
2018-02-28 00:25:18,0.00049441,3.00000000
2018-02-28 00:25:19,0.00049500,8.00000000
2018-02-28 00:25:19,0.00049441,64.00000000
2018-02-28 00:25:19,0.00049441,19.00000000
2018-02-28 00:25:19,0.00049441,12.00000000
2018-02-28 00:25:19,0.00049352,2.00000000
2018-02-28 00:25:19,0.00049441,84.00000000
2018-02-28 00:25:19,0.00049499,30.00000000
2018-02-28 00:25:19,0.00049500,86.00000000
2018-02-28 00:25:20,0.00049422,19.00000000
2018-02-28 00:25:20,0.00049350,79.00000000
2018-02-28 00:25:20,0.00049399,3.00000000
2018-02-28 00:25:20,0.00049499,10.00000000
2018-02-28 00:25:20,0.00049500,60.00000000
2018-02-28 00:25:21,0.00049356,200.00000000
2018-02-28 00:25:21,0.00049354,20.00000000
2018-02-28 00:25:21,0.00049351,22.00000000
2018-02-28 00:25:21,0.00049350,59.00000000
2018-02-28 00:25:21,0.00049337,30.00000000
2018-02-28 00:25:21,0.00049336,21.00000000
2018-02-28 00:25:21,0.00049282,24.00000000
2018-02-28 00:25:21,0.00049499,30.00000000
2018-02-28 00:25:21,0.00049500,212.00000000
2018-02-28 00:25:24,0.00049399,10.00000000
2018-02-28 00:25:24,0.00049487,33.00000000
2018-02-28 00:25:24,0.00049399,9.00000000
2018-02-28 00:25:24,0.00049399,5.00000000
2018-02-28 00:25:24,0.00049376,35.00000000
2018-02-28 00:25:25,0.00049483,18.00000000
2018-02-28 00:25:26,0.00049359,5.00000000
2018-02-28 00:25:26,0.00049359,11.00000000
2018-02-28 00:25:27,0.00049473,36.00000000
2018-02-28 00:25:28,0.00049320,35.00000000
2018-02-28 00:25:28,0.00049320,9.00000000
2018-02-28 00:25:28,0.00049320,7.00000000
2018-02-28 00:25:29,0.00049320,6.00000000
2018-02-28 00:25:30,0.00049322,5.00000000
2018-02-28 00:25:30,0.00049320,8.00000000
2018-02-28 00:25:30,0.00049320,6.00000000
2018-02-28 00:25:30,0.00049320,10.00000000
2018-02-28 00:25:30,0.00049320,14.00000000
2018-02-28 00:25:30,0.00049320,22.00000000
2018-02-28 00:25:30,0.00049320,8.00000000
2018-02-28 00:25:31,0.00049320,20.00000000
2018-02-28 00:25:31,0.00049320,10.00000000
2018-02-28 00:25:31,0.00049320,8.00000000
2018-02-28 00:25:31,0.00049320,3.00000000
2018-02-28 00:25:31,0.00049320,19.00000000
2018-02-28 00:25:31,0.00049320,10.00000000
2018-02-28 00:25:31,0.00049320,2.00000000
2018-02-28 00:25:32,0.00049451,113.00000000
2018-02-28 00:25:32,0.00049321,7.00000000
2018-02-28 00:25:32,0.00049321,21.00000000
2018-02-28 00:25:33,0.00049321,7.00000000
2018-02-28 00:25:33,0.00049321,6.00000000
2018-02-28 00:25:33,0.00049321,80.00000000
2018-02-28 00:25:33,0.00049451,20.00000000
2018-02-28 00:25:33,0.00049451,7.00000000
2018-02-28 00:25:33,0.00049321,8.00000000
2018-02-28 00:25:33,0.00049321,18.00000000
2018-02-28 00:25:33,0.00049321,51.00000000
2018-02-28 00:25:33,0.00049319,128.00000000
2018-02-28 00:25:33,0.00049289,19.00000000
2018-02-28 00:25:33,0.00049284,55.00000000
2018-02-28 00:25:33,0.00049248,22.00000000
2018-02-28 00:25:33,0.00049235,40.00000000
2018-02-28 00:25:33,0.00049234,2195.00000000
2018-02-28 00:25:34,0.00049235,31.00000000
2018-02-28 00:25:34,0.00049236,5.00000000
2018-02-28 00:25:35,0.00049236,16.00000000
2018-02-28 00:25:35,0.00049237,19.00000000
2018-02-28 00:25:35,0.00049237,1.00000000
2018-02-28 00:25:35,0.00049236,2.00000000
2018-02-28 00:25:35,0.00049235,6.00000000
2018-02-28 00:25:35,0.00049235,52.00000000
2018-02-28 00:25:35,0.00049235,5.00000000
2018-02-28 00:25:36,0.00049235,9.00000000
2018-02-28 00:25:36,0.00049237,5.00000000
2018-02-28 00:25:36,0.00049237,4.00000000
2018-02-28 00:25:36,0.00049237,2.00000000
2018-02-28 00:25:37,0.00049320,3.00000000
2018-02-28 00:25:37,0.00049234,4.00000000
2018-02-28 00:25:37,0.00049234,5.00000000
2018-02-28 00:25:38,0.00049234,21.00000000
2018-02-28 00:25:38,0.00049234,12.00000000
2018-02-28 00:25:39,0.00049234,10.00000000
2018-02-28 00:25:39,0.00049234,10.00000000
2018-02-28 00:25:39,0.00049234,53.00000000
2018-02-28 00:25:39,0.00049234,20.00000000
2018-02-28 00:25:39,0.00049234,10.00000000
2018-02-28 00:25:39,0.00049234,12.00000000
2018-02-28 00:25:39,0.00049234,9.00000000
2018-02-28 00:25:40,0.00049234,3.00000000
2018-02-28 00:25:40,0.00049234,6.00000000
2018-02-28 00:25:40,0.00049234,4.00000000
2018-02-28 00:25:40,0.00049234,3.00000000
2018-02-28 00:25:41,0.00049234,27.00000000
2018-02-28 00:25:41,0.00049234,40.00000000
2018-02-28 00:25:41,0.00049234,8.00000000
2018-02-28 00:25:41,0.00049354,198.00000000
2018-02-28 00:25:41,0.00049356,35.00000000
2018-02-28 00:25:41,0.00049360,86.00000000
2018-02-28 00:25:41,0.00049418,81.00000000
2018-02-28 00:25:42,0.00049234,8.00000000
2018-02-28 00:25:42,0.00049237,5.00000000
2018-02-28 00:25:42,0.00049237,8.00000000
2018-02-28 00:25:42,0.00049237,12.00000000
2018-02-28 00:25:42,0.00049237,93.00000000
2018-02-28 00:25:42,0.00049237,24.00000000
2018-02-28 00:25:42,0.00049237,21.00000000
2018-02-28 00:25:43,0.00049341,19.00000000
2018-02-28 00:25:43,0.00049355,7.00000000
2018-02-28 00:25:43,0.00049364,25.00000000
2018-02-28 00:25:44,0.00049364,10.00000000
2018-02-28 00:25:44,0.00049365,4.00000000
2018-02-28 00:25:44,0.00049365,3.00000000
2018-02-28 00:25:44,0.00049365,3.00000000
2018-02-28 00:25:44,0.00049364,11.00000000
2018-02-28 00:25:44,0.00049364,5.00000000
2018-02-28 00:25:45,0.00049364,13.00000000
2018-02-28 00:25:45,0.00049364,39.00000000
2018-02-28 00:25:46,0.00049364,13.00000000
2018-02-28 00:25:46,0.00049364,5.00000000
2018-02-28 00:25:46,0.00049410,14.00000000
2018-02-28 00:25:46,0.00049364,90.00000000
2018-02-28 00:25:48,0.00049350,9.00000000
2018-02-28 00:25:48,0.00049247,1.00000000
2018-02-28 00:25:49,0.00049400,6.00000000
2018-02-28 00:25:49,0.00049250,10.00000000
2018-02-28 00:25:49,0.00049249,11.00000000
2018-02-28 00:25:50,0.00049255,8.00000000
2018-02-28 00:25:50,0.00049250,22.00000000
2018-02-28 00:25:50,0.00049249,4.00000000
2018-02-28 00:25:50,0.00049251,21.00000000
2018-02-28 00:25:51,0.00049320,3.00000000
2018-02-28 00:25:51,0.00049251,3.00000000
2018-02-28 00:25:51,0.00049251,10.00000000
2018-02-28 00:25:52,0.00049251,5.00000000
2018-02-28 00:25:53,0.00049378,34.00000000
2018-02-28 00:25:54,0.00049252,3.00000000
2018-02-28 00:25:54,0.00049252,8.00000000
2018-02-28 00:25:54,0.00049236,12.00000000
2018-02-28 00:25:54,0.00049371,25.00000000
2018-02-28 00:25:55,0.00049235,8.00000000
2018-02-28 00:25:58,0.00049234,47.00000000
2018-02-28 00:25:58,0.00049234,6.00000000
2018-02-28 00:26:01,0.00049234,10.00000000
2018-02-28 00:26:03,0.00049266,6.00000000
2018-02-28 00:26:03,0.00049320,84.00000000
2018-02-28 00:26:03,0.00049322,10.00000000
2018-02-28 00:26:05,0.00049234,22.00000000
2018-02-28 00:26:05,0.00049234,3.00000000
2018-02-28 00:26:06,0.00049300,6.00000000
2018-02-28 00:26:06,0.00049300,5.00000000
2018-02-28 00:26:06,0.00049234,161.00000000
2018-02-28 00:26:06,0.00049234,6.00000000
2018-02-28 00:26:06,0.00049234,5.00000000
2018-02-28 00:26:06,0.00049234,74.00000000
2018-02-28 00:26:08,0.00049234,5.00000000
2018-02-28 00:26:09,0.00049319,10.00000000
2018-02-28 00:26:09,0.00049320,22.00000000
2018-02-28 00:26:09,0.00049234,5.00000000
2018-02-28 00:26:09,0.00049319,20.00000000
2018-02-28 00:26:09,0.00049234,5.00000000
2018-02-28 00:26:10,0.00049321,10.00000000
2018-02-28 00:26:10,0.00049322,22.00000000
2018-02-28 00:26:12,0.00049315,8.00000000
2018-02-28 00:26:12,0.00049319,16.00000000
2018-02-28 00:26:13,0.00049235,16.00000000
2018-02-28 00:26:13,0.00049314,10.00000000
2018-02-28 00:26:14,0.00049320,20.00000000
2018-02-28 00:26:14,0.00049322,47.00000000
2018-02-28 00:26:14,0.00049321,5.00000000
2018-02-28 00:26:16,0.00049321,31.00000000
2018-02-28 00:26:17,0.00049330,20.00000000
2018-02-28 00:26:17,0.00049331,23.00000000
2018-02-28 00:26:17,0.00049332,11.00000000
2018-02-28 00:26:20,0.00049321,88.00000000
2018-02-28 00:26:20,0.00049321,10.00000000
2018-02-28 00:26:22,0.00049321,7.00000000
2018-02-28 00:26:24,0.00049331,26.00000000
2018-02-28 00:26:25,0.00049332,96.00000000
2018-02-28 00:26:25,0.00049321,139.00000000
2018-02-28 00:26:25,0.00049332,11.00000000
2018-02-28 00:26:25,0.00049321,20.00000000
2018-02-28 00:26:25,0.00049321,3.00000000
2018-02-28 00:26:27,0.00049331,10.00000000
2018-02-28 00:26:30,0.00049331,46.00000000
2018-02-28 00:26:33,0.00049331,6.00000000
2018-02-28 00:26:40,0.00049323,22.00000000
2018-02-28 00:26:41,0.00049322,22.00000000
2018-02-28 00:26:44,0.00049322,88.00000000
2018-02-28 00:26:44,0.00049322,10.00000000
2018-02-28 00:26:46,0.00049351,2.00000000
2018-02-28 00:26:51,0.00049322,10.00000000
2018-02-28 00:26:53,0.00049351,8.00000000
2018-02-28 00:26:53,0.00049352,45.00000000
2018-02-28 00:26:53,0.00049353,14.00000000
2018-02-28 00:26:53,0.00049356,10.00000000
2018-02-28 00:27:02,0.00049350,8.00000000
2018-02-28 00:27:02,0.00049350,88.00000000
2018-02-28 00:27:02,0.00049350,38.00000000
2018-02-28 00:27:03,0.00049356,9.00000000
2018-02-28 00:27:04,0.00049356,7.00000000
2018-02-28 00:27:04,0.00049356,16.00000000
2018-02-28 00:27:04,0.00049356,3.00000000
2018-02-28 00:27:06,0.00049350,27.00000000
2018-02-28 00:27:07,0.00049350,22.00000000
2018-02-28 00:27:13,0.00049410,23.00000000
2018-02-28 00:27:19,0.00049405,3.00000000
2018-02-28 00:27:19,0.00049411,27.00000000
2018-02-28 00:27:20,0.00049350,3.00000000
2018-02-28 00:27:21,0.00049350,3.00000000
2018-02-28 00:27:22,0.00049350,12.00000000
2018-02-28 00:27:23,0.00049404,3.00000000
2018-02-28 00:27:23,0.00049404,3.00000000
2018-02-28 00:27:24,0.00049350,2.00000000
2018-02-28 00:27:24,0.00049325,1140.00000000
2018-02-28 00:27:24,0.00049325,2.00000000
2018-02-28 00:27:25,0.00049325,1005.00000000
2018-02-28 00:27:27,0.00049410,22.00000000
2018-02-28 00:27:28,0.00049410,3.00000000
2018-02-28 00:27:28,0.00049350,29.00000000
2018-02-28 00:27:29,0.00049350,7.00000000
2018-02-28 00:27:33,0.00049350,68.00000000
2018-02-28 00:27:34,0.00049350,3.00000000
2018-02-28 00:27:34,0.00049350,5.00000000
2018-02-28 00:27:35,0.00049350,24.00000000
2018-02-28 00:27:35,0.00049350,10.00000000
2018-02-28 00:27:39,0.00049404,5.00000000
2018-02-28 00:27:51,0.00049404,1.00000000
2018-02-28 00:27:51,0.00049351,254.00000000
2018-02-28 00:27:51,0.00049350,352.00000000
2018-02-28 00:27:51,0.00049323,263.00000000
2018-02-28 00:27:51,0.00049322,48.00000000
2018-02-28 00:27:51,0.00049409,42.00000000
2018-02-28 00:27:51,0.00049410,42.00000000
2018-02-28 00:27:53,0.00049410,16.00000000
2018-02-28 00:27:54,0.00049324,3.00000000
2018-02-28 00:27:54,0.00049324,5.00000000
2018-02-28 00:27:55,0.00049322,7.00000000
2018-02-28 00:27:57,0.00049323,10.00000000
2018-02-28 00:27:57,0.00049322,7.00000000
2018-02-28 00:27:57,0.00049321,4.00000000
2018-02-28 00:27:57,0.00049311,60.00000000
2018-02-28 00:27:57,0.00049311,21.00000000
2018-02-28 00:27:57,0.00049300,194.00000000
2018-02-28 00:27:59,0.00049300,61.00000000
2018-02-28 00:28:01,0.00049404,5.00000000
2018-02-28 00:28:02,0.00049325,14.00000000
2018-02-28 00:28:03,0.00049325,35.00000000
2018-02-28 00:28:03,0.00049275,40.00000000
2018-02-28 00:28:03,0.00049262,8.00000000
2018-02-28 00:28:03,0.00049262,2.00000000
2018-02-28 00:28:03,0.00049235,4.00000000
2018-02-28 00:28:03,0.00049263,6.00000000
2018-02-28 00:28:05,0.00049235,7.00000000
2018-02-28 00:28:07,0.00049322,127.00000000
2018-02-28 00:28:07,0.00049266,10.00000000
2018-02-28 00:28:07,0.00049235,333.00000000
2018-02-28 00:28:08,0.00049235,10.00000000
2018-02-28 00:28:09,0.00049394,10.00000000
2018-02-28 00:28:09,0.00049237,8.00000000
2018-02-28 00:28:09,0.00049237,2.00000000
2018-02-28 00:28:09,0.00049236,4.00000000
2018-02-28 00:28:11,0.00049237,7.00000000
2018-02-28 00:28:11,0.00049251,10.00000000
2018-02-28 00:28:12,0.00049237,3.00000000
2018-02-28 00:28:12,0.00049236,2.00000000
2018-02-28 00:28:12,0.00049236,14.00000000
2018-02-28 00:28:13,0.00049253,5.00000000
2018-02-28 00:28:14,0.00049253,5.00000000
2018-02-28 00:28:14,0.00049388,3.00000000
2018-02-28 00:28:15,0.00049264,3.00000000
2018-02-28 00:28:15,0.00049263,2.00000000
2018-02-28 00:28:15,0.00049263,28.00000000
2018-02-28 00:28:15,0.00049254,10.00000000
2018-02-28 00:28:16,0.00049265,10.00000000
2018-02-28 00:28:18,0.00049381,8.00000000
2018-02-28 00:28:19,0.00049383,56.00000000
2018-02-28 00:28:20,0.00049382,81.00000000
2018-02-28 00:28:21,0.00049389,10.00000000
2018-02-28 00:28:21,0.00049388,215.00000000
2018-02-28 00:28:21,0.00049388,146.00000000
2018-02-28 00:28:22,0.00049387,12.00000000
2018-02-28 00:28:23,0.00049387,25.00000000
2018-02-28 00:28:23,0.00049382,83.00000000
2018-02-28 00:28:26,0.00049398,41.00000000
2018-02-28 00:28:26,0.00049410,14.00000000
2018-02-28 00:28:26,0.00049410,110.00000000
2018-02-28 00:28:26,0.00049398,44.00000000
2018-02-28 00:28:27,0.00049411,3.00000000
2018-02-28 00:28:27,0.00049395,98.00000000
2018-02-28 00:28:27,0.00049395,20.00000000
2018-02-28 00:28:28,0.00049411,14.00000000
2018-02-28 00:28:28,0.00049414,48.00000000
2018-02-28 00:28:28,0.00049383,6.00000000
2018-02-28 00:28:28,0.00049383,46.00000000
2018-02-28 00:28:28,0.00049452,55.00000000
2018-02-28 00:28:28,0.00049482,49.00000000
2018-02-28 00:28:28,0.00049497,99.00000000
2018-02-28 00:28:30,0.00049397,40.00000000
2018-02-28 00:28:32,0.00049400,37.00000000
2018-02-28 00:28:33,0.00049496,43.00000000
2018-02-28 00:28:33,0.00049497,71.00000000
2018-02-28 00:28:33,0.00049498,754.00000000
2018-02-28 00:28:33,0.00049499,35.00000000
2018-02-28 00:28:33,0.00049500,102.00000000
2018-02-28 00:28:41,0.00049449,20.00000000
2018-02-28 00:28:43,0.00049450,3.00000000
2018-02-28 00:28:43,0.00049450,7.00000000
2018-02-28 00:28:43,0.00049449,3.00000000
2018-02-28 00:28:44,0.00049449,46.00000000
2018-02-28 00:28:52,0.00049449,30.00000000
2018-02-28 00:28:54,0.00049403,6.00000000
2018-02-28 00:28:54,0.00049403,4.00000000
2018-02-28 00:28:55,0.00049449,19.00000000
2018-02-28 00:28:55,0.00049449,11.00000000
2018-02-28 00:28:55,0.00049449,3.00000000
2018-02-28 00:28:55,0.00049449,49.00000000
2018-02-28 00:28:57,0.00049449,70.00000000
2018-02-28 00:28:58,0.00049449,5.00000000
2018-02-28 00:28:58,0.00049449,21.00000000
2018-02-28 00:29:05,0.00049476,3.00000000
2018-02-28 00:29:05,0.00049481,6.00000000
2018-02-28 00:29:05,0.00049486,3.00000000
2018-02-28 00:29:05,0.00049489,39.00000000
2018-02-28 00:29:05,0.00049490,6.00000000
2018-02-28 00:29:05,0.00049493,6.00000000
2018-02-28 00:29:05,0.00049494,3.00000000
2018-02-28 00:29:05,0.00049495,3.00000000
2018-02-28 00:29:05,0.00049497,4.00000000
2018-02-28 00:29:05,0.00049500,1782.00000000
2018-02-28 00:29:05,0.00049505,30.00000000
2018-02-28 00:29:05,0.00049508,15.00000000
2018-02-28 00:29:05,0.00049530,74.00000000
2018-02-28 00:29:05,0.00049531,30.00000000
2018-02-28 00:29:05,0.00049570,46.00000000
2018-02-28 00:29:05,0.00049574,69.00000000
2018-02-28 00:29:05,0.00049581,45.00000000
2018-02-28 00:29:05,0.00049583,4.00000000
2018-02-28 00:29:05,0.00049588,128.00000000
2018-02-28 00:29:05,0.00049589,27.00000000
2018-02-28 00:29:05,0.00049590,181.00000000
2018-02-28 00:29:05,0.00049593,301.00000000
2018-02-28 00:29:05,0.00049599,120.00000000
2018-02-28 00:29:05,0.00049600,105.00000000
2018-02-28 00:29:05,0.00049601,1.00000000
2018-02-28 00:29:05,0.00049612,172.00000000
2018-02-28 00:29:05,0.00049616,19.00000000
2018-02-28 00:29:05,0.00049660,524.00000000
2018-02-28 00:29:05,0.00049670,19.00000000
2018-02-28 00:29:05,0.00049678,22.00000000
2018-02-28 00:29:05,0.00049533,19.00000000
2018-02-28 00:29:10,0.00049476,39.00000000
2018-02-28 00:29:10,0.00049464,19.00000000
2018-02-28 00:29:10,0.00049453,30.00000000
2018-02-28 00:29:10,0.00049452,23.00000000
2018-02-28 00:29:10,0.00049450,58.00000000
2018-02-28 00:29:10,0.00049449,412.00000000
2018-02-28 00:29:11,0.00049479,8.00000000
2018-02-28 00:29:11,0.00049479,5.00000000
2018-02-28 00:29:12,0.00049533,38.00000000
2018-02-28 00:29:12,0.00049575,35.00000000
2018-02-28 00:29:12,0.00049670,19.00000000
2018-02-28 00:29:12,0.00049684,16.00000000
2018-02-28 00:29:12,0.00049689,5.00000000
2018-02-28 00:29:12,0.00049690,828.00000000
2018-02-28 00:29:12,0.00049581,19.00000000
2018-02-28 00:29:12,0.00049481,10.00000000
2018-02-28 00:29:12,0.00049450,9.00000000
2018-02-28 00:29:14,0.00049484,10.00000000
2018-02-28 00:29:15,0.00049484,100.00000000
2018-02-28 00:29:15,0.00049484,20.00000000
2018-02-28 00:29:17,0.00049530,10.00000000
2018-02-28 00:29:17,0.00049531,8.00000000
2018-02-28 00:29:17,0.00049652,19.00000000
2018-02-28 00:29:17,0.00049670,19.00000000
2018-02-28 00:29:17,0.00049689,50.00000000
2018-02-28 00:29:17,0.00049690,272.00000000
2018-02-28 00:29:18,0.00049555,25.00000000
2018-02-28 00:29:18,0.00049655,19.00000000
2018-02-28 00:29:18,0.00049555,10.00000000
2018-02-28 00:29:18,0.00049554,11.00000000
2018-02-28 00:29:18,0.00049554,40.00000000
2018-02-28 00:29:18,0.00049655,19.00000000
2018-02-28 00:29:18,0.00049687,40.00000000
2018-02-28 00:29:18,0.00049688,80.00000000
2018-02-28 00:29:18,0.00049690,92.00000000
2018-02-28 00:29:19,0.00049556,30.00000000
2018-02-28 00:29:20,0.00049557,24.00000000
2018-02-28 00:29:20,0.00049688,20.00000000
2018-02-28 00:29:20,0.00049689,30.00000000
2018-02-28 00:29:20,0.00049690,27.00000000
2018-02-28 00:29:21,0.00049560,50.00000000
2018-02-28 00:29:21,0.00049559,19.00000000
2018-02-28 00:29:21,0.00049556,30.00000000
2018-02-28 00:29:21,0.00049556,30.00000000
2018-02-28 00:29:22,0.00049602,10.00000000
2018-02-28 00:29:22,0.00049601,23.00000000
2018-02-28 00:29:22,0.00049554,105.00000000
2018-02-28 00:29:22,0.00049554,8.00000000
2018-02-28 00:29:22,0.00049554,7.00000000
2018-02-28 00:29:23,0.00049575,50.00000000
2018-02-28 00:29:23,0.00049687,7.00000000
2018-02-28 00:29:24,0.00049480,5.00000000
2018-02-28 00:29:25,0.00049480,20.00000000
2018-02-28 00:29:25,0.00049553,120.00000000
2018-02-28 00:29:27,0.00049454,5.00000000
2018-02-28 00:29:27,0.00049454,8.00000000
2018-02-28 00:29:27,0.00049454,38.00000000
2018-02-28 00:29:27,0.00049454,19.00000000
2018-02-28 00:29:27,0.00049454,36.00000000
2018-02-28 00:29:28,0.00049463,5.00000000
2018-02-28 00:29:28,0.00049551,2.00000000
2018-02-28 00:29:28,0.00049463,5.00000000
2018-02-28 00:29:28,0.00049480,4.00000000
2018-02-28 00:29:29,0.00049480,20.00000000
2018-02-28 00:29:29,0.00049480,20.00000000
2018-02-28 00:29:29,0.00049480,10.00000000
2018-02-28 00:29:29,0.00049480,6.00000000
2018-02-28 00:29:29,0.00049480,16.00000000
2018-02-28 00:29:30,0.00049480,39.00000000
2018-02-28 00:29:30,0.00049550,1.00000000
2018-02-28 00:29:31,0.00049480,15.00000000
2018-02-28 00:29:31,0.00049550,6.00000000
2018-02-28 00:29:31,0.00049552,43.00000000
2018-02-28 00:29:32,0.00049550,3.00000000
2018-02-28 00:29:32,0.00049551,84.00000000
2018-02-28 00:29:32,0.00049552,27.00000000
2018-02-28 00:29:32,0.00049553,36.00000000
2018-02-28 00:29:33,0.00049553,12.00000000
2018-02-28 00:29:34,0.00049553,3.00000000
2018-02-28 00:29:35,0.00049553,130.00000000
2018-02-28 00:29:35,0.00049500,5.00000000
2018-02-28 00:29:36,0.00049500,26.00000000
2018-02-28 00:29:37,0.00049554,4.00000000
2018-02-28 00:29:37,0.00049561,1.00000000
2018-02-28 00:29:37,0.00049561,13.00000000
2018-02-28 00:29:37,0.00049500,48.00000000
2018-02-28 00:29:38,0.00049533,20.00000000
2018-02-28 00:29:39,0.00049534,9.00000000
2018-02-28 00:29:39,0.00049534,10.00000000
2018-02-28 00:29:39,0.00049553,9.00000000
2018-02-28 00:29:39,0.00049554,3.00000000
2018-02-28 00:29:41,0.00049554,16.00000000
2018-02-28 00:29:42,0.00049554,2.00000000
2018-02-28 00:29:45,0.00049553,1.00000000
2018-02-28 00:29:45,0.00049651,9.00000000
2018-02-28 00:29:45,0.00049652,1.00000000
2018-02-28 00:29:50,0.00049579,6.00000000
2018-02-28 00:29:50,0.00049676,8.00000000
2018-02-28 00:29:50,0.00049680,11.00000000
2018-02-28 00:29:50,0.00049681,30.00000000
2018-02-28 00:29:50,0.00049682,70.00000000
2018-02-28 00:29:51,0.00049560,8.00000000
2018-02-28 00:29:51,0.00049558,1.00000000
2018-02-28 00:29:53,0.00049558,19.00000000
2018-02-28 00:29:53,0.00049653,37.00000000
2018-02-28 00:29:53,0.00049668,12.00000000
2018-02-28 00:29:53,0.00049679,5.00000000
2018-02-28 00:29:53,0.00049680,38.00000000
2018-02-28 00:29:53,0.00049681,30.00000000
2018-02-28 00:29:53,0.00049682,84.00000000
2018-02-28 00:29:53,0.00049687,7.00000000
2018-02-28 00:29:53,0.00049688,78.00000000
2018-02-28 00:29:53,0.00049690,781.00000000
2018-02-28 00:29:55,0.00049648,8.00000000
2018-02-28 00:29:55,0.00049653,3.00000000
2018-02-28 00:29:55,0.00049653,379.00000000
2018-02-28 00:29:56,0.00049658,13.00000000
2018-02-28 00:29:56,0.00049556,8.00000000
2018-02-28 00:29:57,0.00049557,47.00000000
2018-02-28 00:29:58,0.00049561,8.00000000
2018-02-28 00:29:58,0.00049559,30.00000000
2018-02-28 00:29:58,0.00049558,25.00000000
2018-02-28 00:29:59,0.00049639,6.00000000
2018-02-28 00:29:59,0.00049600,8.00000000
2018-02-28 00:29:59,0.00049600,25.00000000
2018-02-28 00:30:00,0.00049639,4.00000000
2018-02-28 00:30:00,0.00049640,54.00000000
2018-02-28 00:30:00,0.00049644,7.00000000
2018-02-28 00:30:00,0.00049653,24.00000000
2018-02-28 00:30:00,0.00049653,222.00000000
2018-02-28 00:30:03,0.00049601,5.00000000
2018-02-28 00:30:04,0.00049601,41.00000000
2018-02-28 00:30:08,0.00049635,3.00000000
2018-02-28 00:30:08,0.00049637,3.00000000
2018-02-28 00:30:10,0.00049637,3.00000000
2018-02-28 00:30:11,0.00049637,3.00000000
2018-02-28 00:30:11,0.00049637,3.00000000
2018-02-28 00:30:15,0.00049631,3.00000000
2018-02-28 00:30:15,0.00049633,5.00000000
2018-02-28 00:30:15,0.00049636,33.00000000
2018-02-28 00:30:16,0.00049640,3.00000000
2018-02-28 00:30:16,0.00049640,3.00000000
2018-02-28 00:30:16,0.00049640,20.00000000
2018-02-28 00:30:17,0.00049640,15.00000000
2018-02-28 00:30:17,0.00049640,3.00000000
2018-02-28 00:30:17,0.00049640,20.00000000
2018-02-28 00:30:18,0.00049640,63.00000000
2018-02-28 00:30:19,0.00049601,24.00000000
2018-02-28 00:30:19,0.00049601,314.00000000
2018-02-28 00:30:19,0.00049603,8.00000000
2018-02-28 00:30:19,0.00049601,4.00000000
2018-02-28 00:30:20,0.00049684,10.00000000
2018-02-28 00:30:20,0.00049688,6.00000000
2018-02-28 00:30:20,0.00049689,21.00000000
2018-02-28 00:30:20,0.00049602,10.00000000
2018-02-28 00:30:22,0.00049680,17.00000000
2018-02-28 00:30:22,0.00049689,11.00000000
2018-02-28 00:30:22,0.00049602,27.00000000
2018-02-28 00:30:24,0.00049602,53.00000000
2018-02-28 00:30:24,0.00049602,16.00000000
2018-02-28 00:30:25,0.00049602,1350.00000000
2018-02-28 00:30:27,0.00049602,10.00000000
2018-02-28 00:30:28,0.00049602,59.00000000
2018-02-28 00:30:29,0.00049674,8.00000000
2018-02-28 00:30:29,0.00049676,10.00000000
2018-02-28 00:30:29,0.00049677,3.00000000
2018-02-28 00:30:29,0.00049684,3.00000000
2018-02-28 00:30:29,0.00049689,1235.00000000
2018-02-28 00:30:29,0.00049690,368.00000000
2018-02-28 00:30:30,0.00049690,387.00000000
2018-02-28 00:30:30,0.00049700,151.00000000
2018-02-28 00:30:32,0.00049650,3.00000000
2018-02-28 00:30:32,0.00049650,10.00000000
2018-02-28 00:30:32,0.00049650,12.00000000
2018-02-28 00:30:32,0.00049610,21.00000000
2018-02-28 00:30:32,0.00049605,8.00000000
2018-02-28 00:30:32,0.00049603,29.00000000
2018-02-28 00:30:35,0.00049605,5.00000000
2018-02-28 00:30:35,0.00049604,5.00000000
2018-02-28 00:30:35,0.00049673,8.00000000
2018-02-28 00:30:35,0.00049675,35.00000000
2018-02-28 00:30:35,0.00049682,15.00000000
2018-02-28 00:30:35,0.00049700,123.00000000
2018-02-28 00:30:35,0.00049702,8.00000000
2018-02-28 00:30:35,0.00049715,11.00000000
2018-02-28 00:30:36,0.00049605,10.00000000
2018-02-28 00:30:38,0.00049675,6.00000000
2018-02-28 00:30:38,0.00049675,10.00000000
2018-02-28 00:30:38,0.00049675,10.00000000
2018-02-28 00:30:38,0.00049675,10.00000000
2018-02-28 00:30:39,0.00049675,14.00000000
2018-02-28 00:30:41,0.00049612,8.00000000
2018-02-28 00:30:41,0.00049610,2.00000000
2018-02-28 00:30:42,0.00049610,11.00000000
2018-02-28 00:30:42,0.00049607,39.00000000
2018-02-28 00:30:43,0.00049700,6.00000000
2018-02-28 00:30:43,0.00049610,11.00000000
2018-02-28 00:30:44,0.00049607,5.00000000
2018-02-28 00:30:45,0.00049607,5.00000000
2018-02-28 00:30:45,0.00049608,8.00000000
2018-02-28 00:30:46,0.00049690,26.00000000
2018-02-28 00:30:46,0.00049699,3.00000000
2018-02-28 00:30:46,0.00049700,48.00000000
2018-02-28 00:30:46,0.00049607,10.00000000
2018-02-28 00:30:46,0.00049697,3.00000000
2018-02-28 00:30:46,0.00049700,194.00000000
2018-02-28 00:30:47,0.00049620,4.00000000
2018-02-28 00:30:50,0.00049620,34.00000000
2018-02-28 00:30:51,0.00049692,6.00000000
2018-02-28 00:30:51,0.00049695,3.00000000
2018-02-28 00:30:51,0.00049700,35.00000000
2018-02-28 00:30:51,0.00049700,302.00000000
2018-02-28 00:30:52,0.00049700,1.00000000
2018-02-28 00:30:52,0.00049688,6.00000000
2018-02-28 00:30:53,0.00049688,25.00000000
2018-02-28 00:30:53,0.00049620,2.00000000
2018-02-28 00:30:55,0.00049693,3.00000000
2018-02-28 00:30:55,0.00049715,25.00000000
2018-02-28 00:30:55,0.00049700,81.00000000
2018-02-28 00:30:56,0.00049693,9.00000000
2018-02-28 00:30:56,0.00049700,39.00000000
2018-02-28 00:30:56,0.00049715,193.00000000
2018-02-28 00:30:56,0.00049622,8.00000000
2018-02-28 00:30:56,0.00049620,22.00000000
2018-02-28 00:30:58,0.00049620,24.00000000
2018-02-28 00:31:01,0.00049693,3.00000000
2018-02-28 00:31:02,0.00049620,2.00000000
2018-02-28 00:31:06,0.00049620,10.00000000
2018-02-28 00:31:08,0.00049693,8.00000000
2018-02-28 00:31:10,0.00049620,5.00000000
2018-02-28 00:31:10,0.00049693,18.00000000
2018-02-28 00:31:10,0.00049700,16.00000000
2018-02-28 00:31:10,0.00049705,6.00000000
2018-02-28 00:31:10,0.00049620,16.00000000
2018-02-28 00:31:10,0.00049620,25.00000000
2018-02-28 00:31:12,0.00049691,8.00000000
2018-02-28 00:31:12,0.00049715,105.00000000
2018-02-28 00:31:12,0.00049620,10.00000000
2018-02-28 00:31:15,0.00049688,10.00000000
2018-02-28 00:31:15,0.00049697,33.00000000
2018-02-28 00:31:15,0.00049715,158.00000000
2018-02-28 00:31:15,0.00049680,24.00000000
2018-02-28 00:31:16,0.00049680,7.00000000
2018-02-28 00:31:16,0.00049680,47.00000000
2018-02-28 00:31:17,0.00049620,32.00000000
2018-02-28 00:31:17,0.00049622,8.00000000
2018-02-28 00:31:17,0.00049620,54.00000000
2018-02-28 00:31:17,0.00049715,203.00000000
2018-02-28 00:31:19,0.00049682,10.00000000
2018-02-28 00:31:19,0.00049714,3.00000000
2018-02-28 00:31:19,0.00049715,101.00000000
2018-02-28 00:31:20,0.00049620,10.00000000
2018-02-28 00:31:21,0.00049680,4.00000000
2018-02-28 00:31:22,0.00049620,36.00000000
2018-02-28 00:31:23,0.00049712,3.00000000
2018-02-28 00:31:23,0.00049713,8.00000000
2018-02-28 00:31:23,0.00049715,83.00000000
2018-02-28 00:31:25,0.00049622,8.00000000
2018-02-28 00:31:25,0.00049620,2.00000000
2018-02-28 00:31:26,0.00049711,3.00000000
2018-02-28 00:31:26,0.00049712,10.00000000
2018-02-28 00:31:26,0.00049715,75.00000000
2018-02-28 00:31:29,0.00049621,10.00000000
2018-02-28 00:31:29,0.00049707,6.00000000
2018-02-28 00:31:29,0.00049709,2.00000000
2018-02-28 00:31:31,0.00049620,40.00000000
2018-02-28 00:31:33,0.00049651,10.00000000
2018-02-28 00:31:33,0.00049703,8.00000000
2018-02-28 00:31:33,0.00049704,6.00000000
2018-02-28 00:31:33,0.00049706,10.00000000
2018-02-28 00:31:33,0.00049707,8.00000000
2018-02-28 00:31:33,0.00049709,11.00000000
2018-02-28 00:31:35,0.00049701,6.00000000
2018-02-28 00:31:35,0.00049651,12.00000000
2018-02-28 00:31:38,0.00049622,8.00000000
2018-02-28 00:31:38,0.00049620,14.00000000
2018-02-28 00:31:38,0.00049701,3.00000000
2018-02-28 00:31:38,0.00049701,24.00000000
2018-02-28 00:31:39,0.00049709,215.00000000
2018-02-28 00:31:41,0.00049707,8.00000000
2018-02-28 00:31:41,0.00049709,63.00000000
2018-02-28 00:31:44,0.00049651,12.00000000
2018-02-28 00:31:44,0.00049709,100.00000000
2018-02-28 00:31:44,0.00049709,130.00000000
2018-02-28 00:31:44,0.00049709,23.00000000
2018-02-28 00:31:45,0.00049709,197.00000000
2018-02-28 00:31:45,0.00049709,56.00000000
2018-02-28 00:31:45,0.00049709,34.00000000
2018-02-28 00:31:46,0.00049709,22.00000000
2018-02-28 00:31:47,0.00049709,16.00000000
2018-02-28 00:31:47,0.00049710,9.00000000
2018-02-28 00:31:48,0.00049709,50.00000000
2018-02-28 00:31:48,0.00049710,134.00000000
2018-02-28 00:31:48,0.00049715,49.00000000
2018-02-28 00:31:48,0.00049730,74.00000000
2018-02-28 00:31:48,0.00049739,30.00000000
2018-02-28 00:31:48,0.00049744,413.00000000
2018-02-28 00:31:48,0.00049746,18.00000000
2018-02-28 00:31:48,0.00049709,16.00000000
2018-02-28 00:31:48,0.00049709,26.00000000
2018-02-28 00:31:49,0.00049709,8.00000000
2018-02-28 00:31:51,0.00049709,38.00000000
2018-02-28 00:31:51,0.00049709,14.00000000
2018-02-28 00:31:51,0.00049709,32.00000000
2018-02-28 00:31:52,0.00049709,10.00000000
2018-02-28 00:31:53,0.00049709,39.00000000
2018-02-28 00:31:53,0.00049709,18.00000000
2018-02-28 00:31:53,0.00049710,2.00000000
2018-02-28 00:31:54,0.00049746,26.00000000
2018-02-28 00:31:56,0.00049710,4.00000000
2018-02-28 00:31:57,0.00049746,28.00000000
2018-02-28 00:31:57,0.00049715,5.00000000
2018-02-28 00:31:57,0.00049746,8.00000000
2018-02-28 00:31:58,0.00049746,148.00000000
2018-02-28 00:31:58,0.00049750,227.00000000
2018-02-28 00:31:58,0.00049757,260.00000000
2018-02-28 00:31:58,0.00049770,183.00000000
2018-02-28 00:31:58,0.00049790,419.00000000
2018-02-28 00:32:01,0.00049711,2.00000000
2018-02-28 00:32:04,0.00049746,22.00000000
2018-02-28 00:32:06,0.00049747,3.00000000
2018-02-28 00:32:07,0.00049747,8.00000000
2018-02-28 00:32:07,0.00049746,148.00000000
2018-02-28 00:32:07,0.00049709,310.00000000
2018-02-28 00:32:10,0.00049788,7.00000000
2018-02-28 00:32:12,0.00049711,5.00000000
2018-02-28 00:32:17,0.00049710,3.00000000
2018-02-28 00:32:19,0.00049710,50.00000000
2018-02-28 00:32:19,0.00049785,7.00000000
2018-02-28 00:32:19,0.00049786,10.00000000
2018-02-28 00:32:19,0.00049787,31.00000000
2018-02-28 00:32:19,0.00049787,5.00000000
2018-02-28 00:32:19,0.00049787,42.00000000
2018-02-28 00:32:19,0.00049787,8.00000000
2018-02-28 00:32:20,0.00049787,28.00000000
2018-02-28 00:32:20,0.00049787,5.00000000
2018-02-28 00:32:20,0.00049787,50.00000000
2018-02-28 00:32:20,0.00049787,33.00000000
2018-02-28 00:32:21,0.00049787,20.00000000
2018-02-28 00:32:21,0.00049787,67.00000000
2018-02-28 00:32:22,0.00049787,22.00000000
2018-02-28 00:32:23,0.00049789,40.00000000
2018-02-28 00:32:23,0.00049790,173.00000000
2018-02-28 00:32:23,0.00049788,11.00000000
2018-02-28 00:32:24,0.00049787,56.00000000
2018-02-28 00:32:25,0.00049787,37.00000000
2018-02-28 00:32:26,0.00049787,3.00000000
2018-02-28 00:32:27,0.00049787,3.00000000
2018-02-28 00:32:27,0.00049787,13.00000000
2018-02-28 00:32:28,0.00049787,85.00000000
2018-02-28 00:32:29,0.00049746,6.00000000
2018-02-28 00:32:30,0.00049746,262.00000000
2018-02-28 00:32:31,0.00049740,3.00000000
2018-02-28 00:32:31,0.00049740,60.00000000
2018-02-28 00:32:32,0.00049711,57.00000000
2018-02-28 00:32:34,0.00049710,18.00000000
2018-02-28 00:32:36,0.00049710,16.00000000
2018-02-28 00:32:36,0.00049710,4.00000000
2018-02-28 00:32:37,0.00049740,50.00000000
2018-02-28 00:32:37,0.00049710,10.00000000
2018-02-28 00:32:37,0.00049710,12.00000000
2018-02-28 00:32:37,0.00049710,10.00000000
2018-02-28 00:32:37,0.00049710,8.00000000
2018-02-28 00:32:38,0.00049710,42.00000000
2018-02-28 00:32:38,0.00049710,10.00000000
2018-02-28 00:32:38,0.00049710,7.00000000
2018-02-28 00:32:38,0.00049710,10.00000000
2018-02-28 00:32:39,0.00049710,23.00000000
2018-02-28 00:32:39,0.00049710,120.00000000
2018-02-28 00:32:39,0.00049740,7.00000000
2018-02-28 00:32:40,0.00049710,80.00000000
2018-02-28 00:32:42,0.00049710,40.00000000
2018-02-28 00:32:42,0.00049740,52.00000000
2018-02-28 00:32:44,0.00049710,12.00000000
2018-02-28 00:32:45,0.00049710,20.00000000
2018-02-28 00:32:45,0.00049739,203.00000000
2018-02-28 00:32:45,0.00049710,12.00000000
2018-02-28 00:32:46,0.00049710,206.00000000
2018-02-28 00:32:46,0.00049739,9.00000000
2018-02-28 00:32:46,0.00049710,6.00000000
2018-02-28 00:32:47,0.00049710,18.00000000
2018-02-28 00:32:47,0.00049710,7.00000000
2018-02-28 00:32:50,0.00049710,202.00000000
2018-02-28 00:32:54,0.00049711,311.00000000
2018-02-28 00:32:54,0.00049710,1030.00000000
2018-02-28 00:32:58,0.00049709,16.00000000
2018-02-28 00:32:58,0.00049709,24.00000000
2018-02-28 00:32:58,0.00049710,269.00000000
2018-02-28 00:32:59,0.00049734,3.00000000
2018-02-28 00:33:00,0.00049734,21.00000000
2018-02-28 00:33:00,0.00049710,227.00000000
2018-02-28 00:33:03,0.00049700,53.00000000
2018-02-28 00:33:03,0.00049693,49.00000000
2018-02-28 00:33:03,0.00049688,80.00000000
2018-02-28 00:33:03,0.00049620,4014.00000000
2018-02-28 00:33:04,0.00049620,20.00000000
2018-02-28 00:33:04,0.00049620,6.00000000
2018-02-28 00:33:05,0.00049622,8.00000000
2018-02-28 00:33:05,0.00049620,63.00000000
2018-02-28 00:33:05,0.00049709,6.00000000
2018-02-28 00:33:06,0.00049620,3.00000000
2018-02-28 00:33:06,0.00049620,8.00000000
2018-02-28 00:33:06,0.00049620,4.00000000
2018-02-28 00:33:06,0.00049622,4.00000000
2018-02-28 00:33:06,0.00049620,58.00000000
2018-02-28 00:33:06,0.00049625,5.00000000
2018-02-28 00:33:06,0.00049620,4.00000000
2018-02-28 00:33:07,0.00049620,116.00000000
2018-02-28 00:33:07,0.00049620,685.00000000
2018-02-28 00:33:07,0.00049620,3.00000000
2018-02-28 00:33:07,0.00049620,11.00000000
2018-02-28 00:33:07,0.00049620,11.00000000
2018-02-28 00:33:08,0.00049620,66.00000000
2018-02-28 00:33:08,0.00049620,99.00000000
2018-02-28 00:33:08,0.00049609,6.00000000
2018-02-28 00:33:08,0.00049609,16.00000000
2018-02-28 00:33:08,0.00049609,20.00000000
2018-02-28 00:33:08,0.00049609,10.00000000
2018-02-28 00:33:09,0.00049609,9.00000000
2018-02-28 00:33:10,0.00049609,3.00000000
2018-02-28 00:33:10,0.00049609,8.00000000
2018-02-28 00:33:10,0.00049609,5.00000000
2018-02-28 00:33:10,0.00049609,6.00000000
2018-02-28 00:33:10,0.00049609,20.00000000
2018-02-28 00:33:11,0.00049609,22.00000000
2018-02-28 00:33:11,0.00049623,3.00000000
2018-02-28 00:33:12,0.00049609,5.00000000
2018-02-28 00:33:12,0.00049609,6.00000000
2018-02-28 00:33:12,0.00049609,47.00000000
2018-02-28 00:33:12,0.00049607,3.00000000
2018-02-28 00:33:12,0.00049604,3.00000000
2018-02-28 00:33:12,0.00049603,47.00000000
2018-02-28 00:33:12,0.00049603,97.00000000
2018-02-28 00:33:14,0.00049622,3.00000000
2018-02-28 00:33:15,0.00049697,4.00000000
2018-02-28 00:33:17,0.00049621,3.00000000
2018-02-28 00:33:17,0.00049621,1.00000000
2018-02-28 00:33:17,0.00049620,159.00000000
2018-02-28 00:33:19,0.00049698,8.00000000
2018-02-28 00:33:19,0.00049700,34.00000000
2018-02-28 00:33:19,0.00049620,20.00000000
2018-02-28 00:33:20,0.00049620,15.00000000
2018-02-28 00:33:20,0.00049620,5.00000000
2018-02-28 00:33:21,0.00049620,10.00000000
2018-02-28 00:33:21,0.00049620,7.00000000
2018-02-28 00:33:21,0.00049620,21.00000000
2018-02-28 00:33:21,0.00049620,5.00000000
2018-02-28 00:33:21,0.00049620,13.00000000
2018-02-28 00:33:21,0.00049620,13.00000000
2018-02-28 00:33:21,0.00049620,41.00000000
2018-02-28 00:33:22,0.00049620,9.00000000
2018-02-28 00:33:22,0.00049620,5.00000000
2018-02-28 00:33:22,0.00049620,9.00000000
2018-02-28 00:33:22,0.00049620,74.00000000
2018-02-28 00:33:22,0.00049620,7.00000000
2018-02-28 00:33:22,0.00049620,9.00000000
2018-02-28 00:33:23,0.00049620,7.00000000
2018-02-28 00:33:24,0.00049620,10.00000000
2018-02-28 00:33:24,0.00049700,75.00000000
2018-02-28 00:33:24,0.00049620,15.00000000
2018-02-28 00:33:24,0.00049620,24.00000000
2018-02-28 00:33:25,0.00049620,3.00000000
2018-02-28 00:33:27,0.00049620,9.00000000
2018-02-28 00:33:28,0.00049697,75.00000000
2018-02-28 00:33:28,0.00049620,5.00000000
2018-02-28 00:33:29,0.00049620,21.00000000
2018-02-28 00:33:30,0.00049620,55.00000000
2018-02-28 00:33:33,0.00049621,50.00000000
2018-02-28 00:33:33,0.00049620,442.00000000
2018-02-28 00:33:35,0.00049620,5.00000000
2018-02-28 00:33:35,0.00049699,29.00000000
2018-02-28 00:33:35,0.00049700,47.00000000
2018-02-28 00:33:40,0.00049620,6.00000000
2018-02-28 00:33:42,0.00049620,21.00000000
2018-02-28 00:33:43,0.00049699,232.00000000
2018-02-28 00:33:44,0.00049620,9.00000000
2018-02-28 00:33:46,0.00049699,13.00000000
2018-02-28 00:33:47,0.00049699,10.00000000
2018-02-28 00:33:49,0.00049699,113.00000000
2018-02-28 00:33:49,0.00049700,300.00000000
2018-02-28 00:33:53,0.00049620,13.00000000
2018-02-28 00:33:53,0.00049698,28.00000000
2018-02-28 00:33:53,0.00049700,92.00000000
2018-02-28 00:33:53,0.00049620,16.00000000
2018-02-28 00:34:03,0.00049620,571.00000000
2018-02-28 00:34:03,0.00049620,29.00000000
2018-02-28 00:34:06,0.00049689,5.00000000
2018-02-28 00:34:11,0.00049689,8.00000000
2018-02-28 00:34:11,0.00049690,20.00000000
2018-02-28 00:34:11,0.00049695,11.00000000
2018-02-28 00:34:11,0.00049696,211.00000000
2018-02-28 00:34:16,0.00049687,12.00000000
2018-02-28 00:34:16,0.00049687,15.00000000
2018-02-28 00:34:21,0.00049688,3.00000000
2018-02-28 00:34:21,0.00049694,27.00000000
2018-02-28 00:34:21,0.00049696,44.00000000
2018-02-28 00:34:21,0.00049697,20.00000000
2018-02-28 00:34:21,0.00049697,4.00000000
2018-02-28 00:34:26,0.00049697,27.00000000
2018-02-28 00:34:27,0.00049697,3.00000000
2018-02-28 00:34:30,0.00049697,5.00000000
2018-02-28 00:34:34,0.00049696,33.00000000
2018-02-28 00:34:34,0.00049697,19.00000000
2018-02-28 00:34:35,0.00049697,146.00000000
2018-02-28 00:34:36,0.00049697,6.00000000
2018-02-28 00:34:38,0.00049697,1495.00000000
2018-02-28 00:34:43,0.00049704,8.00000000
2018-02-28 00:34:43,0.00049708,64.00000000
2018-02-28 00:34:43,0.00049720,189.00000000
2018-02-28 00:34:43,0.00049738,30.00000000
2018-02-28 00:34:43,0.00049739,307.00000000
2018-02-28 00:34:48,0.00049702,3.00000000
2018-02-28 00:34:48,0.00049703,3.00000000
2018-02-28 00:34:49,0.00049720,76.00000000
2018-02-28 00:34:50,0.00049721,3.00000000
2018-02-28 00:34:50,0.00049721,7.00000000
2018-02-28 00:34:50,0.00049720,2254.00000000
2018-02-28 00:34:52,0.00049704,10.00000000
2018-02-28 00:34:55,0.00049700,3.00000000
2018-02-28 00:34:55,0.00049702,26.00000000
2018-02-28 00:34:55,0.00049704,122.00000000
2018-02-28 00:34:55,0.00049699,3.00000000
2018-02-28 00:35:06,0.00049704,20.00000000
2018-02-28 00:35:12,0.00049703,4.00000000
2018-02-28 00:35:19,0.00049700,4.00000000
2018-02-28 00:35:19,0.00049703,22.00000000
2018-02-28 00:35:20,0.00049703,79.00000000
2018-02-28 00:35:23,0.00049704,20.00000000
2018-02-28 00:35:23,0.00049703,50.00000000
2018-02-28 00:35:24,0.00049703,28.00000000
2018-02-28 00:35:24,0.00049700,35.00000000
2018-02-28 00:35:25,0.00049700,3.00000000
2018-02-28 00:35:26,0.00049700,51.00000000
2018-02-28 00:35:26,0.00049699,55.00000000
2018-02-28 00:35:28,0.00049700,86.00000000
2018-02-28 00:35:28,0.00049700,14.00000000
2018-02-28 00:35:28,0.00049699,60.00000000
2018-02-28 00:35:29,0.00049697,129.00000000
2018-02-28 00:35:32,0.00049702,18.00000000
2018-02-28 00:35:40,0.00049702,16.00000000
2018-02-28 00:35:42,0.00049702,10.00000000
2018-02-28 00:35:43,0.00049702,211.00000000
2018-02-28 00:35:44,0.00049702,65.00000000
2018-02-28 00:35:48,0.00049702,43.00000000
2018-02-28 00:35:48,0.00049700,133.00000000
2018-02-28 00:35:51,0.00049700,43.00000000
2018-02-28 00:35:53,0.00049702,24.00000000
2018-02-28 00:35:53,0.00049703,25.00000000
2018-02-28 00:35:54,0.00049704,14.00000000
2018-02-28 00:35:58,0.00049704,1.00000000
2018-02-28 00:35:58,0.00049704,5.00000000
2018-02-28 00:36:04,0.00049703,10.00000000
2018-02-28 00:36:04,0.00049739,36.00000000
2018-02-28 00:36:05,0.00049739,4.00000000
2018-02-28 00:36:09,0.00049710,12.00000000
2018-02-28 00:36:09,0.00049739,63.00000000
2018-02-28 00:36:09,0.00049705,24.00000000
2018-02-28 00:36:09,0.00049739,3.00000000
2018-02-28 00:36:10,0.00049739,46.00000000
2018-02-28 00:36:10,0.00049705,15.00000000
2018-02-28 00:36:10,0.00049738,24.00000000
2018-02-28 00:36:10,0.00049739,1.00000000
2018-02-28 00:36:10,0.00049739,344.00000000
2018-02-28 00:36:13,0.00049705,88.00000000
2018-02-28 00:36:14,0.00049739,315.00000000
2018-02-28 00:36:15,0.00049705,78.00000000
2018-02-28 00:36:15,0.00049703,54.00000000
2018-02-28 00:36:17,0.00049739,88.00000000
2018-02-28 00:36:18,0.00049739,272.00000000
2018-02-28 00:36:23,0.00049738,4.00000000
2018-02-28 00:36:23,0.00049739,197.00000000
2018-02-28 00:36:28,0.00049712,9.00000000
2018-02-28 00:36:30,0.00049739,192.00000000
2018-02-28 00:36:32,0.00049712,32.00000000
2018-02-28 00:36:44,0.00049712,21.00000000
2018-02-28 00:36:48,0.00049738,25.00000000
2018-02-28 00:36:49,0.00049712,16.00000000
2018-02-28 00:36:51,0.00049712,41.00000000
2018-02-28 00:37:01,0.00049713,786.00000000
2018-02-28 00:37:04,0.00049737,3.00000000
2018-02-28 00:37:11,0.00049713,104.00000000
2018-02-28 00:37:23,0.00049720,142.00000000
2018-02-28 00:37:23,0.00049720,91.00000000
2018-02-28 00:37:25,0.00049720,29.00000000
2018-02-28 00:37:27,0.00049722,250.00000000
2018-02-28 00:37:27,0.00049720,445.00000000
2018-02-28 00:37:27,0.00049713,212.00000000
2018-02-28 00:37:28,0.00049720,6.00000000
2018-02-28 00:37:28,0.00049713,4.00000000
2018-02-28 00:37:28,0.00049713,72.00000000
2018-02-28 00:37:29,0.00049713,120.00000000
2018-02-28 00:37:29,0.00049713,25.00000000
2018-02-28 00:37:29,0.00049712,19.00000000
2018-02-28 00:37:31,0.00049705,10.00000000
2018-02-28 00:37:33,0.00049704,15.00000000
2018-02-28 00:37:34,0.00049704,4.00000000
2018-02-28 00:37:34,0.00049703,25.00000000
2018-02-28 00:37:36,0.00049703,5.00000000
2018-02-28 00:37:36,0.00049704,10.00000000
2018-02-28 00:37:37,0.00049720,3.00000000
2018-02-28 00:37:39,0.00049704,18.00000000
2018-02-28 00:37:42,0.00049704,61.00000000
2018-02-28 00:37:42,0.00049703,20.00000000
2018-02-28 00:37:42,0.00049700,17.00000000
2018-02-28 00:37:43,0.00049700,60.00000000
2018-02-28 00:37:44,0.00049704,196.00000000
2018-02-28 00:37:45,0.00049700,187.00000000
2018-02-28 00:37:45,0.00049697,115.00000000
2018-02-28 00:37:46,0.00049697,7.00000000
2018-02-28 00:37:46,0.00049697,152.00000000
2018-02-28 00:37:46,0.00049699,19.00000000
2018-02-28 00:37:48,0.00049697,1791.00000000
2018-02-28 00:37:48,0.00049690,124.00000000
2018-02-28 00:37:48,0.00049690,2393.00000000
2018-02-28 00:37:49,0.00049689,3.00000000
2018-02-28 00:37:49,0.00049673,3.00000000
2018-02-28 00:37:49,0.00049642,19.00000000
2018-02-28 00:37:49,0.00049620,12.00000000
2018-02-28 00:37:49,0.00049670,34.00000000
2018-02-28 00:37:49,0.00049620,12.00000000
2018-02-28 00:37:52,0.00049609,81.00000000
2018-02-28 00:37:53,0.00049689,97.00000000
2018-02-28 00:37:55,0.00049608,5.00000000
2018-02-28 00:37:55,0.00049603,25.00000000
2018-02-28 00:37:55,0.00049602,10.00000000
2018-02-28 00:37:55,0.00049600,4.00000000
2018-02-28 00:37:55,0.00049600,52.00000000
2018-02-28 00:37:55,0.00049580,62.00000000
2018-02-28 00:37:55,0.00049570,30.00000000
2018-02-28 00:37:55,0.00049551,30.00000000
2018-02-28 00:37:55,0.00049522,68.00000000
2018-02-28 00:37:56,0.00049538,16.00000000
2018-02-28 00:37:56,0.00049523,33.00000000
2018-02-28 00:37:56,0.00049522,11.00000000
2018-02-28 00:37:58,0.00049501,58.00000000
2018-02-28 00:37:58,0.00049500,55.00000000
2018-02-28 00:37:58,0.00049500,363.00000000
2018-02-28 00:37:58,0.00049599,10.00000000
2018-02-28 00:37:59,0.00049522,3.00000000
2018-02-28 00:37:59,0.00049599,54.00000000
2018-02-28 00:37:59,0.00049500,2.00000000
2018-02-28 00:37:59,0.00049499,23.00000000
2018-02-28 00:37:59,0.00049474,49.00000000
2018-02-28 00:37:59,0.00049452,40.00000000
2018-02-28 00:37:59,0.00049451,86.00000000
2018-02-28 00:37:59,0.00049449,34.00000000
2018-02-28 00:37:59,0.00049432,5.00000000
2018-02-28 00:37:59,0.00049387,13.00000000
2018-02-28 00:38:01,0.00049390,40.00000000
2018-02-28 00:38:01,0.00049389,22.00000000
2018-02-28 00:38:01,0.00049391,10.00000000
2018-02-28 00:38:01,0.00049572,19.00000000
2018-02-28 00:38:02,0.00049572,1.00000000
2018-02-28 00:38:02,0.00049573,9.00000000
2018-02-28 00:38:02,0.00049573,10.00000000
2018-02-28 00:38:02,0.00049589,110.00000000
2018-02-28 00:38:02,0.00049409,5.00000000
2018-02-28 00:38:03,0.00049572,23.00000000
2018-02-28 00:38:03,0.00049590,19.00000000
2018-02-28 00:38:03,0.00049599,11.00000000
2018-02-28 00:38:03,0.00049599,19.00000000
2018-02-28 00:38:03,0.00049599,30.00000000
2018-02-28 00:38:03,0.00049410,13.00000000
2018-02-28 00:38:03,0.00049410,447.00000000
2018-02-28 00:38:03,0.00049409,1.00000000
2018-02-28 00:38:03,0.00049410,3.00000000
2018-02-28 00:38:04,0.00049510,7.00000000
2018-02-28 00:38:05,0.00049597,12.00000000
2018-02-28 00:38:06,0.00049511,10.00000000
2018-02-28 00:38:06,0.00049510,10.00000000
2018-02-28 00:38:06,0.00049510,2.00000000
2018-02-28 00:38:06,0.00049428,10.00000000
2018-02-28 00:38:06,0.00049409,10.00000000
2018-02-28 00:38:06,0.00049392,81.00000000
2018-02-28 00:38:06,0.00049597,18.00000000
2018-02-28 00:38:06,0.00049599,20.00000000
2018-02-28 00:38:06,0.00049596,21.00000000
2018-02-28 00:38:07,0.00049393,20.00000000
2018-02-28 00:38:07,0.00049393,20.00000000
2018-02-28 00:38:07,0.00049393,14.00000000
2018-02-28 00:38:07,0.00049392,4.00000000
2018-02-28 00:38:08,0.00049392,20.00000000
2018-02-28 00:38:08,0.00049588,17.00000000
2018-02-28 00:38:09,0.00049584,11.00000000
2018-02-28 00:38:10,0.00049583,53.00000000
2018-02-28 00:38:11,0.00049576,10.00000000
2018-02-28 00:38:11,0.00049391,5.00000000
2018-02-28 00:38:11,0.00049392,5.00000000
2018-02-28 00:38:12,0.00049575,49.00000000
2018-02-28 00:38:12,0.00049576,9.00000000
2018-02-28 00:38:12,0.00049583,23.00000000
2018-02-28 00:38:12,0.00049585,30.00000000
2018-02-28 00:38:12,0.00049586,80.00000000
2018-02-28 00:38:12,0.00049596,21.00000000
2018-02-28 00:38:12,0.00049598,122.00000000
2018-02-28 00:38:12,0.00049599,213.00000000
2018-02-28 00:38:12,0.00049393,12.00000000
2018-02-28 00:38:12,0.00049392,37.00000000
2018-02-28 00:38:12,0.00049391,5.00000000
2018-02-28 00:38:13,0.00049395,8.00000000
2018-02-28 00:38:13,0.00049394,23.00000000
2018-02-28 00:38:13,0.00049394,4.00000000
2018-02-28 00:38:14,0.00049581,20.00000000
2018-02-28 00:38:14,0.00049582,42.00000000
2018-02-28 00:38:14,0.00049590,20.00000000
2018-02-28 00:38:14,0.00049597,3.00000000
2018-02-28 00:38:14,0.00049598,30.00000000
2018-02-28 00:38:14,0.00049599,33.00000000
2018-02-28 00:38:14,0.00049395,10.00000000
2018-02-28 00:38:14,0.00049395,5.00000000
2018-02-28 00:38:14,0.00049396,5.00000000
2018-02-28 00:38:14,0.00049596,27.00000000
2018-02-28 00:38:14,0.00049598,15.00000000
2018-02-28 00:38:15,0.00049499,5.00000000
2018-02-28 00:38:15,0.00049583,5.00000000
2018-02-28 00:38:15,0.00049584,5.00000000
2018-02-28 00:38:15,0.00049499,14.00000000
2018-02-28 00:38:15,0.00049400,19.00000000
2018-02-28 00:38:16,0.00049401,4.00000000
2018-02-28 00:38:16,0.00049491,6.00000000
2018-02-28 00:38:16,0.00049491,13.00000000
2018-02-28 00:38:16,0.00049483,27.00000000
2018-02-28 00:38:16,0.00049402,75.00000000
2018-02-28 00:38:16,0.00049398,6.00000000
2018-02-28 00:38:16,0.00049398,112.00000000
2018-02-28 00:38:17,0.00049397,16.00000000
2018-02-28 00:38:18,0.00049581,7.00000000
2018-02-28 00:38:19,0.00049491,9.00000000
2018-02-28 00:38:19,0.00049491,10.00000000
2018-02-28 00:38:20,0.00049424,4.00000000
2018-02-28 00:38:20,0.00049491,8.00000000
2018-02-28 00:38:20,0.00049491,3.00000000
2018-02-28 00:38:20,0.00049490,3.00000000
2018-02-28 00:38:20,0.00049424,15.00000000
2018-02-28 00:38:20,0.00049416,14.00000000
2018-02-28 00:38:20,0.00049399,31.00000000
2018-02-28 00:38:22,0.00049470,8.00000000
2018-02-28 00:38:22,0.00049470,11.00000000
2018-02-28 00:38:23,0.00049399,21.00000000
2018-02-28 00:38:24,0.00049469,48.00000000
2018-02-28 00:38:25,0.00049469,20.00000000
2018-02-28 00:38:25,0.00049469,16.00000000
2018-02-28 00:38:26,0.00049468,8.00000000
2018-02-28 00:38:26,0.00049468,7.00000000
2018-02-28 00:38:26,0.00049408,6.00000000
2018-02-28 00:38:26,0.00049399,2.00000000
2018-02-28 00:38:26,0.00049491,20.00000000
2018-02-28 00:38:26,0.00049491,110.00000000
2018-02-28 00:38:27,0.00049490,12.00000000
2018-02-28 00:38:29,0.00049399,31.00000000
2018-02-28 00:38:31,0.00049468,9.00000000
2018-02-28 00:38:34,0.00049400,10.00000000
2018-02-28 00:38:36,0.00049400,8.00000000
2018-02-28 00:38:36,0.00049468,1.00000000
2018-02-28 00:38:37,0.00049401,28.00000000
2018-02-28 00:38:37,0.00049400,32.00000000
2018-02-28 00:38:38,0.00049400,320.00000000
2018-02-28 00:38:38,0.00049399,390.00000000
2018-02-28 00:38:38,0.00049388,397.00000000
2018-02-28 00:38:38,0.00049388,72.00000000
2018-02-28 00:38:38,0.00049388,144.00000000
2018-02-28 00:38:40,0.00049388,22.00000000
2018-02-28 00:38:42,0.00049388,91.00000000
2018-02-28 00:38:43,0.00049306,10.00000000
2018-02-28 00:38:43,0.00049306,10.00000000
2018-02-28 00:38:43,0.00049306,4.00000000
2018-02-28 00:38:43,0.00049306,10.00000000
2018-02-28 00:38:43,0.00049306,10.00000000
2018-02-28 00:38:43,0.00049306,81.00000000
2018-02-28 00:38:43,0.00049388,20.00000000
2018-02-28 00:38:45,0.00049387,10.00000000
2018-02-28 00:38:46,0.00049307,4.00000000
2018-02-28 00:38:46,0.00049304,8.00000000
2018-02-28 00:38:46,0.00049301,8.00000000
2018-02-28 00:38:46,0.00049301,2.00000000
2018-02-28 00:38:46,0.00049300,18.00000000
2018-02-28 00:38:46,0.00049300,12.00000000
2018-02-28 00:38:47,0.00049308,10.00000000
2018-02-28 00:38:47,0.00049300,10.00000000
2018-02-28 00:38:49,0.00049387,8.00000000
2018-02-28 00:38:50,0.00049387,20.00000000
2018-02-28 00:38:50,0.00049387,20.00000000
2018-02-28 00:38:56,0.00049385,10.00000000
2018-02-28 00:38:56,0.00049386,6.00000000
2018-02-28 00:38:56,0.00049300,150.00000000
2018-02-28 00:38:57,0.00049386,4.00000000
2018-02-28 00:38:57,0.00049300,5.00000000
2018-02-28 00:38:57,0.00049386,10.00000000
2018-02-28 00:38:57,0.00049388,40.00000000
2018-02-28 00:38:59,0.00049388,20.00000000
2018-02-28 00:38:59,0.00049387,10.00000000
2018-02-28 00:39:06,0.00049387,10.00000000
2018-02-28 00:39:06,0.00049387,130.00000000
2018-02-28 00:39:07,0.00049388,17.00000000
2018-02-28 00:39:10,0.00049388,41.00000000
2018-02-28 00:39:11,0.00049387,20.00000000
2018-02-28 00:39:12,0.00049388,86.00000000
2018-02-28 00:39:13,0.00049388,238.00000000
2018-02-28 00:39:15,0.00049387,6.00000000
2018-02-28 00:39:15,0.00049388,260.00000000
2018-02-28 00:39:16,0.00049387,229.00000000
2018-02-28 00:39:16,0.00049387,7.00000000
2018-02-28 00:39:16,0.00049388,4.00000000
2018-02-28 00:39:21,0.00049388,44.00000000
2018-02-28 00:39:22,0.00049457,19.00000000
2018-02-28 00:39:22,0.00049468,10.00000000
2018-02-28 00:39:22,0.00049497,21.00000000
2018-02-28 00:39:27,0.00049390,7.00000000
2018-02-28 00:39:31,0.00049390,8.00000000
2018-02-28 00:39:32,0.00049390,29.00000000
2018-02-28 00:39:32,0.00049390,9.00000000
2018-02-28 00:39:33,0.00049386,13.00000000
2018-02-28 00:39:41,0.00049490,6.00000000
2018-02-28 00:39:41,0.00049490,20.00000000
2018-02-28 00:39:41,0.00049490,6.00000000
2018-02-28 00:39:41,0.00049390,8.00000000
2018-02-28 00:39:41,0.00049385,1.00000000
2018-02-28 00:39:43,0.00049385,2.00000000
2018-02-28 00:39:47,0.00049479,6.00000000
2018-02-28 00:39:49,0.00049479,18.00000000
2018-02-28 00:39:49,0.00049479,3.00000000
2018-02-28 00:39:49,0.00049479,306.00000000
2018-02-28 00:39:55,0.00049478,8.00000000
2018-02-28 00:40:04,0.00049478,67.00000000
2018-02-28 00:40:04,0.00049479,141.00000000
2018-02-28 00:40:04,0.00049478,18.00000000
2018-02-28 00:40:08,0.00049390,1.00000000
2018-02-28 00:40:09,0.00049390,5.00000000
2018-02-28 00:40:16,0.00049477,18.00000000
2018-02-28 00:40:16,0.00049478,3.00000000
2018-02-28 00:40:18,0.00049390,269.00000000
2018-02-28 00:40:19,0.00049390,4.00000000
2018-02-28 00:40:20,0.00049390,81.00000000
2018-02-28 00:40:20,0.00049386,56.00000000
2018-02-28 00:40:20,0.00049385,79.00000000
2018-02-28 00:40:21,0.00049386,10.00000000
2018-02-28 00:40:21,0.00049385,647.00000000
2018-02-28 00:40:21,0.00049385,363.00000000
2018-02-28 00:40:30,0.00049474,10.00000000
2018-02-28 00:40:30,0.00049475,8.00000000
2018-02-28 00:40:30,0.00049478,48.00000000
2018-02-28 00:40:30,0.00049475,48.00000000
2018-02-28 00:40:30,0.00049475,57.00000000
2018-02-28 00:40:31,0.00049475,3.00000000
2018-02-28 00:40:31,0.00049475,2.00000000
2018-02-28 00:40:32,0.00049475,3.00000000
2018-02-28 00:40:32,0.00049475,5.00000000
2018-02-28 00:40:32,0.00049475,188.00000000
2018-02-28 00:40:32,0.00049475,3.00000000
2018-02-28 00:40:33,0.00049475,94.00000000
2018-02-28 00:40:34,0.00049475,32.00000000
2018-02-28 00:40:34,0.00049475,94.00000000
2018-02-28 00:40:42,0.00049476,30.00000000
2018-02-28 00:40:42,0.00049475,20.00000000
2018-02-28 00:40:45,0.00049476,30.00000000
2018-02-28 00:40:45,0.00049475,228.00000000
2018-02-28 00:40:46,0.00049475,90.00000000
2018-02-28 00:40:46,0.00049476,74.00000000
2018-02-28 00:40:48,0.00049478,34.00000000
2018-02-28 00:40:51,0.00049480,17.00000000
2018-02-28 00:40:56,0.00049493,5.00000000
2018-02-28 00:41:03,0.00049494,10.00000000
2018-02-28 00:41:04,0.00049494,8.00000000
2018-02-28 00:41:12,0.00049492,17.00000000
2018-02-28 00:41:12,0.00049493,6.00000000
2018-02-28 00:41:12,0.00049494,5.00000000
2018-02-28 00:41:16,0.00049480,10.00000000
2018-02-28 00:41:19,0.00049499,337.00000000
2018-02-28 00:41:19,0.00049508,10.00000000
2018-02-28 00:41:22,0.00049520,20.00000000
2018-02-28 00:41:23,0.00049551,8.00000000
2018-02-28 00:41:23,0.00049556,6.00000000
2018-02-28 00:41:23,0.00049604,19.00000000
2018-02-28 00:41:23,0.00049608,17.00000000
2018-02-28 00:41:25,0.00049607,10.00000000
2018-02-28 00:41:25,0.00049608,39.00000000
2018-02-28 00:41:25,0.00049631,5.00000000
2018-02-28 00:41:25,0.00049659,128.00000000
2018-02-28 00:41:25,0.00049684,5.00000000
2018-02-28 00:41:25,0.00049690,94.00000000
2018-02-28 00:41:25,0.00049696,29.00000000
2018-02-28 00:41:26,0.00049695,19.00000000
2018-02-28 00:41:27,0.00049609,19.00000000
2018-02-28 00:41:27,0.00049609,99.00000000
2018-02-28 00:41:28,0.00049695,8.00000000
2018-02-28 00:41:28,0.00049609,22.00000000
2018-02-28 00:41:29,0.00049614,3.00000000
2018-02-28 00:41:29,0.00049614,2.00000000
2018-02-28 00:41:29,0.00049611,8.00000000
2018-02-28 00:41:29,0.00049609,26.00000000
2018-02-28 00:41:29,0.00049609,11.00000000
2018-02-28 00:41:29,0.00049690,5.00000000
2018-02-28 00:41:30,0.00049608,200.00000000
2018-02-28 00:41:32,0.00049609,8.00000000
2018-02-28 00:41:32,0.00049609,12.00000000
2018-02-28 00:41:32,0.00049551,8.00000000
2018-02-28 00:41:38,0.00049689,15.00000000
2018-02-28 00:41:38,0.00049690,5.00000000
2018-02-28 00:41:38,0.00049694,69.00000000
2018-02-28 00:41:38,0.00049695,17.00000000
2018-02-28 00:41:38,0.00049697,82.00000000
2018-02-28 00:41:38,0.00049697,261.00000000
2018-02-28 00:41:38,0.00049697,30.00000000
2018-02-28 00:41:38,0.00049697,261.00000000
2018-02-28 00:41:38,0.00049697,13.00000000
2018-02-28 00:41:38,0.00049697,8.00000000
2018-02-28 00:41:39,0.00049697,14.00000000
2018-02-28 00:41:39,0.00049699,10.00000000
2018-02-28 00:41:39,0.00049697,255.00000000
2018-02-28 00:41:41,0.00049573,10.00000000
2018-02-28 00:41:41,0.00049572,40.00000000
2018-02-28 00:41:42,0.00049697,40.00000000
2018-02-28 00:41:42,0.00049697,69.00000000
2018-02-28 00:41:43,0.00049697,10.00000000
2018-02-28 00:41:43,0.00049697,88.00000000
2018-02-28 00:41:45,0.00049697,16.00000000
2018-02-28 00:41:46,0.00049697,35.00000000
2018-02-28 00:41:49,0.00049697,159.00000000
2018-02-28 00:41:52,0.00049590,13.00000000
2018-02-28 00:42:05,0.00049593,11.00000000
2018-02-28 00:42:05,0.00049592,89.00000000
2018-02-28 00:42:22,0.00049600,10.00000000
2018-02-28 00:42:23,0.00049594,43.00000000
2018-02-28 00:42:23,0.00049592,157.00000000
2018-02-28 00:42:23,0.00049600,34.00000000
2018-02-28 00:42:23,0.00049600,34.00000000
2018-02-28 00:42:27,0.00049599,18.00000000
2018-02-28 00:42:30,0.00049599,4.00000000
2018-02-28 00:42:30,0.00049600,108.00000000
2018-02-28 00:42:34,0.00049599,16.00000000
2018-02-28 00:42:36,0.00049600,101.00000000
2018-02-28 00:42:36,0.00049600,50.00000000
2018-02-28 00:42:39,0.00049600,200.00000000
2018-02-28 00:42:40,0.00049599,3.00000000
2018-02-28 00:42:45,0.00049599,22.00000000
2018-02-28 00:42:46,0.00049599,351.00000000
2018-02-28 00:42:46,0.00049599,13.00000000
2018-02-28 00:42:46,0.00049599,235.00000000
2018-02-28 00:42:46,0.00049600,383.00000000
2018-02-28 00:42:48,0.00049600,3.00000000
2018-02-28 00:42:51,0.00049599,15.00000000
2018-02-28 00:42:52,0.00049600,41.00000000
2018-02-28 00:42:54,0.00049600,10.00000000
2018-02-28 00:42:54,0.00049600,10.00000000
2018-02-28 00:42:54,0.00049600,10.00000000
2018-02-28 00:42:54,0.00049600,10.00000000
2018-02-28 00:42:54,0.00049600,10.00000000
2018-02-28 00:42:54,0.00049599,10.00000000
2018-02-28 00:42:57,0.00049599,21.00000000
2018-02-28 00:42:58,0.00049600,21.00000000
2018-02-28 00:43:05,0.00049601,3.00000000
2018-02-28 00:43:05,0.00049606,30.00000000
2018-02-28 00:43:05,0.00049608,45.00000000
2018-02-28 00:43:05,0.00049609,14.00000000
2018-02-28 00:43:05,0.00049600,21.00000000
2018-02-28 00:43:10,0.00049609,7.00000000
2018-02-28 00:43:10,0.00049609,22.00000000
2018-02-28 00:43:10,0.00049600,5.00000000
2018-02-28 00:43:11,0.00049609,45.00000000
2018-02-28 00:43:11,0.00049600,15.00000000
2018-02-28 00:43:15,0.00049609,6.00000000
2018-02-28 00:43:19,0.00049609,10.00000000
2018-02-28 00:43:21,0.00049609,10.00000000
2018-02-28 00:43:22,0.00049609,4.00000000
2018-02-28 00:43:24,0.00049609,25.00000000
2018-02-28 00:43:28,0.00049609,17.00000000
2018-02-28 00:43:29,0.00049609,774.00000000
2018-02-28 00:43:31,0.00049608,15.00000000
2018-02-28 00:43:31,0.00049609,15.00000000
2018-02-28 00:43:32,0.00049609,31.00000000
2018-02-28 00:43:33,0.00049609,731.00000000
2018-02-28 00:43:42,0.00049687,15.00000000
2018-02-28 00:43:45,0.00049689,15.00000000
2018-02-28 00:43:45,0.00049698,49.00000000
2018-02-28 00:43:53,0.00049688,14.00000000
2018-02-28 00:43:54,0.00049687,26.00000000
2018-02-28 00:43:56,0.00049698,8.00000000
2018-02-28 00:43:56,0.00049699,4.00000000
2018-02-28 00:43:57,0.00049699,112.00000000
2018-02-28 00:44:07,0.00049699,25.00000000
2018-02-28 00:44:07,0.00049698,3.00000000
2018-02-28 00:44:09,0.00049699,88.00000000
2018-02-28 00:44:10,0.00049698,14.00000000
2018-02-28 00:44:11,0.00049699,10.00000000
2018-02-28 00:44:12,0.00049699,9.00000000
2018-02-28 00:44:15,0.00049698,173.00000000
2018-02-28 00:44:15,0.00049687,27.00000000
2018-02-28 00:44:17,0.00049699,39.00000000
2018-02-28 00:44:18,0.00049700,3.00000000
2018-02-28 00:44:22,0.00049699,3.00000000
2018-02-28 00:44:24,0.00049699,213.00000000
2018-02-28 00:44:28,0.00049700,145.00000000
2018-02-28 00:44:30,0.00049699,14.00000000
2018-02-28 00:44:31,0.00049700,11.00000000
2018-02-28 00:44:32,0.00049700,269.00000000
2018-02-28 00:44:34,0.00049699,50.00000000
2018-02-28 00:44:37,0.00049700,11.00000000
2018-02-28 00:44:38,0.00049700,103.00000000
2018-02-28 00:44:40,0.00049699,15.00000000
2018-02-28 00:44:44,0.00049699,23.00000000
2018-02-28 00:44:45,0.00049700,1.00000000
2018-02-28 00:44:48,0.00049699,55.00000000
2018-02-28 00:44:49,0.00049700,334.00000000
2018-02-28 00:44:51,0.00049699,13.00000000
2018-02-28 00:44:52,0.00049700,5.00000000
2018-02-28 00:44:53,0.00049700,876.00000000
2018-02-28 00:44:54,0.00049699,11.00000000
2018-02-28 00:44:58,0.00049700,20.00000000
2018-02-28 00:44:59,0.00049700,126.00000000
2018-02-28 00:45:00,0.00049699,11.00000000
2018-02-28 00:45:01,0.00049699,220.00000000
2018-02-28 00:45:01,0.00049700,185.00000000
2018-02-28 00:45:05,0.00049708,20.00000000
2018-02-28 00:45:08,0.00049708,5.00000000
2018-02-28 00:45:08,0.00049708,73.00000000
2018-02-28 00:45:09,0.00049708,5.00000000
2018-02-28 00:45:09,0.00049737,18.00000000
2018-02-28 00:45:10,0.00049737,35.00000000
2018-02-28 00:45:10,0.00049738,19.00000000
2018-02-28 00:45:10,0.00049739,354.00000000
2018-02-28 00:45:10,0.00049790,201.00000000
2018-02-28 00:45:11,0.00049706,19.00000000
2018-02-28 00:45:14,0.00049706,5.00000000
2018-02-28 00:45:17,0.00049705,3.00000000
2018-02-28 00:45:17,0.00049706,17.00000000
2018-02-28 00:45:17,0.00049706,118.00000000
2018-02-28 00:45:17,0.00049707,16.00000000
2018-02-28 00:45:19,0.00049789,20.00000000
2018-02-28 00:45:19,0.00049789,10.00000000
2018-02-28 00:45:20,0.00049789,10.00000000
2018-02-28 00:45:20,0.00049790,218.00000000
2018-02-28 00:45:21,0.00049710,8.00000000
2018-02-28 00:45:21,0.00049708,66.00000000
2018-02-28 00:45:22,0.00049706,15.00000000
2018-02-28 00:45:23,0.00049715,19.00000000
2018-02-28 00:45:23,0.00049715,63.00000000
2018-02-28 00:45:28,0.00049780,8.00000000
2018-02-28 00:45:28,0.00049781,10.00000000
2018-02-28 00:45:28,0.00049782,6.00000000
2018-02-28 00:45:31,0.00049782,20.00000000
2018-02-28 00:45:31,0.00049790,39.00000000
