DATE,PRICE,VOLUME
2018-02-25 01:00:00,0.00057375,31.00000000
2018-02-25 01:00:14,0.00057375,164.00000000
2018-02-25 01:00:15,0.00057375,7.00000000
2018-02-25 01:00:19,0.00057375,27.00000000
2018-02-25 01:00:26,0.00057419,17.00000000
2018-02-25 01:00:27,0.00057375,8.00000000
2018-02-25 01:00:27,0.00057282,8.00000000
2018-02-25 01:00:27,0.00057271,9.00000000
2018-02-25 01:00:33,0.00057414,3.00000000
2018-02-25 01:00:55,0.00057414,7.00000000
2018-02-25 01:00:58,0.00057414,93.00000000
2018-02-25 01:00:58,0.00057400,57.00000000
2018-02-25 01:01:13,0.00057400,10.00000000
2018-02-25 01:01:35,0.00057419,30.00000000
2018-02-25 01:01:35,0.00057420,148.00000000
2018-02-25 01:01:37,0.00057420,5.00000000
2018-02-25 01:01:39,0.00057420,44.00000000
2018-02-25 01:01:39,0.00057420,44.00000000
2018-02-25 01:01:39,0.00057420,1.00000000
2018-02-25 01:01:39,0.00057420,16.00000000
2018-02-25 01:01:39,0.00057405,10.00000000
2018-02-25 01:01:43,0.00057466,4.00000000
2018-02-25 01:01:49,0.00057466,3.00000000
2018-02-25 01:02:13,0.00057467,12.00000000
2018-02-25 01:02:15,0.00057467,40.00000000
2018-02-25 01:02:18,0.00057467,18.00000000
2018-02-25 01:02:20,0.00057466,29.00000000
2018-02-25 01:02:33,0.00057466,18.00000000
2018-02-25 01:02:35,0.00057467,7.00000000
2018-02-25 01:02:43,0.00057467,15.00000000
2018-02-25 01:02:49,0.00057467,100.00000000
2018-02-25 01:02:55,0.00057467,403.00000000
2018-02-25 01:02:55,0.00057466,88.00000000
2018-02-25 01:02:55,0.00057407,2009.00000000
2018-02-25 01:03:00,0.00057407,1305.00000000
2018-02-25 01:03:01,0.00057468,40.00000000
2018-02-25 01:03:01,0.00057479,4.00000000
2018-02-25 01:03:01,0.00057481,55.00000000
2018-02-25 01:03:07,0.00057467,2.00000000
2018-02-25 01:03:12,0.00057481,6.00000000
2018-02-25 01:03:12,0.00057487,61.00000000
2018-02-25 01:03:12,0.00057498,7.00000000
2018-02-25 01:03:12,0.00057500,2.00000000
2018-02-25 01:03:13,0.00057500,89.00000000
2018-02-25 01:03:15,0.00057500,80.00000000
2018-02-25 01:03:15,0.00057467,5.00000000
2018-02-25 01:03:15,0.00057407,15.00000000
2018-02-25 01:03:27,0.00057414,4.00000000
2018-02-25 01:03:27,0.00057408,12.00000000
2018-02-25 01:03:39,0.00057495,4.00000000
2018-02-25 01:03:43,0.00057501,20.00000000
2018-02-25 01:03:43,0.00057520,10.00000000
2018-02-25 01:03:45,0.00057521,5.00000000
2018-02-25 01:03:47,0.00057521,5.00000000
2018-02-25 01:03:48,0.00057521,2.00000000
2018-02-25 01:03:48,0.00057521,4.00000000
2018-02-25 01:03:49,0.00057521,3.00000000
2018-02-25 01:03:49,0.00057521,697.00000000
2018-02-25 01:03:49,0.00057522,26.00000000
2018-02-25 01:03:50,0.00057521,79.00000000
2018-02-25 01:03:54,0.00057521,225.00000000
2018-02-25 01:03:55,0.00057521,385.00000000
2018-02-25 01:03:55,0.00057521,304.00000000
2018-02-25 01:03:55,0.00057521,26.00000000
2018-02-25 01:03:58,0.00057412,4.00000000
2018-02-25 01:03:58,0.00057408,6.00000000
2018-02-25 01:03:58,0.00057406,5.00000000
2018-02-25 01:04:33,0.00057515,4.00000000
2018-02-25 01:04:33,0.00057516,4.00000000
2018-02-25 01:04:38,0.00057521,20.00000000
2018-02-25 01:04:40,0.00057580,15.00000000
2018-02-25 01:04:40,0.00057590,3.00000000
2018-02-25 01:04:47,0.00057590,4.00000000
2018-02-25 01:04:47,0.00057593,34.00000000
2018-02-25 01:04:47,0.00057599,57.00000000
2018-02-25 01:04:47,0.00057600,455.00000000
2018-02-25 01:04:48,0.00057526,13.00000000
2018-02-25 01:04:48,0.00057522,182.00000000
2018-02-25 01:04:48,0.00057521,149.00000000
2018-02-25 01:04:51,0.00057521,4.00000000
2018-02-25 01:04:52,0.00057521,18.00000000
2018-02-25 01:04:58,0.00057521,54.00000000
2018-02-25 01:04:58,0.00057490,50.00000000
2018-02-25 01:04:58,0.00057414,4.00000000
2018-02-25 01:04:58,0.00057407,149.00000000
2018-02-25 01:04:58,0.00057406,61.00000000
2018-02-25 01:04:58,0.00057406,64.00000000
2018-02-25 01:04:58,0.00057406,33.00000000
2018-02-25 01:04:58,0.00057406,63.00000000
2018-02-25 01:04:58,0.00057406,7.00000000
2018-02-25 01:04:58,0.00057406,7.00000000
2018-02-25 01:04:58,0.00057406,8.00000000
2018-02-25 01:04:58,0.00057406,15.00000000
2018-02-25 01:04:58,0.00057406,8.00000000
2018-02-25 01:04:58,0.00057406,8.00000000
2018-02-25 01:04:58,0.00057406,30.00000000
2018-02-25 01:04:58,0.00057401,8.00000000
2018-02-25 01:04:58,0.00057406,42.00000000
2018-02-25 01:04:58,0.00057406,44.00000000
2018-02-25 01:04:59,0.00057406,14.00000000
2018-02-25 01:04:59,0.00057406,99.00000000
2018-02-25 01:05:00,0.00057406,128.00000000
2018-02-25 01:05:04,0.00057417,18.00000000
2018-02-25 01:05:19,0.00057522,18.00000000
2018-02-25 01:05:46,0.00057400,11.00000000
2018-02-25 01:05:47,0.00057400,100.00000000
2018-02-25 01:05:51,0.00057436,64.00000000
2018-02-25 01:05:51,0.00057436,41.00000000
2018-02-25 01:05:53,0.00057431,4.00000000
2018-02-25 01:05:53,0.00057435,9.00000000
2018-02-25 01:05:54,0.00057325,4.00000000
2018-02-25 01:06:01,0.00057328,4.00000000
2018-02-25 01:06:02,0.00057430,4.00000000
2018-02-25 01:06:02,0.00057433,30.00000000
2018-02-25 01:06:02,0.00057434,43.00000000
2018-02-25 01:06:13,0.00057427,2.00000000
2018-02-25 01:06:14,0.00057427,2.00000000
2018-02-25 01:06:14,0.00057428,4.00000000
2018-02-25 01:06:14,0.00057431,30.00000000
2018-02-25 01:06:14,0.00057432,41.00000000
2018-02-25 01:06:23,0.00057332,4.00000000
2018-02-25 01:06:23,0.00057327,4.00000000
2018-02-25 01:06:23,0.00057317,10.00000000
2018-02-25 01:06:27,0.00057432,52.00000000
2018-02-25 01:06:27,0.00057437,2.00000000
2018-02-25 01:06:29,0.00057432,4.00000000
2018-02-25 01:06:29,0.00057437,8.00000000
2018-02-25 01:06:30,0.00057432,2.00000000
2018-02-25 01:06:32,0.00057427,4.00000000
2018-02-25 01:06:33,0.00057432,26.00000000
2018-02-25 01:06:38,0.00057565,2.00000000
2018-02-25 01:06:39,0.00057564,40.00000000
2018-02-25 01:06:39,0.00057565,7.00000000
2018-02-25 01:06:40,0.00057425,172.00000000
2018-02-25 01:06:40,0.00057426,20.00000000
2018-02-25 01:06:40,0.00057424,82.00000000
2018-02-25 01:06:41,0.00057434,4.00000000
2018-02-25 01:06:41,0.00057424,30.00000000
2018-02-25 01:06:53,0.00057424,52.00000000
2018-02-25 01:06:53,0.00057422,3.00000000
2018-02-25 01:06:53,0.00057422,52.00000000
2018-02-25 01:06:53,0.00057422,66.00000000
2018-02-25 01:06:53,0.00057422,51.00000000
2018-02-25 01:06:53,0.00057423,10.00000000
2018-02-25 01:06:54,0.00057424,20.00000000
2018-02-25 01:06:54,0.00057423,15.00000000
2018-02-25 01:07:05,0.00057413,6.00000000
2018-02-25 01:07:06,0.00057413,219.00000000
2018-02-25 01:07:06,0.00057423,15.00000000
2018-02-25 01:07:06,0.00057424,731.00000000
2018-02-25 01:07:06,0.00057424,30.00000000
2018-02-25 01:07:06,0.00057424,30.00000000
2018-02-25 01:07:07,0.00057424,3.00000000
2018-02-25 01:07:16,0.00057562,12.00000000
2018-02-25 01:07:23,0.00057561,18.00000000
2018-02-25 01:07:26,0.00057449,4.00000000
2018-02-25 01:07:26,0.00057448,5.00000000
2018-02-25 01:07:26,0.00057425,9.00000000
2018-02-25 01:07:55,0.00057425,30.00000000
2018-02-25 01:07:55,0.00057424,70.00000000
2018-02-25 01:07:57,0.00057529,4.00000000
2018-02-25 01:07:57,0.00057539,4.00000000
2018-02-25 01:08:00,0.00057537,10.00000000
2018-02-25 01:08:02,0.00057538,4.00000000
2018-02-25 01:08:04,0.00057538,11.00000000
2018-02-25 01:08:05,0.00057562,20.00000000
2018-02-25 01:08:06,0.00057562,10.00000000
2018-02-25 01:08:06,0.00057562,6.00000000
2018-02-25 01:08:06,0.00057563,39.00000000
2018-02-25 01:08:13,0.00057455,10.00000000
2018-02-25 01:08:13,0.00057451,8.00000000
2018-02-25 01:08:14,0.00057451,34.00000000
2018-02-25 01:08:14,0.00057538,10.00000000
2018-02-25 01:08:14,0.00057563,60.00000000
2018-02-25 01:08:32,0.00057536,9.00000000
2018-02-25 01:08:32,0.00057561,4.00000000
2018-02-25 01:08:36,0.00057561,6.00000000
2018-02-25 01:08:36,0.00057562,62.00000000
2018-02-25 01:08:36,0.00057563,67.00000000
2018-02-25 01:08:36,0.00057566,20.00000000
2018-02-25 01:08:36,0.00057578,60.00000000
2018-02-25 01:08:36,0.00057595,400.00000000
2018-02-25 01:08:36,0.00057597,130.00000000
2018-02-25 01:08:36,0.00057598,104.00000000
2018-02-25 01:08:36,0.00057600,2858.00000000
2018-02-25 01:08:44,0.00057562,10.00000000
2018-02-25 01:09:09,0.00057562,3.00000000
2018-02-25 01:09:10,0.00057561,75.00000000
2018-02-25 01:09:10,0.00057606,90.00000000
2018-02-25 01:09:15,0.00057606,21.00000000
2018-02-25 01:09:17,0.00057505,5.00000000
2018-02-25 01:09:33,0.00057600,4.00000000
2018-02-25 01:09:33,0.00057605,28.00000000
2018-02-25 01:09:33,0.00057606,113.00000000
2018-02-25 01:09:33,0.00057662,4.00000000
2018-02-25 01:09:33,0.00057674,4.00000000
2018-02-25 01:09:33,0.00057681,34.00000000
2018-02-25 01:09:33,0.00057695,163.00000000
2018-02-25 01:09:39,0.00057694,10.00000000
2018-02-25 01:09:39,0.00057695,5.00000000
2018-02-25 01:09:39,0.00057695,1.00000000
2018-02-25 01:09:41,0.00057693,4.00000000
2018-02-25 01:09:56,0.00057582,5.00000000
2018-02-25 01:10:01,0.00057596,5.00000000
2018-02-25 01:10:01,0.00057594,6.00000000
2018-02-25 01:10:02,0.00057594,14.00000000
2018-02-25 01:10:03,0.00057600,4.00000000
2018-02-25 01:10:04,0.00057594,30.00000000
2018-02-25 01:10:08,0.00057682,4.00000000
2018-02-25 01:10:08,0.00057688,10.00000000
2018-02-25 01:10:08,0.00057688,255.00000000
2018-02-25 01:10:08,0.00057688,169.00000000
2018-02-25 01:10:08,0.00057688,15.00000000
2018-02-25 01:10:08,0.00057692,11.00000000
2018-02-25 01:10:08,0.00057693,82.00000000
2018-02-25 01:10:08,0.00057695,118.00000000
2018-02-25 01:10:09,0.00057695,33.00000000
2018-02-25 01:10:09,0.00057699,12.00000000
2018-02-25 01:10:10,0.00057699,4.00000000
2018-02-25 01:10:14,0.00057698,58.00000000
2018-02-25 01:10:18,0.00057688,2.00000000
2018-02-25 01:10:19,0.00057698,163.00000000
2018-02-25 01:10:19,0.00057699,1.00000000
2018-02-25 01:10:20,0.00057688,100.00000000
2018-02-25 01:10:41,0.00057688,234.00000000
2018-02-25 01:10:45,0.00057699,75.00000000
2018-02-25 01:10:54,0.00057688,4.00000000
2018-02-25 01:10:57,0.00057688,8.00000000
2018-02-25 01:11:05,0.00057688,11.00000000
2018-02-25 01:11:05,0.00057575,40.00000000
2018-02-25 01:11:05,0.00057572,1.00000000
2018-02-25 01:11:06,0.00057574,132.00000000
2018-02-25 01:11:06,0.00057574,41.00000000
2018-02-25 01:11:06,0.00057572,51.00000000
2018-02-25 01:11:07,0.00057572,4.00000000
2018-02-25 01:11:07,0.00057562,3.00000000
2018-02-25 01:11:07,0.00057507,124.00000000
2018-02-25 01:11:07,0.00057506,650.00000000
2018-02-25 01:11:07,0.00057507,30.00000000
2018-02-25 01:11:07,0.00057506,41.00000000
2018-02-25 01:11:15,0.00057512,8.00000000
2018-02-25 01:11:15,0.00057506,478.00000000
2018-02-25 01:11:17,0.00057500,4.00000000
2018-02-25 01:11:22,0.00057504,25.00000000
2018-02-25 01:11:41,0.00057500,60.00000000
2018-02-25 01:11:41,0.00057434,9.00000000
2018-02-25 01:11:41,0.00057426,335.00000000
2018-02-25 01:11:41,0.00057425,570.00000000
2018-02-25 01:11:41,0.00057424,246.00000000
2018-02-25 01:11:41,0.00057504,39.00000000
2018-02-25 01:11:42,0.00057504,3.00000000
2018-02-25 01:11:54,0.00057504,2.00000000
2018-02-25 01:11:54,0.00057504,17.00000000
2018-02-25 01:11:57,0.00057504,32.00000000
2018-02-25 01:11:57,0.00057506,696.00000000
2018-02-25 01:12:14,0.00057573,52.00000000
2018-02-25 01:12:14,0.00057574,51.00000000
2018-02-25 01:12:14,0.00057580,30.00000000
2018-02-25 01:12:14,0.00057640,45.00000000
2018-02-25 01:12:20,0.00057573,3.00000000
2018-02-25 01:12:20,0.00057465,172.00000000
2018-02-25 01:12:25,0.00057609,30.00000000
2018-02-25 01:12:38,0.00057566,18.00000000
2018-02-25 01:12:46,0.00057501,53.00000000
2018-02-25 01:13:02,0.00057501,10.00000000
2018-02-25 01:13:02,0.00057500,16.00000000
2018-02-25 01:13:02,0.00057501,15.00000000
2018-02-25 01:13:03,0.00057500,8.00000000
2018-02-25 01:13:04,0.00057501,28.00000000
2018-02-25 01:13:05,0.00057501,18.00000000
2018-02-25 01:13:12,0.00057500,62.00000000
2018-02-25 01:13:17,0.00057501,56.00000000
2018-02-25 01:13:17,0.00057501,44.00000000
2018-02-25 01:13:26,0.00057523,2.00000000
2018-02-25 01:13:26,0.00057515,16.00000000
2018-02-25 01:13:29,0.00057523,8.00000000
2018-02-25 01:13:29,0.00057515,4.00000000
2018-02-25 01:13:29,0.00057500,6.00000000
2018-02-25 01:13:36,0.00057509,8.00000000
2018-02-25 01:13:36,0.00057500,9.00000000
2018-02-25 01:13:36,0.00057486,4.00000000
2018-02-25 01:13:36,0.00057480,13.00000000
2018-02-25 01:13:44,0.00057579,13.00000000
2018-02-25 01:13:44,0.00057580,5.00000000
2018-02-25 01:13:47,0.00057590,4.00000000
2018-02-25 01:13:47,0.00057595,5.00000000
2018-02-25 01:13:47,0.00057596,9.00000000
2018-02-25 01:13:56,0.00057488,9.00000000
2018-02-25 01:13:56,0.00057488,11.00000000
2018-02-25 01:13:56,0.00057487,4.00000000
2018-02-25 01:13:56,0.00057482,3.00000000
2018-02-25 01:14:12,0.00057484,179.00000000
2018-02-25 01:14:12,0.00057484,351.00000000
2018-02-25 01:14:15,0.00057483,4.00000000
2018-02-25 01:14:17,0.00057483,3.00000000
2018-02-25 01:14:17,0.00057484,14.00000000
2018-02-25 01:14:17,0.00057484,14.00000000
2018-02-25 01:14:17,0.00057484,44.00000000
2018-02-25 01:14:18,0.00057484,23.00000000
2018-02-25 01:14:18,0.00057484,134.00000000
2018-02-25 01:14:18,0.00057484,46.00000000
2018-02-25 01:14:26,0.00057484,49.00000000
2018-02-25 01:14:30,0.00057482,2.00000000
2018-02-25 01:14:33,0.00057431,16.00000000
2018-02-25 01:14:33,0.00057484,2.00000000
2018-02-25 01:14:37,0.00057484,110.00000000
2018-02-25 01:14:39,0.00057484,1902.00000000
2018-02-25 01:15:09,0.00057485,18.00000000
2018-02-25 01:15:31,0.00057485,16.00000000
2018-02-25 01:15:31,0.00057484,228.00000000
2018-02-25 01:15:31,0.00057427,9.00000000
2018-02-25 01:15:31,0.00057426,51.00000000
2018-02-25 01:15:32,0.00057426,4.00000000
2018-02-25 01:15:54,0.00057501,8.00000000
2018-02-25 01:15:54,0.00057502,10.00000000
2018-02-25 01:15:54,0.00057426,97.00000000
2018-02-25 01:15:54,0.00057426,30.00000000
2018-02-25 01:15:54,0.00057426,30.00000000
2018-02-25 01:15:54,0.00057426,30.00000000
2018-02-25 01:15:55,0.00057426,2.00000000
2018-02-25 01:15:55,0.00057426,101.00000000
2018-02-25 01:16:06,0.00057425,967.00000000
2018-02-25 01:16:06,0.00057424,573.00000000
2018-02-25 01:16:12,0.00057426,18.00000000
2018-02-25 01:16:13,0.00057426,25.00000000
2018-02-25 01:16:14,0.00057495,6.00000000
2018-02-25 01:16:14,0.00057496,10.00000000
2018-02-25 01:16:14,0.00057497,8.00000000
2018-02-25 01:16:14,0.00057498,6.00000000
2018-02-25 01:16:14,0.00057499,8.00000000
2018-02-25 01:16:14,0.00057500,14.00000000
2018-02-25 01:16:14,0.00057537,375.00000000
2018-02-25 01:16:14,0.00057538,21.00000000
2018-02-25 01:16:14,0.00057587,9.00000000
2018-02-25 01:16:14,0.00057595,48.00000000
2018-02-25 01:16:14,0.00057595,15.00000000
2018-02-25 01:16:14,0.00057595,4.00000000
2018-02-25 01:16:15,0.00057597,3.00000000
2018-02-25 01:16:15,0.00057598,34.00000000
2018-02-25 01:16:15,0.00057599,46.00000000
2018-02-25 01:16:15,0.00057595,174.00000000
2018-02-25 01:16:15,0.00057595,10.00000000
2018-02-25 01:16:15,0.00057595,4.00000000
2018-02-25 01:16:15,0.00057595,10.00000000
2018-02-25 01:16:15,0.00057426,2.00000000
2018-02-25 01:16:33,0.00057599,31.00000000
2018-02-25 01:16:33,0.00057600,10.00000000
2018-02-25 01:16:43,0.00057600,18.00000000
2018-02-25 01:16:45,0.00057600,18.00000000
2018-02-25 01:16:49,0.00057550,18.00000000
2018-02-25 01:17:19,0.00057600,6.00000000
2018-02-25 01:17:21,0.00057550,445.00000000
2018-02-25 01:17:21,0.00057550,87.00000000
2018-02-25 01:17:37,0.00057550,3.00000000
2018-02-25 01:17:50,0.00057550,35.00000000
2018-02-25 01:17:52,0.00057550,125.00000000
2018-02-25 01:17:56,0.00057550,3.00000000
2018-02-25 01:18:09,0.00057550,2.00000000
2018-02-25 01:18:13,0.00057550,13.00000000
2018-02-25 01:18:14,0.00057550,3.00000000
2018-02-25 01:18:16,0.00057550,119.00000000
2018-02-25 01:18:25,0.00057550,102.00000000
2018-02-25 01:18:32,0.00057548,88.00000000
2018-02-25 01:18:32,0.00057550,112.00000000
2018-02-25 01:18:33,0.00057510,9.00000000
2018-02-25 01:18:33,0.00057509,4.00000000
2018-02-25 01:18:33,0.00057505,10.00000000
2018-02-25 01:18:33,0.00057484,36.00000000
2018-02-25 01:18:33,0.00057430,9.00000000
2018-02-25 01:18:33,0.00057428,31.00000000
2018-02-25 01:18:37,0.00057550,206.00000000
2018-02-25 01:18:54,0.00057549,9.00000000
2018-02-25 01:19:16,0.00057459,9.00000000
2018-02-25 01:19:16,0.00057458,4.00000000
2018-02-25 01:19:16,0.00057446,30.00000000
2018-02-25 01:19:16,0.00057445,18.00000000
2018-02-25 01:19:16,0.00057434,34.00000000
2018-02-25 01:19:17,0.00057549,10.00000000
2018-02-25 01:19:17,0.00057550,107.00000000
2018-02-25 01:19:35,0.00057544,4.00000000
2018-02-25 01:19:35,0.00057550,19.00000000
2018-02-25 01:19:41,0.00057435,18.00000000
2018-02-25 01:19:44,0.00057548,18.00000000
2018-02-25 01:19:44,0.00057549,18.00000000
2018-02-25 01:19:58,0.00057497,23.00000000
2018-02-25 01:19:58,0.00057549,11.00000000
2018-02-25 01:20:04,0.00057549,6.00000000
2018-02-25 01:20:14,0.00057549,63.00000000
2018-02-25 01:20:21,0.00057549,17.00000000
2018-02-25 01:20:25,0.00057549,52.00000000
2018-02-25 01:20:25,0.00057549,52.00000000
2018-02-25 01:20:25,0.00057549,71.00000000
2018-02-25 01:20:34,0.00057508,18.00000000
2018-02-25 01:20:34,0.00057439,20.00000000
2018-02-25 01:20:34,0.00057435,9.00000000
2018-02-25 01:20:34,0.00057434,393.00000000
2018-02-25 01:20:34,0.00057433,20.00000000
2018-02-25 01:20:34,0.00057428,3.00000000
2018-02-25 01:20:34,0.00057427,39.00000000
2018-02-25 01:20:36,0.00057450,18.00000000
2018-02-25 01:20:44,0.00057542,20.00000000
2018-02-25 01:20:45,0.00057543,4.00000000
2018-02-25 01:21:21,0.00057550,2.00000000
2018-02-25 01:21:21,0.00057558,16.00000000
2018-02-25 01:21:23,0.00057549,1.00000000
2018-02-25 01:21:24,0.00057549,18.00000000
2018-02-25 01:21:26,0.00057596,5.00000000
2018-02-25 01:21:29,0.00057558,138.00000000
2018-02-25 01:21:31,0.00057558,10.00000000
2018-02-25 01:21:35,0.00057558,59.00000000
2018-02-25 01:21:36,0.00057557,11.00000000
2018-02-25 01:21:51,0.00057549,503.00000000
2018-02-25 01:22:10,0.00057549,212.00000000
2018-02-25 01:22:15,0.00057595,34.00000000
2018-02-25 01:22:15,0.00057596,4.00000000
2018-02-25 01:22:15,0.00057597,49.00000000
2018-02-25 01:22:23,0.00057580,29.00000000
2018-02-25 01:22:27,0.00057549,163.00000000
2018-02-25 01:22:27,0.00057549,107.00000000
2018-02-25 01:22:39,0.00057549,3.00000000
2018-02-25 01:22:39,0.00057549,202.00000000
2018-02-25 01:22:41,0.00057580,3.00000000
2018-02-25 01:22:49,0.00057580,898.00000000
2018-02-25 01:22:49,0.00057600,224.00000000
2018-02-25 01:22:51,0.00057580,141.00000000
2018-02-25 01:23:16,0.00057600,79.00000000
2018-02-25 01:23:31,0.00057600,16.00000000
2018-02-25 01:24:03,0.00057600,201.00000000
2018-02-25 01:24:06,0.00057600,111.00000000
2018-02-25 01:24:29,0.00057600,34.00000000
2018-02-25 01:24:43,0.00057640,10.00000000
2018-02-25 01:24:43,0.00057648,8.00000000
2018-02-25 01:24:48,0.00057648,19.00000000
2018-02-25 01:24:55,0.00057604,10.00000000
2018-02-25 01:24:55,0.00057603,8.00000000
2018-02-25 01:25:02,0.00057604,9.00000000
2018-02-25 01:25:02,0.00057603,1.00000000
2018-02-25 01:25:02,0.00057601,90.00000000
2018-02-25 01:25:11,0.00057605,445.00000000
2018-02-25 01:25:44,0.00057648,18.00000000
2018-02-25 01:25:45,0.00057648,307.00000000
2018-02-25 01:25:49,0.00057611,4.00000000
2018-02-25 01:25:49,0.00057605,15.00000000
2018-02-25 01:25:50,0.00057608,30.00000000
2018-02-25 01:26:26,0.00057693,4.00000000
2018-02-25 01:26:26,0.00057698,5.00000000
2018-02-25 01:26:26,0.00057699,9.00000000
2018-02-25 01:26:29,0.00057620,4.00000000
2018-02-25 01:26:34,0.00057699,83.00000000
2018-02-25 01:26:34,0.00057700,206.00000000
2018-02-25 01:26:35,0.00057700,75.00000000
2018-02-25 01:26:41,0.00057700,26.00000000
2018-02-25 01:26:41,0.00057709,32.00000000
2018-02-25 01:26:41,0.00057733,4.00000000
2018-02-25 01:26:41,0.00057781,2.00000000
2018-02-25 01:26:41,0.00057787,41.00000000
2018-02-25 01:26:41,0.00057800,111.00000000
2018-02-25 01:26:45,0.00057693,17.00000000
2018-02-25 01:26:46,0.00057693,7.00000000
2018-02-25 01:26:46,0.00057799,46.00000000
2018-02-25 01:26:46,0.00057800,109.00000000
2018-02-25 01:26:46,0.00057692,3.00000000
2018-02-25 01:26:47,0.00057634,18.00000000
2018-02-25 01:26:48,0.00057640,4.00000000
2018-02-25 01:26:56,0.00057663,153.00000000
2018-02-25 01:26:56,0.00057661,52.00000000
2018-02-25 01:27:07,0.00057700,14.00000000
2018-02-25 01:27:08,0.00057700,3.00000000
2018-02-25 01:27:08,0.00057700,3.00000000
2018-02-25 01:27:14,0.00057700,4.00000000
2018-02-25 01:27:15,0.00057708,100.00000000
2018-02-25 01:27:17,0.00057708,71.00000000
2018-02-25 01:27:21,0.00057714,4.00000000
2018-02-25 01:27:21,0.00057708,14.00000000
2018-02-25 01:27:25,0.00057708,2.00000000
2018-02-25 01:28:09,0.00057755,21.00000000
2018-02-25 01:28:12,0.00057755,79.00000000
2018-02-25 01:28:15,0.00057781,3.00000000
2018-02-25 01:28:15,0.00057785,9.00000000
2018-02-25 01:28:15,0.00057787,3.00000000
2018-02-25 01:28:15,0.00057789,1.00000000
2018-02-25 01:28:17,0.00057755,200.00000000
2018-02-25 01:28:21,0.00057755,8.00000000
2018-02-25 01:28:28,0.00057783,4.00000000
2018-02-25 01:28:28,0.00057789,361.00000000
2018-02-25 01:28:28,0.00057800,15.00000000
2018-02-25 01:28:38,0.00057800,63.00000000
2018-02-25 01:28:42,0.00057799,18.00000000
2018-02-25 01:28:45,0.00057799,2.00000000
2018-02-25 01:28:45,0.00057800,41.00000000
2018-02-25 01:28:45,0.00057755,18.00000000
2018-02-25 01:28:46,0.00057800,361.00000000
2018-02-25 01:28:46,0.00057800,5.00000000
2018-02-25 01:28:46,0.00057800,51.00000000
2018-02-25 01:28:47,0.00057800,40.00000000
2018-02-25 01:28:47,0.00057800,17.00000000
2018-02-25 01:28:47,0.00057800,33.00000000
2018-02-25 01:28:48,0.00057755,17.00000000
2018-02-25 01:28:48,0.00057755,33.00000000
2018-02-25 01:28:51,0.00057755,13.00000000
2018-02-25 01:28:54,0.00057801,2.00000000
2018-02-25 01:28:55,0.00057755,8.00000000
2018-02-25 01:29:04,0.00057786,1.00000000
2018-02-25 01:29:05,0.00057786,22.00000000
2018-02-25 01:29:07,0.00057786,10.00000000
2018-02-25 01:29:11,0.00057786,5.00000000
2018-02-25 01:29:23,0.00057790,16.00000000
2018-02-25 01:29:23,0.00057790,18.00000000
2018-02-25 01:29:27,0.00057790,4.00000000
2018-02-25 01:29:27,0.00057801,17.00000000
2018-02-25 01:29:31,0.00057801,18.00000000
2018-02-25 01:29:31,0.00057790,63.00000000
2018-02-25 01:29:33,0.00057799,51.00000000
2018-02-25 01:29:39,0.00057799,55.00000000
2018-02-25 01:29:40,0.00057799,25.00000000
2018-02-25 01:29:40,0.00057790,38.00000000
2018-02-25 01:29:41,0.00057790,96.00000000
2018-02-25 01:29:43,0.00057790,18.00000000
2018-02-25 01:29:44,0.00057799,6.00000000
2018-02-25 01:29:44,0.00057799,77.00000000
2018-02-25 01:29:45,0.00057800,26.00000000
2018-02-25 01:29:47,0.00057800,2.00000000
2018-02-25 01:29:47,0.00057800,4.00000000
2018-02-25 01:29:48,0.00057800,4.00000000
2018-02-25 01:29:49,0.00057799,1191.00000000
2018-02-25 01:29:49,0.00057801,5.00000000
2018-02-25 01:29:50,0.00057801,35.00000000
2018-02-25 01:29:51,0.00057801,101.00000000
2018-02-25 01:29:51,0.00057801,168.00000000
2018-02-25 01:29:54,0.00057801,15.00000000
2018-02-25 01:29:57,0.00057801,5.00000000
2018-02-25 01:29:59,0.00057806,2.00000000
2018-02-25 01:29:59,0.00057808,7.00000000
2018-02-25 01:30:00,0.00057808,4.00000000
2018-02-25 01:30:02,0.00057801,408.00000000
2018-02-25 01:30:08,0.00057801,302.00000000
2018-02-25 01:30:10,0.00057801,19.00000000
2018-02-25 01:30:12,0.00057804,170.00000000
2018-02-25 01:30:12,0.00057808,30.00000000
2018-02-25 01:30:13,0.00057808,168.00000000
2018-02-25 01:30:14,0.00057808,26.00000000
2018-02-25 01:30:15,0.00057808,7.00000000
2018-02-25 01:30:16,0.00057808,133.00000000
2018-02-25 01:30:17,0.00057801,4.00000000
2018-02-25 01:30:22,0.00057801,146.00000000
2018-02-25 01:30:30,0.00057801,86.00000000
2018-02-25 01:30:33,0.00057801,14.00000000
2018-02-25 01:30:34,0.00057801,9.00000000
2018-02-25 01:30:37,0.00057808,18.00000000
2018-02-25 01:30:39,0.00057806,4.00000000
2018-02-25 01:30:39,0.00057801,20.00000000
2018-02-25 01:30:39,0.00057801,11.00000000
2018-02-25 01:30:39,0.00057801,16.00000000
2018-02-25 01:30:41,0.00057801,131.00000000
2018-02-25 01:30:48,0.00057801,4.00000000
2018-02-25 01:30:52,0.00057801,28.00000000
2018-02-25 01:30:52,0.00057801,18.00000000
2018-02-25 01:30:53,0.00057805,24.00000000
2018-02-25 01:30:53,0.00057805,161.00000000
2018-02-25 01:30:57,0.00057805,1.00000000
2018-02-25 01:30:57,0.00057803,208.00000000
2018-02-25 01:30:57,0.00057803,3.00000000
2018-02-25 01:30:57,0.00057803,108.00000000
2018-02-25 01:30:57,0.00057803,134.00000000
2018-02-25 01:30:57,0.00057803,51.00000000
2018-02-25 01:31:01,0.00057803,8.00000000
2018-02-25 01:31:19,0.00057803,536.00000000
2018-02-25 01:31:23,0.00057808,18.00000000
2018-02-25 01:31:38,0.00057804,18.00000000
2018-02-25 01:31:40,0.00057808,7.00000000
2018-02-25 01:31:45,0.00057804,7.00000000
2018-02-25 01:31:48,0.00057804,91.00000000
2018-02-25 01:32:03,0.00057807,21.00000000
2018-02-25 01:32:14,0.00057807,18.00000000
2018-02-25 01:32:17,0.00057808,17.00000000
2018-02-25 01:32:17,0.00057834,11.00000000
2018-02-25 01:32:19,0.00057834,4.00000000
2018-02-25 01:32:20,0.00057834,18.00000000
2018-02-25 01:32:23,0.00057834,3.00000000
2018-02-25 01:32:32,0.00057807,652.00000000
2018-02-25 01:32:32,0.00057801,463.00000000
2018-02-25 01:32:32,0.00057800,86.00000000
2018-02-25 01:32:33,0.00057800,156.00000000
2018-02-25 01:32:33,0.00057800,3.00000000
2018-02-25 01:32:34,0.00057800,14.00000000
2018-02-25 01:32:36,0.00057800,2.00000000
2018-02-25 01:32:37,0.00057800,12.00000000
2018-02-25 01:32:38,0.00057800,22.00000000
2018-02-25 01:32:39,0.00057801,69.00000000
2018-02-25 01:32:39,0.00057790,281.00000000
2018-02-25 01:32:42,0.00057834,1564.00000000
2018-02-25 01:32:47,0.00057800,10.00000000
2018-02-25 01:32:52,0.00057834,25.00000000
2018-02-25 01:32:53,0.00057834,18.00000000
2018-02-25 01:32:54,0.00057811,53.00000000
2018-02-25 01:32:55,0.00057811,5.00000000
2018-02-25 01:32:56,0.00057811,18.00000000
2018-02-25 01:33:02,0.00057834,18.00000000
2018-02-25 01:33:04,0.00057811,224.00000000
2018-02-25 01:33:04,0.00057811,41.00000000
2018-02-25 01:33:05,0.00057811,18.00000000
2018-02-25 01:33:10,0.00057811,22.00000000
2018-02-25 01:33:11,0.00057811,889.00000000
2018-02-25 01:33:12,0.00057807,75.00000000
2018-02-25 01:33:14,0.00057807,554.00000000
2018-02-25 01:33:20,0.00057800,32.00000000
2018-02-25 01:33:20,0.00057790,10.00000000
2018-02-25 01:33:20,0.00057790,243.00000000
2018-02-25 01:33:26,0.00057807,173.00000000
2018-02-25 01:33:26,0.00057807,153.00000000
2018-02-25 01:33:31,0.00057790,23.00000000
2018-02-25 01:33:32,0.00057806,3.00000000
2018-02-25 01:33:37,0.00057806,173.00000000
2018-02-25 01:33:37,0.00057806,17.00000000
2018-02-25 01:33:39,0.00057790,300.00000000
2018-02-25 01:33:39,0.00057786,108.00000000
2018-02-25 01:33:43,0.00057786,144.00000000
2018-02-25 01:33:43,0.00057806,3.00000000
2018-02-25 01:33:45,0.00057786,23.00000000
2018-02-25 01:33:48,0.00057806,156.00000000
2018-02-25 01:33:51,0.00057806,3.00000000
2018-02-25 01:33:51,0.00057806,6.00000000
2018-02-25 01:33:53,0.00057806,3.00000000
2018-02-25 01:33:53,0.00057806,3.00000000
2018-02-25 01:33:55,0.00057786,152.00000000
2018-02-25 01:33:55,0.00057755,146.00000000
2018-02-25 01:33:55,0.00057708,13.00000000
2018-02-25 01:33:55,0.00057700,463.00000000
2018-02-25 01:33:55,0.00057698,50.00000000
2018-02-25 01:33:55,0.00057661,9.00000000
2018-02-25 01:33:55,0.00057624,5.00000000
2018-02-25 01:33:55,0.00057620,54.00000000
2018-02-25 01:33:55,0.00057617,64.00000000
2018-02-25 01:33:55,0.00057611,43.00000000
2018-02-25 01:33:55,0.00057610,303.00000000
2018-02-25 01:33:55,0.00057609,13.00000000
2018-02-25 01:33:55,0.00057608,20.00000000
2018-02-25 01:33:55,0.00057604,34.00000000
2018-02-25 01:33:55,0.00057603,79.00000000
2018-02-25 01:33:55,0.00057601,467.00000000
2018-02-25 01:33:57,0.00057804,21.00000000
2018-02-25 01:34:02,0.00057782,10.00000000
2018-02-25 01:34:02,0.00057783,31.00000000
2018-02-25 01:34:02,0.00057786,5.00000000
2018-02-25 01:34:02,0.00057805,30.00000000
2018-02-25 01:34:03,0.00057805,30.00000000
2018-02-25 01:34:03,0.00057805,30.00000000
2018-02-25 01:34:03,0.00057805,30.00000000
2018-02-25 01:34:03,0.00057806,217.00000000
2018-02-25 01:34:03,0.00057805,4.00000000
2018-02-25 01:34:04,0.00057806,19.00000000
2018-02-25 01:34:07,0.00057806,2968.00000000
2018-02-25 01:34:07,0.00057807,1672.00000000
2018-02-25 01:34:15,0.00057806,30.00000000
2018-02-25 01:34:15,0.00057807,36.00000000
2018-02-25 01:34:21,0.00057690,18.00000000
2018-02-25 01:34:24,0.00057719,3.00000000
2018-02-25 01:34:50,0.00057720,7.00000000
2018-02-25 01:34:50,0.00057719,265.00000000
2018-02-25 01:34:54,0.00057719,18.00000000
2018-02-25 01:35:02,0.00057719,19.00000000
2018-02-25 01:35:02,0.00057719,6.00000000
2018-02-25 01:35:06,0.00057669,9.00000000
2018-02-25 01:35:06,0.00057668,4.00000000
2018-02-25 01:35:06,0.00057603,5.00000000
2018-02-25 01:35:10,0.00057719,4.00000000
2018-02-25 01:35:10,0.00057719,8.00000000
2018-02-25 01:35:10,0.00057719,43.00000000
2018-02-25 01:35:12,0.00057719,42.00000000
2018-02-25 01:35:27,0.00057719,119.00000000
2018-02-25 01:35:36,0.00057719,18.00000000
2018-02-25 01:35:39,0.00057719,15.00000000
2018-02-25 01:35:45,0.00057719,4.00000000
2018-02-25 01:35:48,0.00057718,18.00000000
2018-02-25 01:35:51,0.00057719,3.00000000
2018-02-25 01:35:51,0.00057719,18.00000000
2018-02-25 01:35:53,0.00057719,18.00000000
2018-02-25 01:35:53,0.00057719,22.00000000
2018-02-25 01:35:53,0.00057719,18.00000000
2018-02-25 01:35:53,0.00057719,22.00000000
2018-02-25 01:35:53,0.00057719,22.00000000
2018-02-25 01:35:53,0.00057719,22.00000000
2018-02-25 01:35:53,0.00057719,17.00000000
2018-02-25 01:35:54,0.00057719,4.00000000
2018-02-25 01:35:54,0.00057719,15.00000000
2018-02-25 01:35:56,0.00057719,2368.00000000
2018-02-25 01:35:58,0.00057719,19.00000000
2018-02-25 01:35:58,0.00057718,14.00000000
2018-02-25 01:35:59,0.00057718,15.00000000
2018-02-25 01:36:03,0.00057726,6.00000000
2018-02-25 01:36:15,0.00057719,46.00000000
2018-02-25 01:36:20,0.00057648,9.00000000
2018-02-25 01:36:21,0.00057648,4.00000000
2018-02-25 01:36:21,0.00057719,11.00000000
2018-02-25 01:36:21,0.00057726,5.00000000
2018-02-25 01:36:21,0.00057726,4.00000000
2018-02-25 01:36:29,0.00057726,4.00000000
2018-02-25 01:36:34,0.00057726,3.00000000
2018-02-25 01:36:39,0.00057726,4.00000000
2018-02-25 01:36:40,0.00057655,9.00000000
2018-02-25 01:36:40,0.00057637,9.00000000
2018-02-25 01:36:47,0.00057726,107.00000000
2018-02-25 01:36:49,0.00057726,100.00000000
2018-02-25 01:36:52,0.00057726,14.00000000
2018-02-25 01:37:01,0.00057726,18.00000000
2018-02-25 01:37:03,0.00057726,3.00000000
2018-02-25 01:37:13,0.00057726,26.00000000
2018-02-25 01:37:27,0.00057749,2.00000000
2018-02-25 01:37:28,0.00057796,2.00000000
2018-02-25 01:37:28,0.00057796,10.00000000
2018-02-25 01:37:31,0.00057749,2.00000000
2018-02-25 01:37:33,0.00057749,14.00000000
2018-02-25 01:37:35,0.00057726,22.00000000
2018-02-25 01:37:36,0.00057726,57.00000000
2018-02-25 01:37:36,0.00057726,6.00000000
2018-02-25 01:37:38,0.00057726,4.00000000
2018-02-25 01:37:44,0.00057726,18.00000000
2018-02-25 01:37:45,0.00057795,10.00000000
2018-02-25 01:37:46,0.00057726,962.00000000
2018-02-25 01:37:52,0.00057796,7.00000000
2018-02-25 01:37:59,0.00057795,10.00000000
2018-02-25 01:37:59,0.00057796,40.00000000
2018-02-25 01:37:59,0.00057797,23.00000000
2018-02-25 01:37:59,0.00057819,64.00000000
2018-02-25 01:37:59,0.00057873,4.00000000
2018-02-25 01:37:59,0.00057895,19.00000000
2018-02-25 01:37:59,0.00057898,185.00000000
2018-02-25 01:37:59,0.00057900,1671.00000000
2018-02-25 01:38:06,0.00057804,75.00000000
2018-02-25 01:38:07,0.00057809,4.00000000
2018-02-25 01:38:09,0.00057796,30.00000000
2018-02-25 01:38:09,0.00057796,30.00000000
2018-02-25 01:38:09,0.00057796,30.00000000
2018-02-25 01:38:09,0.00057912,75.00000000
2018-02-25 01:38:09,0.00057914,4.00000000
2018-02-25 01:38:09,0.00057919,7.00000000
2018-02-25 01:38:09,0.00057959,823.00000000
2018-02-25 01:38:09,0.00057796,30.00000000
2018-02-25 01:38:15,0.00057906,18.00000000
2018-02-25 01:38:15,0.00057907,4.00000000
2018-02-25 01:38:15,0.00057992,30.00000000
2018-02-25 01:38:15,0.00057993,2.00000000
2018-02-25 01:38:15,0.00058000,284.00000000
2018-02-25 01:38:16,0.00057906,3.00000000
2018-02-25 01:38:16,0.00057804,24.00000000
2018-02-25 01:38:23,0.00057875,3.00000000
2018-02-25 01:38:23,0.00057991,1.00000000
2018-02-25 01:38:27,0.00057814,4.00000000
2018-02-25 01:38:30,0.00057990,10.00000000
2018-02-25 01:38:30,0.00057991,35.00000000
2018-02-25 01:38:31,0.00057991,15.00000000
2018-02-25 01:38:31,0.00057992,2.00000000
2018-02-25 01:38:33,0.00057993,50.00000000
2018-02-25 01:38:33,0.00057862,4.00000000
2018-02-25 01:38:40,0.00057984,4.00000000
2018-02-25 01:38:40,0.00057991,15.00000000
2018-02-25 01:38:45,0.00057991,24.00000000
2018-02-25 01:38:49,0.00057877,33.00000000
2018-02-25 01:38:49,0.00057877,51.00000000
2018-02-25 01:38:49,0.00057877,51.00000000
2018-02-25 01:38:49,0.00057877,24.00000000
2018-02-25 01:38:50,0.00057877,12.00000000
2018-02-25 01:38:50,0.00057882,10.00000000
2018-02-25 01:38:50,0.00057880,4.00000000
2018-02-25 01:38:50,0.00057875,51.00000000
2018-02-25 01:38:50,0.00057806,15.00000000
2018-02-25 01:38:53,0.00057807,3.00000000
2018-02-25 01:38:54,0.00057807,19.00000000
2018-02-25 01:38:54,0.00057807,5.00000000
2018-02-25 01:38:57,0.00057806,35.00000000
2018-02-25 01:39:05,0.00057807,121.00000000
2018-02-25 01:39:07,0.00057802,9.00000000
2018-02-25 01:39:07,0.00057801,4.00000000
2018-02-25 01:39:08,0.00057796,66.00000000
2018-02-25 01:39:08,0.00057796,18.00000000
2018-02-25 01:39:09,0.00057795,6.00000000
2018-02-25 01:39:10,0.00057795,22.00000000
2018-02-25 01:39:13,0.00057795,15.00000000
2018-02-25 01:39:13,0.00057796,9.00000000
2018-02-25 01:39:14,0.00057796,77.00000000
2018-02-25 01:39:27,0.00057806,2.00000000
2018-02-25 01:39:28,0.00057806,17.00000000
2018-02-25 01:39:28,0.00057807,2.00000000
2018-02-25 01:39:29,0.00057807,11.00000000
2018-02-25 01:39:29,0.00057807,2.00000000
2018-02-25 01:39:36,0.00057807,64.00000000
2018-02-25 01:39:41,0.00057913,17.00000000
2018-02-25 01:39:41,0.00057923,51.00000000
2018-02-25 01:39:41,0.00057933,48.00000000
2018-02-25 01:39:41,0.00057945,149.00000000
2018-02-25 01:39:41,0.00057945,3.00000000
2018-02-25 01:39:41,0.00057945,51.00000000
2018-02-25 01:39:41,0.00057945,265.00000000
2018-02-25 01:39:48,0.00057943,23.00000000
2018-02-25 01:39:48,0.00057945,15.00000000
2018-02-25 01:39:49,0.00057945,2.00000000
2018-02-25 01:39:49,0.00057945,23.00000000
2018-02-25 01:39:49,0.00057945,5.00000000
2018-02-25 01:39:49,0.00057945,3.00000000
2018-02-25 01:39:50,0.00057945,300.00000000
2018-02-25 01:39:50,0.00057945,4.00000000
2018-02-25 01:39:50,0.00057945,120.00000000
2018-02-25 01:39:51,0.00057945,62.00000000
2018-02-25 01:39:55,0.00057945,20.00000000
2018-02-25 01:39:58,0.00057945,533.00000000
2018-02-25 01:40:01,0.00057945,240.00000000
2018-02-25 01:40:04,0.00057945,241.00000000
2018-02-25 01:40:04,0.00057937,19.00000000
2018-02-25 01:40:05,0.00057990,14.00000000
2018-02-25 01:40:05,0.00057991,3.00000000
2018-02-25 01:40:07,0.00057910,3.00000000
2018-02-25 01:40:08,0.00057990,16.00000000
2018-02-25 01:40:11,0.00057990,4.00000000
2018-02-25 01:40:16,0.00057991,228.00000000
2018-02-25 01:40:16,0.00057993,125.00000000
2018-02-25 01:40:16,0.00057999,246.00000000
2018-02-25 01:40:17,0.00057945,8.00000000
2018-02-25 01:40:18,0.00057990,51.00000000
2018-02-25 01:40:18,0.00057990,14.00000000
2018-02-25 01:40:18,0.00057990,51.00000000
2018-02-25 01:40:18,0.00057990,14.00000000
2018-02-25 01:40:18,0.00057990,8.00000000
2018-02-25 01:40:26,0.00057916,2.00000000
2018-02-25 01:40:30,0.00057990,321.00000000
2018-02-25 01:40:30,0.00057996,51.00000000
2018-02-25 01:40:30,0.00057996,2.00000000
2018-02-25 01:40:32,0.00057996,105.00000000
2018-02-25 01:40:34,0.00057996,2.00000000
2018-02-25 01:40:34,0.00057996,113.00000000
2018-02-25 01:40:35,0.00057996,245.00000000
2018-02-25 01:40:35,0.00057996,14.00000000
2018-02-25 01:40:40,0.00057999,9.00000000
2018-02-25 01:40:41,0.00057999,48.00000000
2018-02-25 01:40:43,0.00057998,4.00000000
2018-02-25 01:40:46,0.00057996,9.00000000
2018-02-25 01:40:46,0.00057937,5.00000000
2018-02-25 01:40:49,0.00057937,8.00000000
2018-02-25 01:40:51,0.00057950,7.00000000
2018-02-25 01:40:57,0.00057950,212.00000000
2018-02-25 01:40:59,0.00057996,2.00000000
2018-02-25 01:41:04,0.00057994,6.00000000
2018-02-25 01:41:04,0.00057996,250.00000000
2018-02-25 01:41:08,0.00057999,173.00000000
2018-02-25 01:41:10,0.00057999,15.00000000
2018-02-25 01:41:13,0.00057999,69.00000000
2018-02-25 01:41:24,0.00057999,18.00000000
2018-02-25 01:41:32,0.00057999,130.00000000
2018-02-25 01:41:32,0.00058000,21.00000000
2018-02-25 01:41:34,0.00057997,9.00000000
2018-02-25 01:41:34,0.00057996,16.00000000
2018-02-25 01:41:34,0.00057996,51.00000000
2018-02-25 01:41:34,0.00057996,116.00000000
2018-02-25 01:41:34,0.00057950,50.00000000
2018-02-25 01:41:39,0.00057994,51.00000000
2018-02-25 01:41:39,0.00058000,194.00000000
2018-02-25 01:41:47,0.00058000,34.00000000
2018-02-25 01:41:47,0.00058000,347.00000000
2018-02-25 01:41:48,0.00057950,25.00000000
2018-02-25 01:41:49,0.00058000,53.00000000
2018-02-25 01:41:49,0.00058000,1521.00000000
2018-02-25 01:41:49,0.00058006,2.00000000
2018-02-25 01:41:49,0.00058013,9.00000000
2018-02-25 01:41:49,0.00058030,368.00000000
2018-02-25 01:41:52,0.00058030,1.00000000
2018-02-25 01:42:09,0.00058030,925.00000000
2018-02-25 01:42:12,0.00058030,392.00000000
2018-02-25 01:42:15,0.00058030,84.00000000
2018-02-25 01:42:15,0.00058046,35.00000000
2018-02-25 01:42:15,0.00058052,26.00000000
2018-02-25 01:42:15,0.00058060,74.00000000
2018-02-25 01:42:15,0.00058087,34.00000000
2018-02-25 01:42:15,0.00058090,38.00000000
2018-02-25 01:42:17,0.00057964,4.00000000
2018-02-25 01:42:17,0.00057961,1.00000000
2018-02-25 01:42:20,0.00057970,4.00000000
2018-02-25 01:42:20,0.00057961,32.00000000
2018-02-25 01:42:25,0.00058080,4.00000000
2018-02-25 01:42:25,0.00058084,4.00000000
2018-02-25 01:42:26,0.00057968,10.00000000
2018-02-25 01:42:26,0.00057967,136.00000000
2018-02-25 01:42:26,0.00057965,51.00000000
2018-02-25 01:42:26,0.00057950,803.00000000
2018-02-25 01:42:38,0.00057961,8.00000000
2018-02-25 01:42:57,0.00057987,1.00000000
2018-02-25 01:43:01,0.00057972,154.00000000
2018-02-25 01:43:22,0.00057961,204.00000000
2018-02-25 01:43:22,0.00057955,4.00000000
2018-02-25 01:43:22,0.00057950,139.00000000
2018-02-25 01:43:34,0.00057950,1693.00000000
2018-02-25 01:43:34,0.00057950,30.00000000
2018-02-25 01:43:39,0.00057940,2.00000000
2018-02-25 01:43:40,0.00057937,18.00000000
2018-02-25 01:43:41,0.00057937,8.00000000
2018-02-25 01:43:41,0.00057910,75.00000000
2018-02-25 01:43:42,0.00057908,14.00000000
2018-02-25 01:43:42,0.00057910,20.00000000
2018-02-25 01:43:42,0.00057989,10.00000000
2018-02-25 01:43:42,0.00058073,36.00000000
2018-02-25 01:43:44,0.00057826,2.00000000
2018-02-25 01:43:48,0.00057852,3.00000000
2018-02-25 01:43:49,0.00057985,5.00000000
2018-02-25 01:43:52,0.00057979,5.00000000
2018-02-25 01:43:52,0.00057980,4.00000000
2018-02-25 01:43:52,0.00057986,9.00000000
2018-02-25 01:43:53,0.00057871,4.00000000
2018-02-25 01:43:53,0.00057872,3.00000000
2018-02-25 01:43:57,0.00057898,9.00000000
2018-02-25 01:43:57,0.00057900,5.00000000
2018-02-25 01:43:58,0.00057900,2.00000000
2018-02-25 01:43:58,0.00057900,10.00000000
2018-02-25 01:43:59,0.00057900,241.00000000
2018-02-25 01:43:59,0.00057900,162.00000000
2018-02-25 01:43:59,0.00057900,373.00000000
2018-02-25 01:44:00,0.00057900,372.00000000
2018-02-25 01:44:00,0.00057900,17.00000000
2018-02-25 01:44:00,0.00057900,14.00000000
2018-02-25 01:44:04,0.00057872,18.00000000
2018-02-25 01:44:07,0.00057896,113.00000000
2018-02-25 01:44:10,0.00057896,6.00000000
2018-02-25 01:44:15,0.00057876,25.00000000
2018-02-25 01:44:15,0.00057874,8.00000000
2018-02-25 01:44:15,0.00057873,9.00000000
2018-02-25 01:44:15,0.00057872,6.00000000
2018-02-25 01:44:15,0.00057869,156.00000000
2018-02-25 01:44:15,0.00057864,4.00000000
2018-02-25 01:44:15,0.00057807,3.00000000
2018-02-25 01:44:15,0.00057806,13.00000000
2018-02-25 01:44:15,0.00057795,130.00000000
2018-02-25 01:44:15,0.00057795,7.00000000
2018-02-25 01:44:16,0.00057895,27.00000000
2018-02-25 01:44:21,0.00057890,4.00000000
2018-02-25 01:44:21,0.00057895,15.00000000
2018-02-25 01:44:21,0.00057896,44.00000000
2018-02-25 01:44:25,0.00057895,6.00000000
2018-02-25 01:44:25,0.00057793,4.00000000
2018-02-25 01:44:25,0.00057790,5.00000000
2018-02-25 01:44:25,0.00057780,18.00000000
2018-02-25 01:44:59,0.00057896,6.00000000
2018-02-25 01:45:07,0.00057890,4.00000000
2018-02-25 01:45:07,0.00057895,51.00000000
2018-02-25 01:45:07,0.00057895,104.00000000
2018-02-25 01:45:07,0.00057895,51.00000000
2018-02-25 01:45:07,0.00057895,51.00000000
2018-02-25 01:45:07,0.00057895,8.00000000
2018-02-25 01:45:07,0.00057895,8.00000000
2018-02-25 01:45:09,0.00057895,3.00000000
2018-02-25 01:45:11,0.00057895,41.00000000
2018-02-25 01:45:11,0.00057895,20.00000000
2018-02-25 01:45:11,0.00057895,20.00000000
2018-02-25 01:45:12,0.00057895,40.00000000
2018-02-25 01:45:34,0.00057793,4.00000000
2018-02-25 01:45:34,0.00057793,8.00000000
2018-02-25 01:45:35,0.00057793,81.00000000
2018-02-25 01:45:44,0.00057799,4.00000000
2018-02-25 01:45:44,0.00057793,158.00000000
2018-02-25 01:46:21,0.00057793,227.00000000
2018-02-25 01:46:21,0.00057793,30.00000000
2018-02-25 01:46:21,0.00057793,27.00000000
2018-02-25 01:46:22,0.00057793,9.00000000
2018-02-25 01:46:22,0.00057793,171.00000000
2018-02-25 01:46:22,0.00057793,27.00000000
2018-02-25 01:46:35,0.00057793,4.00000000
2018-02-25 01:46:39,0.00057793,3.00000000
2018-02-25 01:46:49,0.00057852,4.00000000
2018-02-25 01:46:49,0.00057853,112.00000000
2018-02-25 01:46:58,0.00057793,8.00000000
2018-02-25 01:46:58,0.00057793,127.00000000
2018-02-25 01:46:58,0.00057793,17.00000000
2018-02-25 01:46:58,0.00057793,2.00000000
2018-02-25 01:46:58,0.00057793,8.00000000
2018-02-25 01:46:59,0.00057793,4.00000000
2018-02-25 01:47:00,0.00057793,2.00000000
2018-02-25 01:47:01,0.00057853,7.00000000
2018-02-25 01:47:03,0.00057852,9.00000000
2018-02-25 01:47:07,0.00057851,5.00000000
2018-02-25 01:47:07,0.00057852,29.00000000
2018-02-25 01:47:09,0.00057852,5.00000000
2018-02-25 01:47:09,0.00057853,47.00000000
2018-02-25 01:47:13,0.00057852,2.00000000
2018-02-25 01:47:17,0.00057853,126.00000000
2018-02-25 01:47:22,0.00057853,127.00000000
2018-02-25 01:47:40,0.00057852,3.00000000
2018-02-25 01:47:40,0.00057851,4.00000000
2018-02-25 01:47:40,0.00057850,4.00000000
2018-02-25 01:47:40,0.00057849,4.00000000
2018-02-25 01:47:40,0.00057793,35.00000000
2018-02-25 01:48:01,0.00057797,4.00000000
2018-02-25 01:48:01,0.00057796,4.00000000
2018-02-25 01:48:01,0.00057796,143.00000000
2018-02-25 01:48:16,0.00057825,4.00000000
2018-02-25 01:48:16,0.00057822,10.00000000
2018-02-25 01:48:22,0.00057847,40.00000000
2018-02-25 01:48:30,0.00057836,24.00000000
2018-02-25 01:48:43,0.00057840,4.00000000
2018-02-25 01:48:43,0.00057837,12.00000000
2018-02-25 01:48:44,0.00057837,16.00000000
2018-02-25 01:48:44,0.00057837,14.00000000
2018-02-25 01:48:49,0.00057836,4.00000000
2018-02-25 01:48:49,0.00057835,4.00000000
2018-02-25 01:48:49,0.00057828,4.00000000
2018-02-25 01:48:49,0.00057826,4.00000000
2018-02-25 01:48:49,0.00057796,12.00000000
2018-02-25 01:48:50,0.00057796,8.00000000
2018-02-25 01:48:50,0.00057795,4.00000000
2018-02-25 01:48:50,0.00057794,4.00000000
2018-02-25 01:48:50,0.00057793,605.00000000
2018-02-25 01:48:50,0.00057793,8.00000000
2018-02-25 01:48:50,0.00057780,57.00000000
2018-02-25 01:48:56,0.00057780,335.00000000
2018-02-25 01:48:56,0.00057726,107.00000000
2018-02-25 01:48:56,0.00057701,7.00000000
2018-02-25 01:48:56,0.00057700,1450.00000000
2018-02-25 01:48:59,0.00057808,34.00000000
2018-02-25 01:48:59,0.00057837,216.00000000
2018-02-25 01:49:07,0.00057723,4.00000000
2018-02-25 01:49:16,0.00057717,32.00000000
2018-02-25 01:49:17,0.00057830,4.00000000
2018-02-25 01:49:17,0.00057717,50.00000000
2018-02-25 01:49:20,0.00057723,4.00000000
2018-02-25 01:49:21,0.00057723,8.00000000
2018-02-25 01:49:21,0.00057723,4.00000000
2018-02-25 01:49:21,0.00057723,28.00000000
2018-02-25 01:49:21,0.00057723,51.00000000
2018-02-25 01:49:21,0.00057716,4.00000000
2018-02-25 01:49:21,0.00057723,51.00000000
2018-02-25 01:49:21,0.00057723,51.00000000
2018-02-25 01:49:21,0.00057721,51.00000000
2018-02-25 01:49:21,0.00057721,31.00000000
2018-02-25 01:49:21,0.00057723,15.00000000
2018-02-25 01:49:22,0.00057831,4.00000000
2018-02-25 01:49:22,0.00057832,160.00000000
2018-02-25 01:49:22,0.00057836,18.00000000
2018-02-25 01:49:22,0.00057845,147.00000000
2018-02-25 01:49:22,0.00057849,158.00000000
2018-02-25 01:49:22,0.00057850,50.00000000
2018-02-25 01:49:22,0.00057853,29.00000000
2018-02-25 01:49:22,0.00057893,2.00000000
2018-02-25 01:49:22,0.00057896,21.00000000
2018-02-25 01:49:22,0.00057897,93.00000000
2018-02-25 01:49:35,0.00057830,3.00000000
2018-02-25 01:49:35,0.00057736,2.00000000
2018-02-25 01:49:41,0.00057775,16.00000000
2018-02-25 01:49:45,0.00057789,13.00000000
2018-02-25 01:49:45,0.00057776,9.00000000
2018-02-25 01:49:45,0.00057773,17.00000000
2018-02-25 01:49:45,0.00057772,13.00000000
2018-02-25 01:49:45,0.00057751,17.00000000
2018-02-25 01:50:12,0.00057820,18.00000000
2018-02-25 01:50:16,0.00057814,4.00000000
2018-02-25 01:50:16,0.00057822,2.00000000
2018-02-25 01:50:16,0.00057897,21.00000000
2018-02-25 01:50:31,0.00057856,18.00000000
2018-02-25 01:50:31,0.00057770,51.00000000
2018-02-25 01:50:31,0.00057766,45.00000000
2018-02-25 01:50:31,0.00057732,150.00000000
2018-02-25 01:50:31,0.00057724,64.00000000
2018-02-25 01:50:31,0.00057723,268.00000000
2018-02-25 01:50:31,0.00057715,17.00000000
2018-02-25 01:50:31,0.00057711,4.00000000
2018-02-25 01:50:31,0.00057700,1017.00000000
2018-02-25 01:50:35,0.00057748,18.00000000
2018-02-25 01:50:37,0.00057887,4.00000000
2018-02-25 01:50:37,0.00057890,10.00000000
2018-02-25 01:50:37,0.00057891,6.00000000
2018-02-25 01:50:42,0.00057786,20.00000000
2018-02-25 01:50:42,0.00057785,4.00000000
2018-02-25 01:50:42,0.00057777,2.00000000
2018-02-25 01:50:43,0.00057777,12.00000000
2018-02-25 01:50:44,0.00057777,4.00000000
2018-02-25 01:50:44,0.00057779,75.00000000
2018-02-25 01:50:44,0.00057779,2.00000000
2018-02-25 01:50:45,0.00057771,4.00000000
2018-02-25 01:50:46,0.00057779,56.00000000
2018-02-25 01:50:49,0.00057893,20.00000000
2018-02-25 01:50:49,0.00057894,45.00000000
2018-02-25 01:50:49,0.00057897,113.00000000
2018-02-25 01:50:49,0.00057899,30.00000000
2018-02-25 01:50:49,0.00057900,301.00000000
2018-02-25 01:51:04,0.00057898,30.00000000
2018-02-25 01:51:04,0.00057899,13.00000000
2018-02-25 01:51:06,0.00057899,382.00000000
2018-02-25 01:51:15,0.00057899,287.00000000
2018-02-25 01:51:30,0.00057899,45.00000000
2018-02-25 01:51:30,0.00057900,170.00000000
2018-02-25 01:51:39,0.00057888,26.00000000
2018-02-25 01:51:39,0.00057889,17.00000000
2018-02-25 01:51:39,0.00057899,96.00000000
2018-02-25 01:51:39,0.00057900,184.00000000
2018-02-25 01:51:43,0.00057887,44.00000000
2018-02-25 01:51:43,0.00057900,76.00000000
2018-02-25 01:51:43,0.00057934,30.00000000
2018-02-25 01:51:43,0.00057986,29.00000000
2018-02-25 01:51:49,0.00057851,4.00000000
2018-02-25 01:51:59,0.00057877,4.00000000
2018-02-25 01:51:59,0.00057871,10.00000000
2018-02-25 01:51:59,0.00057870,13.00000000
2018-02-25 01:52:02,0.00057900,47.00000000
2018-02-25 01:52:06,0.00057978,4.00000000
2018-02-25 01:52:06,0.00057978,4.00000000
2018-02-25 01:52:12,0.00057977,4.00000000
2018-02-25 01:52:12,0.00057900,56.00000000
2018-02-25 01:52:12,0.00057816,100.00000000
2018-02-25 01:52:12,0.00057800,135.00000000
2018-02-25 01:52:14,0.00057799,8.00000000
2018-02-25 01:52:14,0.00057800,153.00000000
2018-02-25 01:52:15,0.00057800,63.00000000
2018-02-25 01:52:16,0.00057802,4.00000000
2018-02-25 01:52:16,0.00057976,10.00000000
2018-02-25 01:52:16,0.00057977,9.00000000
2018-02-25 01:52:16,0.00057985,30.00000000
2018-02-25 01:52:16,0.00057986,85.00000000
2018-02-25 01:52:16,0.00057993,34.00000000
2018-02-25 01:52:16,0.00057994,93.00000000
2018-02-25 01:52:19,0.00057991,15.00000000
2018-02-25 01:52:19,0.00057992,51.00000000
2018-02-25 01:52:19,0.00057993,30.00000000
2018-02-25 01:52:19,0.00057994,66.00000000
2018-02-25 01:52:27,0.00057991,15.00000000
2018-02-25 01:52:27,0.00057992,34.00000000
2018-02-25 01:52:27,0.00057869,14.00000000
2018-02-25 01:52:28,0.00057992,20.00000000
2018-02-25 01:52:28,0.00057994,38.00000000
2018-02-25 01:52:29,0.00057875,5.00000000
2018-02-25 01:52:37,0.00057884,10.00000000
2018-02-25 01:52:37,0.00057883,4.00000000
2018-02-25 01:52:37,0.00057876,51.00000000
2018-02-25 01:52:37,0.00057875,10.00000000
2018-02-25 01:52:37,0.00057851,2.00000000
2018-02-25 01:52:37,0.00057810,50.00000000
2018-02-25 01:52:41,0.00057861,4.00000000
2018-02-25 01:52:42,0.00057819,8.00000000
2018-02-25 01:52:42,0.00057815,8.00000000
2018-02-25 01:52:42,0.00057809,26.00000000
2018-02-25 01:52:42,0.00057797,58.00000000
2018-02-25 01:52:55,0.00057817,23.00000000
2018-02-25 01:52:55,0.00057819,4.00000000
2018-02-25 01:52:55,0.00057827,54.00000000
2018-02-25 01:52:55,0.00057828,19.00000000
2018-02-25 01:52:55,0.00057802,8.00000000
2018-02-25 01:52:55,0.00057797,34.00000000
2018-02-25 01:52:56,0.00057797,111.00000000
2018-02-25 01:53:07,0.00057796,1291.00000000
2018-02-25 01:53:07,0.00057762,4.00000000
2018-02-25 01:53:07,0.00057700,187.00000000
2018-02-25 01:53:07,0.00057686,2.00000000
2018-02-25 01:53:07,0.00057654,208.00000000
2018-02-25 01:53:07,0.00057643,5.00000000
2018-02-25 01:53:07,0.00057622,17.00000000
2018-02-25 01:53:07,0.00057609,40.00000000
2018-02-25 01:53:07,0.00057608,64.00000000
2018-02-25 01:53:07,0.00057602,34.00000000
2018-02-25 01:53:07,0.00057601,238.00000000
2018-02-25 01:53:07,0.00057600,38.00000000
2018-02-25 01:53:07,0.00057550,2.00000000
2018-02-25 01:53:07,0.00057546,100.00000000
2018-02-25 01:53:07,0.00057543,46.00000000
2018-02-25 01:53:07,0.00057539,5.00000000
2018-02-25 01:53:07,0.00057527,260.00000000
2018-02-25 01:53:07,0.00057523,7.00000000
2018-02-25 01:53:07,0.00057521,148.00000000
2018-02-25 01:53:07,0.00057513,21.00000000
2018-02-25 01:53:07,0.00057501,90.00000000
2018-02-25 01:53:07,0.00057700,260.00000000
2018-02-25 01:53:07,0.00057684,41.00000000
2018-02-25 01:53:10,0.00057704,208.00000000
2018-02-25 01:53:20,0.00057733,8.00000000
2018-02-25 01:53:20,0.00057727,27.00000000
2018-02-25 01:53:20,0.00057720,8.00000000
2018-02-25 01:53:20,0.00057791,90.00000000
2018-02-25 01:53:20,0.00057795,51.00000000
2018-02-25 01:53:20,0.00057797,403.00000000
2018-02-25 01:53:25,0.00057796,15.00000000
2018-02-25 01:53:25,0.00057744,21.00000000
2018-02-25 01:53:27,0.00057744,17.00000000
2018-02-25 01:53:27,0.00057739,16.00000000
2018-02-25 01:53:36,0.00057760,5.00000000
2018-02-25 01:53:48,0.00057797,160.00000000
2018-02-25 01:54:05,0.00057796,6.00000000
2018-02-25 01:54:05,0.00057797,4.00000000
2018-02-25 01:54:14,0.00057797,173.00000000
2018-02-25 01:54:14,0.00057797,250.00000000
2018-02-25 01:54:14,0.00057797,83.00000000
2018-02-25 01:54:14,0.00057797,208.00000000
2018-02-25 01:54:14,0.00057797,51.00000000
2018-02-25 01:54:14,0.00057797,250.00000000
2018-02-25 01:54:14,0.00057797,208.00000000
2018-02-25 01:54:14,0.00057797,17.00000000
2018-02-25 01:54:15,0.00057762,12.00000000
2018-02-25 01:54:15,0.00057759,12.00000000
2018-02-25 01:54:15,0.00057755,7.00000000
2018-02-25 01:54:15,0.00057751,13.00000000
2018-02-25 01:54:15,0.00057746,14.00000000
2018-02-25 01:54:15,0.00057741,7.00000000
2018-02-25 01:54:15,0.00057735,8.00000000
2018-02-25 01:54:15,0.00057730,44.00000000
2018-02-25 01:54:15,0.00057680,52.00000000
2018-02-25 01:54:15,0.00057641,4.00000000
2018-02-25 01:54:16,0.00057792,4.00000000
2018-02-25 01:54:16,0.00057796,52.00000000
2018-02-25 01:54:26,0.00057797,91.00000000
2018-02-25 01:54:32,0.00057797,107.00000000
2018-02-25 01:54:34,0.00057797,110.00000000
2018-02-25 01:54:59,0.00057810,18.00000000
2018-02-25 01:54:59,0.00057810,22.00000000
2018-02-25 01:54:59,0.00057810,22.00000000
2018-02-25 01:54:59,0.00057797,22.00000000
2018-02-25 01:55:00,0.00057797,5.00000000
2018-02-25 01:55:24,0.00057810,333.00000000
2018-02-25 01:55:36,0.00057800,125.00000000
2018-02-25 01:55:36,0.00057797,23.00000000
2018-02-25 01:55:36,0.00057810,39.00000000
2018-02-25 01:55:36,0.00057811,7.00000000
2018-02-25 01:55:36,0.00057858,44.00000000
2018-02-25 01:55:36,0.00057860,51.00000000
2018-02-25 01:55:36,0.00057860,51.00000000
2018-02-25 01:55:36,0.00057860,70.00000000
2018-02-25 01:55:51,0.00057811,4.00000000
2018-02-25 01:56:05,0.00057811,18.00000000
2018-02-25 01:56:09,0.00057811,46.00000000
2018-02-25 01:56:09,0.00057860,52.00000000
2018-02-25 01:56:14,0.00057860,31.00000000
2018-02-25 01:56:14,0.00057860,31.00000000
2018-02-25 01:56:14,0.00057860,31.00000000
2018-02-25 01:56:14,0.00057819,31.00000000
2018-02-25 01:56:21,0.00057860,15.00000000
2018-02-25 01:56:44,0.00057860,9.00000000
2018-02-25 01:56:46,0.00057860,46.00000000
2018-02-25 01:56:46,0.00057860,21.00000000
2018-02-25 01:56:49,0.00057860,12.00000000
2018-02-25 01:56:50,0.00057860,32.00000000
2018-02-25 01:56:51,0.00057860,278.00000000
2018-02-25 01:56:53,0.00057860,182.00000000
2018-02-25 01:57:20,0.00057850,32.00000000
2018-02-25 01:57:29,0.00057858,22.00000000
2018-02-25 01:57:29,0.00057860,28.00000000
2018-02-25 01:57:43,0.00057850,10.00000000
2018-02-25 01:57:43,0.00057844,539.00000000
2018-02-25 01:57:46,0.00057860,5.00000000
2018-02-25 01:57:49,0.00057810,17.00000000
2018-02-25 01:57:54,0.00057860,105.00000000
2018-02-25 01:58:01,0.00057811,8.00000000
2018-02-25 01:58:01,0.00057806,8.00000000
2018-02-25 01:58:01,0.00057800,363.00000000
2018-02-25 01:58:02,0.00057800,38.00000000
2018-02-25 01:58:08,0.00057800,23.00000000
2018-02-25 01:58:10,0.00057800,98.00000000
2018-02-25 01:58:15,0.00057817,73.00000000
2018-02-25 01:58:16,0.00057841,18.00000000
2018-02-25 01:58:16,0.00057858,34.00000000
2018-02-25 01:58:16,0.00057860,77.00000000
2018-02-25 01:58:41,0.00057841,18.00000000
2018-02-25 01:58:41,0.00057850,1.00000000
2018-02-25 01:58:46,0.00057850,211.00000000
2018-02-25 01:58:54,0.00057841,18.00000000
2018-02-25 01:59:01,0.00057841,89.00000000
2018-02-25 01:59:02,0.00057850,899.00000000
2018-02-25 01:59:07,0.00057841,4.00000000
2018-02-25 01:59:26,0.00057841,11.00000000
2018-02-25 01:59:26,0.00057850,187.00000000
2018-02-25 01:59:48,0.00057801,18.00000000
2018-02-25 01:59:54,0.00057802,9.00000000
2018-02-25 01:59:54,0.00057801,73.00000000
