DATE,PRICE,VOLUME
2018-02-24 01:00:09,0.00058777,13.00000000
2018-02-24 01:00:11,0.00058756,29.00000000
2018-02-24 01:00:25,0.00058775,26.00000000
2018-02-24 01:00:26,0.00058774,3.00000000
2018-02-24 01:00:35,0.00058775,4.00000000
2018-02-24 01:00:35,0.00058775,5.00000000
2018-02-24 01:00:36,0.00058756,15.00000000
2018-02-24 01:00:39,0.00058684,20.00000000
2018-02-24 01:00:39,0.00058683,47.00000000
2018-02-24 01:00:39,0.00058682,33.00000000
2018-02-24 01:00:40,0.00058774,13.00000000
2018-02-24 01:00:40,0.00058774,7.00000000
2018-02-24 01:00:40,0.00058684,20.00000000
2018-02-24 01:00:42,0.00058775,3.00000000
2018-02-24 01:00:42,0.00058776,69.00000000
2018-02-24 01:00:42,0.00058776,12.00000000
2018-02-24 01:00:43,0.00058685,20.00000000
2018-02-24 01:00:44,0.00058684,37.00000000
2018-02-24 01:00:44,0.00058682,154.00000000
2018-02-24 01:00:44,0.00058775,20.00000000
2018-02-24 01:00:44,0.00058776,92.00000000
2018-02-24 01:00:44,0.00058777,478.00000000
2018-02-24 01:00:44,0.00058777,15.00000000
2018-02-24 01:00:46,0.00058777,15.00000000
2018-02-24 01:00:46,0.00058686,20.00000000
2018-02-24 01:00:46,0.00058685,79.00000000
2018-02-24 01:00:47,0.00058776,17.00000000
2018-02-24 01:00:50,0.00058683,17.00000000
2018-02-24 01:00:50,0.00058682,60.00000000
2018-02-24 01:01:01,0.00058682,123.00000000
2018-02-24 01:01:01,0.00058776,70.00000000
2018-02-24 01:01:02,0.00058776,6.00000000
2018-02-24 01:01:02,0.00058776,1.00000000
2018-02-24 01:01:04,0.00058750,17.00000000
2018-02-24 01:01:09,0.00058750,17.00000000
2018-02-24 01:01:14,0.00058750,20.00000000
2018-02-24 01:01:14,0.00058750,85.00000000
2018-02-24 01:01:14,0.00058750,51.00000000
2018-02-24 01:01:14,0.00058750,85.00000000
2018-02-24 01:01:14,0.00058750,51.00000000
2018-02-24 01:01:14,0.00058750,18.00000000
2018-02-24 01:01:15,0.00058750,51.00000000
2018-02-24 01:01:15,0.00058750,62.00000000
2018-02-24 01:01:15,0.00058750,9.00000000
2018-02-24 01:01:15,0.00058750,11.00000000
2018-02-24 01:01:15,0.00058750,9.00000000
2018-02-24 01:01:15,0.00058750,273.00000000
2018-02-24 01:01:15,0.00058776,9.00000000
2018-02-24 01:01:15,0.00058686,9.00000000
2018-02-24 01:01:15,0.00058776,141.00000000
2018-02-24 01:01:15,0.00058775,9.00000000
2018-02-24 01:01:15,0.00058777,73.00000000
2018-02-24 01:01:16,0.00058777,17.00000000
2018-02-24 01:01:17,0.00058777,659.00000000
2018-02-24 01:01:18,0.00058777,15.00000000
2018-02-24 01:01:18,0.00058777,18.00000000
2018-02-24 01:01:21,0.00058777,9.00000000
2018-02-24 01:01:22,0.00058777,17.00000000
2018-02-24 01:01:23,0.00058777,2.00000000
2018-02-24 01:01:24,0.00058777,17.00000000
2018-02-24 01:01:24,0.00058777,51.00000000
2018-02-24 01:01:24,0.00058777,51.00000000
2018-02-24 01:01:24,0.00058777,51.00000000
2018-02-24 01:01:24,0.00058777,51.00000000
2018-02-24 01:01:25,0.00058777,51.00000000
2018-02-24 01:01:25,0.00058777,19.00000000
2018-02-24 01:01:25,0.00058701,20.00000000
2018-02-24 01:01:27,0.00058750,5.00000000
2018-02-24 01:01:29,0.00058700,7.00000000
2018-02-24 01:01:29,0.00058686,34.00000000
2018-02-24 01:01:37,0.00058749,5.00000000
2018-02-24 01:01:54,0.00058686,65.00000000
2018-02-24 01:01:54,0.00058686,38.00000000
2018-02-24 01:02:03,0.00058686,51.00000000
2018-02-24 01:02:14,0.00058687,9.00000000
2018-02-24 01:02:14,0.00058687,53.00000000
2018-02-24 01:02:15,0.00058687,174.00000000
2018-02-24 01:02:15,0.00058687,25.00000000
2018-02-24 01:02:18,0.00058686,100.00000000
2018-02-24 01:02:20,0.00058687,147.00000000
2018-02-24 01:02:27,0.00058687,90.00000000
2018-02-24 01:02:27,0.00058687,77.00000000
2018-02-24 01:02:27,0.00058686,130.00000000
2018-02-24 01:02:34,0.00058687,78.00000000
2018-02-24 01:02:36,0.00058687,63.00000000
2018-02-24 01:02:39,0.00058687,22.00000000
2018-02-24 01:02:53,0.00058687,196.00000000
2018-02-24 01:03:03,0.00058687,8.00000000
2018-02-24 01:03:03,0.00058749,9.00000000
2018-02-24 01:03:03,0.00058686,196.00000000
2018-02-24 01:03:05,0.00058747,17.00000000
2018-02-24 01:03:05,0.00058687,9.00000000
2018-02-24 01:03:06,0.00058746,17.00000000
2018-02-24 01:03:07,0.00058746,16.00000000
2018-02-24 01:03:07,0.00058747,1.00000000
2018-02-24 01:03:09,0.00058747,17.00000000
2018-02-24 01:03:09,0.00058689,3.00000000
2018-02-24 01:03:09,0.00058747,70.00000000
2018-02-24 01:03:09,0.00058689,13.00000000
2018-02-24 01:03:09,0.00058690,17.00000000
2018-02-24 01:03:09,0.00058688,7.00000000
2018-02-24 01:03:10,0.00058688,6.00000000
2018-02-24 01:03:10,0.00058746,3.00000000
2018-02-24 01:03:10,0.00058747,14.00000000
2018-02-24 01:03:10,0.00058688,3.00000000
2018-02-24 01:03:10,0.00058687,10.00000000
2018-02-24 01:03:10,0.00058687,3.00000000
2018-02-24 01:03:10,0.00058686,173.00000000
2018-02-24 01:03:11,0.00058687,10.00000000
2018-02-24 01:03:11,0.00058745,7.00000000
2018-02-24 01:03:13,0.00058745,13.00000000
2018-02-24 01:03:13,0.00058746,4.00000000
2018-02-24 01:03:14,0.00058746,9.00000000
2018-02-24 01:03:14,0.00058747,8.00000000
2018-02-24 01:03:15,0.00058746,17.00000000
2018-02-24 01:03:17,0.00058746,17.00000000
2018-02-24 01:03:18,0.00058746,17.00000000
2018-02-24 01:03:19,0.00058746,17.00000000
2018-02-24 01:03:20,0.00058746,17.00000000
2018-02-24 01:03:22,0.00058746,17.00000000
2018-02-24 01:03:23,0.00058746,17.00000000
2018-02-24 01:03:24,0.00058746,17.00000000
2018-02-24 01:03:25,0.00058746,17.00000000
2018-02-24 01:03:27,0.00058745,17.00000000
2018-02-24 01:03:28,0.00058745,17.00000000
2018-02-24 01:03:29,0.00058745,17.00000000
2018-02-24 01:03:30,0.00058687,20.00000000
2018-02-24 01:03:31,0.00058744,17.00000000
2018-02-24 01:03:32,0.00058744,16.00000000
2018-02-24 01:03:32,0.00058745,1.00000000
2018-02-24 01:03:33,0.00058745,17.00000000
2018-02-24 01:03:35,0.00058745,17.00000000
2018-02-24 01:03:35,0.00058745,118.00000000
2018-02-24 01:03:35,0.00058746,506.00000000
2018-02-24 01:03:35,0.00058746,47.00000000
2018-02-24 01:03:35,0.00058746,71.00000000
2018-02-24 01:03:36,0.00058746,63.00000000
2018-02-24 01:03:36,0.00058746,3.00000000
2018-02-24 01:03:36,0.00058746,55.00000000
2018-02-24 01:03:36,0.00058746,51.00000000
2018-02-24 01:03:36,0.00058746,482.00000000
2018-02-24 01:03:36,0.00058746,85.00000000
2018-02-24 01:03:37,0.00058746,328.00000000
2018-02-24 01:03:38,0.00058746,30.00000000
2018-02-24 01:03:38,0.00058746,77.00000000
2018-02-24 01:03:38,0.00058746,51.00000000
2018-02-24 01:03:38,0.00058746,18.00000000
2018-02-24 01:03:39,0.00058746,140.00000000
2018-02-24 01:03:46,0.00058696,14.00000000
2018-02-24 01:03:46,0.00058697,6.00000000
2018-02-24 01:03:58,0.00058740,39.00000000
2018-02-24 01:04:00,0.00058740,2.00000000
2018-02-24 01:04:02,0.00058740,3.00000000
2018-02-24 01:04:10,0.00058698,1.00000000
2018-02-24 01:04:13,0.00058740,2.00000000
2018-02-24 01:04:13,0.00058741,26.00000000
2018-02-24 01:04:13,0.00058742,26.00000000
2018-02-24 01:04:13,0.00058743,26.00000000
2018-02-24 01:04:13,0.00058744,18.00000000
2018-02-24 01:04:17,0.00058698,10.00000000
2018-02-24 01:04:20,0.00058739,11.00000000
2018-02-24 01:04:20,0.00058740,47.00000000
2018-02-24 01:04:20,0.00058740,71.00000000
2018-02-24 01:04:20,0.00058740,69.00000000
2018-02-24 01:04:20,0.00058698,35.00000000
2018-02-24 01:04:20,0.00058697,15.00000000
2018-02-24 01:04:20,0.00058697,15.00000000
2018-02-24 01:04:21,0.00058697,29.00000000
2018-02-24 01:04:22,0.00058697,112.00000000
2018-02-24 01:04:24,0.00058697,29.00000000
2018-02-24 01:04:47,0.00058697,7.00000000
2018-02-24 01:04:48,0.00058697,47.00000000
2018-02-24 01:04:54,0.00058698,3.00000000
2018-02-24 01:04:57,0.00058698,5.00000000
2018-02-24 01:05:01,0.00058698,163.00000000
2018-02-24 01:05:07,0.00058698,25.00000000
2018-02-24 01:05:10,0.00058698,132.00000000
2018-02-24 01:05:10,0.00058697,135.00000000
2018-02-24 01:05:13,0.00058698,8.00000000
2018-02-24 01:05:16,0.00058703,13.00000000
2018-02-24 01:05:16,0.00058697,290.00000000
2018-02-24 01:05:21,0.00058698,8.00000000
2018-02-24 01:05:22,0.00058698,10.00000000
2018-02-24 01:05:22,0.00058698,51.00000000
2018-02-24 01:05:23,0.00058698,2.00000000
2018-02-24 01:05:23,0.00058698,15.00000000
2018-02-24 01:05:23,0.00058697,51.00000000
2018-02-24 01:05:23,0.00058697,51.00000000
2018-02-24 01:05:23,0.00058697,51.00000000
2018-02-24 01:05:23,0.00058697,51.00000000
2018-02-24 01:05:23,0.00058697,61.00000000
2018-02-24 01:05:23,0.00058697,51.00000000
2018-02-24 01:05:23,0.00058697,29.00000000
2018-02-24 01:05:23,0.00058696,26.00000000
2018-02-24 01:05:24,0.00058695,26.00000000
2018-02-24 01:05:35,0.00058697,5.00000000
2018-02-24 01:05:36,0.00058697,13.00000000
2018-02-24 01:05:36,0.00058694,6.00000000
2018-02-24 01:05:44,0.00058694,20.00000000
2018-02-24 01:05:44,0.00058693,13.00000000
2018-02-24 01:05:44,0.00058686,12.00000000
2018-02-24 01:05:51,0.00058686,6.00000000
2018-02-24 01:05:51,0.00058686,8.00000000
2018-02-24 01:05:52,0.00058686,30.00000000
2018-02-24 01:05:53,0.00058686,87.00000000
2018-02-24 01:05:54,0.00058686,13.00000000
2018-02-24 01:05:54,0.00058686,2.00000000
2018-02-24 01:05:55,0.00058686,28.00000000
2018-02-24 01:05:55,0.00058686,26.00000000
2018-02-24 01:05:56,0.00058686,6.00000000
2018-02-24 01:05:56,0.00058686,81.00000000
2018-02-24 01:05:57,0.00058686,39.00000000
2018-02-24 01:06:02,0.00058686,119.00000000
2018-02-24 01:06:02,0.00058685,200.00000000
2018-02-24 01:06:02,0.00058679,141.00000000
2018-02-24 01:06:02,0.00058642,40.00000000
2018-02-24 01:06:06,0.00058686,6.00000000
2018-02-24 01:06:11,0.00058642,209.00000000
2018-02-24 01:06:11,0.00058639,7.00000000
2018-02-24 01:06:11,0.00058632,4.00000000
2018-02-24 01:06:11,0.00058626,303.00000000
2018-02-24 01:06:11,0.00058624,671.00000000
2018-02-24 01:06:11,0.00058624,37.00000000
2018-02-24 01:06:11,0.00058624,50.00000000
2018-02-24 01:06:11,0.00058624,103.00000000
2018-02-24 01:06:11,0.00058624,17.00000000
2018-02-24 01:06:11,0.00058624,258.00000000
2018-02-24 01:06:11,0.00058624,13.00000000
2018-02-24 01:06:15,0.00058684,49.00000000
2018-02-24 01:06:15,0.00058685,14.00000000
2018-02-24 01:06:28,0.00058639,38.00000000
2018-02-24 01:06:28,0.00058632,13.00000000
2018-02-24 01:06:28,0.00058626,13.00000000
2018-02-24 01:06:28,0.00058624,19.00000000
2018-02-24 01:06:28,0.00058614,22.00000000
2018-02-24 01:06:28,0.00058603,4.00000000
2018-02-24 01:06:28,0.00058600,503.00000000
2018-02-24 01:06:28,0.00058590,351.00000000
2018-02-24 01:06:28,0.00058587,468.00000000
2018-02-24 01:06:28,0.00058572,410.00000000
2018-02-24 01:06:28,0.00058569,17.00000000
2018-02-24 01:06:28,0.00058561,385.00000000
2018-02-24 01:06:28,0.00058560,50.00000000
2018-02-24 01:06:28,0.00058556,26.00000000
2018-02-24 01:06:28,0.00058550,412.00000000
2018-02-24 01:06:28,0.00058538,10.00000000
2018-02-24 01:06:28,0.00058530,12.00000000
2018-02-24 01:06:28,0.00058526,400.00000000
2018-02-24 01:06:28,0.00058525,245.00000000
2018-02-24 01:06:28,0.00058519,5.00000000
2018-02-24 01:06:28,0.00058514,150.00000000
2018-02-24 01:06:28,0.00058501,261.00000000
2018-02-24 01:06:28,0.00058500,1489.00000000
2018-02-24 01:06:28,0.00058496,16.00000000
2018-02-24 01:06:28,0.00058481,17.00000000
2018-02-24 01:06:28,0.00058480,426.00000000
2018-02-24 01:06:28,0.00058464,47.00000000
2018-02-24 01:06:28,0.00058460,5.00000000
2018-02-24 01:06:28,0.00058457,256.00000000
2018-02-24 01:06:28,0.00058450,371.00000000
2018-02-24 01:06:28,0.00058447,128.00000000
2018-02-24 01:06:28,0.00058432,4.00000000
2018-02-24 01:06:28,0.00058424,4.00000000
2018-02-24 01:06:28,0.00058420,5.00000000
2018-02-24 01:06:28,0.00058418,4.00000000
2018-02-24 01:06:28,0.00058415,5.00000000
2018-02-24 01:06:28,0.00058412,154.00000000
2018-02-24 01:06:28,0.00058411,57.00000000
2018-02-24 01:06:28,0.00058410,2045.00000000
2018-02-24 01:06:28,0.00058401,1005.00000000
2018-02-24 01:06:28,0.00058400,3023.00000000
2018-02-24 01:06:28,0.00058397,177.00000000
2018-02-24 01:06:28,0.00058382,292.00000000
2018-02-24 01:06:28,0.00058372,10.00000000
2018-02-24 01:06:28,0.00058358,247.00000000
2018-02-24 01:06:28,0.00058350,852.00000000
2018-02-24 01:06:28,0.00058339,40.00000000
2018-02-24 01:06:28,0.00058337,171.00000000
2018-02-24 01:06:28,0.00058330,163.00000000
2018-02-24 01:06:28,0.00058325,72.00000000
2018-02-24 01:06:28,0.00058304,65.00000000
2018-02-24 01:06:28,0.00058303,63.00000000
2018-02-24 01:06:28,0.00058300,1016.00000000
2018-02-24 01:06:28,0.00058280,59.00000000
2018-02-24 01:06:28,0.00058277,257.00000000
2018-02-24 01:06:28,0.00058274,78.00000000
2018-02-24 01:06:28,0.00058272,74.00000000
2018-02-24 01:06:28,0.00058271,39.00000000
2018-02-24 01:06:28,0.00058265,79.00000000
2018-02-24 01:06:28,0.00058260,73.00000000
2018-02-24 01:06:28,0.00058257,2.00000000
2018-02-24 01:06:28,0.00058256,664.00000000
2018-02-24 01:06:28,0.00058243,3.00000000
2018-02-24 01:06:28,0.00058236,10.00000000
2018-02-24 01:06:28,0.00058230,170.00000000
2018-02-24 01:06:28,0.00058223,5.00000000
2018-02-24 01:06:28,0.00058222,501.00000000
2018-02-24 01:06:28,0.00058215,1053.00000000
2018-02-24 01:06:28,0.00058213,50.00000000
2018-02-24 01:06:28,0.00058210,75.00000000
2018-02-24 01:06:28,0.00058204,765.00000000
2018-02-24 01:06:28,0.00058204,1004.00000000
2018-02-24 01:06:28,0.00058215,10.00000000
2018-02-24 01:06:28,0.00058240,26.00000000
2018-02-24 01:06:28,0.00058280,54.00000000
2018-02-24 01:06:28,0.00058280,24.00000000
2018-02-24 01:06:28,0.00058280,24.00000000
2018-02-24 01:06:28,0.00058280,14.00000000
2018-02-24 01:06:30,0.00058290,6.00000000
2018-02-24 01:06:30,0.00058463,38.00000000
2018-02-24 01:06:31,0.00058463,30.00000000
2018-02-24 01:06:31,0.00058464,30.00000000
2018-02-24 01:06:31,0.00058465,77.00000000
2018-02-24 01:06:31,0.00058458,4.00000000
2018-02-24 01:06:34,0.00058324,4.00000000
2018-02-24 01:06:34,0.00058322,5.00000000
2018-02-24 01:06:38,0.00058411,3.00000000
2018-02-24 01:06:38,0.00058411,28.00000000
2018-02-24 01:06:38,0.00058411,51.00000000
2018-02-24 01:06:39,0.00058331,13.00000000
2018-02-24 01:06:39,0.00058331,51.00000000
2018-02-24 01:06:39,0.00058331,51.00000000
2018-02-24 01:06:39,0.00058331,51.00000000
2018-02-24 01:06:39,0.00058331,17.00000000
2018-02-24 01:06:39,0.00058331,73.00000000
2018-02-24 01:06:42,0.00058409,68.00000000
2018-02-24 01:06:42,0.00058409,26.00000000
2018-02-24 01:06:43,0.00058333,7.00000000
2018-02-24 01:06:43,0.00058409,77.00000000
2018-02-24 01:06:43,0.00058410,197.00000000
2018-02-24 01:06:43,0.00058411,1.00000000
2018-02-24 01:06:43,0.00058333,6.00000000
2018-02-24 01:06:44,0.00058407,3.00000000
2018-02-24 01:06:44,0.00058407,4.00000000
2018-02-24 01:06:44,0.00058407,2.00000000
2018-02-24 01:06:46,0.00058407,34.00000000
2018-02-24 01:06:47,0.00058407,4.00000000
2018-02-24 01:06:47,0.00058409,26.00000000
2018-02-24 01:06:47,0.00058410,26.00000000
2018-02-24 01:06:47,0.00058411,17.00000000
2018-02-24 01:06:49,0.00058411,68.00000000
2018-02-24 01:06:51,0.00058409,16.00000000
2018-02-24 01:06:55,0.00058408,19.00000000
2018-02-24 01:06:55,0.00058409,9.00000000
2018-02-24 01:06:56,0.00058408,1.00000000
2018-02-24 01:07:02,0.00058409,1.00000000
2018-02-24 01:07:03,0.00058410,13.00000000
2018-02-24 01:07:03,0.00058411,17.00000000
2018-02-24 01:07:03,0.00058411,5.00000000
2018-02-24 01:07:05,0.00058411,99.00000000
2018-02-24 01:07:06,0.00058407,375.00000000
2018-02-24 01:07:06,0.00058407,120.00000000
2018-02-24 01:07:09,0.00058406,14.00000000
2018-02-24 01:07:09,0.00058406,14.00000000
2018-02-24 01:07:09,0.00058406,37.00000000
2018-02-24 01:07:10,0.00058406,51.00000000
2018-02-24 01:07:10,0.00058406,51.00000000
2018-02-24 01:07:10,0.00058406,51.00000000
2018-02-24 01:07:10,0.00058406,51.00000000
2018-02-24 01:07:10,0.00058406,4.00000000
2018-02-24 01:07:11,0.00058407,23.00000000
2018-02-24 01:07:11,0.00058407,51.00000000
2018-02-24 01:07:12,0.00058407,51.00000000
2018-02-24 01:07:12,0.00058407,51.00000000
2018-02-24 01:07:12,0.00058336,35.00000000
2018-02-24 01:07:12,0.00058335,13.00000000
2018-02-24 01:07:12,0.00058334,2037.00000000
2018-02-24 01:07:14,0.00058407,78.00000000
2018-02-24 01:07:14,0.00058407,51.00000000
2018-02-24 01:07:14,0.00058407,51.00000000
2018-02-24 01:07:14,0.00058338,9.00000000
2018-02-24 01:07:14,0.00058337,42.00000000
2018-02-24 01:07:16,0.00058407,6072.00000000
2018-02-24 01:07:16,0.00058411,7.00000000
2018-02-24 01:07:19,0.00058456,28.00000000
2018-02-24 01:07:21,0.00058456,1.00000000
2018-02-24 01:07:22,0.00058456,3.00000000
2018-02-24 01:07:28,0.00058457,5.00000000
2018-02-24 01:07:30,0.00058457,8.00000000
2018-02-24 01:07:30,0.00058458,17.00000000
2018-02-24 01:07:30,0.00058465,7.00000000
2018-02-24 01:07:30,0.00058465,56.00000000
2018-02-24 01:07:30,0.00058474,80.00000000
2018-02-24 01:07:31,0.00058501,14.00000000
2018-02-24 01:07:35,0.00058501,80.00000000
2018-02-24 01:07:35,0.00058501,5.00000000
2018-02-24 01:07:37,0.00058501,2.00000000
2018-02-24 01:07:38,0.00058501,2.00000000
2018-02-24 01:07:38,0.00058501,174.00000000
2018-02-24 01:07:38,0.00058572,8.00000000
2018-02-24 01:07:38,0.00058475,13.00000000
2018-02-24 01:07:38,0.00058474,21.00000000
2018-02-24 01:07:40,0.00058475,57.00000000
2018-02-24 01:07:42,0.00058476,11.00000000
2018-02-24 01:07:42,0.00058474,35.00000000
2018-02-24 01:07:42,0.00058464,4.00000000
2018-02-24 01:07:42,0.00058458,7.00000000
2018-02-24 01:07:43,0.00058570,5.00000000
2018-02-24 01:07:48,0.00058564,5.00000000
2018-02-24 01:07:48,0.00058565,9.00000000
2018-02-24 01:07:57,0.00058565,8.00000000
2018-02-24 01:07:57,0.00058570,159.00000000
2018-02-24 01:07:57,0.00058571,353.00000000
2018-02-24 01:07:57,0.00058572,106.00000000
2018-02-24 01:08:04,0.00058550,5.00000000
2018-02-24 01:08:10,0.00058562,10.00000000
2018-02-24 01:08:13,0.00058550,69.00000000
2018-02-24 01:08:15,0.00058562,7.00000000
2018-02-24 01:08:17,0.00058562,10.00000000
2018-02-24 01:08:19,0.00058479,13.00000000
2018-02-24 01:08:19,0.00058478,13.00000000
2018-02-24 01:08:19,0.00058477,13.00000000
2018-02-24 01:08:19,0.00058476,13.00000000
2018-02-24 01:08:19,0.00058463,17.00000000
2018-02-24 01:08:19,0.00058460,15.00000000
2018-02-24 01:08:19,0.00058459,83.00000000
2018-02-24 01:08:21,0.00058479,4.00000000
2018-02-24 01:08:28,0.00058549,14.00000000
2018-02-24 01:08:28,0.00058549,19.00000000
2018-02-24 01:08:31,0.00058546,5.00000000
2018-02-24 01:08:36,0.00058481,13.00000000
2018-02-24 01:08:36,0.00058480,13.00000000
2018-02-24 01:08:36,0.00058479,26.00000000
2018-02-24 01:08:36,0.00058477,13.00000000
2018-02-24 01:08:36,0.00058460,13.00000000
2018-02-24 01:08:36,0.00058418,4.00000000
2018-02-24 01:08:36,0.00058412,13.00000000
2018-02-24 01:08:36,0.00058411,64.00000000
2018-02-24 01:08:36,0.00058410,54.00000000
2018-02-24 01:08:36,0.00058409,10.00000000
2018-02-24 01:08:36,0.00058408,340.00000000
2018-02-24 01:08:36,0.00058407,1161.00000000
2018-02-24 01:08:36,0.00058540,5.00000000
2018-02-24 01:08:36,0.00058540,12.00000000
2018-02-24 01:08:36,0.00058540,38.00000000
2018-02-24 01:08:36,0.00058540,8.00000000
2018-02-24 01:08:36,0.00058540,9.00000000
2018-02-24 01:08:37,0.00058545,19.00000000
2018-02-24 01:08:37,0.00058552,13.00000000
2018-02-24 01:08:37,0.00058553,13.00000000
2018-02-24 01:08:37,0.00058554,13.00000000
2018-02-24 01:08:37,0.00058555,17.00000000
2018-02-24 01:08:37,0.00058559,26.00000000
2018-02-24 01:08:37,0.00058560,7.00000000
2018-02-24 01:08:37,0.00058561,13.00000000
2018-02-24 01:08:37,0.00058572,357.00000000
2018-02-24 01:08:42,0.00058571,1.00000000
2018-02-24 01:08:45,0.00058570,7.00000000
2018-02-24 01:08:48,0.00058545,51.00000000
2018-02-24 01:08:48,0.00058544,17.00000000
2018-02-24 01:08:48,0.00058480,13.00000000
2018-02-24 01:08:48,0.00058479,13.00000000
2018-02-24 01:08:48,0.00058477,13.00000000
2018-02-24 01:08:48,0.00058460,13.00000000
2018-02-24 01:08:48,0.00058419,83.00000000
2018-02-24 01:08:48,0.00058412,13.00000000
2018-02-24 01:08:48,0.00058411,13.00000000
2018-02-24 01:08:48,0.00058410,13.00000000
2018-02-24 01:08:48,0.00058408,264.00000000
2018-02-24 01:08:48,0.00058407,107.00000000
2018-02-24 01:08:52,0.00058563,80.00000000
2018-02-24 01:09:04,0.00058563,3.00000000
2018-02-24 01:09:06,0.00058544,13.00000000
2018-02-24 01:09:06,0.00058480,13.00000000
2018-02-24 01:09:06,0.00058479,13.00000000
2018-02-24 01:09:06,0.00058477,13.00000000
2018-02-24 01:09:06,0.00058460,13.00000000
2018-02-24 01:09:06,0.00058421,10.00000000
2018-02-24 01:09:06,0.00058419,13.00000000
2018-02-24 01:09:06,0.00058415,4.00000000
2018-02-24 01:09:06,0.00058412,13.00000000
2018-02-24 01:09:06,0.00058411,43.00000000
2018-02-24 01:09:06,0.00058410,13.00000000
2018-02-24 01:09:06,0.00058407,2408.00000000
2018-02-24 01:09:09,0.00058480,10.00000000
2018-02-24 01:09:09,0.00058479,13.00000000
2018-02-24 01:09:10,0.00058479,15.00000000
2018-02-24 01:09:10,0.00058479,15.00000000
2018-02-24 01:09:10,0.00058479,28.00000000
2018-02-24 01:09:11,0.00058554,23.00000000
2018-02-24 01:09:11,0.00058555,74.00000000
2018-02-24 01:09:11,0.00058556,40.00000000
2018-02-24 01:09:11,0.00058564,4.00000000
2018-02-24 01:09:11,0.00058566,103.00000000
2018-02-24 01:09:11,0.00058569,13.00000000
2018-02-24 01:09:11,0.00058570,49.00000000
2018-02-24 01:09:11,0.00058571,25.00000000
2018-02-24 01:09:11,0.00058572,294.00000000
2018-02-24 01:09:12,0.00058571,30.00000000
2018-02-24 01:09:12,0.00058572,70.00000000
2018-02-24 01:09:12,0.00058572,8.00000000
2018-02-24 01:09:17,0.00058555,42.00000000
2018-02-24 01:09:33,0.00058487,8.00000000
2018-02-24 01:09:34,0.00058554,8.00000000
2018-02-24 01:09:34,0.00058555,43.00000000
2018-02-24 01:09:34,0.00058555,22.00000000
2018-02-24 01:09:34,0.00058557,13.00000000
2018-02-24 01:09:35,0.00058572,10.00000000
2018-02-24 01:09:36,0.00058557,2.00000000
2018-02-24 01:09:36,0.00058557,11.00000000
2018-02-24 01:09:37,0.00058572,13.00000000
2018-02-24 01:09:37,0.00058610,5.00000000
2018-02-24 01:09:44,0.00058609,4.00000000
2018-02-24 01:09:44,0.00058609,44.00000000
2018-02-24 01:09:44,0.00058610,28.00000000
2018-02-24 01:09:46,0.00058610,12.00000000
2018-02-24 01:09:55,0.00058609,20.00000000
2018-02-24 01:09:56,0.00058609,17.00000000
2018-02-24 01:09:56,0.00058609,273.00000000
2018-02-24 01:09:56,0.00058608,22.00000000
2018-02-24 01:09:57,0.00058608,5.00000000
2018-02-24 01:09:58,0.00058610,683.00000000
2018-02-24 01:09:58,0.00058610,83.00000000
2018-02-24 01:10:01,0.00058610,18.00000000
2018-02-24 01:10:01,0.00058610,8.00000000
2018-02-24 01:10:02,0.00058610,87.00000000
2018-02-24 01:10:02,0.00058610,10.00000000
2018-02-24 01:10:05,0.00058608,45.00000000
2018-02-24 01:10:10,0.00058610,85.00000000
2018-02-24 01:10:10,0.00058619,4.00000000
2018-02-24 01:10:10,0.00058624,51.00000000
2018-02-24 01:10:10,0.00058626,40.00000000
2018-02-24 01:10:15,0.00058626,6.00000000
2018-02-24 01:10:21,0.00058608,19.00000000
2018-02-24 01:10:21,0.00058608,13.00000000
2018-02-24 01:10:21,0.00058608,6.00000000
2018-02-24 01:10:21,0.00058608,19.00000000
2018-02-24 01:10:25,0.00058626,4.00000000
2018-02-24 01:10:30,0.00058626,191.00000000
2018-02-24 01:10:36,0.00058593,5.00000000
2018-02-24 01:10:42,0.00058626,8.00000000
2018-02-24 01:10:45,0.00058626,7.00000000
2018-02-24 01:10:47,0.00058626,3.00000000
2018-02-24 01:10:47,0.00058632,13.00000000
2018-02-24 01:10:47,0.00058639,1.00000000
2018-02-24 01:10:47,0.00058595,2.00000000
2018-02-24 01:10:51,0.00058595,13.00000000
2018-02-24 01:10:51,0.00058593,8.00000000
2018-02-24 01:11:04,0.00058593,571.00000000
2018-02-24 01:11:08,0.00058632,13.00000000
2018-02-24 01:11:08,0.00058639,4.00000000
2018-02-24 01:11:11,0.00058639,23.00000000
2018-02-24 01:11:11,0.00058639,37.00000000
2018-02-24 01:11:11,0.00058684,63.00000000
2018-02-24 01:11:16,0.00058684,17.00000000
2018-02-24 01:11:19,0.00058639,100.00000000
2018-02-24 01:11:21,0.00058684,98.00000000
2018-02-24 01:11:21,0.00058685,295.00000000
2018-02-24 01:11:27,0.00058639,13.00000000
2018-02-24 01:11:31,0.00058626,13.00000000
2018-02-24 01:11:31,0.00058593,128.00000000
2018-02-24 01:11:41,0.00058639,1.00000000
2018-02-24 01:11:50,0.00058626,1.00000000
2018-02-24 01:11:52,0.00058626,6.00000000
2018-02-24 01:11:53,0.00058626,8.00000000
2018-02-24 01:11:57,0.00058639,1.00000000
2018-02-24 01:12:03,0.00058628,1.00000000
2018-02-24 01:12:13,0.00058628,11.00000000
2018-02-24 01:12:13,0.00058626,100.00000000
2018-02-24 01:12:14,0.00058600,11.00000000
2018-02-24 01:12:29,0.00058600,84.00000000
2018-02-24 01:12:30,0.00058600,18.00000000
2018-02-24 01:12:36,0.00058600,5.00000000
2018-02-24 01:12:36,0.00058626,12.00000000
2018-02-24 01:12:52,0.00058600,10.00000000
2018-02-24 01:13:07,0.00058596,9.00000000
2018-02-24 01:13:07,0.00058595,8.00000000
2018-02-24 01:13:07,0.00058594,26.00000000
2018-02-24 01:13:07,0.00058593,26.00000000
2018-02-24 01:13:07,0.00058600,3.00000000
2018-02-24 01:13:11,0.00058558,9.00000000
2018-02-24 01:13:11,0.00058557,21.00000000
2018-02-24 01:13:11,0.00058505,26.00000000
2018-02-24 01:13:11,0.00058502,13.00000000
2018-02-24 01:13:11,0.00058501,26.00000000
2018-02-24 01:13:11,0.00058494,4.00000000
2018-02-24 01:13:11,0.00058487,13.00000000
2018-02-24 01:13:11,0.00058485,13.00000000
2018-02-24 01:13:11,0.00058484,9.00000000
2018-02-24 01:13:22,0.00058558,13.00000000
2018-02-24 01:13:22,0.00058557,13.00000000
2018-02-24 01:13:22,0.00058505,13.00000000
2018-02-24 01:13:22,0.00058501,13.00000000
2018-02-24 01:13:22,0.00058494,13.00000000
2018-02-24 01:13:22,0.00058487,13.00000000
2018-02-24 01:13:22,0.00058485,13.00000000
2018-02-24 01:13:22,0.00058484,17.00000000
2018-02-24 01:13:22,0.00058483,13.00000000
2018-02-24 01:13:22,0.00058454,41.00000000
2018-02-24 01:13:22,0.00058453,446.00000000
2018-02-24 01:13:22,0.00058437,61.00000000
2018-02-24 01:13:22,0.00058428,5.00000000
2018-02-24 01:13:22,0.00058420,165.00000000
2018-02-24 01:13:22,0.00058408,10.00000000
2018-02-24 01:13:25,0.00058558,53.00000000
2018-02-24 01:13:25,0.00058422,10.00000000
2018-02-24 01:13:25,0.00058420,15.00000000
2018-02-24 01:13:31,0.00058429,73.00000000
2018-02-24 01:13:32,0.00058577,13.00000000
2018-02-24 01:13:40,0.00058434,20.00000000
2018-02-24 01:13:40,0.00058429,81.00000000
2018-02-24 01:13:40,0.00058414,56.00000000
2018-02-24 01:13:40,0.00058407,37.00000000
2018-02-24 01:13:40,0.00058391,2.00000000
2018-02-24 01:13:47,0.00058500,2.00000000
2018-02-24 01:13:49,0.00058391,15.00000000
2018-02-24 01:13:49,0.00058370,197.00000000
2018-02-24 01:13:49,0.00058370,9.00000000
2018-02-24 01:13:49,0.00058370,19.00000000
2018-02-24 01:13:49,0.00058370,19.00000000
2018-02-24 01:13:49,0.00058370,16.00000000
2018-02-24 01:13:49,0.00058370,17.00000000
2018-02-24 01:13:49,0.00058370,16.00000000
2018-02-24 01:13:49,0.00058368,20.00000000
2018-02-24 01:13:49,0.00058368,125.00000000
2018-02-24 01:13:49,0.00058368,20.00000000
2018-02-24 01:13:49,0.00058368,9.00000000
2018-02-24 01:13:49,0.00058370,15.00000000
2018-02-24 01:13:49,0.00058370,14.00000000
2018-02-24 01:13:49,0.00058370,21.00000000
2018-02-24 01:13:49,0.00058370,40.00000000
2018-02-24 01:13:50,0.00058370,2.00000000
2018-02-24 01:13:50,0.00058368,14.00000000
2018-02-24 01:14:07,0.00058374,2.00000000
2018-02-24 01:14:08,0.00058374,2.00000000
2018-02-24 01:14:11,0.00058368,3.00000000
2018-02-24 01:14:11,0.00058341,113.00000000
2018-02-24 01:14:15,0.00058349,2.00000000
2018-02-24 01:14:15,0.00058348,1.00000000
2018-02-24 01:14:25,0.00058357,18.00000000
2018-02-24 01:14:30,0.00058358,79.00000000
2018-02-24 01:14:30,0.00058341,24.00000000
2018-02-24 01:14:30,0.00058333,13.00000000
2018-02-24 01:14:30,0.00058331,26.00000000
2018-02-24 01:14:31,0.00058357,20.00000000
2018-02-24 01:14:32,0.00058355,42.00000000
2018-02-24 01:14:32,0.00058355,27.00000000
2018-02-24 01:14:32,0.00058355,51.00000000
2018-02-24 01:14:32,0.00058355,12.00000000
2018-02-24 01:14:32,0.00058357,15.00000000
2018-02-24 01:14:32,0.00058357,25.00000000
2018-02-24 01:14:32,0.00058354,10.00000000
2018-02-24 01:14:32,0.00058353,10.00000000
2018-02-24 01:14:32,0.00058354,41.00000000
2018-02-24 01:14:32,0.00058354,10.00000000
2018-02-24 01:14:32,0.00058331,25.00000000
2018-02-24 01:14:33,0.00058354,22.00000000
2018-02-24 01:14:33,0.00058357,37.00000000
2018-02-24 01:14:33,0.00058357,122.00000000
2018-02-24 01:14:35,0.00058357,8.00000000
2018-02-24 01:14:36,0.00058357,34.00000000
2018-02-24 01:14:49,0.00058357,51.00000000
2018-02-24 01:14:49,0.00058357,28.00000000
2018-02-24 01:14:56,0.00058357,13.00000000
2018-02-24 01:14:59,0.00058463,4.00000000
2018-02-24 01:15:00,0.00058463,6.00000000
2018-02-24 01:15:02,0.00058464,10.00000000
2018-02-24 01:15:10,0.00058391,10.00000000
2018-02-24 01:15:11,0.00058360,13.00000000
2018-02-24 01:15:11,0.00058357,2.00000000
2018-02-24 01:15:11,0.00058352,2.00000000
2018-02-24 01:15:21,0.00058355,10.00000000
2018-02-24 01:15:21,0.00058354,83.00000000
2018-02-24 01:15:21,0.00058352,170.00000000
2018-02-24 01:15:22,0.00058462,3.00000000
2018-02-24 01:15:31,0.00058450,3.00000000
2018-02-24 01:15:32,0.00058450,8.00000000
2018-02-24 01:15:42,0.00058444,6.00000000
2018-02-24 01:15:42,0.00058445,11.00000000
2018-02-24 01:15:44,0.00058359,98.00000000
2018-02-24 01:15:48,0.00058437,6.00000000
2018-02-24 01:15:58,0.00058432,29.00000000
2018-02-24 01:16:03,0.00058431,72.00000000
2018-02-24 01:16:04,0.00058432,70.00000000
2018-02-24 01:16:05,0.00058432,167.00000000
2018-02-24 01:16:05,0.00058432,1.00000000
2018-02-24 01:16:06,0.00058401,10.00000000
2018-02-24 01:16:06,0.00058400,5.00000000
2018-02-24 01:16:07,0.00058432,196.00000000
2018-02-24 01:16:13,0.00058430,4.00000000
2018-02-24 01:16:14,0.00058430,20.00000000
2018-02-24 01:16:15,0.00058445,21.00000000
2018-02-24 01:16:16,0.00058445,13.00000000
2018-02-24 01:16:16,0.00058447,21.00000000
2018-02-24 01:16:17,0.00058447,414.00000000
2018-02-24 01:16:18,0.00058430,76.00000000
2018-02-24 01:16:19,0.00058447,4.00000000
2018-02-24 01:16:19,0.00058447,92.00000000
2018-02-24 01:16:20,0.00058447,559.00000000
2018-02-24 01:16:21,0.00058447,419.00000000
2018-02-24 01:16:21,0.00058447,6.00000000
2018-02-24 01:16:21,0.00058447,16.00000000
2018-02-24 01:16:25,0.00058448,51.00000000
2018-02-24 01:16:25,0.00058448,51.00000000
2018-02-24 01:16:25,0.00058448,36.00000000
2018-02-24 01:16:25,0.00058448,5.00000000
2018-02-24 01:16:26,0.00058448,22.00000000
2018-02-24 01:16:26,0.00058447,9.00000000
2018-02-24 01:16:26,0.00058447,517.00000000
2018-02-24 01:16:27,0.00058447,7.00000000
2018-02-24 01:16:28,0.00058447,6.00000000
2018-02-24 01:16:28,0.00058447,51.00000000
2018-02-24 01:16:28,0.00058447,43.00000000
2018-02-24 01:16:28,0.00058448,3.00000000
2018-02-24 01:16:28,0.00058448,51.00000000
2018-02-24 01:16:28,0.00058448,51.00000000
2018-02-24 01:16:28,0.00058448,2.00000000
2018-02-24 01:16:33,0.00058448,293.00000000
2018-02-24 01:16:34,0.00058400,31.00000000
2018-02-24 01:16:34,0.00058360,701.00000000
2018-02-24 01:16:34,0.00058359,439.00000000
2018-02-24 01:16:34,0.00058358,137.00000000
2018-02-24 01:16:34,0.00058332,34.00000000
2018-02-24 01:16:34,0.00058331,84.00000000
2018-02-24 01:16:34,0.00058329,13.00000000
2018-02-24 01:16:34,0.00058325,13.00000000
2018-02-24 01:16:34,0.00058324,13.00000000
2018-02-24 01:16:34,0.00058315,4.00000000
2018-02-24 01:16:34,0.00058305,21.00000000
2018-02-24 01:16:34,0.00058304,4.00000000
2018-02-24 01:16:34,0.00058291,1000.00000000
2018-02-24 01:16:34,0.00058290,343.00000000
2018-02-24 01:16:34,0.00058279,17.00000000
2018-02-24 01:16:34,0.00058260,126.00000000
2018-02-24 01:16:34,0.00058250,10277.00000000
2018-02-24 01:16:34,0.00058299,17.00000000
2018-02-24 01:16:39,0.00058437,9.00000000
2018-02-24 01:16:41,0.00058302,168.00000000
2018-02-24 01:16:41,0.00058300,19.00000000
2018-02-24 01:16:41,0.00058299,17.00000000
2018-02-24 01:16:41,0.00058251,490.00000000
2018-02-24 01:16:41,0.00058250,3095.00000000
2018-02-24 01:16:41,0.00058247,25.00000000
2018-02-24 01:16:41,0.00058230,270.00000000
2018-02-24 01:16:41,0.00058223,206.00000000
2018-02-24 01:16:41,0.00058204,2993.00000000
2018-02-24 01:16:41,0.00058200,1195.00000000
2018-02-24 01:16:41,0.00058196,800.00000000
2018-02-24 01:16:41,0.00058188,22.00000000
2018-02-24 01:16:41,0.00058186,15.00000000
2018-02-24 01:16:41,0.00058180,5.00000000
2018-02-24 01:16:41,0.00058175,20.00000000
2018-02-24 01:16:41,0.00058164,603.00000000
2018-02-24 01:16:41,0.00058164,11.00000000
2018-02-24 01:16:41,0.00058186,2.00000000
2018-02-24 01:16:41,0.00058249,18.00000000
2018-02-24 01:16:44,0.00058346,10.00000000
2018-02-24 01:16:45,0.00058346,5.00000000
2018-02-24 01:16:46,0.00058397,62.00000000
2018-02-24 01:16:46,0.00058397,106.00000000
2018-02-24 01:16:48,0.00058399,9.00000000
2018-02-24 01:16:49,0.00058346,3.00000000
2018-02-24 01:16:49,0.00058346,128.00000000
2018-02-24 01:16:49,0.00058266,83.00000000
2018-02-24 01:16:49,0.00058265,15.00000000
2018-02-24 01:16:49,0.00058263,206.00000000
2018-02-24 01:16:49,0.00058258,30.00000000
2018-02-24 01:16:49,0.00058248,17.00000000
2018-02-24 01:16:49,0.00058207,8.00000000
2018-02-24 01:16:49,0.00058182,5.00000000
2018-02-24 01:16:49,0.00058164,2988.00000000
2018-02-24 01:16:49,0.00058154,41.00000000
2018-02-24 01:16:49,0.00058150,279.00000000
2018-02-24 01:16:49,0.00058139,10.00000000
2018-02-24 01:16:49,0.00058132,464.00000000
2018-02-24 01:16:49,0.00058126,2682.00000000
2018-02-24 01:16:49,0.00058125,258.00000000
2018-02-24 01:16:49,0.00058121,243.00000000
2018-02-24 01:16:50,0.00058299,117.00000000
2018-02-24 01:16:50,0.00058299,141.00000000
2018-02-24 01:16:50,0.00058399,24.00000000
2018-02-24 01:16:50,0.00058301,83.00000000
2018-02-24 01:16:53,0.00058304,10.00000000
2018-02-24 01:16:53,0.00058303,26.00000000
2018-02-24 01:16:53,0.00058301,9.00000000
2018-02-24 01:16:55,0.00058301,147.00000000
2018-02-24 01:16:55,0.00058299,17.00000000
2018-02-24 01:16:55,0.00058264,206.00000000
2018-02-24 01:16:55,0.00058258,30.00000000
2018-02-24 01:16:55,0.00058125,258.00000000
2018-02-24 01:16:55,0.00058121,161.00000000
2018-02-24 01:16:55,0.00058264,50.00000000
2018-02-24 01:16:55,0.00058264,17.00000000
2018-02-24 01:16:55,0.00058264,191.00000000
2018-02-24 01:16:55,0.00058123,169.00000000
2018-02-24 01:16:55,0.00058121,110.00000000
2018-02-24 01:16:55,0.00058114,200.00000000
2018-02-24 01:16:55,0.00058111,14.00000000
2018-02-24 01:16:55,0.00058109,19.00000000
2018-02-24 01:16:55,0.00058101,255.00000000
2018-02-24 01:16:55,0.00058100,1465.00000000
2018-02-24 01:16:55,0.00058099,3361.00000000
2018-02-24 01:16:56,0.00058272,10.00000000
2018-02-24 01:16:57,0.00058346,5.00000000
2018-02-24 01:17:00,0.00058346,5.00000000
2018-02-24 01:17:00,0.00058345,5.00000000
2018-02-24 01:17:00,0.00058282,169.00000000
2018-02-24 01:17:00,0.00058284,78.00000000
2018-02-24 01:17:00,0.00058284,17.00000000
2018-02-24 01:17:00,0.00058284,51.00000000
2018-02-24 01:17:00,0.00058284,51.00000000
2018-02-24 01:17:00,0.00058284,51.00000000
2018-02-24 01:17:01,0.00058286,83.00000000
2018-02-24 01:17:01,0.00058285,10.00000000
2018-02-24 01:17:01,0.00058284,32.00000000
2018-02-24 01:17:01,0.00058273,206.00000000
2018-02-24 01:17:01,0.00058129,8.00000000
2018-02-24 01:17:01,0.00058128,25.00000000
2018-02-24 01:17:01,0.00058099,572.00000000
2018-02-24 01:17:01,0.00058088,22.00000000
2018-02-24 01:17:01,0.00058075,623.00000000
2018-02-24 01:17:01,0.00058074,120.00000000
2018-02-24 01:17:01,0.00058071,2014.00000000
2018-02-24 01:17:01,0.00058062,172.00000000
2018-02-24 01:17:01,0.00058053,308.00000000
2018-02-24 01:17:04,0.00058277,206.00000000
2018-02-24 01:17:04,0.00058275,8.00000000
2018-02-24 01:17:04,0.00058250,33.00000000
2018-02-24 01:17:04,0.00058250,521.00000000
2018-02-24 01:17:04,0.00058250,208.00000000
2018-02-24 01:17:04,0.00058250,624.00000000
2018-02-24 01:17:04,0.00058250,30.00000000
2018-02-24 01:17:04,0.00058250,49.00000000
2018-02-24 01:17:04,0.00058250,17.00000000
2018-02-24 01:17:04,0.00058250,31.00000000
2018-02-24 01:17:04,0.00058250,171.00000000
2018-02-24 01:17:04,0.00058250,284.00000000
2018-02-24 01:17:04,0.00058250,322.00000000
2018-02-24 01:17:04,0.00058250,385.00000000
2018-02-24 01:17:04,0.00058250,17.00000000
2018-02-24 01:17:04,0.00058250,72.00000000
2018-02-24 01:17:04,0.00058250,50.00000000
2018-02-24 01:17:04,0.00058250,86.00000000
2018-02-24 01:17:04,0.00058250,101.00000000
2018-02-24 01:17:04,0.00058249,40.00000000
2018-02-24 01:17:04,0.00058250,11.00000000
2018-02-24 01:17:04,0.00058250,158.00000000
2018-02-24 01:17:04,0.00058179,50.00000000
2018-02-24 01:17:04,0.00058249,30.00000000
2018-02-24 01:17:04,0.00058250,38.00000000
2018-02-24 01:17:05,0.00058249,3.00000000
2018-02-24 01:17:05,0.00058249,27.00000000
2018-02-24 01:17:05,0.00058250,27.00000000
2018-02-24 01:17:05,0.00058249,27.00000000
2018-02-24 01:17:06,0.00058196,72.00000000
2018-02-24 01:17:08,0.00058249,3.00000000
2018-02-24 01:17:09,0.00058249,50.00000000
2018-02-24 01:17:09,0.00058196,110.00000000
2018-02-24 01:17:09,0.00058196,15.00000000
2018-02-24 01:17:09,0.00058196,2.00000000
2018-02-24 01:17:09,0.00058196,34.00000000
2018-02-24 01:17:10,0.00058196,7.00000000
2018-02-24 01:17:10,0.00058193,10.00000000
2018-02-24 01:17:10,0.00058194,19.00000000
2018-02-24 01:17:11,0.00058194,23.00000000
2018-02-24 01:17:14,0.00058193,4.00000000
2018-02-24 01:17:14,0.00058080,20.00000000
2018-02-24 01:17:14,0.00058079,53.00000000
2018-02-24 01:17:14,0.00058076,42.00000000
2018-02-24 01:17:14,0.00058059,30.00000000
2018-02-24 01:17:14,0.00058053,1435.00000000
2018-02-24 01:17:14,0.00058051,282.00000000
2018-02-24 01:17:14,0.00058050,161.00000000
2018-02-24 01:17:14,0.00058041,311.00000000
2018-02-24 01:17:14,0.00058030,5.00000000
2018-02-24 01:17:14,0.00058026,98.00000000
2018-02-24 01:17:14,0.00058020,709.00000000
2018-02-24 01:17:14,0.00058038,12.00000000
2018-02-24 01:17:15,0.00058192,19.00000000
2018-02-24 01:17:15,0.00058192,5.00000000
2018-02-24 01:17:16,0.00058191,4.00000000
2018-02-24 01:17:21,0.00058186,17.00000000
2018-02-24 01:17:22,0.00058084,10.00000000
2018-02-24 01:17:22,0.00058083,36.00000000
2018-02-24 01:17:22,0.00058038,12.00000000
2018-02-24 01:17:22,0.00058021,30.00000000
2018-02-24 01:17:22,0.00058020,803.00000000
2018-02-24 01:17:22,0.00058018,13.00000000
2018-02-24 01:17:22,0.00058010,85.00000000
2018-02-24 01:17:22,0.00058009,282.00000000
2018-02-24 01:17:22,0.00058004,51.00000000
2018-02-24 01:17:22,0.00058003,50.00000000
2018-02-24 01:17:22,0.00058001,2.00000000
2018-02-24 01:17:22,0.00058000,3345.00000000
2018-02-24 01:17:22,0.00058000,103.00000000
2018-02-24 01:17:22,0.00058000,23.00000000
2018-02-24 01:17:22,0.00058000,15.00000000
2018-02-24 01:17:22,0.00058000,65.00000000
2018-02-24 01:17:22,0.00058000,881.00000000
2018-02-24 01:17:22,0.00058000,150.00000000
2018-02-24 01:17:22,0.00058000,140.00000000
2018-02-24 01:17:22,0.00058002,30.00000000
2018-02-24 01:17:22,0.00058002,37.00000000
2018-02-24 01:17:22,0.00058185,30.00000000
2018-02-24 01:17:22,0.00058186,9.00000000
2018-02-24 01:17:22,0.00058004,17.00000000
2018-02-24 01:17:22,0.00058184,24.00000000
2018-02-24 01:17:22,0.00058004,19.00000000
2018-02-24 01:17:23,0.00058007,37.00000000
2018-02-24 01:17:24,0.00058179,10.00000000
2018-02-24 01:17:24,0.00058180,21.00000000
2018-02-24 01:17:25,0.00058180,7.00000000
2018-02-24 01:17:26,0.00058123,9.00000000
2018-02-24 01:17:26,0.00058123,10.00000000
2018-02-24 01:17:26,0.00058123,10.00000000
2018-02-24 01:17:26,0.00058123,50.00000000
2018-02-24 01:17:26,0.00058123,10.00000000
2018-02-24 01:17:26,0.00058122,10.00000000
2018-02-24 01:17:27,0.00058121,30.00000000
2018-02-24 01:17:28,0.00058117,16.00000000
2018-02-24 01:17:28,0.00058115,16.00000000
2018-02-24 01:17:28,0.00058117,16.00000000
2018-02-24 01:17:28,0.00058117,16.00000000
2018-02-24 01:17:31,0.00058121,6.00000000
2018-02-24 01:17:31,0.00058121,2.00000000
2018-02-24 01:17:32,0.00058121,6.00000000
2018-02-24 01:17:32,0.00058121,279.00000000
2018-02-24 01:17:32,0.00058121,4.00000000
2018-02-24 01:17:34,0.00058120,21.00000000
2018-02-24 01:17:34,0.00058121,38.00000000
2018-02-24 01:17:35,0.00058121,4.00000000
2018-02-24 01:17:36,0.00058121,3.00000000
2018-02-24 01:17:36,0.00058120,107.00000000
2018-02-24 01:17:36,0.00058121,24.00000000
2018-02-24 01:17:39,0.00058047,6.00000000
2018-02-24 01:17:39,0.00058005,83.00000000
2018-02-24 01:17:39,0.00058004,68.00000000
2018-02-24 01:17:39,0.00058002,81.00000000
2018-02-24 01:17:39,0.00058000,379.00000000
2018-02-24 01:17:39,0.00058000,34.00000000
2018-02-24 01:17:40,0.00057999,4.00000000
2018-02-24 01:17:40,0.00057999,9.00000000
2018-02-24 01:17:42,0.00057999,3.00000000
2018-02-24 01:17:42,0.00057999,5.00000000
2018-02-24 01:17:42,0.00057999,4.00000000
2018-02-24 01:17:42,0.00057999,3.00000000
2018-02-24 01:17:43,0.00057989,145.00000000
2018-02-24 01:17:43,0.00057966,928.00000000
2018-02-24 01:17:43,0.00057970,27.00000000
2018-02-24 01:17:43,0.00057970,25.00000000
2018-02-24 01:17:43,0.00057970,45.00000000
2018-02-24 01:17:44,0.00057969,4.00000000
2018-02-24 01:17:44,0.00057969,10.00000000
2018-02-24 01:17:44,0.00057970,3.00000000
2018-02-24 01:17:45,0.00057966,207.00000000
2018-02-24 01:17:45,0.00057966,20.00000000
2018-02-24 01:17:45,0.00057966,25.00000000
2018-02-24 01:17:46,0.00057966,27.00000000
2018-02-24 01:17:46,0.00057950,4.00000000
2018-02-24 01:17:46,0.00057950,5.00000000
2018-02-24 01:17:46,0.00057965,5.00000000
2018-02-24 01:17:47,0.00057965,14.00000000
2018-02-24 01:17:47,0.00057965,21.00000000
2018-02-24 01:17:48,0.00057965,1.00000000
2018-02-24 01:17:49,0.00057950,122.00000000
2018-02-24 01:17:50,0.00057966,4.00000000
2018-02-24 01:17:50,0.00057966,204.00000000
2018-02-24 01:17:51,0.00057966,10.00000000
2018-02-24 01:17:52,0.00057970,119.00000000
2018-02-24 01:17:52,0.00057997,47.00000000
2018-02-24 01:17:52,0.00057999,173.00000000
2018-02-24 01:17:52,0.00057999,177.00000000
2018-02-24 01:17:52,0.00057950,61.00000000
2018-02-24 01:17:52,0.00057940,6.00000000
2018-02-24 01:17:52,0.00057922,72.00000000
2018-02-24 01:17:52,0.00057926,59.00000000
2018-02-24 01:17:53,0.00058101,6.00000000
2018-02-24 01:17:53,0.00058101,9.00000000
2018-02-24 01:17:53,0.00058100,4.00000000
2018-02-24 01:17:54,0.00058100,8.00000000
2018-02-24 01:17:55,0.00058100,4.00000000
2018-02-24 01:17:55,0.00058100,62.00000000
2018-02-24 01:17:55,0.00058102,88.00000000
2018-02-24 01:17:55,0.00058102,2.00000000
2018-02-24 01:17:55,0.00058102,5.00000000
2018-02-24 01:17:55,0.00058102,17.00000000
2018-02-24 01:17:55,0.00058102,5.00000000
2018-02-24 01:17:56,0.00058102,33.00000000
2018-02-24 01:17:56,0.00058099,10.00000000
2018-02-24 01:17:56,0.00058099,4.00000000
2018-02-24 01:17:56,0.00058099,6.00000000
2018-02-24 01:17:57,0.00058099,12.00000000
2018-02-24 01:17:57,0.00058099,2.00000000
2018-02-24 01:17:57,0.00058099,2.00000000
2018-02-24 01:17:57,0.00058099,3.00000000
2018-02-24 01:17:57,0.00058101,6.00000000
2018-02-24 01:17:57,0.00058101,5.00000000
2018-02-24 01:17:57,0.00058101,4.00000000
2018-02-24 01:17:57,0.00058101,1.00000000
2018-02-24 01:17:59,0.00058101,7.00000000
2018-02-24 01:17:59,0.00058101,8.00000000
2018-02-24 01:17:59,0.00058101,12.00000000
2018-02-24 01:17:59,0.00058101,5.00000000
2018-02-24 01:17:59,0.00058101,4.00000000
2018-02-24 01:18:00,0.00058099,5.00000000
2018-02-24 01:18:00,0.00058099,8.00000000
2018-02-24 01:18:00,0.00058099,4.00000000
2018-02-24 01:18:00,0.00058099,4.00000000
2018-02-24 01:18:00,0.00058099,9.00000000
2018-02-24 01:18:00,0.00058099,6.00000000
2018-02-24 01:18:00,0.00058099,17.00000000
2018-02-24 01:18:00,0.00058098,9.00000000
2018-02-24 01:18:00,0.00058098,1.00000000
2018-02-24 01:18:00,0.00058099,6.00000000
2018-02-24 01:18:00,0.00058101,2.00000000
2018-02-24 01:18:00,0.00058101,86.00000000
2018-02-24 01:18:01,0.00058101,4.00000000
2018-02-24 01:18:01,0.00058101,7.00000000
2018-02-24 01:18:01,0.00058101,4.00000000
2018-02-24 01:18:01,0.00058101,14.00000000
2018-02-24 01:18:01,0.00058101,5.00000000
2018-02-24 01:18:01,0.00058101,4.00000000
2018-02-24 01:18:01,0.00058101,4.00000000
2018-02-24 01:18:01,0.00058101,10.00000000
2018-02-24 01:18:01,0.00058101,4.00000000
2018-02-24 01:18:01,0.00058191,4.00000000
2018-02-24 01:18:01,0.00058191,10.00000000
2018-02-24 01:18:02,0.00058191,4.00000000
2018-02-24 01:18:02,0.00058191,17.00000000
2018-02-24 01:18:02,0.00058228,4.00000000
2018-02-24 01:18:03,0.00058347,9.00000000
2018-02-24 01:18:03,0.00058347,1.00000000
2018-02-24 01:18:03,0.00058348,6.00000000
2018-02-24 01:18:04,0.00058348,8.00000000
2018-02-24 01:18:05,0.00058234,18.00000000
2018-02-24 01:18:05,0.00058234,2.00000000
2018-02-24 01:18:05,0.00058233,25.00000000
2018-02-24 01:18:05,0.00058348,2.00000000
2018-02-24 01:18:05,0.00058233,85.00000000
2018-02-24 01:18:06,0.00058347,5.00000000
2018-02-24 01:18:06,0.00058231,83.00000000
2018-02-24 01:18:06,0.00058067,5.00000000
2018-02-24 01:18:06,0.00058066,5.00000000
2018-02-24 01:18:06,0.00058020,291.00000000
2018-02-24 01:18:06,0.00058000,6.00000000
2018-02-24 01:18:06,0.00058000,68.00000000
2018-02-24 01:18:06,0.00058000,18.00000000
2018-02-24 01:18:06,0.00058000,17.00000000
2018-02-24 01:18:06,0.00058000,13.00000000
2018-02-24 01:18:06,0.00058000,17.00000000
2018-02-24 01:18:06,0.00058000,44.00000000
2018-02-24 01:18:06,0.00057998,15.00000000
2018-02-24 01:18:06,0.00057998,11.00000000
2018-02-24 01:18:06,0.00057998,15.00000000
2018-02-24 01:18:06,0.00057998,69.00000000
2018-02-24 01:18:06,0.00058000,14.00000000
2018-02-24 01:18:06,0.00058000,21.00000000
2018-02-24 01:18:06,0.00057997,5.00000000
2018-02-24 01:18:06,0.00058000,151.00000000
2018-02-24 01:18:07,0.00058000,121.00000000
2018-02-24 01:18:07,0.00058000,143.00000000
2018-02-24 01:18:07,0.00058000,15.00000000
2018-02-24 01:18:07,0.00058000,44.00000000
2018-02-24 01:18:07,0.00058232,5.00000000
2018-02-24 01:18:07,0.00058233,3.00000000
2018-02-24 01:18:07,0.00058003,166.00000000
2018-02-24 01:18:07,0.00058233,4.00000000
2018-02-24 01:18:07,0.00058233,1.00000000
2018-02-24 01:18:07,0.00058335,16.00000000
2018-02-24 01:18:07,0.00058003,5.00000000
2018-02-24 01:18:07,0.00058002,9.00000000
2018-02-24 01:18:08,0.00058002,84.00000000
2018-02-24 01:18:08,0.00058001,67.00000000
2018-02-24 01:18:08,0.00058335,4.00000000
2018-02-24 01:18:08,0.00058333,3.00000000
2018-02-24 01:18:08,0.00058333,3.00000000
2018-02-24 01:18:08,0.00058332,4.00000000
2018-02-24 01:18:08,0.00058332,14.00000000
2018-02-24 01:18:08,0.00058332,14.00000000
2018-02-24 01:18:08,0.00058332,4.00000000
2018-02-24 01:18:08,0.00058331,7.00000000
2018-02-24 01:18:09,0.00058231,4.00000000
2018-02-24 01:18:09,0.00058231,1.00000000
2018-02-24 01:18:09,0.00058329,74.00000000
2018-02-24 01:18:09,0.00058229,4.00000000
2018-02-24 01:18:10,0.00058228,3.00000000
2018-02-24 01:18:10,0.00058229,4.00000000
2018-02-24 01:18:10,0.00058229,7.00000000
2018-02-24 01:18:10,0.00058229,9.00000000
2018-02-24 01:18:10,0.00058228,5.00000000
2018-02-24 01:18:10,0.00058228,6.00000000
2018-02-24 01:18:10,0.00058229,11.00000000
2018-02-24 01:18:10,0.00058230,14.00000000
2018-02-24 01:18:11,0.00058229,46.00000000
2018-02-24 01:18:11,0.00058112,17.00000000
2018-02-24 01:18:11,0.00058229,10.00000000
2018-02-24 01:18:11,0.00058230,1.00000000
2018-02-24 01:18:11,0.00058231,5.00000000
2018-02-24 01:18:11,0.00058329,1.00000000
2018-02-24 01:18:11,0.00058329,4.00000000
2018-02-24 01:18:12,0.00058273,22.00000000
2018-02-24 01:18:13,0.00058272,3.00000000
2018-02-24 01:18:13,0.00058272,17.00000000
2018-02-24 01:18:14,0.00058271,21.00000000
2018-02-24 01:18:14,0.00058272,73.00000000
2018-02-24 01:18:14,0.00058273,9.00000000
2018-02-24 01:18:14,0.00058029,311.00000000
2018-02-24 01:18:14,0.00058028,20.00000000
2018-02-24 01:18:14,0.00058026,25.00000000
2018-02-24 01:18:14,0.00058024,30.00000000
2018-02-24 01:18:14,0.00058023,154.00000000
2018-02-24 01:18:14,0.00058022,83.00000000
2018-02-24 01:18:14,0.00058020,140.00000000
2018-02-24 01:18:14,0.00058272,22.00000000
2018-02-24 01:18:14,0.00058270,4.00000000
2018-02-24 01:18:15,0.00058270,46.00000000
2018-02-24 01:18:15,0.00058271,140.00000000
2018-02-24 01:18:15,0.00058272,26.00000000
2018-02-24 01:18:15,0.00058273,30.00000000
2018-02-24 01:18:15,0.00058331,197.00000000
2018-02-24 01:18:15,0.00058271,30.00000000
2018-02-24 01:18:15,0.00058271,25.00000000
2018-02-24 01:18:15,0.00058271,30.00000000
2018-02-24 01:18:16,0.00058269,4.00000000
2018-02-24 01:18:16,0.00058269,4.00000000
2018-02-24 01:18:16,0.00058269,10.00000000
2018-02-24 01:18:16,0.00058268,15.00000000
2018-02-24 01:18:18,0.00058268,5.00000000
2018-02-24 01:18:18,0.00058267,4.00000000
2018-02-24 01:18:19,0.00058266,4.00000000
2018-02-24 01:18:19,0.00058266,4.00000000
2018-02-24 01:18:19,0.00058266,9.00000000
2018-02-24 01:18:20,0.00058299,7.00000000
2018-02-24 01:18:23,0.00058297,3.00000000
2018-02-24 01:18:25,0.00058296,2.00000000
2018-02-24 01:18:26,0.00058295,14.00000000
2018-02-24 01:18:27,0.00058293,4.00000000
2018-02-24 01:18:28,0.00058293,2.00000000
2018-02-24 01:18:30,0.00058250,7.00000000
2018-02-24 01:18:30,0.00058219,2.00000000
2018-02-24 01:18:30,0.00058219,4.00000000
2018-02-24 01:18:30,0.00058219,6.00000000
2018-02-24 01:18:30,0.00058219,17.00000000
2018-02-24 01:18:30,0.00058219,17.00000000
2018-02-24 01:18:30,0.00058218,7.00000000
2018-02-24 01:18:30,0.00058218,8.00000000
2018-02-24 01:18:30,0.00058218,31.00000000
2018-02-24 01:18:31,0.00058250,9.00000000
2018-02-24 01:18:32,0.00058219,15.00000000
2018-02-24 01:18:32,0.00058218,8.00000000
2018-02-24 01:18:32,0.00058150,20.00000000
2018-02-24 01:18:32,0.00058151,11.00000000
2018-02-24 01:18:32,0.00058150,63.00000000
2018-02-24 01:18:32,0.00058149,30.00000000
2018-02-24 01:18:32,0.00058148,206.00000000
2018-02-24 01:18:32,0.00058135,68.00000000
2018-02-24 01:18:32,0.00058126,149.00000000
2018-02-24 01:18:32,0.00058125,16.00000000
2018-02-24 01:18:32,0.00058101,5.00000000
2018-02-24 01:18:32,0.00058090,8.00000000
2018-02-24 01:18:32,0.00058013,18.00000000
2018-02-24 01:18:32,0.00058000,22.00000000
2018-02-24 01:18:32,0.00058000,30.00000000
2018-02-24 01:18:33,0.00058000,30.00000000
2018-02-24 01:18:33,0.00058000,1222.00000000
2018-02-24 01:18:33,0.00058000,30.00000000
2018-02-24 01:18:33,0.00058000,381.00000000
2018-02-24 01:18:33,0.00058290,7.00000000
2018-02-24 01:18:33,0.00058291,39.00000000
2018-02-24 01:18:33,0.00058292,34.00000000
2018-02-24 01:18:33,0.00058293,140.00000000
2018-02-24 01:18:33,0.00058293,12.00000000
2018-02-24 01:18:35,0.00058264,34.00000000
2018-02-24 01:18:37,0.00058015,12.00000000
2018-02-24 01:18:37,0.00057992,61.00000000
2018-02-24 01:18:37,0.00057992,136.00000000
2018-02-24 01:18:37,0.00057990,51.00000000
2018-02-24 01:18:37,0.00057989,216.00000000
2018-02-24 01:18:37,0.00057988,154.00000000
2018-02-24 01:18:37,0.00057983,30.00000000
2018-02-24 01:18:37,0.00057980,34.00000000
2018-02-24 01:18:37,0.00057978,22.00000000
2018-02-24 01:18:37,0.00057923,68.00000000
2018-02-24 01:18:38,0.00058258,1.00000000
2018-02-24 01:18:38,0.00058258,73.00000000
2018-02-24 01:18:39,0.00058147,12.00000000
2018-02-24 01:18:40,0.00058143,9.00000000
2018-02-24 01:18:41,0.00058084,7.00000000
2018-02-24 01:18:42,0.00058135,2.00000000
2018-02-24 01:18:43,0.00058131,2.00000000
2018-02-24 01:18:43,0.00058129,4.00000000
2018-02-24 01:18:44,0.00058125,3.00000000
2018-02-24 01:18:44,0.00058126,3.00000000
2018-02-24 01:18:44,0.00058123,151.00000000
2018-02-24 01:18:44,0.00058128,68.00000000
2018-02-24 01:18:44,0.00058134,30.00000000
2018-02-24 01:18:44,0.00058139,49.00000000
2018-02-24 01:18:44,0.00058152,146.00000000
2018-02-24 01:18:44,0.00058234,10.00000000
2018-02-24 01:18:44,0.00058257,16.00000000
2018-02-24 01:18:44,0.00058258,132.00000000
2018-02-24 01:18:44,0.00058261,43.00000000
2018-02-24 01:18:44,0.00058262,24.00000000
2018-02-24 01:18:44,0.00058264,122.00000000
2018-02-24 01:18:44,0.00058265,5.00000000
2018-02-24 01:18:44,0.00058331,303.00000000
2018-02-24 01:18:44,0.00058334,40.00000000
2018-02-24 01:18:44,0.00058365,149.00000000
2018-02-24 01:18:44,0.00058385,46.00000000
2018-02-24 01:18:46,0.00058119,23.00000000
2018-02-24 01:18:46,0.00058124,1.00000000
2018-02-24 01:18:47,0.00058123,10.00000000
2018-02-24 01:18:47,0.00058124,5.00000000
2018-02-24 01:18:47,0.00058124,3.00000000
2018-02-24 01:18:48,0.00058124,140.00000000
2018-02-24 01:18:48,0.00058127,19.00000000
2018-02-24 01:18:48,0.00058138,10.00000000
2018-02-24 01:18:48,0.00058138,10.00000000
2018-02-24 01:18:53,0.00058363,2.00000000
2018-02-24 01:18:55,0.00058361,30.00000000
2018-02-24 01:18:55,0.00058362,50.00000000
2018-02-24 01:18:56,0.00058348,17.00000000
2018-02-24 01:18:56,0.00058361,9.00000000
2018-02-24 01:18:57,0.00058269,17.00000000
2018-02-24 01:18:57,0.00058171,20.00000000
2018-02-24 01:18:57,0.00058169,179.00000000
2018-02-24 01:18:57,0.00058163,68.00000000
2018-02-24 01:18:57,0.00058145,114.00000000
2018-02-24 01:19:01,0.00058339,4.00000000
2018-02-24 01:19:03,0.00058336,2.00000000
2018-02-24 01:19:05,0.00058300,14.00000000
2018-02-24 01:19:05,0.00058318,20.00000000
2018-02-24 01:19:05,0.00058318,5.00000000
2018-02-24 01:19:07,0.00058316,8.00000000
2018-02-24 01:19:08,0.00058314,4.00000000
2018-02-24 01:19:09,0.00058233,10.00000000
2018-02-24 01:19:10,0.00058233,2.00000000
2018-02-24 01:19:10,0.00058312,5.00000000
2018-02-24 01:19:10,0.00058312,108.00000000
2018-02-24 01:19:10,0.00058312,3.00000000
2018-02-24 01:19:10,0.00058312,27.00000000
2018-02-24 01:19:10,0.00058190,12.00000000
2018-02-24 01:19:11,0.00058312,31.00000000
2018-02-24 01:19:12,0.00058313,168.00000000
2018-02-24 01:19:12,0.00058196,15.00000000
2018-02-24 01:19:16,0.00058304,10.00000000
2018-02-24 01:19:18,0.00058197,2.00000000
2018-02-24 01:19:18,0.00058301,10.00000000
2018-02-24 01:19:18,0.00058301,4.00000000
2018-02-24 01:19:19,0.00058197,7.00000000
2018-02-24 01:19:19,0.00058197,2.00000000
2018-02-24 01:19:19,0.00058197,10.00000000
2018-02-24 01:19:19,0.00058298,3.00000000
2018-02-24 01:19:19,0.00058300,2.00000000
2018-02-24 01:19:20,0.00058301,17.00000000
2018-02-24 01:19:21,0.00058300,9.00000000
2018-02-24 01:19:21,0.00058300,22.00000000
2018-02-24 01:19:23,0.00058299,2.00000000
2018-02-24 01:19:24,0.00058299,9.00000000
2018-02-24 01:19:24,0.00058202,19.00000000
2018-02-24 01:19:24,0.00058196,16.00000000
2018-02-24 01:19:24,0.00058195,33.00000000
2018-02-24 01:19:25,0.00058297,38.00000000
2018-02-24 01:19:33,0.00058276,12.00000000
2018-02-24 01:19:34,0.00058276,12.00000000
2018-02-24 01:19:36,0.00058275,10.00000000
2018-02-24 01:19:37,0.00058275,5.00000000
2018-02-24 01:19:38,0.00058273,17.00000000
2018-02-24 01:19:39,0.00058273,1.00000000
2018-02-24 01:19:40,0.00058273,29.00000000
2018-02-24 01:19:41,0.00058273,18.00000000
2018-02-24 01:19:41,0.00058274,109.00000000
2018-02-24 01:19:45,0.00058274,4.00000000
2018-02-24 01:19:50,0.00058274,2.00000000
2018-02-24 01:19:53,0.00058273,16.00000000
2018-02-24 01:19:56,0.00058272,2.00000000
2018-02-24 01:19:56,0.00058272,95.00000000
2018-02-24 01:19:56,0.00058273,7.00000000
2018-02-24 01:19:56,0.00058275,12.00000000
2018-02-24 01:20:00,0.00058277,10.00000000
2018-02-24 01:20:00,0.00058276,10.00000000
2018-02-24 01:20:00,0.00058276,84.00000000
2018-02-24 01:20:00,0.00058276,67.00000000
2018-02-24 01:20:01,0.00058276,93.00000000
2018-02-24 01:20:03,0.00058275,10.00000000
2018-02-24 01:20:06,0.00058276,4.00000000
2018-02-24 01:20:07,0.00058276,1.00000000
2018-02-24 01:20:09,0.00058200,9.00000000
2018-02-24 01:20:09,0.00058197,20.00000000
2018-02-24 01:20:09,0.00058196,14.00000000
2018-02-24 01:20:22,0.00058197,1.00000000
2018-02-24 01:20:25,0.00058275,10.00000000
2018-02-24 01:20:28,0.00058275,22.00000000
2018-02-24 01:20:28,0.00058275,3.00000000
2018-02-24 01:20:41,0.00058275,16.00000000
2018-02-24 01:20:41,0.00058276,402.00000000
2018-02-24 01:20:41,0.00058287,290.00000000
2018-02-24 01:20:41,0.00058297,10.00000000
2018-02-24 01:20:41,0.00058300,36.00000000
2018-02-24 01:20:41,0.00058335,121.00000000
2018-02-24 01:20:43,0.00058335,7.00000000
2018-02-24 01:20:46,0.00058335,2.00000000
2018-02-24 01:20:54,0.00058220,10.00000000
2018-02-24 01:20:54,0.00058220,33.00000000
2018-02-24 01:20:54,0.00058220,7.00000000
2018-02-24 01:20:54,0.00058220,51.00000000
2018-02-24 01:20:54,0.00058220,51.00000000
2018-02-24 01:20:54,0.00058220,51.00000000
2018-02-24 01:20:55,0.00058220,49.00000000
2018-02-24 01:20:55,0.00058220,51.00000000
2018-02-24 01:20:55,0.00058220,169.00000000
2018-02-24 01:20:55,0.00058220,51.00000000
2018-02-24 01:20:55,0.00058220,48.00000000
2018-02-24 01:20:55,0.00058220,22.00000000
2018-02-24 01:20:55,0.00058220,20.00000000
2018-02-24 01:20:55,0.00058220,18.00000000
2018-02-24 01:20:55,0.00058220,18.00000000
2018-02-24 01:20:56,0.00058220,17.00000000
2018-02-24 01:20:56,0.00058220,280.00000000
2018-02-24 01:20:56,0.00058275,366.00000000
2018-02-24 01:20:56,0.00058219,17.00000000
2018-02-24 01:20:56,0.00058201,109.00000000
2018-02-24 01:21:01,0.00058275,17.00000000
2018-02-24 01:21:04,0.00058274,2.00000000
2018-02-24 01:21:04,0.00058274,9.00000000
2018-02-24 01:21:11,0.00058202,10.00000000
2018-02-24 01:21:11,0.00058201,113.00000000
2018-02-24 01:21:11,0.00058196,259.00000000
2018-02-24 01:21:13,0.00058200,6.00000000
2018-02-24 01:21:13,0.00058196,3.00000000
2018-02-24 01:21:13,0.00058159,7.00000000
2018-02-24 01:21:23,0.00058159,1.00000000
2018-02-24 01:21:30,0.00058259,8.00000000
2018-02-24 01:21:42,0.00058252,4.00000000
2018-02-24 01:21:45,0.00058244,4.00000000
2018-02-24 01:21:48,0.00058239,4.00000000
2018-02-24 01:21:49,0.00058240,17.00000000
2018-02-24 01:21:49,0.00058240,12.00000000
2018-02-24 01:21:51,0.00058256,3.00000000
2018-02-24 01:21:51,0.00058256,51.00000000
2018-02-24 01:21:51,0.00058256,27.00000000
2018-02-24 01:21:51,0.00058256,22.00000000
2018-02-24 01:21:52,0.00058256,22.00000000
2018-02-24 01:21:53,0.00058256,598.00000000
2018-02-24 01:21:53,0.00058258,25.00000000
2018-02-24 01:21:55,0.00058259,4.00000000
2018-02-24 01:21:58,0.00058274,4.00000000
2018-02-24 01:22:06,0.00058273,2.00000000
2018-02-24 01:22:06,0.00058274,16.00000000
2018-02-24 01:22:08,0.00058274,4.00000000
2018-02-24 01:22:09,0.00058274,51.00000000
2018-02-24 01:22:09,0.00058274,50.00000000
2018-02-24 01:22:10,0.00058274,41.00000000
2018-02-24 01:22:11,0.00058274,129.00000000
2018-02-24 01:22:12,0.00058274,5.00000000
2018-02-24 01:22:14,0.00058275,34.00000000
2018-02-24 01:22:14,0.00058275,4.00000000
2018-02-24 01:22:14,0.00058275,5.00000000
2018-02-24 01:22:15,0.00058275,164.00000000
2018-02-24 01:22:17,0.00058274,30.00000000
2018-02-24 01:22:20,0.00058275,229.00000000
2018-02-24 01:22:20,0.00058275,45.00000000
2018-02-24 01:22:21,0.00058275,34.00000000
2018-02-24 01:22:34,0.00058275,6.00000000
2018-02-24 01:22:35,0.00058275,29.00000000
2018-02-24 01:22:36,0.00058275,67.00000000
2018-02-24 01:22:38,0.00058301,5.00000000
2018-02-24 01:22:39,0.00058275,4.00000000
2018-02-24 01:22:45,0.00058274,18.00000000
2018-02-24 01:22:46,0.00058274,9.00000000
2018-02-24 01:22:55,0.00058275,41.00000000
2018-02-24 01:23:02,0.00058301,22.00000000
2018-02-24 01:23:03,0.00058301,3.00000000
2018-02-24 01:23:08,0.00058301,4.00000000
2018-02-24 01:23:09,0.00058301,3.00000000
2018-02-24 01:23:10,0.00058276,10.00000000
2018-02-24 01:23:10,0.00058331,2.00000000
2018-02-24 01:23:10,0.00058335,146.00000000
2018-02-24 01:23:10,0.00058348,17.00000000
2018-02-24 01:23:10,0.00058361,178.00000000
2018-02-24 01:23:10,0.00058372,515.00000000
2018-02-24 01:23:12,0.00058371,85.00000000
2018-02-24 01:23:15,0.00058371,2.00000000
2018-02-24 01:23:15,0.00058371,3.00000000
2018-02-24 01:23:17,0.00058371,3.00000000
2018-02-24 01:23:24,0.00058351,10.00000000
2018-02-24 01:23:24,0.00058350,3.00000000
2018-02-24 01:23:24,0.00058350,123.00000000
2018-02-24 01:23:26,0.00058370,2.00000000
2018-02-24 01:23:30,0.00058370,3.00000000
2018-02-24 01:23:31,0.00058350,1.00000000
2018-02-24 01:23:39,0.00058350,8.00000000
2018-02-24 01:23:48,0.00058350,2.00000000
2018-02-24 01:23:53,0.00058302,3.00000000
2018-02-24 01:23:56,0.00058345,17.00000000
2018-02-24 01:24:10,0.00058345,17.00000000
2018-02-24 01:24:26,0.00058340,86.00000000
2018-02-24 01:24:26,0.00058345,273.00000000
2018-02-24 01:24:29,0.00058340,34.00000000
2018-02-24 01:24:29,0.00058344,4.00000000
2018-02-24 01:24:29,0.00058345,50.00000000
2018-02-24 01:24:39,0.00058344,2.00000000
2018-02-24 01:24:42,0.00058344,11.00000000
2018-02-24 01:24:44,0.00058344,21.00000000
2018-02-24 01:24:45,0.00058344,228.00000000
2018-02-24 01:24:45,0.00058345,64.00000000
2018-02-24 01:24:48,0.00058344,8.00000000
2018-02-24 01:24:48,0.00058344,3.00000000
2018-02-24 01:25:06,0.00058303,9.00000000
2018-02-24 01:25:06,0.00058302,91.00000000
2018-02-24 01:25:07,0.00058343,79.00000000
2018-02-24 01:25:12,0.00058303,13.00000000
2018-02-24 01:25:12,0.00058302,3.00000000
2018-02-24 01:25:15,0.00058342,22.00000000
2018-02-24 01:25:15,0.00058343,175.00000000
2018-02-24 01:25:19,0.00058343,17.00000000
2018-02-24 01:25:20,0.00058343,8.00000000
2018-02-24 01:25:22,0.00058306,213.00000000
2018-02-24 01:25:22,0.00058303,9.00000000
2018-02-24 01:25:22,0.00058302,57.00000000
2018-02-24 01:25:22,0.00058301,86.00000000
2018-02-24 01:25:22,0.00058275,12.00000000
2018-02-24 01:25:22,0.00058274,23.00000000
2018-02-24 01:25:22,0.00058253,68.00000000
2018-02-24 01:25:22,0.00058187,5.00000000
2018-02-24 01:25:22,0.00058186,5.00000000
2018-02-24 01:25:22,0.00058179,4.00000000
2018-02-24 01:25:23,0.00058341,68.00000000
2018-02-24 01:25:23,0.00058342,10.00000000
2018-02-24 01:25:23,0.00058343,10.00000000
2018-02-24 01:25:23,0.00058344,659.00000000
2018-02-24 01:25:23,0.00058345,216.00000000
2018-02-24 01:25:23,0.00058350,126.00000000
2018-02-24 01:25:23,0.00058370,156.00000000
2018-02-24 01:25:23,0.00058389,467.00000000
2018-02-24 01:25:53,0.00058310,5.00000000
2018-02-24 01:26:03,0.00058339,22.00000000
2018-02-24 01:26:03,0.00058340,90.00000000
2018-02-24 01:26:03,0.00058343,13.00000000
2018-02-24 01:26:03,0.00058344,13.00000000
2018-02-24 01:26:03,0.00058345,13.00000000
2018-02-24 01:26:03,0.00058350,13.00000000
2018-02-24 01:26:03,0.00058370,11.00000000
2018-02-24 01:26:04,0.00058370,1.00000000
2018-02-24 01:26:08,0.00058325,5.00000000
2018-02-24 01:26:13,0.00058325,263.00000000
2018-02-24 01:26:13,0.00058325,73.00000000
2018-02-24 01:26:14,0.00058325,100.00000000
2018-02-24 01:26:51,0.00058326,232.00000000
2018-02-24 01:26:51,0.00058326,3.00000000
2018-02-24 01:26:51,0.00058326,65.00000000
2018-02-24 01:26:53,0.00058325,107.00000000
2018-02-24 01:26:57,0.00058370,2.00000000
2018-02-24 01:27:01,0.00058325,616.00000000
2018-02-24 01:27:15,0.00058330,34.00000000
2018-02-24 01:27:18,0.00058330,46.00000000
2018-02-24 01:27:20,0.00058370,25.00000000
2018-02-24 01:27:27,0.00058330,28.00000000
2018-02-24 01:27:27,0.00058330,9.00000000
2018-02-24 01:27:27,0.00058330,24.00000000
2018-02-24 01:27:28,0.00058326,37.00000000
2018-02-24 01:27:28,0.00058326,22.00000000
2018-02-24 01:27:28,0.00058327,5.00000000
2018-02-24 01:27:31,0.00058327,31.00000000
2018-02-24 01:27:32,0.00058326,24.00000000
2018-02-24 01:27:32,0.00058326,27.00000000
2018-02-24 01:27:35,0.00058327,4.00000000
2018-02-24 01:27:44,0.00058328,9.00000000
2018-02-24 01:27:54,0.00058329,29.00000000
2018-02-24 01:27:57,0.00058329,6.00000000
2018-02-24 01:28:12,0.00058328,51.00000000
2018-02-24 01:28:13,0.00058328,4.00000000
2018-02-24 01:28:13,0.00058328,5.00000000
2018-02-24 01:28:13,0.00058328,51.00000000
2018-02-24 01:28:13,0.00058328,3.00000000
2018-02-24 01:28:14,0.00058328,6.00000000
2018-02-24 01:28:14,0.00058328,11.00000000
2018-02-24 01:28:15,0.00058328,15.00000000
2018-02-24 01:28:15,0.00058328,5.00000000
2018-02-24 01:28:15,0.00058327,52.00000000
2018-02-24 01:28:18,0.00058327,296.00000000
2018-02-24 01:28:18,0.00058326,150.00000000
2018-02-24 01:28:18,0.00058325,1203.00000000
2018-02-24 01:28:26,0.00058310,125.00000000
2018-02-24 01:28:26,0.00058309,10.00000000
2018-02-24 01:28:29,0.00058309,3.00000000
2018-02-24 01:28:31,0.00058309,15.00000000
2018-02-24 01:28:31,0.00058310,185.00000000
2018-02-24 01:28:35,0.00058309,15.00000000
2018-02-24 01:28:36,0.00058309,17.00000000
2018-02-24 01:28:48,0.00058308,3.00000000
2018-02-24 01:28:51,0.00058308,10.00000000
2018-02-24 01:28:51,0.00058307,13.00000000
2018-02-24 01:28:51,0.00058254,9.00000000
2018-02-24 01:28:51,0.00058254,13.00000000
2018-02-24 01:28:54,0.00058254,8.00000000
2018-02-24 01:28:54,0.00058253,68.00000000
2018-02-24 01:28:54,0.00058250,8.00000000
2018-02-24 01:28:55,0.00058250,24.00000000
2018-02-24 01:28:55,0.00058250,365.00000000
2018-02-24 01:28:55,0.00058220,5.00000000
2018-02-24 01:28:55,0.00058200,270.00000000
2018-02-24 01:28:56,0.00058200,127.00000000
2018-02-24 01:28:56,0.00058180,11.00000000
2018-02-24 01:28:56,0.00058306,4.00000000
2018-02-24 01:28:58,0.00058301,4.00000000
2018-02-24 01:28:58,0.00058306,6.00000000
2018-02-24 01:29:12,0.00058305,9.00000000
2018-02-24 01:29:31,0.00058300,4.00000000
2018-02-24 01:29:37,0.00058219,7.00000000
2018-02-24 01:29:40,0.00058222,47.00000000
2018-02-24 01:29:40,0.00058220,9.00000000
2018-02-24 01:29:40,0.00058212,4.00000000
2018-02-24 01:29:40,0.00058210,35.00000000
2018-02-24 01:29:40,0.00058299,2.00000000
2018-02-24 01:29:44,0.00058211,15.00000000
2018-02-24 01:29:44,0.00058210,288.00000000
2018-02-24 01:29:44,0.00058206,1.00000000
2018-02-24 01:29:45,0.00058209,9.00000000
2018-02-24 01:29:45,0.00058210,17.00000000
2018-02-24 01:29:48,0.00058206,3.00000000
2018-02-24 01:29:48,0.00058173,25.00000000
2018-02-24 01:29:49,0.00058210,8.00000000
2018-02-24 01:29:51,0.00058210,4.00000000
2018-02-24 01:29:52,0.00058173,202.00000000
2018-02-24 01:29:52,0.00058168,567.00000000
2018-02-24 01:29:53,0.00058159,8.00000000
2018-02-24 01:29:53,0.00058129,13.00000000
2018-02-24 01:29:53,0.00058116,276.00000000
2018-02-24 01:29:55,0.00058168,5.00000000
2018-02-24 01:29:57,0.00058129,15.00000000
2018-02-24 01:29:57,0.00058116,201.00000000
2018-02-24 01:29:57,0.00058116,4.00000000
2018-02-24 01:29:58,0.00058116,20.00000000
2018-02-24 01:29:58,0.00058116,12.00000000
2018-02-24 01:29:58,0.00058116,17.00000000
2018-02-24 01:29:58,0.00058116,61.00000000
2018-02-24 01:30:00,0.00058116,6.00000000
2018-02-24 01:30:03,0.00058115,4.00000000
2018-02-24 01:30:03,0.00058115,6.00000000
2018-02-24 01:30:06,0.00058115,4.00000000
2018-02-24 01:30:06,0.00058113,9.00000000
2018-02-24 01:30:06,0.00058107,159.00000000
2018-02-24 01:30:07,0.00058107,223.00000000
2018-02-24 01:30:09,0.00058106,3.00000000
2018-02-24 01:30:09,0.00058100,45.00000000
2018-02-24 01:30:09,0.00058067,9.00000000
2018-02-24 01:30:09,0.00058010,1.00000000
2018-02-24 01:30:10,0.00058107,6.00000000
2018-02-24 01:30:11,0.00058010,32.00000000
2018-02-24 01:30:13,0.00058107,95.00000000
2018-02-24 01:30:13,0.00058010,125.00000000
2018-02-24 01:30:20,0.00058115,2.00000000
2018-02-24 01:30:20,0.00058011,83.00000000
2018-02-24 01:30:20,0.00058010,280.00000000
2018-02-24 01:30:21,0.00058010,112.00000000
2018-02-24 01:30:23,0.00058113,4.00000000
2018-02-24 01:30:25,0.00058113,9.00000000
2018-02-24 01:30:27,0.00058010,98.00000000
2018-02-24 01:30:28,0.00058113,4.00000000
2018-02-24 01:30:29,0.00058010,1057.00000000
2018-02-24 01:30:29,0.00058010,16.00000000
2018-02-24 01:30:29,0.00058010,13.00000000
2018-02-24 01:30:29,0.00058010,13.00000000
2018-02-24 01:30:29,0.00058010,15.00000000
2018-02-24 01:30:29,0.00058009,16.00000000
2018-02-24 01:30:29,0.00058009,1.00000000
2018-02-24 01:30:30,0.00058009,5.00000000
2018-02-24 01:30:31,0.00058009,60.00000000
2018-02-24 01:30:33,0.00058010,1047.00000000
2018-02-24 01:30:36,0.00058115,3.00000000
2018-02-24 01:30:36,0.00058115,5.00000000
2018-02-24 01:30:37,0.00058115,17.00000000
2018-02-24 01:30:37,0.00058115,50.00000000
2018-02-24 01:30:37,0.00058115,51.00000000
2018-02-24 01:30:37,0.00058118,19.00000000
2018-02-24 01:30:38,0.00058292,4.00000000
2018-02-24 01:30:39,0.00058292,7.00000000
2018-02-24 01:30:39,0.00058293,10.00000000
2018-02-24 01:30:39,0.00058293,4.00000000
2018-02-24 01:30:39,0.00058293,4.00000000
2018-02-24 01:30:41,0.00058160,5.00000000
2018-02-24 01:30:41,0.00058146,5.00000000
2018-02-24 01:30:41,0.00058146,61.00000000
2018-02-24 01:30:41,0.00058292,3.00000000
2018-02-24 01:30:41,0.00058147,20.00000000
2018-02-24 01:30:41,0.00058292,10.00000000
2018-02-24 01:30:41,0.00058146,65.00000000
2018-02-24 01:30:41,0.00058292,2.00000000
2018-02-24 01:30:42,0.00058151,4.00000000
2018-02-24 01:30:42,0.00058146,20.00000000
2018-02-24 01:30:42,0.00058286,4.00000000
2018-02-24 01:30:42,0.00058286,4.00000000
2018-02-24 01:30:42,0.00058286,4.00000000
2018-02-24 01:30:42,0.00058284,3.00000000
2018-02-24 01:30:43,0.00058143,21.00000000
2018-02-24 01:30:43,0.00058284,4.00000000
2018-02-24 01:30:43,0.00058283,3.00000000
2018-02-24 01:30:43,0.00058283,4.00000000
2018-02-24 01:30:43,0.00058283,3.00000000
2018-02-24 01:30:45,0.00058278,3.00000000
2018-02-24 01:30:45,0.00058278,4.00000000
2018-02-24 01:30:45,0.00058278,5.00000000
2018-02-24 01:30:46,0.00058277,4.00000000
2018-02-24 01:30:46,0.00058275,4.00000000
2018-02-24 01:30:47,0.00058274,7.00000000
2018-02-24 01:30:47,0.00058120,30.00000000
2018-02-24 01:30:48,0.00058265,4.00000000
2018-02-24 01:30:48,0.00058119,45.00000000
2018-02-24 01:30:48,0.00058121,18.00000000
2018-02-24 01:30:49,0.00058119,38.00000000
2018-02-24 01:30:49,0.00058118,30.00000000
2018-02-24 01:30:50,0.00058238,19.00000000
2018-02-24 01:30:51,0.00058238,26.00000000
2018-02-24 01:30:51,0.00058115,18.00000000
2018-02-24 01:30:51,0.00058115,83.00000000
2018-02-24 01:30:52,0.00058072,1.00000000
2018-02-24 01:30:59,0.00058050,10.00000000
2018-02-24 01:31:08,0.00058064,10.00000000
2018-02-24 01:31:08,0.00058064,4.00000000
2018-02-24 01:31:10,0.00058050,25.00000000
2018-02-24 01:31:12,0.00058049,4.00000000
2018-02-24 01:31:12,0.00058015,16.00000000
2018-02-24 01:31:14,0.00058058,32.00000000
2018-02-24 01:31:22,0.00058052,43.00000000
2018-02-24 01:31:25,0.00058050,4.00000000
2018-02-24 01:31:25,0.00058049,5.00000000
2018-02-24 01:31:25,0.00058051,96.00000000
2018-02-24 01:31:25,0.00058051,5.00000000
2018-02-24 01:31:26,0.00058050,26.00000000
2018-02-24 01:31:30,0.00058050,48.00000000
2018-02-24 01:31:31,0.00058058,7.00000000
2018-02-24 01:31:36,0.00058058,17.00000000
2018-02-24 01:31:36,0.00058058,16.00000000
2018-02-24 01:31:36,0.00058058,16.00000000
2018-02-24 01:31:36,0.00058052,16.00000000
2018-02-24 01:31:42,0.00058053,63.00000000
2018-02-24 01:31:43,0.00058052,109.00000000
2018-02-24 01:31:43,0.00058052,34.00000000
2018-02-24 01:31:43,0.00058052,51.00000000
2018-02-24 01:31:43,0.00058052,86.00000000
2018-02-24 01:31:43,0.00058052,51.00000000
2018-02-24 01:31:43,0.00058052,37.00000000
2018-02-24 01:31:43,0.00058052,156.00000000
2018-02-24 01:31:43,0.00058052,51.00000000
2018-02-24 01:31:43,0.00058052,247.00000000
2018-02-24 01:31:43,0.00058052,5.00000000
2018-02-24 01:31:43,0.00058052,26.00000000
2018-02-24 01:31:43,0.00058052,74.00000000
2018-02-24 01:31:43,0.00058050,57.00000000
2018-02-24 01:31:44,0.00058023,4.00000000
2018-02-24 01:31:44,0.00058015,27.00000000
2018-02-24 01:31:44,0.00058015,14.00000000
2018-02-24 01:31:44,0.00058050,130.00000000
2018-02-24 01:31:44,0.00058052,51.00000000
2018-02-24 01:31:44,0.00058052,34.00000000
2018-02-24 01:31:44,0.00058052,9.00000000
2018-02-24 01:31:44,0.00058015,43.00000000
2018-02-24 01:31:44,0.00058015,51.00000000
2018-02-24 01:31:45,0.00058015,15.00000000
2018-02-24 01:31:45,0.00058015,559.00000000
2018-02-24 01:31:45,0.00058015,26.00000000
2018-02-24 01:31:46,0.00058015,56.00000000
2018-02-24 01:31:46,0.00058015,51.00000000
2018-02-24 01:31:46,0.00058015,51.00000000
2018-02-24 01:31:46,0.00058015,51.00000000
2018-02-24 01:31:46,0.00058015,51.00000000
2018-02-24 01:31:46,0.00058015,51.00000000
2018-02-24 01:31:47,0.00058015,51.00000000
2018-02-24 01:31:47,0.00058015,18.00000000
2018-02-24 01:31:52,0.00058058,172.00000000
2018-02-24 01:31:54,0.00058015,50.00000000
2018-02-24 01:32:07,0.00058015,851.00000000
2018-02-24 01:32:07,0.00058015,19.00000000
2018-02-24 01:32:07,0.00058015,130.00000000
2018-02-24 01:32:08,0.00058022,11.00000000
2018-02-24 01:32:13,0.00058051,26.00000000
2018-02-24 01:32:16,0.00058051,4.00000000
2018-02-24 01:32:19,0.00058022,16.00000000
2018-02-24 01:32:23,0.00058051,4.00000000
2018-02-24 01:32:24,0.00058022,17.00000000
2018-02-24 01:32:27,0.00058016,30.00000000
2018-02-24 01:32:27,0.00058008,28.00000000
2018-02-24 01:32:27,0.00058008,20.00000000
2018-02-24 01:32:27,0.00058008,198.00000000
2018-02-24 01:32:27,0.00058001,66.00000000
2018-02-24 01:32:28,0.00058022,4.00000000
2018-02-24 01:32:28,0.00058022,10.00000000
2018-02-24 01:32:31,0.00058022,3.00000000
2018-02-24 01:32:35,0.00058022,3.00000000
2018-02-24 01:32:40,0.00058010,130.00000000
2018-02-24 01:32:40,0.00058001,28.00000000
2018-02-24 01:32:44,0.00058020,20.00000000
2018-02-24 01:32:54,0.00058020,25.00000000
2018-02-24 01:32:54,0.00058020,228.00000000
2018-02-24 01:32:55,0.00058020,340.00000000
2018-02-24 01:33:00,0.00058022,106.00000000
2018-02-24 01:33:11,0.00058022,20.00000000
2018-02-24 01:33:12,0.00058022,176.00000000
2018-02-24 01:33:12,0.00058051,144.00000000
2018-02-24 01:33:14,0.00058022,18.00000000
2018-02-24 01:33:31,0.00058021,17.00000000
2018-02-24 01:33:31,0.00058021,3.00000000
2018-02-24 01:33:44,0.00058021,132.00000000
2018-02-24 01:33:44,0.00058022,197.00000000
2018-02-24 01:33:45,0.00058020,186.00000000
2018-02-24 01:33:45,0.00058002,445.00000000
2018-02-24 01:33:51,0.00058002,22.00000000
2018-02-24 01:33:51,0.00058002,15.00000000
2018-02-24 01:33:53,0.00058002,300.00000000
2018-02-24 01:33:58,0.00058002,1.00000000
2018-02-24 01:34:00,0.00058022,690.00000000
2018-02-24 01:34:00,0.00058022,130.00000000
2018-02-24 01:34:03,0.00058022,133.00000000
2018-02-24 01:34:03,0.00058022,15.00000000
2018-02-24 01:34:11,0.00058051,6.00000000
2018-02-24 01:34:17,0.00058069,6.00000000
2018-02-24 01:34:24,0.00058069,5.00000000
2018-02-24 01:34:25,0.00058069,25.00000000
2018-02-24 01:34:25,0.00058119,48.00000000
2018-02-24 01:34:27,0.00058137,4.00000000
2018-02-24 01:34:27,0.00058136,10.00000000
2018-02-24 01:34:29,0.00058026,5.00000000
2018-02-24 01:34:32,0.00058138,4.00000000
2018-02-24 01:34:34,0.00058138,1.00000000
2018-02-24 01:34:34,0.00058139,5.00000000
2018-02-24 01:34:37,0.00058138,3.00000000
2018-02-24 01:34:38,0.00058032,3.00000000
2018-02-24 01:34:40,0.00058138,3.00000000
2018-02-24 01:34:40,0.00058139,1.00000000
2018-02-24 01:34:43,0.00058138,3.00000000
2018-02-24 01:34:44,0.00058138,3.00000000
2018-02-24 01:34:44,0.00058138,221.00000000
2018-02-24 01:34:44,0.00058138,6.00000000
2018-02-24 01:34:44,0.00058034,6.00000000
2018-02-24 01:34:45,0.00058138,6.00000000
2018-02-24 01:34:45,0.00058139,3.00000000
2018-02-24 01:34:51,0.00058140,5.00000000
2018-02-24 01:34:51,0.00058157,5.00000000
2018-02-24 01:34:51,0.00058208,23.00000000
2018-02-24 01:34:51,0.00058287,4.00000000
2018-02-24 01:34:51,0.00058294,17.00000000
2018-02-24 01:34:51,0.00058322,20.00000000
2018-02-24 01:34:52,0.00058049,133.00000000
2018-02-24 01:34:52,0.00058048,170.00000000
2018-02-24 01:34:52,0.00058046,367.00000000
2018-02-24 01:34:52,0.00058043,112.00000000
2018-02-24 01:34:52,0.00058040,83.00000000
2018-02-24 01:34:52,0.00058038,213.00000000
2018-02-24 01:34:53,0.00058147,17.00000000
2018-02-24 01:34:53,0.00058317,9.00000000
2018-02-24 01:34:53,0.00058048,17.00000000
2018-02-24 01:34:54,0.00058314,9.00000000
2018-02-24 01:34:54,0.00058142,21.00000000
2018-02-24 01:34:54,0.00058149,5.00000000
2018-02-24 01:34:54,0.00058294,4.00000000
2018-02-24 01:34:54,0.00058048,23.00000000
2018-02-24 01:34:54,0.00058048,28.00000000
2018-02-24 01:34:54,0.00058047,46.00000000
2018-02-24 01:34:54,0.00058039,639.00000000
2018-02-24 01:34:55,0.00058291,4.00000000
2018-02-24 01:34:55,0.00058145,4.00000000
2018-02-24 01:34:55,0.00058289,4.00000000
2018-02-24 01:34:55,0.00058289,5.00000000
2018-02-24 01:34:55,0.00058151,4.00000000
2018-02-24 01:34:55,0.00058151,1.00000000
2018-02-24 01:34:55,0.00058045,5.00000000
2018-02-24 01:34:55,0.00058151,4.00000000
2018-02-24 01:34:55,0.00058289,4.00000000
2018-02-24 01:34:56,0.00058289,4.00000000
2018-02-24 01:34:56,0.00058251,4.00000000
2018-02-24 01:34:56,0.00058286,9.00000000
2018-02-24 01:34:56,0.00058286,144.00000000
2018-02-24 01:34:56,0.00058288,20.00000000
2018-02-24 01:34:56,0.00058291,197.00000000
2018-02-24 01:34:56,0.00058293,5.00000000
2018-02-24 01:34:56,0.00058294,13.00000000
2018-02-24 01:34:56,0.00058303,7.00000000
2018-02-24 01:34:56,0.00058309,34.00000000
2018-02-24 01:34:56,0.00058313,190.00000000
2018-02-24 01:34:56,0.00058285,120.00000000
2018-02-24 01:34:56,0.00058285,7.00000000
2018-02-24 01:34:57,0.00058285,2.00000000
2018-02-24 01:34:57,0.00058150,6.00000000
2018-02-24 01:34:57,0.00058284,4.00000000
2018-02-24 01:34:57,0.00058150,3.00000000
2018-02-24 01:34:57,0.00058284,9.00000000
2018-02-24 01:34:57,0.00058152,61.00000000
2018-02-24 01:34:57,0.00058152,50.00000000
2018-02-24 01:34:57,0.00058284,6.00000000
2018-02-24 01:34:57,0.00058284,10.00000000
2018-02-24 01:34:57,0.00058152,51.00000000
2018-02-24 01:34:57,0.00058152,7.00000000
2018-02-24 01:34:57,0.00058150,8.00000000
2018-02-24 01:34:58,0.00058147,17.00000000
2018-02-24 01:34:58,0.00058145,4.00000000
2018-02-24 01:34:59,0.00058144,3.00000000
2018-02-24 01:35:00,0.00058142,8.00000000
2018-02-24 01:35:00,0.00058141,9.00000000
2018-02-24 01:35:01,0.00058139,4.00000000
2018-02-24 01:35:01,0.00058139,17.00000000
2018-02-24 01:35:02,0.00058139,4.00000000
2018-02-24 01:35:04,0.00058132,4.00000000
2018-02-24 01:35:09,0.00058115,2.00000000
2018-02-24 01:35:11,0.00058112,2.00000000
2018-02-24 01:35:13,0.00058106,13.00000000
2018-02-24 01:35:14,0.00058105,2.00000000
2018-02-24 01:35:14,0.00058106,3.00000000
2018-02-24 01:35:16,0.00058103,112.00000000
2018-02-24 01:35:16,0.00058117,26.00000000
2018-02-24 01:35:16,0.00058141,159.00000000
2018-02-24 01:35:17,0.00058102,4.00000000
2018-02-24 01:35:23,0.00058105,4.00000000
2018-02-24 01:35:25,0.00058105,172.00000000
2018-02-24 01:35:25,0.00058105,4.00000000
2018-02-24 01:35:29,0.00058104,33.00000000
2018-02-24 01:35:38,0.00058100,7.00000000
2018-02-24 01:35:38,0.00058101,17.00000000
2018-02-24 01:35:40,0.00058101,2.00000000
2018-02-24 01:35:42,0.00058069,10.00000000
2018-02-24 01:35:42,0.00058068,9.00000000
2018-02-24 01:35:42,0.00058065,6.00000000
2018-02-24 01:35:42,0.00058064,26.00000000
2018-02-24 01:35:42,0.00058052,46.00000000
2018-02-24 01:35:42,0.00058051,18.00000000
2018-02-24 01:35:44,0.00058103,2.00000000
2018-02-24 01:35:47,0.00058075,10.00000000
2018-02-24 01:35:47,0.00058050,97.00000000
2018-02-24 01:35:48,0.00058103,3.00000000
2018-02-24 01:35:50,0.00058050,135.00000000
2018-02-24 01:35:50,0.00058050,17.00000000
2018-02-24 01:35:50,0.00058049,87.00000000
2018-02-24 01:35:50,0.00058044,16.00000000
2018-02-24 01:35:50,0.00058038,71.00000000
2018-02-24 01:35:50,0.00058038,134.00000000
2018-02-24 01:35:50,0.00058038,50.00000000
2018-02-24 01:35:50,0.00058038,13.00000000
2018-02-24 01:35:50,0.00058038,207.00000000
2018-02-24 01:35:50,0.00058032,86.00000000
2018-02-24 01:35:50,0.00058032,51.00000000
2018-02-24 01:35:50,0.00058032,86.00000000
2018-02-24 01:35:50,0.00058032,30.00000000
2018-02-24 01:35:51,0.00058025,21.00000000
2018-02-24 01:35:51,0.00058025,20.00000000
2018-02-24 01:35:51,0.00058002,14.00000000
2018-02-24 01:35:51,0.00058002,51.00000000
2018-02-24 01:35:51,0.00058002,2.00000000
2018-02-24 01:35:51,0.00058001,71.00000000
2018-02-24 01:35:51,0.00058001,50.00000000
2018-02-24 01:35:51,0.00058001,51.00000000
2018-02-24 01:35:52,0.00058001,23.00000000
2018-02-24 01:35:52,0.00058001,51.00000000
2018-02-24 01:35:52,0.00058001,50.00000000
2018-02-24 01:35:53,0.00058001,51.00000000
2018-02-24 01:35:53,0.00058001,50.00000000
2018-02-24 01:35:53,0.00058001,51.00000000
2018-02-24 01:35:53,0.00058001,6.00000000
2018-02-24 01:35:53,0.00058001,50.00000000
2018-02-24 01:35:53,0.00058001,7.00000000
2018-02-24 01:35:53,0.00058001,51.00000000
2018-02-24 01:35:53,0.00058001,51.00000000
2018-02-24 01:35:53,0.00058001,2.00000000
2018-02-24 01:35:54,0.00058001,50.00000000
2018-02-24 01:35:54,0.00058001,51.00000000
2018-02-24 01:35:54,0.00058001,51.00000000
2018-02-24 01:35:54,0.00058001,50.00000000
2018-02-24 01:35:54,0.00058001,50.00000000
2018-02-24 01:35:54,0.00058002,9.00000000
2018-02-24 01:35:54,0.00058001,288.00000000
2018-02-24 01:35:54,0.00058001,51.00000000
2018-02-24 01:35:54,0.00058001,51.00000000
2018-02-24 01:35:55,0.00058001,51.00000000
2018-02-24 01:35:55,0.00058001,50.00000000
2018-02-24 01:35:55,0.00058001,478.00000000
2018-02-24 01:35:55,0.00058001,51.00000000
2018-02-24 01:35:55,0.00058001,51.00000000
2018-02-24 01:35:55,0.00058001,51.00000000
2018-02-24 01:35:55,0.00058001,51.00000000
2018-02-24 01:35:55,0.00058001,50.00000000
2018-02-24 01:35:55,0.00058001,51.00000000
2018-02-24 01:35:55,0.00058001,51.00000000
2018-02-24 01:35:55,0.00058001,6.00000000
2018-02-24 01:35:56,0.00058001,14.00000000
2018-02-24 01:35:56,0.00058021,4.00000000
2018-02-24 01:35:56,0.00058001,51.00000000
2018-02-24 01:35:57,0.00058001,7.00000000
2018-02-24 01:35:57,0.00058001,51.00000000
2018-02-24 01:35:57,0.00058001,50.00000000
2018-02-24 01:35:57,0.00058001,6.00000000
2018-02-24 01:35:57,0.00058001,51.00000000
2018-02-24 01:35:57,0.00058001,51.00000000
2018-02-24 01:35:57,0.00058001,17.00000000
2018-02-24 01:35:57,0.00058021,5.00000000
2018-02-24 01:35:57,0.00058001,17.00000000
2018-02-24 01:35:57,0.00058001,51.00000000
2018-02-24 01:35:57,0.00058001,50.00000000
2018-02-24 01:35:57,0.00058001,22.00000000
2018-02-24 01:35:57,0.00058001,23.00000000
2018-02-24 01:35:57,0.00058001,51.00000000
2018-02-24 01:35:57,0.00058001,17.00000000
2018-02-24 01:35:57,0.00058001,17.00000000
2018-02-24 01:35:57,0.00058001,51.00000000
2018-02-24 01:35:58,0.00058001,51.00000000
2018-02-24 01:35:58,0.00058001,17.00000000
2018-02-24 01:35:58,0.00058001,17.00000000
2018-02-24 01:35:58,0.00058021,4.00000000
2018-02-24 01:35:59,0.00058001,2017.00000000
2018-02-24 01:35:59,0.00058001,3987.00000000
2018-02-24 01:36:00,0.00058019,61.00000000
2018-02-24 01:36:00,0.00058020,4.00000000
2018-02-24 01:36:00,0.00058022,2.00000000
2018-02-24 01:36:00,0.00058025,29.00000000
2018-02-24 01:36:00,0.00058036,54.00000000
2018-02-24 01:36:00,0.00058048,40.00000000
2018-02-24 01:36:00,0.00058050,16.00000000
2018-02-24 01:36:00,0.00058001,2.00000000
2018-02-24 01:36:01,0.00058001,175.00000000
2018-02-24 01:36:01,0.00058001,86.00000000
2018-02-24 01:36:01,0.00058001,86.00000000
2018-02-24 01:36:02,0.00058001,15.00000000
2018-02-24 01:36:02,0.00058001,43.00000000
2018-02-24 01:36:02,0.00058001,476.00000000
2018-02-24 01:36:02,0.00058001,50.00000000
2018-02-24 01:36:02,0.00058001,51.00000000
2018-02-24 01:36:02,0.00058001,43.00000000
2018-02-24 01:36:03,0.00058001,51.00000000
2018-02-24 01:36:03,0.00058001,50.00000000
2018-02-24 01:36:03,0.00058001,51.00000000
2018-02-24 01:36:03,0.00058001,50.00000000
2018-02-24 01:36:03,0.00058001,86.00000000
2018-02-24 01:36:03,0.00058001,51.00000000
2018-02-24 01:36:03,0.00058001,51.00000000
2018-02-24 01:36:03,0.00058001,51.00000000
2018-02-24 01:36:03,0.00058001,51.00000000
2018-02-24 01:36:03,0.00058001,50.00000000
2018-02-24 01:36:03,0.00058001,34.00000000
2018-02-24 01:36:04,0.00058001,51.00000000
2018-02-24 01:36:04,0.00058001,50.00000000
2018-02-24 01:36:04,0.00058001,18.00000000
2018-02-24 01:36:04,0.00058001,51.00000000
2018-02-24 01:36:04,0.00058001,51.00000000
2018-02-24 01:36:04,0.00058001,51.00000000
2018-02-24 01:36:04,0.00058001,50.00000000
2018-02-24 01:36:04,0.00058001,51.00000000
2018-02-24 01:36:04,0.00058001,51.00000000
2018-02-24 01:36:04,0.00058001,50.00000000
2018-02-24 01:36:04,0.00058001,50.00000000
2018-02-24 01:36:04,0.00058001,51.00000000
2018-02-24 01:36:05,0.00058001,51.00000000
2018-02-24 01:36:05,0.00058001,51.00000000
2018-02-24 01:36:05,0.00058001,50.00000000
2018-02-24 01:36:05,0.00058001,51.00000000
2018-02-24 01:36:05,0.00058001,51.00000000
2018-02-24 01:36:06,0.00058002,20.00000000
2018-02-24 01:36:06,0.00058002,2.00000000
2018-02-24 01:36:06,0.00058001,17.00000000
2018-02-24 01:36:06,0.00058001,84.00000000
2018-02-24 01:36:06,0.00058001,83.00000000
2018-02-24 01:36:06,0.00058001,51.00000000
2018-02-24 01:36:06,0.00058001,51.00000000
2018-02-24 01:36:06,0.00058001,435.00000000
2018-02-24 01:36:06,0.00058001,51.00000000
2018-02-24 01:36:07,0.00058001,51.00000000
2018-02-24 01:36:07,0.00058001,28.00000000
2018-02-24 01:36:07,0.00058001,50.00000000
2018-02-24 01:36:07,0.00058001,50.00000000
2018-02-24 01:36:07,0.00058001,51.00000000
2018-02-24 01:36:07,0.00058001,51.00000000
2018-02-24 01:36:07,0.00058001,51.00000000
2018-02-24 01:36:07,0.00058001,50.00000000
2018-02-24 01:36:07,0.00058001,51.00000000
2018-02-24 01:36:08,0.00058001,51.00000000
2018-02-24 01:36:08,0.00058001,50.00000000
2018-02-24 01:36:08,0.00058001,35.00000000
2018-02-24 01:36:08,0.00058001,168.00000000
2018-02-24 01:36:08,0.00058001,50.00000000
2018-02-24 01:36:08,0.00058001,51.00000000
2018-02-24 01:36:08,0.00058001,51.00000000
2018-02-24 01:36:08,0.00058001,51.00000000
2018-02-24 01:36:08,0.00058001,26.00000000
2018-02-24 01:36:08,0.00058001,50.00000000
2018-02-24 01:36:08,0.00058001,51.00000000
2018-02-24 01:36:08,0.00058001,51.00000000
2018-02-24 01:36:08,0.00058001,51.00000000
2018-02-24 01:36:09,0.00058001,51.00000000
2018-02-24 01:36:09,0.00058001,19.00000000
2018-02-24 01:36:09,0.00058001,50.00000000
2018-02-24 01:36:09,0.00058001,51.00000000
2018-02-24 01:36:09,0.00058001,51.00000000
2018-02-24 01:36:09,0.00058001,46.00000000
2018-02-24 01:36:09,0.00058001,51.00000000
2018-02-24 01:36:09,0.00058001,50.00000000
2018-02-24 01:36:09,0.00058001,51.00000000
2018-02-24 01:36:10,0.00058001,84.00000000
2018-02-24 01:36:11,0.00058001,12.00000000
2018-02-24 01:36:11,0.00058001,50.00000000
2018-02-24 01:36:11,0.00058001,51.00000000
2018-02-24 01:36:11,0.00058001,50.00000000
2018-02-24 01:36:11,0.00058001,51.00000000
2018-02-24 01:36:11,0.00058001,50.00000000
2018-02-24 01:36:11,0.00058001,51.00000000
2018-02-24 01:36:12,0.00058001,51.00000000
2018-02-24 01:36:12,0.00058001,51.00000000
2018-02-24 01:36:12,0.00058001,18.00000000
2018-02-24 01:36:12,0.00058001,46.00000000
2018-02-24 01:36:17,0.00058001,25.00000000
2018-02-24 01:36:20,0.00058001,416.00000000
2018-02-24 01:36:22,0.00058001,37.00000000
2018-02-24 01:36:29,0.00058049,48.00000000
2018-02-24 01:36:38,0.00058001,10.00000000
2018-02-24 01:36:40,0.00058048,3.00000000
2018-02-24 01:36:42,0.00058048,52.00000000
2018-02-24 01:36:45,0.00058049,690.00000000
2018-02-24 01:36:48,0.00058050,8.00000000
2018-02-24 01:36:53,0.00058049,50.00000000
2018-02-24 01:36:54,0.00058049,788.00000000
2018-02-24 01:36:54,0.00058048,18.00000000
2018-02-24 01:36:54,0.00058006,8.00000000
2018-02-24 01:36:54,0.00058001,409.00000000
2018-02-24 01:36:54,0.00058000,105.00000000
2018-02-24 01:36:54,0.00057963,36.00000000
2018-02-24 01:36:54,0.00057952,259.00000000
2018-02-24 01:36:54,0.00057950,185.00000000
2018-02-24 01:36:54,0.00057935,87.00000000
2018-02-24 01:36:54,0.00057922,1125.00000000
2018-02-24 01:36:54,0.00058000,30.00000000
2018-02-24 01:36:54,0.00058000,30.00000000
2018-02-24 01:36:54,0.00058000,30.00000000
2018-02-24 01:36:55,0.00058000,16.00000000
2018-02-24 01:36:59,0.00057997,2.00000000
2018-02-24 01:37:03,0.00057933,5.00000000
2018-02-24 01:37:04,0.00057997,13.00000000
2018-02-24 01:37:04,0.00057998,34.00000000
2018-02-24 01:37:04,0.00057999,181.00000000
2018-02-24 01:37:04,0.00058000,618.00000000
2018-02-24 01:37:10,0.00057935,1.00000000
2018-02-24 01:37:13,0.00058000,25.00000000
2018-02-24 01:37:27,0.00057999,9.00000000
2018-02-24 01:37:29,0.00057999,42.00000000
2018-02-24 01:37:32,0.00057999,3.00000000
2018-02-24 01:37:36,0.00057999,12.00000000
2018-02-24 01:37:41,0.00057998,2.00000000
2018-02-24 01:37:44,0.00057998,15.00000000
2018-02-24 01:37:51,0.00057958,9.00000000
2018-02-24 01:37:51,0.00057957,9.00000000
2018-02-24 01:37:51,0.00057955,8.00000000
2018-02-24 01:37:51,0.00057952,3.00000000
2018-02-24 01:37:53,0.00057996,8.00000000
2018-02-24 01:37:53,0.00057998,33.00000000
2018-02-24 01:37:57,0.00057959,9.00000000
2018-02-24 01:37:57,0.00057958,14.00000000
2018-02-24 01:37:57,0.00057952,5.00000000
2018-02-24 01:37:57,0.00057928,34.00000000
2018-02-24 01:37:57,0.00057927,38.00000000
2018-02-24 01:37:59,0.00057997,8.00000000
2018-02-24 01:37:59,0.00057998,16.00000000
2018-02-24 01:37:59,0.00057998,5.00000000
2018-02-24 01:38:02,0.00057998,3.00000000
2018-02-24 01:38:06,0.00057961,9.00000000
2018-02-24 01:38:06,0.00057960,62.00000000
2018-02-24 01:38:08,0.00057998,5.00000000
2018-02-24 01:38:15,0.00057996,34.00000000
2018-02-24 01:38:15,0.00057998,2.00000000
2018-02-24 01:38:18,0.00057981,6.00000000
2018-02-24 01:38:18,0.00057960,140.00000000
2018-02-24 01:38:27,0.00057997,274.00000000
2018-02-24 01:38:29,0.00057964,4.00000000
2018-02-24 01:38:31,0.00057997,3.00000000
2018-02-24 01:38:37,0.00057968,8.00000000
2018-02-24 01:38:37,0.00057964,4.00000000
2018-02-24 01:38:37,0.00057960,344.00000000
2018-02-24 01:38:37,0.00057960,8.00000000
2018-02-24 01:38:47,0.00057960,4.00000000
2018-02-24 01:38:48,0.00057960,51.00000000
2018-02-24 01:38:48,0.00057960,51.00000000
2018-02-24 01:38:48,0.00057960,51.00000000
2018-02-24 01:38:48,0.00057960,21.00000000
2018-02-24 01:38:48,0.00057960,20.00000000
2018-02-24 01:38:49,0.00057960,1.00000000
2018-02-24 01:38:50,0.00057927,51.00000000
2018-02-24 01:38:54,0.00057930,70.00000000
2018-02-24 01:38:59,0.00057930,717.00000000
2018-02-24 01:39:00,0.00057930,51.00000000
2018-02-24 01:39:00,0.00057930,51.00000000
2018-02-24 01:39:00,0.00057930,86.00000000
2018-02-24 01:39:00,0.00057930,50.00000000
2018-02-24 01:39:00,0.00057930,8.00000000
2018-02-24 01:39:01,0.00057927,50.00000000
2018-02-24 01:39:03,0.00057927,46.00000000
2018-02-24 01:39:03,0.00057930,14.00000000
2018-02-24 01:39:06,0.00057930,23.00000000
2018-02-24 01:39:08,0.00057927,169.00000000
2018-02-24 01:39:13,0.00057960,19.00000000
2018-02-24 01:39:13,0.00057995,24.00000000
2018-02-24 01:39:13,0.00057997,20.00000000
2018-02-24 01:39:13,0.00057998,306.00000000
2018-02-24 01:39:17,0.00057997,5.00000000
2018-02-24 01:39:18,0.00057997,3.00000000
2018-02-24 01:39:24,0.00057997,2.00000000
2018-02-24 01:39:29,0.00057997,8.00000000
2018-02-24 01:39:29,0.00057997,432.00000000
2018-02-24 01:39:29,0.00057998,126.00000000
2018-02-24 01:39:38,0.00057998,120.00000000
2018-02-24 01:39:47,0.00057940,10.00000000
2018-02-24 01:39:52,0.00057997,4.00000000
2018-02-24 01:39:56,0.00057997,6.00000000
2018-02-24 01:39:56,0.00057997,15.00000000
2018-02-24 01:40:05,0.00057998,998.00000000
2018-02-24 01:40:07,0.00057997,5.00000000
2018-02-24 01:40:08,0.00057997,8.00000000
2018-02-24 01:40:08,0.00057943,11.00000000
2018-02-24 01:40:13,0.00057997,9.00000000
2018-02-24 01:40:13,0.00057997,2.00000000
2018-02-24 01:40:13,0.00057998,2.00000000
2018-02-24 01:40:16,0.00057998,16.00000000
2018-02-24 01:40:18,0.00058000,10.00000000
2018-02-24 01:40:18,0.00058000,33.00000000
2018-02-24 01:40:19,0.00058000,17.00000000
2018-02-24 01:40:22,0.00058000,4.00000000
2018-02-24 01:40:22,0.00057998,13.00000000
2018-02-24 01:40:31,0.00058000,4.00000000
2018-02-24 01:40:39,0.00057999,13.00000000
2018-02-24 01:40:42,0.00058000,2.00000000
2018-02-24 01:40:47,0.00058000,75.00000000
2018-02-24 01:40:48,0.00057999,20.00000000
2018-02-24 01:40:50,0.00057999,30.00000000
2018-02-24 01:40:52,0.00057999,29.00000000
2018-02-24 01:40:53,0.00057999,3.00000000
2018-02-24 01:40:54,0.00057999,2.00000000
2018-02-24 01:40:54,0.00057999,51.00000000
2018-02-24 01:40:54,0.00057999,86.00000000
2018-02-24 01:40:54,0.00057999,63.00000000
2018-02-24 01:40:54,0.00057998,51.00000000
2018-02-24 01:40:54,0.00057998,51.00000000
2018-02-24 01:40:54,0.00057998,51.00000000
2018-02-24 01:40:54,0.00057998,43.00000000
2018-02-24 01:40:54,0.00057998,51.00000000
2018-02-24 01:40:55,0.00057998,15.00000000
2018-02-24 01:40:55,0.00057998,51.00000000
2018-02-24 01:40:55,0.00057998,2.00000000
2018-02-24 01:40:55,0.00057998,250.00000000
2018-02-24 01:40:55,0.00057998,32.00000000
2018-02-24 01:40:55,0.00057998,26.00000000
2018-02-24 01:40:55,0.00057997,3.00000000
2018-02-24 01:40:55,0.00057997,12.00000000
2018-02-24 01:40:55,0.00057947,8.00000000
2018-02-24 01:41:02,0.00057943,17.00000000
2018-02-24 01:41:05,0.00057930,10.00000000
2018-02-24 01:41:05,0.00057929,20.00000000
2018-02-24 01:41:05,0.00057928,8.00000000
2018-02-24 01:41:06,0.00057947,51.00000000
2018-02-24 01:41:06,0.00057995,10.00000000
2018-02-24 01:41:06,0.00057996,4.00000000
2018-02-24 01:41:06,0.00057947,51.00000000
2018-02-24 01:41:06,0.00057947,51.00000000
2018-02-24 01:41:06,0.00057947,51.00000000
2018-02-24 01:41:06,0.00057947,51.00000000
2018-02-24 01:41:07,0.00057947,348.00000000
2018-02-24 01:41:07,0.00057947,24.00000000
2018-02-24 01:41:08,0.00057947,22.00000000
2018-02-24 01:41:09,0.00057947,123.00000000
2018-02-24 01:41:09,0.00057947,25.00000000
2018-02-24 01:41:09,0.00057995,21.00000000
2018-02-24 01:41:10,0.00057947,4.00000000
2018-02-24 01:41:10,0.00057947,25.00000000
2018-02-24 01:41:10,0.00057947,86.00000000
2018-02-24 01:41:11,0.00057947,86.00000000
2018-02-24 01:41:11,0.00057947,190.00000000
2018-02-24 01:41:11,0.00057947,5.00000000
2018-02-24 01:41:12,0.00057947,54.00000000
2018-02-24 01:41:12,0.00057947,11.00000000
2018-02-24 01:41:13,0.00057995,7.00000000
2018-02-24 01:41:13,0.00057947,1742.00000000
2018-02-24 01:41:15,0.00057947,14.00000000
2018-02-24 01:41:19,0.00057929,10.00000000
2018-02-24 01:41:19,0.00057928,109.00000000
2018-02-24 01:41:19,0.00057927,181.00000000
2018-02-24 01:41:19,0.00057923,18.00000000
2018-02-24 01:41:19,0.00057922,507.00000000
2018-02-24 01:41:19,0.00057920,96.00000000
2018-02-24 01:41:19,0.00057900,137.00000000
2018-02-24 01:41:19,0.00057947,45.00000000
2018-02-24 01:41:19,0.00057950,200.00000000
2018-02-24 01:41:19,0.00057995,1.00000000
2018-02-24 01:41:19,0.00057996,4.00000000
2018-02-24 01:41:19,0.00058000,196.00000000
2018-02-24 01:41:19,0.00058000,147.00000000
2018-02-24 01:41:19,0.00058000,309.00000000
2018-02-24 01:41:19,0.00058000,109.00000000
2018-02-24 01:41:19,0.00058000,70.00000000
2018-02-24 01:41:19,0.00058000,51.00000000
2018-02-24 01:41:19,0.00058000,267.00000000
2018-02-24 01:41:19,0.00058000,46.00000000
2018-02-24 01:41:20,0.00058000,51.00000000
2018-02-24 01:41:20,0.00058000,21.00000000
2018-02-24 01:41:20,0.00058000,4.00000000
2018-02-24 01:41:20,0.00058000,86.00000000
2018-02-24 01:41:20,0.00058000,34.00000000
2018-02-24 01:41:20,0.00058000,4.00000000
2018-02-24 01:41:20,0.00058000,30.00000000
2018-02-24 01:41:20,0.00058004,8.00000000
2018-02-24 01:41:20,0.00058000,45.00000000
2018-02-24 01:41:20,0.00058045,45.00000000
2018-02-24 01:41:20,0.00058000,18.00000000
2018-02-24 01:41:21,0.00058000,51.00000000
2018-02-24 01:41:21,0.00058000,77.00000000
2018-02-24 01:41:21,0.00058000,115.00000000
2018-02-24 01:41:21,0.00058000,39.00000000
2018-02-24 01:41:21,0.00058000,51.00000000
2018-02-24 01:41:21,0.00058000,51.00000000
2018-02-24 01:41:21,0.00058000,35.00000000
2018-02-24 01:41:21,0.00058000,86.00000000
2018-02-24 01:41:21,0.00058000,29.00000000
2018-02-24 01:41:21,0.00058000,70.00000000
2018-02-24 01:41:21,0.00058041,4.00000000
2018-02-24 01:41:22,0.00058000,261.00000000
2018-02-24 01:41:22,0.00058000,409.00000000
2018-02-24 01:41:22,0.00058000,2.00000000
2018-02-24 01:41:22,0.00058041,4.00000000
2018-02-24 01:41:22,0.00058044,12.00000000
2018-02-24 01:41:23,0.00058044,24.00000000
2018-02-24 01:41:23,0.00058044,4.00000000
2018-02-24 01:41:26,0.00058041,2.00000000
2018-02-24 01:41:26,0.00058044,2.00000000
2018-02-24 01:41:28,0.00058044,2.00000000
2018-02-24 01:41:30,0.00058044,171.00000000
2018-02-24 01:41:30,0.00058044,15.00000000
2018-02-24 01:41:30,0.00058044,3.00000000
2018-02-24 01:41:30,0.00058044,9.00000000
2018-02-24 01:41:30,0.00058044,7.00000000
2018-02-24 01:41:32,0.00058044,2.00000000
2018-02-24 01:41:32,0.00058044,3.00000000
2018-02-24 01:41:32,0.00058044,13.00000000
2018-02-24 01:41:32,0.00058044,51.00000000
2018-02-24 01:41:32,0.00058044,51.00000000
2018-02-24 01:41:32,0.00058044,38.00000000
2018-02-24 01:41:33,0.00058044,13.00000000
2018-02-24 01:41:33,0.00058008,7.00000000
2018-02-24 01:41:55,0.00058013,8.00000000
2018-02-24 01:41:55,0.00058008,1.00000000
2018-02-24 01:41:55,0.00058004,8.00000000
2018-02-24 01:41:55,0.00058000,81.00000000
2018-02-24 01:41:59,0.00058018,8.00000000
2018-02-24 01:41:59,0.00058000,8.00000000
2018-02-24 01:41:59,0.00058000,50.00000000
2018-02-24 01:41:59,0.00058000,20.00000000
2018-02-24 01:42:00,0.00058000,51.00000000
2018-02-24 01:42:00,0.00058018,4.00000000
2018-02-24 01:42:01,0.00058018,2.00000000
2018-02-24 01:42:01,0.00058037,3.00000000
2018-02-24 01:42:04,0.00058037,5.00000000
2018-02-24 01:42:04,0.00058040,8.00000000
2018-02-24 01:42:04,0.00058041,8.00000000
2018-02-24 01:42:04,0.00058042,250.00000000
2018-02-24 01:42:04,0.00058044,16.00000000
2018-02-24 01:42:04,0.00058045,59.00000000
2018-02-24 01:42:05,0.00058045,5.00000000
2018-02-24 01:42:13,0.00058045,5.00000000
2018-02-24 01:42:18,0.00058021,14.00000000
2018-02-24 01:42:19,0.00058025,8.00000000
2018-02-24 01:42:19,0.00058021,32.00000000
2018-02-24 01:42:19,0.00058021,12.00000000
2018-02-24 01:42:29,0.00058043,8.00000000
2018-02-24 01:42:29,0.00058045,29.00000000
2018-02-24 01:42:29,0.00058046,8.00000000
2018-02-24 01:42:29,0.00058050,1.00000000
2018-02-24 01:42:29,0.00058055,6.00000000
2018-02-24 01:42:29,0.00058084,6.00000000
2018-02-24 01:42:29,0.00058085,259.00000000
2018-02-24 01:42:29,0.00058145,18.00000000
2018-02-24 01:42:29,0.00058146,5.00000000
2018-02-24 01:42:29,0.00058148,5.00000000
2018-02-24 01:42:29,0.00058150,8.00000000
2018-02-24 01:42:29,0.00058220,14.00000000
2018-02-24 01:42:29,0.00058238,18.00000000
2018-02-24 01:42:29,0.00058247,34.00000000
2018-02-24 01:42:29,0.00058248,40.00000000
2018-02-24 01:42:29,0.00058249,76.00000000
2018-02-24 01:42:29,0.00058288,467.00000000
2018-02-24 01:42:29,0.00058299,193.00000000
2018-02-24 01:42:29,0.00058300,975.00000000
2018-02-24 01:42:29,0.00058325,830.00000000
2018-02-24 01:42:30,0.00058163,17.00000000
2018-02-24 01:42:30,0.00058165,14.00000000
2018-02-24 01:42:30,0.00058165,21.00000000
2018-02-24 01:42:30,0.00058165,21.00000000
2018-02-24 01:42:30,0.00058165,66.00000000
2018-02-24 01:42:30,0.00058165,15.00000000
2018-02-24 01:42:33,0.00058281,2.00000000
2018-02-24 01:42:33,0.00058279,2.00000000
2018-02-24 01:42:34,0.00058276,4.00000000
2018-02-24 01:42:34,0.00058276,8.00000000
2018-02-24 01:42:34,0.00058276,5.00000000
2018-02-24 01:42:35,0.00058273,4.00000000
2018-02-24 01:42:35,0.00058273,10.00000000
2018-02-24 01:42:35,0.00058273,7.00000000
2018-02-24 01:42:36,0.00058173,8.00000000
2018-02-24 01:42:36,0.00058273,2.00000000
2018-02-24 01:42:36,0.00058273,12.00000000
2018-02-24 01:42:37,0.00058170,4.00000000
2018-02-24 01:42:40,0.00058146,4.00000000
2018-02-24 01:42:42,0.00058140,2.00000000
2018-02-24 01:42:42,0.00058168,83.00000000
2018-02-24 01:42:42,0.00058170,4.00000000
2018-02-24 01:42:44,0.00058170,35.00000000
2018-02-24 01:42:44,0.00058170,224.00000000
2018-02-24 01:42:44,0.00058168,45.00000000
2018-02-24 01:42:45,0.00058140,3.00000000
2018-02-24 01:42:45,0.00058065,168.00000000
2018-02-24 01:42:45,0.00058063,5.00000000
2018-02-24 01:42:45,0.00058024,24.00000000
2018-02-24 01:42:46,0.00058250,138.00000000
2018-02-24 01:42:50,0.00058221,30.00000000
2018-02-24 01:42:51,0.00058224,8.00000000
2018-02-24 01:42:52,0.00058224,17.00000000
2018-02-24 01:42:52,0.00058223,11.00000000
2018-02-24 01:42:52,0.00058223,39.00000000
2018-02-24 01:42:54,0.00058223,18.00000000
2018-02-24 01:42:54,0.00058224,2.00000000
2018-02-24 01:42:54,0.00058226,16.00000000
2018-02-24 01:42:54,0.00058241,1.00000000
2018-02-24 01:42:55,0.00058222,10.00000000
2018-02-24 01:42:56,0.00058170,2.00000000
2018-02-24 01:42:57,0.00058222,14.00000000
2018-02-24 01:42:57,0.00058170,18.00000000
2018-02-24 01:43:00,0.00058170,29.00000000
2018-02-24 01:43:02,0.00058174,2.00000000
2018-02-24 01:43:02,0.00058222,7.00000000
2018-02-24 01:43:03,0.00058222,16.00000000
2018-02-24 01:43:04,0.00058174,6.00000000
2018-02-24 01:43:05,0.00058178,3.00000000
2018-02-24 01:43:06,0.00058178,5.00000000
2018-02-24 01:43:12,0.00058170,12.00000000
2018-02-24 01:43:13,0.00058119,9.00000000
2018-02-24 01:43:13,0.00058200,51.00000000
2018-02-24 01:43:13,0.00058200,2.00000000
2018-02-24 01:43:13,0.00058200,11.00000000
2018-02-24 01:43:13,0.00058200,12.00000000
2018-02-24 01:43:13,0.00058200,7.00000000
2018-02-24 01:43:13,0.00058200,10.00000000
2018-02-24 01:43:13,0.00058200,70.00000000
2018-02-24 01:43:13,0.00058200,9.00000000
