DATE,PRICE,VOLUME
2018-02-22 22:00:03,0.00055724,4.00000000
2018-02-22 22:00:03,0.00055723,3.00000000
2018-02-22 22:00:03,0.00055715,33.00000000
2018-02-22 22:00:10,0.00055724,15.00000000
2018-02-22 22:00:14,0.00055715,40.00000000
2018-02-22 22:00:16,0.00055715,16.00000000
2018-02-22 22:00:16,0.00055714,90.00000000
2018-02-22 22:00:16,0.00055714,25.00000000
2018-02-22 22:00:16,0.00055714,30.00000000
2018-02-22 22:00:16,0.00055714,30.00000000
2018-02-22 22:00:16,0.00055714,25.00000000
2018-02-22 22:00:16,0.00055714,2.00000000
2018-02-22 22:00:16,0.00055714,6.00000000
2018-02-22 22:00:22,0.00055714,27.00000000
2018-02-22 22:00:22,0.00055700,13.00000000
2018-02-22 22:00:23,0.00055701,20.00000000
2018-02-22 22:00:23,0.00055700,91.00000000
2018-02-22 22:00:26,0.00055790,1.00000000
2018-02-22 22:00:29,0.00055700,40.00000000
2018-02-22 22:00:29,0.00055786,1.00000000
2018-02-22 22:00:32,0.00055784,7.00000000
2018-02-22 22:00:36,0.00055701,9.00000000
2018-02-22 22:00:36,0.00055700,31.00000000
2018-02-22 22:00:40,0.00055778,12.00000000
2018-02-22 22:00:42,0.00055701,4.00000000
2018-02-22 22:00:45,0.00055701,40.00000000
2018-02-22 22:00:49,0.00055768,4.00000000
2018-02-22 22:00:50,0.00055768,1.00000000
2018-02-22 22:00:53,0.00055715,16.00000000
2018-02-22 22:00:53,0.00055714,10.00000000
2018-02-22 22:00:53,0.00055701,14.00000000
2018-02-22 22:00:57,0.00055764,19.00000000
2018-02-22 22:00:57,0.00055765,12.00000000
2018-02-22 22:00:57,0.00055768,7.00000000
2018-02-22 22:01:00,0.00055702,20.00000000
2018-02-22 22:01:00,0.00055701,20.00000000
2018-02-22 22:01:07,0.00055707,15.00000000
2018-02-22 22:01:07,0.00055701,97.00000000
2018-02-22 22:01:10,0.00055701,40.00000000
2018-02-22 22:01:10,0.00055742,10.00000000
2018-02-22 22:01:10,0.00055743,15.00000000
2018-02-22 22:01:10,0.00055750,67.00000000
2018-02-22 22:01:18,0.00055701,30.00000000
2018-02-22 22:01:18,0.00055700,10.00000000
2018-02-22 22:01:22,0.00055749,20.00000000
2018-02-22 22:01:25,0.00055702,40.00000000
2018-02-22 22:01:33,0.00055702,38.00000000
2018-02-22 22:01:33,0.00055700,2.00000000
2018-02-22 22:01:42,0.00055702,26.00000000
2018-02-22 22:01:42,0.00055700,14.00000000
2018-02-22 22:01:42,0.00055749,14.00000000
2018-02-22 22:01:47,0.00055700,21.00000000
2018-02-22 22:01:51,0.00055700,40.00000000
2018-02-22 22:01:52,0.00055700,188.00000000
2018-02-22 22:01:52,0.00055694,447.00000000
2018-02-22 22:01:52,0.00055694,77.00000000
2018-02-22 22:01:57,0.00055695,2.00000000
2018-02-22 22:01:59,0.00055699,8.00000000
2018-02-22 22:01:59,0.00055698,15.00000000
2018-02-22 22:01:59,0.00055694,17.00000000
2018-02-22 22:02:06,0.00055694,40.00000000
2018-02-22 22:02:13,0.00055694,347.00000000
2018-02-22 22:02:13,0.00055680,4.00000000
2018-02-22 22:02:13,0.00055666,6.00000000
2018-02-22 22:02:13,0.00055661,30.00000000
2018-02-22 22:02:13,0.00055660,2.00000000
2018-02-22 22:02:13,0.00055657,74.00000000
2018-02-22 22:02:13,0.00055666,10.00000000
2018-02-22 22:02:13,0.00055690,25.00000000
2018-02-22 22:02:16,0.00055695,3.00000000
2018-02-22 22:02:16,0.00055670,37.00000000
2018-02-22 22:02:19,0.00055738,20.00000000
2018-02-22 22:02:19,0.00055739,15.00000000
2018-02-22 22:02:19,0.00055743,4.00000000
2018-02-22 22:02:19,0.00055747,85.00000000
2018-02-22 22:02:24,0.00055684,20.00000000
2018-02-22 22:02:24,0.00055683,8.00000000
2018-02-22 22:02:24,0.00055668,12.00000000
2018-02-22 22:02:33,0.00055675,15.00000000
2018-02-22 22:02:33,0.00055669,25.00000000
2018-02-22 22:02:39,0.00055668,40.00000000
2018-02-22 22:02:42,0.00055744,20.00000000
2018-02-22 22:02:42,0.00055745,89.00000000
2018-02-22 22:02:42,0.00055747,23.00000000
2018-02-22 22:02:42,0.00055750,733.00000000
2018-02-22 22:02:42,0.00055784,29.00000000
2018-02-22 22:02:42,0.00055799,99.00000000
2018-02-22 22:02:45,0.00055666,20.00000000
2018-02-22 22:02:45,0.00055663,20.00000000
2018-02-22 22:02:46,0.00055662,115.00000000
2018-02-22 22:02:52,0.00055658,14.00000000
2018-02-22 22:02:52,0.00055657,26.00000000
2018-02-22 22:02:53,0.00055694,4.00000000
2018-02-22 22:02:54,0.00055694,9.00000000
2018-02-22 22:02:54,0.00055694,6.00000000
2018-02-22 22:02:54,0.00055694,6.00000000
2018-02-22 22:02:55,0.00055658,18.00000000
2018-02-22 22:02:55,0.00055688,15.00000000
2018-02-22 22:03:02,0.00055694,4.00000000
2018-02-22 22:03:02,0.00055734,1.00000000
2018-02-22 22:03:02,0.00055658,17.00000000
2018-02-22 22:03:02,0.00055657,23.00000000
2018-02-22 22:03:11,0.00055657,40.00000000
2018-02-22 22:03:17,0.00055663,15.00000000
2018-02-22 22:03:17,0.00055657,158.00000000
2018-02-22 22:03:19,0.00055657,40.00000000
2018-02-22 22:03:20,0.00055727,19.00000000
2018-02-22 22:03:20,0.00055728,15.00000000
2018-02-22 22:03:20,0.00055735,4.00000000
2018-02-22 22:03:20,0.00055739,83.00000000
2018-02-22 22:03:20,0.00055747,91.00000000
2018-02-22 22:03:20,0.00055798,319.00000000
2018-02-22 22:03:20,0.00055799,553.00000000
2018-02-22 22:03:20,0.00055800,3921.00000000
2018-02-22 22:03:26,0.00055696,20.00000000
2018-02-22 22:03:26,0.00055691,15.00000000
2018-02-22 22:03:26,0.00055684,5.00000000
2018-02-22 22:03:30,0.00055736,140.00000000
2018-02-22 22:03:35,0.00055705,40.00000000
2018-02-22 22:03:41,0.00055705,40.00000000
2018-02-22 22:03:46,0.00055764,20.00000000
2018-02-22 22:03:46,0.00055765,7.00000000
2018-02-22 22:03:46,0.00055759,6.00000000
2018-02-22 22:03:46,0.00055759,15.00000000
2018-02-22 22:03:46,0.00055760,10.00000000
2018-02-22 22:03:46,0.00055759,53.00000000
2018-02-22 22:03:47,0.00055759,43.00000000
2018-02-22 22:03:47,0.00055759,40.00000000
2018-02-22 22:03:56,0.00055759,40.00000000
2018-02-22 22:04:04,0.00055759,27.00000000
2018-02-22 22:04:04,0.00055705,13.00000000
2018-02-22 22:04:13,0.00055704,10.00000000
2018-02-22 22:04:13,0.00055703,4.00000000
2018-02-22 22:04:13,0.00055701,89.00000000
2018-02-22 22:04:13,0.00055657,8.00000000
2018-02-22 22:04:13,0.00055641,16.00000000
2018-02-22 22:04:13,0.00055636,8.00000000
2018-02-22 22:04:13,0.00055622,32.00000000
2018-02-22 22:04:13,0.00055690,10.00000000
2018-02-22 22:04:13,0.00055690,46.00000000
2018-02-22 22:04:13,0.00055690,53.00000000
2018-02-22 22:04:13,0.00055690,42.00000000
2018-02-22 22:04:13,0.00055690,47.00000000
2018-02-22 22:04:13,0.00055622,10.00000000
2018-02-22 22:04:13,0.00055690,18.00000000
2018-02-22 22:04:13,0.00055690,8.00000000
2018-02-22 22:04:13,0.00055639,53.00000000
2018-02-22 22:04:13,0.00055639,42.00000000
2018-02-22 22:04:14,0.00055722,89.00000000
2018-02-22 22:04:14,0.00055788,10.00000000
2018-02-22 22:04:18,0.00055788,7.00000000
2018-02-22 22:04:19,0.00055713,10.00000000
2018-02-22 22:04:19,0.00055712,15.00000000
2018-02-22 22:04:19,0.00055705,39.00000000
2018-02-22 22:04:20,0.00055656,40.00000000
2018-02-22 22:04:25,0.00055767,40.00000000
2018-02-22 22:04:27,0.00055683,27.00000000
2018-02-22 22:04:27,0.00055682,7.00000000
2018-02-22 22:04:27,0.00055681,6.00000000
2018-02-22 22:04:28,0.00055764,17.00000000
2018-02-22 22:04:30,0.00055757,3.00000000
2018-02-22 22:04:30,0.00055758,15.00000000
2018-02-22 22:04:30,0.00055765,27.00000000
2018-02-22 22:04:30,0.00055767,31.00000000
2018-02-22 22:04:30,0.00055768,93.00000000
2018-02-22 22:04:35,0.00055759,149.00000000
2018-02-22 22:04:35,0.00055711,10.00000000
2018-02-22 22:04:35,0.00055710,25.00000000
2018-02-22 22:04:35,0.00055706,5.00000000
2018-02-22 22:04:38,0.00055750,17.00000000
2018-02-22 22:04:43,0.00055718,17.00000000
2018-02-22 22:04:43,0.00055710,23.00000000
2018-02-22 22:04:46,0.00055710,75.00000000
2018-02-22 22:04:49,0.00055710,48.00000000
2018-02-22 22:04:50,0.00055710,29.00000000
2018-02-22 22:04:50,0.00055707,11.00000000
2018-02-22 22:04:53,0.00055750,129.00000000
2018-02-22 22:04:57,0.00055750,12.00000000
2018-02-22 22:04:57,0.00055714,3.00000000
2018-02-22 22:04:57,0.00055707,37.00000000
2018-02-22 22:05:01,0.00055750,97.00000000
2018-02-22 22:05:03,0.00055707,40.00000000
2018-02-22 22:05:03,0.00055707,1.00000000
2018-02-22 22:05:03,0.00055706,214.00000000
2018-02-22 22:05:03,0.00055706,9.00000000
2018-02-22 22:05:07,0.00055750,86.00000000
2018-02-22 22:05:10,0.00055750,40.00000000
2018-02-22 22:05:12,0.00055792,6.00000000
2018-02-22 22:05:18,0.00055792,4.00000000
2018-02-22 22:05:18,0.00055750,36.00000000
2018-02-22 22:05:20,0.00055750,61.00000000
2018-02-22 22:05:26,0.00055750,40.00000000
2018-02-22 22:05:28,0.00055750,296.00000000
2018-02-22 22:05:33,0.00055734,9.00000000
2018-02-22 22:05:33,0.00055700,240.00000000
2018-02-22 22:05:36,0.00055700,40.00000000
2018-02-22 22:05:39,0.00055700,42.00000000
2018-02-22 22:05:45,0.00055700,40.00000000
2018-02-22 22:05:52,0.00055750,121.00000000
2018-02-22 22:05:53,0.00055750,145.00000000
2018-02-22 22:05:53,0.00055750,81.00000000
2018-02-22 22:05:53,0.00055700,40.00000000
2018-02-22 22:05:54,0.00055750,11.00000000
2018-02-22 22:05:54,0.00055750,6.00000000
2018-02-22 22:06:00,0.00055700,40.00000000
2018-02-22 22:06:08,0.00055700,40.00000000
2018-02-22 22:06:15,0.00055700,40.00000000
2018-02-22 22:06:18,0.00055701,25.00000000
2018-02-22 22:06:22,0.00055700,40.00000000
2018-02-22 22:06:24,0.00055749,29.00000000
2018-02-22 22:06:24,0.00055749,29.00000000
2018-02-22 22:06:31,0.00055700,40.00000000
2018-02-22 22:06:32,0.00055749,53.00000000
2018-02-22 22:06:33,0.00055749,53.00000000
2018-02-22 22:06:33,0.00055749,36.00000000
2018-02-22 22:06:33,0.00055750,53.00000000
2018-02-22 22:06:33,0.00055750,53.00000000
2018-02-22 22:06:33,0.00055750,53.00000000
2018-02-22 22:06:33,0.00055750,53.00000000
2018-02-22 22:06:33,0.00055750,26.00000000
2018-02-22 22:06:33,0.00055750,21.00000000
2018-02-22 22:06:34,0.00055704,8.00000000
2018-02-22 22:06:34,0.00055700,209.00000000
2018-02-22 22:06:34,0.00055700,2.00000000
2018-02-22 22:06:34,0.00055700,309.00000000
2018-02-22 22:06:34,0.00055700,3.00000000
2018-02-22 22:06:34,0.00055700,2.00000000
2018-02-22 22:06:34,0.00055700,258.00000000
2018-02-22 22:06:34,0.00055700,258.00000000
2018-02-22 22:06:34,0.00055700,15.00000000
2018-02-22 22:06:34,0.00055700,2.00000000
2018-02-22 22:06:34,0.00055700,111.00000000
2018-02-22 22:06:34,0.00055700,16.00000000
2018-02-22 22:06:34,0.00055700,320.00000000
2018-02-22 22:06:34,0.00055700,44.00000000
2018-02-22 22:06:34,0.00055700,4.00000000
2018-02-22 22:06:34,0.00055700,87.00000000
2018-02-22 22:06:35,0.00055700,90.00000000
2018-02-22 22:06:37,0.00055700,7.00000000
2018-02-22 22:06:38,0.00055656,6.00000000
2018-02-22 22:06:38,0.00055654,3.00000000
2018-02-22 22:06:38,0.00055647,4.00000000
2018-02-22 22:06:38,0.00055623,27.00000000
2018-02-22 22:06:41,0.00055700,8.00000000
2018-02-22 22:06:42,0.00055700,2.00000000
2018-02-22 22:06:43,0.00055700,38.00000000
2018-02-22 22:06:47,0.00055634,2.00000000
2018-02-22 22:06:47,0.00055623,38.00000000
2018-02-22 22:06:54,0.00055624,10.00000000
2018-02-22 22:06:54,0.00055623,30.00000000
2018-02-22 22:07:02,0.00055623,40.00000000
2018-02-22 22:07:11,0.00055629,15.00000000
2018-02-22 22:07:11,0.00055623,25.00000000
2018-02-22 22:07:15,0.00055685,20.00000000
2018-02-22 22:07:15,0.00055693,17.00000000
2018-02-22 22:07:15,0.00055695,3.00000000
2018-02-22 22:07:15,0.00055697,21.00000000
2018-02-22 22:07:15,0.00055697,53.00000000
2018-02-22 22:07:15,0.00055697,53.00000000
2018-02-22 22:07:15,0.00055697,14.00000000
2018-02-22 22:07:15,0.00055697,14.00000000
2018-02-22 22:07:15,0.00055696,14.00000000
2018-02-22 22:07:15,0.00055624,6.00000000
2018-02-22 22:07:15,0.00055624,14.00000000
2018-02-22 22:07:16,0.00055623,19.00000000
2018-02-22 22:07:19,0.00055624,40.00000000
2018-02-22 22:07:23,0.00055683,20.00000000
2018-02-22 22:07:23,0.00055684,15.00000000
2018-02-22 22:07:23,0.00055697,179.00000000
2018-02-22 22:07:23,0.00055697,147.00000000
2018-02-22 22:07:23,0.00055697,35.00000000
2018-02-22 22:07:24,0.00055700,103.00000000
2018-02-22 22:07:24,0.00055625,10.00000000
2018-02-22 22:07:24,0.00055700,61.00000000
2018-02-22 22:07:29,0.00055690,10.00000000
2018-02-22 22:07:29,0.00055689,15.00000000
2018-02-22 22:07:29,0.00055683,15.00000000
2018-02-22 22:07:34,0.00055683,178.00000000
2018-02-22 22:07:35,0.00055683,32.00000000
2018-02-22 22:07:35,0.00055629,8.00000000
2018-02-22 22:07:38,0.00055642,8.00000000
2018-02-22 22:07:38,0.00055634,83.00000000
2018-02-22 22:07:38,0.00055624,109.00000000
2018-02-22 22:07:40,0.00055716,20.00000000
2018-02-22 22:07:42,0.00055645,20.00000000
2018-02-22 22:07:42,0.00055644,20.00000000
2018-02-22 22:07:43,0.00055719,15.00000000
2018-02-22 22:07:45,0.00055700,3.00000000
2018-02-22 22:07:45,0.00055700,3.00000000
2018-02-22 22:07:46,0.00055700,344.00000000
2018-02-22 22:07:50,0.00055647,15.00000000
2018-02-22 22:07:50,0.00055644,25.00000000
2018-02-22 22:07:57,0.00055644,96.00000000
2018-02-22 22:07:57,0.00055633,17.00000000
2018-02-22 22:07:58,0.00055687,2.00000000
2018-02-22 22:07:59,0.00055633,40.00000000
2018-02-22 22:08:00,0.00055685,15.00000000
2018-02-22 22:08:00,0.00055688,91.00000000
2018-02-22 22:08:00,0.00055684,8.00000000
2018-02-22 22:08:00,0.00055700,68.00000000
2018-02-22 22:08:00,0.00055700,53.00000000
2018-02-22 22:08:01,0.00055699,10.00000000
2018-02-22 22:08:01,0.00055700,3.00000000
2018-02-22 22:08:02,0.00055700,77.00000000
2018-02-22 22:08:07,0.00055646,15.00000000
2018-02-22 22:08:07,0.00055634,20.00000000
2018-02-22 22:08:07,0.00055633,5.00000000
2018-02-22 22:08:09,0.00055694,15.00000000
2018-02-22 22:08:09,0.00055700,73.00000000
2018-02-22 22:08:15,0.00055639,15.00000000
2018-02-22 22:08:15,0.00055633,25.00000000
2018-02-22 22:08:21,0.00055633,40.00000000
2018-02-22 22:08:27,0.00055633,40.00000000
2018-02-22 22:08:35,0.00055633,29.00000000
2018-02-22 22:08:35,0.00055624,11.00000000
2018-02-22 22:08:42,0.00055690,11.00000000
2018-02-22 22:08:45,0.00055626,11.00000000
2018-02-22 22:08:45,0.00055625,3.00000000
2018-02-22 22:08:45,0.00055624,26.00000000
2018-02-22 22:08:50,0.00055624,50.00000000
2018-02-22 22:08:51,0.00055625,40.00000000
2018-02-22 22:09:02,0.00055626,9.00000000
2018-02-22 22:09:02,0.00055625,31.00000000
2018-02-22 22:09:03,0.00055682,20.00000000
2018-02-22 22:09:03,0.00055690,29.00000000
2018-02-22 22:09:09,0.00055628,2.00000000
2018-02-22 22:09:11,0.00055630,18.00000000
2018-02-22 22:09:11,0.00055629,9.00000000
2018-02-22 22:09:11,0.00055625,13.00000000
2018-02-22 22:09:12,0.00055625,3.00000000
2018-02-22 22:09:20,0.00055626,13.00000000
2018-02-22 22:09:20,0.00055625,27.00000000
2018-02-22 22:09:21,0.00055625,62.00000000
2018-02-22 22:09:24,0.00055688,2.00000000
2018-02-22 22:09:24,0.00055688,2.00000000
2018-02-22 22:09:29,0.00055626,40.00000000
2018-02-22 22:09:29,0.00055680,10.00000000
2018-02-22 22:09:34,0.00055627,10.00000000
2018-02-22 22:09:34,0.00055626,45.00000000
2018-02-22 22:09:34,0.00055625,63.00000000
2018-02-22 22:09:36,0.00055625,40.00000000
2018-02-22 22:09:40,0.00055688,20.00000000
2018-02-22 22:09:40,0.00055689,128.00000000
2018-02-22 22:09:45,0.00055628,20.00000000
2018-02-22 22:09:45,0.00055627,20.00000000
2018-02-22 22:09:45,0.00055627,2.00000000
2018-02-22 22:09:45,0.00055683,15.00000000
2018-02-22 22:09:45,0.00055688,20.00000000
2018-02-22 22:09:45,0.00055689,91.00000000
2018-02-22 22:09:45,0.00055690,972.00000000
2018-02-22 22:09:46,0.00055700,858.00000000
2018-02-22 22:09:46,0.00055700,305.00000000
2018-02-22 22:09:46,0.00055700,102.00000000
2018-02-22 22:09:47,0.00055700,129.00000000
2018-02-22 22:09:47,0.00055690,219.00000000
2018-02-22 22:09:50,0.00055700,139.00000000
2018-02-22 22:09:51,0.00055700,10.00000000
2018-02-22 22:09:53,0.00055691,40.00000000
2018-02-22 22:09:58,0.00055700,52.00000000
2018-02-22 22:09:58,0.00055700,52.00000000
2018-02-22 22:09:58,0.00055700,4.00000000
2018-02-22 22:10:01,0.00055691,40.00000000
2018-02-22 22:10:07,0.00055691,176.00000000
2018-02-22 22:10:08,0.00055691,8.00000000
2018-02-22 22:10:08,0.00055690,32.00000000
2018-02-22 22:10:08,0.00055700,129.00000000
2018-02-22 22:10:11,0.00055700,5.00000000
2018-02-22 22:10:17,0.00055691,40.00000000
2018-02-22 22:10:24,0.00055691,40.00000000
2018-02-22 22:10:32,0.00055691,40.00000000
2018-02-22 22:10:42,0.00055691,40.00000000
2018-02-22 22:10:42,0.00055691,11.00000000
2018-02-22 22:10:44,0.00055691,222.00000000
2018-02-22 22:10:45,0.00055690,310.00000000
2018-02-22 22:10:52,0.00055690,40.00000000
2018-02-22 22:10:59,0.00055690,6216.00000000
2018-02-22 22:11:01,0.00055633,18.00000000
2018-02-22 22:11:01,0.00055625,22.00000000
2018-02-22 22:11:08,0.00055625,40.00000000
2018-02-22 22:11:08,0.00055625,8.00000000
2018-02-22 22:11:15,0.00055625,40.00000000
2018-02-22 22:11:20,0.00055628,4.00000000
2018-02-22 22:11:22,0.00055627,40.00000000
2018-02-22 22:11:30,0.00055629,40.00000000
2018-02-22 22:11:38,0.00055629,40.00000000
2018-02-22 22:11:39,0.00055629,4.00000000
2018-02-22 22:11:48,0.00055629,40.00000000
2018-02-22 22:11:58,0.00055629,22.00000000
2018-02-22 22:11:58,0.00055627,18.00000000
2018-02-22 22:12:01,0.00055627,184.00000000
2018-02-22 22:12:02,0.00055627,104.00000000
2018-02-22 22:12:02,0.00055627,22.00000000
2018-02-22 22:12:03,0.00055627,7.00000000
2018-02-22 22:12:03,0.00055627,53.00000000
2018-02-22 22:12:03,0.00055627,34.00000000
2018-02-22 22:12:05,0.00055626,10.00000000
2018-02-22 22:12:05,0.00055625,266.00000000
2018-02-22 22:12:06,0.00055625,10.00000000
2018-02-22 22:12:06,0.00055624,30.00000000
2018-02-22 22:12:09,0.00055626,146.00000000
2018-02-22 22:12:14,0.00055626,40.00000000
2018-02-22 22:12:24,0.00055627,40.00000000
2018-02-22 22:12:27,0.00055627,63.00000000
2018-02-22 22:12:33,0.00055627,40.00000000
2018-02-22 22:12:39,0.00055630,16.00000000
2018-02-22 22:12:39,0.00055627,24.00000000
2018-02-22 22:12:42,0.00055633,2.00000000
2018-02-22 22:12:43,0.00055666,10.00000000
2018-02-22 22:12:43,0.00055667,4.00000000
2018-02-22 22:12:43,0.00055669,321.00000000
2018-02-22 22:12:43,0.00055670,665.00000000
2018-02-22 22:12:46,0.00055637,40.00000000
2018-02-22 22:12:49,0.00055636,4.00000000
2018-02-22 22:12:49,0.00055633,6.00000000
2018-02-22 22:12:50,0.00055628,313.00000000
2018-02-22 22:12:50,0.00055627,58.00000000
2018-02-22 22:12:50,0.00055624,946.00000000
2018-02-22 22:12:50,0.00055624,159.00000000
2018-02-22 22:12:50,0.00055623,84.00000000
2018-02-22 22:12:50,0.00055622,74.00000000
2018-02-22 22:12:51,0.00055622,150.00000000
2018-02-22 22:12:52,0.00055629,3.00000000
2018-02-22 22:12:54,0.00055629,3.00000000
2018-02-22 22:12:55,0.00055623,21.00000000
2018-02-22 22:12:55,0.00055622,19.00000000
2018-02-22 22:12:56,0.00055629,1.00000000
2018-02-22 22:12:56,0.00055629,184.00000000
2018-02-22 22:12:56,0.00055629,355.00000000
2018-02-22 22:12:57,0.00055629,7.00000000
2018-02-22 22:13:00,0.00055627,57.00000000
2018-02-22 22:13:04,0.00055622,40.00000000
2018-02-22 22:13:10,0.00055622,88.00000000
2018-02-22 22:13:10,0.00055622,53.00000000
2018-02-22 22:13:11,0.00055622,7.00000000
2018-02-22 22:13:11,0.00055622,53.00000000
2018-02-22 22:13:11,0.00055622,14.00000000
2018-02-22 22:13:11,0.00055622,14.00000000
2018-02-22 22:13:12,0.00055620,40.00000000
2018-02-22 22:13:16,0.00055620,35.00000000
2018-02-22 22:13:20,0.00055622,40.00000000
2018-02-22 22:13:27,0.00055622,40.00000000
2018-02-22 22:13:28,0.00055625,53.00000000
2018-02-22 22:13:28,0.00055625,26.00000000
2018-02-22 22:13:28,0.00055625,52.00000000
2018-02-22 22:13:28,0.00055622,4.00000000
2018-02-22 22:13:34,0.00055620,40.00000000
2018-02-22 22:13:43,0.00055620,40.00000000
2018-02-22 22:13:44,0.00055625,3.00000000
2018-02-22 22:13:44,0.00055627,7.00000000
2018-02-22 22:13:44,0.00055627,50.00000000
2018-02-22 22:13:44,0.00055627,45.00000000
2018-02-22 22:13:44,0.00055627,719.00000000
2018-02-22 22:13:44,0.00055627,53.00000000
2018-02-22 22:13:44,0.00055627,32.00000000
2018-02-22 22:13:44,0.00055627,53.00000000
2018-02-22 22:13:45,0.00055627,41.00000000
2018-02-22 22:13:47,0.00055620,20.00000000
2018-02-22 22:13:51,0.00055625,7.00000000
2018-02-22 22:13:51,0.00055620,33.00000000
2018-02-22 22:14:00,0.00055625,8.00000000
2018-02-22 22:14:00,0.00055621,32.00000000
2018-02-22 22:14:02,0.00055622,14.00000000
2018-02-22 22:14:03,0.00055622,4.00000000
2018-02-22 22:14:06,0.00055621,7.00000000
2018-02-22 22:14:07,0.00055621,25.00000000
2018-02-22 22:14:09,0.00055621,40.00000000
2018-02-22 22:14:16,0.00055621,40.00000000
2018-02-22 22:14:23,0.00055670,446.00000000
2018-02-22 22:14:23,0.00055621,40.00000000
2018-02-22 22:14:26,0.00055670,224.00000000
2018-02-22 22:14:31,0.00055629,2.00000000
2018-02-22 22:14:31,0.00055621,38.00000000
2018-02-22 22:14:32,0.00055621,200.00000000
2018-02-22 22:14:39,0.00055621,40.00000000
2018-02-22 22:14:44,0.00055621,6.00000000
2018-02-22 22:14:47,0.00055621,40.00000000
2018-02-22 22:14:52,0.00055621,15.00000000
2018-02-22 22:14:53,0.00055621,75.00000000
2018-02-22 22:14:54,0.00055670,272.00000000
2018-02-22 22:14:56,0.00055621,40.00000000
2018-02-22 22:14:58,0.00055622,233.00000000
2018-02-22 22:14:58,0.00055621,20.00000000
2018-02-22 22:14:58,0.00055621,25.00000000
2018-02-22 22:14:59,0.00055620,348.00000000
2018-02-22 22:15:00,0.00055621,208.00000000
2018-02-22 22:15:03,0.00055620,40.00000000
2018-02-22 22:15:04,0.00055621,251.00000000
2018-02-22 22:15:10,0.00055620,1444.00000000
2018-02-22 22:15:10,0.00055618,275.00000000
2018-02-22 22:15:10,0.00055600,218.00000000
2018-02-22 22:15:10,0.00055600,16.00000000
2018-02-22 22:15:10,0.00055594,142.00000000
2018-02-22 22:15:10,0.00055599,18.00000000
2018-02-22 22:15:10,0.00055599,316.00000000
2018-02-22 22:15:10,0.00055621,109.00000000
2018-02-22 22:15:12,0.00055594,18.00000000
2018-02-22 22:15:12,0.00055593,22.00000000
2018-02-22 22:15:21,0.00055605,10.00000000
2018-02-22 22:15:22,0.00055593,6.00000000
2018-02-22 22:15:22,0.00055573,8.00000000
2018-02-22 22:15:22,0.00055572,26.00000000
2018-02-22 22:15:22,0.00055572,24.00000000
2018-02-22 22:15:22,0.00055567,11.00000000
2018-02-22 22:15:22,0.00055562,4.00000000
2018-02-22 22:15:22,0.00055550,5.00000000
2018-02-22 22:15:22,0.00055541,9.00000000
2018-02-22 22:15:22,0.00055530,63.00000000
2018-02-22 22:15:22,0.00055516,5.00000000
2018-02-22 22:15:22,0.00055508,51.00000000
2018-02-22 22:15:22,0.00055502,12.00000000
2018-02-22 22:15:22,0.00055501,115.00000000
2018-02-22 22:15:24,0.00055617,134.00000000
2018-02-22 22:15:24,0.00055618,119.00000000
2018-02-22 22:15:24,0.00055620,633.00000000
2018-02-22 22:15:25,0.00055515,6.00000000
2018-02-22 22:15:25,0.00055517,57.00000000
2018-02-22 22:15:27,0.00055539,14.00000000
2018-02-22 22:15:27,0.00055538,8.00000000
2018-02-22 22:15:27,0.00055518,26.00000000
2018-02-22 22:15:29,0.00055520,40.00000000
2018-02-22 22:15:30,0.00055545,15.00000000
2018-02-22 22:15:30,0.00055521,124.00000000
2018-02-22 22:15:30,0.00055520,24.00000000
2018-02-22 22:15:30,0.00055514,41.00000000
2018-02-22 22:15:30,0.00055504,56.00000000
2018-02-22 22:15:33,0.00055607,15.00000000
2018-02-22 22:15:33,0.00055611,181.00000000
2018-02-22 22:15:33,0.00055612,140.00000000
2018-02-22 22:15:33,0.00055613,30.00000000
2018-02-22 22:15:33,0.00055620,67.00000000
2018-02-22 22:15:36,0.00055528,40.00000000
2018-02-22 22:15:37,0.00055669,4.00000000
2018-02-22 22:15:38,0.00055664,4.00000000
2018-02-22 22:15:43,0.00055660,4.00000000
2018-02-22 22:15:44,0.00055585,20.00000000
2018-02-22 22:15:44,0.00055583,15.00000000
2018-02-22 22:15:44,0.00055579,46.00000000
2018-02-22 22:15:44,0.00055657,4.00000000
2018-02-22 22:15:45,0.00055579,40.00000000
2018-02-22 22:15:52,0.00055580,9.00000000
2018-02-22 22:15:52,0.00055579,31.00000000
2018-02-22 22:15:57,0.00055608,32.00000000
2018-02-22 22:15:57,0.00055610,10.00000000
2018-02-22 22:15:58,0.00055607,16.00000000
2018-02-22 22:15:59,0.00055602,15.00000000
2018-02-22 22:16:02,0.00055580,9.00000000
2018-02-22 22:16:02,0.00055579,7.00000000
2018-02-22 22:16:02,0.00055578,24.00000000
2018-02-22 22:16:11,0.00055544,10.00000000
2018-02-22 22:16:11,0.00055543,10.00000000
2018-02-22 22:16:11,0.00055541,20.00000000
2018-02-22 22:16:19,0.00055534,21.00000000
2018-02-22 22:16:19,0.00055533,4.00000000
2018-02-22 22:16:19,0.00055521,15.00000000
2018-02-22 22:16:24,0.00055577,5.00000000
2018-02-22 22:16:26,0.00055577,5.00000000
2018-02-22 22:16:27,0.00055520,7.00000000
2018-02-22 22:16:27,0.00055514,2.00000000
2018-02-22 22:16:27,0.00055503,31.00000000
2018-02-22 22:16:30,0.00055575,5.00000000
2018-02-22 22:16:30,0.00055576,10.00000000
2018-02-22 22:16:30,0.00055577,134.00000000
2018-02-22 22:16:36,0.00055615,4.00000000
2018-02-22 22:16:36,0.00055622,65.00000000
2018-02-22 22:16:36,0.00055629,47.00000000
2018-02-22 22:16:36,0.00055633,2.00000000
2018-02-22 22:16:36,0.00055670,342.00000000
2018-02-22 22:16:36,0.00055577,6.00000000
2018-02-22 22:16:36,0.00055525,20.00000000
2018-02-22 22:16:36,0.00055520,14.00000000
2018-02-22 22:16:37,0.00055577,153.00000000
2018-02-22 22:16:37,0.00055577,9.00000000
2018-02-22 22:16:40,0.00055578,119.00000000
2018-02-22 22:16:45,0.00055526,40.00000000
2018-02-22 22:16:46,0.00055577,10.00000000
2018-02-22 22:16:47,0.00055577,206.00000000
2018-02-22 22:16:52,0.00055577,40.00000000
2018-02-22 22:16:59,0.00055614,14.00000000
2018-02-22 22:17:01,0.00055586,15.00000000
2018-02-22 22:17:01,0.00055582,10.00000000
2018-02-22 22:17:01,0.00055581,15.00000000
2018-02-22 22:17:02,0.00055667,4.00000000
2018-02-22 22:17:03,0.00055666,32.00000000
2018-02-22 22:17:03,0.00055582,70.00000000
2018-02-22 22:17:03,0.00055580,88.00000000
2018-02-22 22:17:03,0.00055579,12.00000000
2018-02-22 22:17:03,0.00055580,4.00000000
2018-02-22 22:17:03,0.00055579,314.00000000
2018-02-22 22:17:03,0.00055578,1729.00000000
2018-02-22 22:17:04,0.00055577,10.00000000
2018-02-22 22:17:07,0.00055577,15.00000000
2018-02-22 22:17:08,0.00055577,40.00000000
2018-02-22 22:17:09,0.00055577,238.00000000
2018-02-22 22:17:11,0.00055578,17.00000000
2018-02-22 22:17:12,0.00055577,178.00000000
2018-02-22 22:17:16,0.00055524,10.00000000
2018-02-22 22:17:16,0.00055516,4.00000000
2018-02-22 22:17:16,0.00055508,26.00000000
2018-02-22 22:17:16,0.00055576,3.00000000
2018-02-22 22:17:17,0.00055576,17.00000000
2018-02-22 22:17:17,0.00055577,29.00000000
2018-02-22 22:17:18,0.00055578,10.00000000
2018-02-22 22:17:22,0.00055577,51.00000000
2018-02-22 22:17:25,0.00055516,10.00000000
2018-02-22 22:17:25,0.00055515,15.00000000
2018-02-22 22:17:25,0.00055508,8.00000000
2018-02-22 22:17:25,0.00055503,7.00000000
2018-02-22 22:17:31,0.00055503,40.00000000
2018-02-22 22:17:39,0.00055503,26.00000000
2018-02-22 22:17:39,0.00055502,14.00000000
2018-02-22 22:17:43,0.00055568,7.00000000
2018-02-22 22:17:43,0.00055561,13.00000000
2018-02-22 22:17:43,0.00055562,15.00000000
2018-02-22 22:17:43,0.00055569,10.00000000
2018-02-22 22:17:43,0.00055577,8.00000000
2018-02-22 22:17:44,0.00055577,26.00000000
2018-02-22 22:17:47,0.00055510,20.00000000
2018-02-22 22:17:47,0.00055503,20.00000000
2018-02-22 22:17:53,0.00055520,7.00000000
2018-02-22 22:17:53,0.00055514,15.00000000
2018-02-22 22:17:53,0.00055508,17.00000000
2018-02-22 22:17:53,0.00055504,1.00000000
2018-02-22 22:18:00,0.00055504,40.00000000
2018-02-22 22:18:01,0.00055568,19.00000000
2018-02-22 22:18:02,0.00055576,144.00000000
2018-02-22 22:18:03,0.00055576,36.00000000
2018-02-22 22:18:08,0.00055505,40.00000000
2018-02-22 22:18:08,0.00055570,5.00000000
2018-02-22 22:18:10,0.00055563,10.00000000
2018-02-22 22:18:16,0.00055512,15.00000000
2018-02-22 22:18:16,0.00055506,25.00000000
2018-02-22 22:18:18,0.00055575,17.00000000
2018-02-22 22:18:20,0.00055568,3.00000000
2018-02-22 22:18:20,0.00055576,6.00000000
2018-02-22 22:18:20,0.00055576,6.00000000
2018-02-22 22:18:20,0.00055576,7.00000000
2018-02-22 22:18:23,0.00055570,15.00000000
2018-02-22 22:18:23,0.00055576,465.00000000
2018-02-22 22:18:24,0.00055575,10.00000000
2018-02-22 22:18:24,0.00055570,20.00000000
2018-02-22 22:18:24,0.00055569,17.00000000
2018-02-22 22:18:24,0.00055515,3.00000000
2018-02-22 22:18:25,0.00055623,30.00000000
2018-02-22 22:18:25,0.00055624,119.00000000
2018-02-22 22:18:25,0.00055625,63.00000000
2018-02-22 22:18:25,0.00055666,22.00000000
2018-02-22 22:18:25,0.00055670,149.00000000
2018-02-22 22:18:33,0.00055544,13.00000000
2018-02-22 22:18:33,0.00055542,5.00000000
2018-02-22 22:18:33,0.00055539,10.00000000
2018-02-22 22:18:33,0.00055538,12.00000000
2018-02-22 22:18:40,0.00055543,18.00000000
2018-02-22 22:18:40,0.00055522,22.00000000
2018-02-22 22:18:43,0.00055575,12.00000000
2018-02-22 22:18:43,0.00055576,10.00000000
2018-02-22 22:18:43,0.00055578,67.00000000
2018-02-22 22:18:43,0.00055529,6.00000000
2018-02-22 22:18:47,0.00055578,955.00000000
2018-02-22 22:18:48,0.00055524,9.00000000
2018-02-22 22:18:48,0.00055518,31.00000000
2018-02-22 22:18:48,0.00055578,2177.00000000
2018-02-22 22:18:52,0.00055578,723.00000000
2018-02-22 22:18:55,0.00055578,659.00000000
2018-02-22 22:18:57,0.00055529,227.00000000
2018-02-22 22:18:57,0.00055529,40.00000000
2018-02-22 22:18:58,0.00055578,19.00000000
2018-02-22 22:19:04,0.00055531,40.00000000
2018-02-22 22:19:06,0.00055578,29.00000000
2018-02-22 22:19:13,0.00055531,40.00000000
2018-02-22 22:19:21,0.00055578,1253.00000000
2018-02-22 22:19:21,0.00055531,40.00000000
2018-02-22 22:19:29,0.00055578,43.00000000
2018-02-22 22:19:29,0.00055521,40.00000000
2018-02-22 22:19:38,0.00055578,40.00000000
2018-02-22 22:19:41,0.00055578,246.00000000
2018-02-22 22:19:41,0.00055552,15.00000000
2018-02-22 22:19:41,0.00055545,14.00000000
2018-02-22 22:19:41,0.00055521,318.00000000
2018-02-22 22:19:41,0.00055521,90.00000000
2018-02-22 22:19:41,0.00055521,53.00000000
2018-02-22 22:19:41,0.00055521,53.00000000
2018-02-22 22:19:41,0.00055521,27.00000000
2018-02-22 22:19:41,0.00055521,53.00000000
2018-02-22 22:19:41,0.00055521,222.00000000
2018-02-22 22:19:41,0.00055624,70.00000000
2018-02-22 22:19:41,0.00055670,232.00000000
2018-02-22 22:19:42,0.00055528,15.00000000
2018-02-22 22:19:45,0.00055541,40.00000000
2018-02-22 22:19:52,0.00055563,10.00000000
2018-02-22 22:19:52,0.00055562,30.00000000
2018-02-22 22:19:58,0.00055612,10.00000000
2018-02-22 22:19:58,0.00055614,55.00000000
2018-02-22 22:19:58,0.00055628,6.00000000
2018-02-22 22:19:59,0.00055561,99.00000000
2018-02-22 22:19:59,0.00055542,30.00000000
2018-02-22 22:19:59,0.00055541,30.00000000
2018-02-22 22:19:59,0.00055541,53.00000000
2018-02-22 22:19:59,0.00055541,30.00000000
2018-02-22 22:19:59,0.00055541,30.00000000
2018-02-22 22:19:59,0.00055541,252.00000000
2018-02-22 22:19:59,0.00055541,11.00000000
2018-02-22 22:19:59,0.00055541,53.00000000
2018-02-22 22:19:59,0.00055541,53.00000000
2018-02-22 22:19:59,0.00055541,53.00000000
2018-02-22 22:19:59,0.00055541,6.00000000
2018-02-22 22:19:59,0.00055541,47.00000000
2018-02-22 22:20:00,0.00055542,10.00000000
2018-02-22 22:20:00,0.00055541,4.00000000
2018-02-22 22:20:00,0.00055536,4.00000000
2018-02-22 22:20:00,0.00055521,22.00000000
2018-02-22 22:20:04,0.00055522,283.00000000
2018-02-22 22:20:04,0.00055521,338.00000000
2018-02-22 22:20:04,0.00055518,462.00000000
2018-02-22 22:20:04,0.00055517,357.00000000
2018-02-22 22:20:04,0.00055516,60.00000000
2018-02-22 22:20:08,0.00055533,15.00000000
2018-02-22 22:20:08,0.00055516,25.00000000
2018-02-22 22:20:09,0.00055609,89.00000000
2018-02-22 22:20:16,0.00055589,40.00000000
2018-02-22 22:20:17,0.00055518,40.00000000
2018-02-22 22:20:25,0.00055541,4.00000000
2018-02-22 22:20:25,0.00055529,18.00000000
2018-02-22 22:20:25,0.00055519,18.00000000
2018-02-22 22:20:33,0.00055526,9.00000000
2018-02-22 22:20:33,0.00055519,31.00000000
2018-02-22 22:20:42,0.00055519,40.00000000
2018-02-22 22:20:43,0.00055593,20.00000000
2018-02-22 22:20:43,0.00055594,15.00000000
2018-02-22 22:20:43,0.00055601,20.00000000
2018-02-22 22:20:43,0.00055602,50.00000000
2018-02-22 22:20:52,0.00055520,20.00000000
2018-02-22 22:20:52,0.00055519,20.00000000
2018-02-22 22:20:59,0.00055525,15.00000000
2018-02-22 22:20:59,0.00055519,193.00000000
2018-02-22 22:20:59,0.00055519,361.00000000
2018-02-22 22:20:59,0.00055519,2.00000000
2018-02-22 22:20:59,0.00055519,18.00000000
2018-02-22 22:20:59,0.00055519,6.00000000
2018-02-22 22:20:59,0.00055519,7.00000000
2018-02-22 22:20:59,0.00055519,6.00000000
2018-02-22 22:20:59,0.00055519,7.00000000
2018-02-22 22:20:59,0.00055519,53.00000000
2018-02-22 22:20:59,0.00055519,7.00000000
2018-02-22 22:20:59,0.00055519,18.00000000
2018-02-22 22:20:59,0.00055519,52.00000000
2018-02-22 22:20:59,0.00055518,7.00000000
2018-02-22 22:20:59,0.00055519,68.00000000
2018-02-22 22:20:59,0.00055519,90.00000000
2018-02-22 22:20:59,0.00055519,98.00000000
2018-02-22 22:20:59,0.00055519,48.00000000
2018-02-22 22:20:59,0.00055519,19.00000000
2018-02-22 22:20:59,0.00055519,7.00000000
2018-02-22 22:20:59,0.00055519,58.00000000
2018-02-22 22:20:59,0.00055519,19.00000000
2018-02-22 22:20:59,0.00055518,48.00000000
2018-02-22 22:20:59,0.00055519,21.00000000
2018-02-22 22:20:59,0.00055518,4.00000000
2018-02-22 22:21:00,0.00055518,19.00000000
2018-02-22 22:21:00,0.00055519,54.00000000
2018-02-22 22:21:00,0.00055518,8.00000000
2018-02-22 22:21:00,0.00055519,54.00000000
2018-02-22 22:21:00,0.00055519,1.00000000
2018-02-22 22:21:00,0.00055601,20.00000000
2018-02-22 22:21:00,0.00055602,34.00000000
2018-02-22 22:21:00,0.00055519,40.00000000
2018-02-22 22:21:08,0.00055602,10.00000000
2018-02-22 22:21:08,0.00055609,2.00000000
2018-02-22 22:21:08,0.00055628,14.00000000
2018-02-22 22:21:09,0.00055627,30.00000000
2018-02-22 22:21:09,0.00055522,40.00000000
2018-02-22 22:21:14,0.00055526,20.00000000
2018-02-22 22:21:14,0.00055525,125.00000000
2018-02-22 22:21:14,0.00055524,20.00000000
2018-02-22 22:21:14,0.00055522,50.00000000
2018-02-22 22:21:14,0.00055519,15.00000000
2018-02-22 22:21:14,0.00055518,590.00000000
2018-02-22 22:21:14,0.00055517,244.00000000
2018-02-22 22:21:14,0.00055516,2540.00000000
2018-02-22 22:21:16,0.00055516,40.00000000
2018-02-22 22:21:17,0.00055598,17.00000000
2018-02-22 22:21:25,0.00055519,17.00000000
2018-02-22 22:21:25,0.00055518,23.00000000
2018-02-22 22:21:29,0.00055575,15.00000000
2018-02-22 22:21:35,0.00055519,15.00000000
2018-02-22 22:21:35,0.00055518,25.00000000
2018-02-22 22:21:40,0.00055553,6.00000000
2018-02-22 22:21:44,0.00055520,8.00000000
2018-02-22 22:21:44,0.00055518,32.00000000
2018-02-22 22:21:44,0.00055518,371.00000000
2018-02-22 22:21:46,0.00055518,174.00000000
2018-02-22 22:21:46,0.00055516,163.00000000
2018-02-22 22:21:46,0.00055504,553.00000000
2018-02-22 22:21:47,0.00055551,10.00000000
2018-02-22 22:21:47,0.00055552,20.00000000
2018-02-22 22:21:47,0.00055559,6.00000000
2018-02-22 22:21:48,0.00055579,464.00000000
2018-02-22 22:21:54,0.00055519,10.00000000
2018-02-22 22:21:54,0.00055518,30.00000000
2018-02-22 22:22:01,0.00055578,17.00000000
2018-02-22 22:22:04,0.00055578,3.00000000
2018-02-22 22:22:05,0.00055579,16.00000000
2018-02-22 22:22:05,0.00055578,6.00000000
2018-02-22 22:22:05,0.00055537,8.00000000
2018-02-22 22:22:05,0.00055519,17.00000000
2018-02-22 22:22:05,0.00055518,9.00000000
2018-02-22 22:22:05,0.00055589,13.00000000
2018-02-22 22:22:06,0.00055589,4.00000000
2018-02-22 22:22:06,0.00055590,96.00000000
2018-02-22 22:22:13,0.00055541,20.00000000
2018-02-22 22:22:13,0.00055540,8.00000000
2018-02-22 22:22:13,0.00055518,12.00000000
2018-02-22 22:22:20,0.00055589,7.00000000
2018-02-22 22:22:20,0.00055589,7.00000000
2018-02-22 22:22:21,0.00055543,14.00000000
2018-02-22 22:22:21,0.00055542,10.00000000
2018-02-22 22:22:21,0.00055518,16.00000000
2018-02-22 22:22:21,0.00055518,137.00000000
2018-02-22 22:22:22,0.00055588,2.00000000
2018-02-22 22:22:22,0.00055588,2.00000000
2018-02-22 22:22:22,0.00055588,2.00000000
2018-02-22 22:22:22,0.00055588,2.00000000
2018-02-22 22:22:28,0.00055576,2.00000000
2018-02-22 22:22:29,0.00055576,40.00000000
2018-02-22 22:22:30,0.00055587,5.00000000
2018-02-22 22:22:34,0.00055587,6.00000000
2018-02-22 22:22:39,0.00055576,40.00000000
2018-02-22 22:22:43,0.00055587,4.00000000
2018-02-22 22:22:44,0.00055587,15.00000000
2018-02-22 22:22:44,0.00055587,15.00000000
2018-02-22 22:22:48,0.00055576,22.00000000
2018-02-22 22:22:48,0.00055518,18.00000000
2018-02-22 22:22:56,0.00055519,8.00000000
2018-02-22 22:22:56,0.00055518,32.00000000
2018-02-22 22:22:57,0.00055518,590.00000000
2018-02-22 22:23:04,0.00055518,40.00000000
2018-02-22 22:23:07,0.00055586,3.00000000
2018-02-22 22:23:07,0.00055586,2.00000000
2018-02-22 22:23:13,0.00055520,5.00000000
2018-02-22 22:23:13,0.00055518,35.00000000
2018-02-22 22:23:13,0.00055586,2.00000000
2018-02-22 22:23:13,0.00055586,2.00000000
2018-02-22 22:23:13,0.00055586,2.00000000
2018-02-22 22:23:16,0.00055586,1.00000000
2018-02-22 22:23:17,0.00055586,1.00000000
2018-02-22 22:23:20,0.00055586,1.00000000
2018-02-22 22:23:22,0.00055586,11.00000000
2018-02-22 22:23:22,0.00055587,19.00000000
2018-02-22 22:23:23,0.00055519,20.00000000
2018-02-22 22:23:23,0.00055518,20.00000000
2018-02-22 22:23:24,0.00055586,20.00000000
2018-02-22 22:23:26,0.00055586,60.00000000
2018-02-22 22:23:32,0.00055519,20.00000000
2018-02-22 22:23:32,0.00055518,20.00000000
2018-02-22 22:23:33,0.00055585,1.00000000
2018-02-22 22:23:36,0.00055518,5.00000000
2018-02-22 22:23:38,0.00055585,2.00000000
2018-02-22 22:23:38,0.00055585,2.00000000
2018-02-22 22:23:38,0.00055585,2.00000000
2018-02-22 22:23:38,0.00055585,2.00000000
2018-02-22 22:23:42,0.00055520,9.00000000
2018-02-22 22:23:42,0.00055519,10.00000000
2018-02-22 22:23:42,0.00055518,2.00000000
2018-02-22 22:23:42,0.00055505,19.00000000
2018-02-22 22:23:43,0.00055585,17.00000000
2018-02-22 22:23:47,0.00055506,17.00000000
2018-02-22 22:23:47,0.00055505,344.00000000
2018-02-22 22:23:49,0.00055505,11.00000000
2018-02-22 22:23:49,0.00055504,9.00000000
2018-02-22 22:23:52,0.00055504,40.00000000
2018-02-22 22:24:00,0.00055504,2.00000000
2018-02-22 22:24:02,0.00055504,40.00000000
2018-02-22 22:24:02,0.00055504,310.00000000
2018-02-22 22:24:13,0.00055504,40.00000000
2018-02-22 22:24:15,0.00055504,529.00000000
2018-02-22 22:24:15,0.00055504,7.00000000
2018-02-22 22:24:15,0.00055504,18.00000000
2018-02-22 22:24:15,0.00055504,14.00000000
2018-02-22 22:24:15,0.00055504,5.00000000
2018-02-22 22:24:15,0.00055504,5.00000000
2018-02-22 22:24:15,0.00055504,7.00000000
2018-02-22 22:24:15,0.00055504,5.00000000
2018-02-22 22:24:15,0.00055504,5.00000000
2018-02-22 22:24:16,0.00055504,53.00000000
2018-02-22 22:24:16,0.00055504,53.00000000
2018-02-22 22:24:16,0.00055504,54.00000000
2018-02-22 22:24:16,0.00055503,5.00000000
2018-02-22 22:24:16,0.00055504,97.00000000
2018-02-22 22:24:16,0.00055504,37.00000000
2018-02-22 22:24:16,0.00055503,53.00000000
2018-02-22 22:24:16,0.00055504,7.00000000
2018-02-22 22:24:16,0.00055504,7.00000000
2018-02-22 22:24:16,0.00055504,14.00000000
2018-02-22 22:24:16,0.00055504,153.00000000
2018-02-22 22:24:16,0.00055503,7.00000000
2018-02-22 22:24:16,0.00055504,9.00000000
2018-02-22 22:24:16,0.00055504,50.00000000
2018-02-22 22:24:16,0.00055504,53.00000000
2018-02-22 22:24:16,0.00055504,54.00000000
2018-02-22 22:24:17,0.00055504,54.00000000
2018-02-22 22:24:17,0.00055504,347.00000000
2018-02-22 22:24:17,0.00055504,143.00000000
2018-02-22 22:24:17,0.00055504,54.00000000
2018-02-22 22:24:17,0.00055504,54.00000000
2018-02-22 22:24:17,0.00055504,54.00000000
2018-02-22 22:24:17,0.00055504,54.00000000
2018-02-22 22:24:17,0.00055504,54.00000000
2018-02-22 22:24:17,0.00055504,54.00000000
2018-02-22 22:24:17,0.00055504,54.00000000
2018-02-22 22:24:17,0.00055504,54.00000000
2018-02-22 22:24:17,0.00055504,54.00000000
2018-02-22 22:24:17,0.00055504,54.00000000
2018-02-22 22:24:18,0.00055504,54.00000000
2018-02-22 22:24:18,0.00055504,54.00000000
2018-02-22 22:24:18,0.00055504,54.00000000
2018-02-22 22:24:18,0.00055504,54.00000000
2018-02-22 22:24:18,0.00055504,16.00000000
2018-02-22 22:24:18,0.00055504,50.00000000
2018-02-22 22:24:18,0.00055504,18.00000000
2018-02-22 22:24:18,0.00055503,10.00000000
2018-02-22 22:24:18,0.00055503,54.00000000
2018-02-22 22:24:18,0.00055503,54.00000000
2018-02-22 22:24:19,0.00055503,54.00000000
2018-02-22 22:24:19,0.00055503,54.00000000
2018-02-22 22:24:19,0.00055503,14.00000000
2018-02-22 22:24:19,0.00055503,2.00000000
2018-02-22 22:24:19,0.00055503,2.00000000
2018-02-22 22:24:19,0.00055504,54.00000000
2018-02-22 22:24:19,0.00055500,2.00000000
2018-02-22 22:24:19,0.00055500,50.00000000
2018-02-22 22:24:19,0.00055500,66.00000000
2018-02-22 22:24:20,0.00055504,54.00000000
2018-02-22 22:24:20,0.00055504,3.00000000
2018-02-22 22:24:21,0.00055501,5.00000000
2018-02-22 22:24:21,0.00055500,40.00000000
2018-02-22 22:24:21,0.00055501,4.00000000
2018-02-22 22:24:21,0.00055504,16.00000000
2018-02-22 22:24:21,0.00055504,113.00000000
2018-02-22 22:24:22,0.00055504,32.00000000
2018-02-22 22:24:23,0.00055504,880.00000000
2018-02-22 22:24:24,0.00055504,9.00000000
2018-02-22 22:24:24,0.00055504,22.00000000
2018-02-22 22:24:24,0.00055504,22.00000000
2018-02-22 22:24:24,0.00055504,22.00000000
2018-02-22 22:24:24,0.00055504,129.00000000
2018-02-22 22:24:24,0.00055504,32.00000000
2018-02-22 22:24:25,0.00055500,28.00000000
2018-02-22 22:24:28,0.00055503,40.00000000
2018-02-22 22:24:28,0.00055504,54.00000000
2018-02-22 22:24:29,0.00055504,71.00000000
2018-02-22 22:24:29,0.00055504,38.00000000
2018-02-22 22:24:29,0.00055504,54.00000000
2018-02-22 22:24:29,0.00055504,54.00000000
2018-02-22 22:24:29,0.00055504,54.00000000
2018-02-22 22:24:30,0.00055504,54.00000000
2018-02-22 22:24:30,0.00055504,54.00000000
2018-02-22 22:24:30,0.00055504,54.00000000
2018-02-22 22:24:30,0.00055504,54.00000000
2018-02-22 22:24:30,0.00055504,19.00000000
2018-02-22 22:24:32,0.00055504,347.00000000
2018-02-22 22:24:38,0.00055503,40.00000000
2018-02-22 22:24:39,0.00055504,10.00000000
2018-02-22 22:24:40,0.00055504,42.00000000
2018-02-22 22:24:43,0.00055585,20.00000000
2018-02-22 22:24:43,0.00055586,5.00000000
2018-02-22 22:24:43,0.00055510,15.00000000
2018-02-22 22:24:43,0.00055504,46.00000000
2018-02-22 22:24:47,0.00055505,20.00000000
2018-02-22 22:24:47,0.00055504,20.00000000
2018-02-22 22:24:51,0.00055578,20.00000000
2018-02-22 22:24:51,0.00055579,15.00000000
2018-02-22 22:24:51,0.00055586,95.00000000
2018-02-22 22:24:51,0.00055587,9.00000000
2018-02-22 22:24:53,0.00055510,15.00000000
2018-02-22 22:24:53,0.00055505,20.00000000
2018-02-22 22:24:53,0.00055504,86.00000000
2018-02-22 22:24:55,0.00055504,40.00000000
2018-02-22 22:24:59,0.00055504,14.00000000
2018-02-22 22:25:03,0.00055504,32.00000000
2018-02-22 22:25:04,0.00055504,40.00000000
2018-02-22 22:25:12,0.00055505,34.00000000
2018-02-22 22:25:12,0.00055504,6.00000000
2018-02-22 22:25:15,0.00055514,54.00000000
2018-02-22 22:25:15,0.00055514,46.00000000
2018-02-22 22:25:19,0.00055551,20.00000000
2018-02-22 22:25:19,0.00055552,5.00000000
2018-02-22 22:25:19,0.00055569,25.00000000
2018-02-22 22:25:21,0.00055505,20.00000000
2018-02-22 22:25:21,0.00055504,20.00000000
2018-02-22 22:25:29,0.00055504,40.00000000
2018-02-22 22:25:37,0.00055509,3.00000000
2018-02-22 22:25:37,0.00055504,37.00000000
2018-02-22 22:25:44,0.00055504,40.00000000
2018-02-22 22:25:46,0.00055504,74.00000000
2018-02-22 22:25:54,0.00055504,40.00000000
2018-02-22 22:25:57,0.00055568,20.00000000
2018-02-22 22:25:57,0.00055569,211.00000000
2018-02-22 22:25:57,0.00055587,81.00000000
2018-02-22 22:25:57,0.00055590,29.00000000
2018-02-22 22:25:57,0.00055650,65.00000000
2018-02-22 22:25:57,0.00055664,4.00000000
2018-02-22 22:25:57,0.00055668,6.00000000
2018-02-22 22:25:57,0.00055669,165.00000000
2018-02-22 22:25:57,0.00055670,326.00000000
2018-02-22 22:26:03,0.00055512,20.00000000
2018-02-22 22:26:03,0.00055511,20.00000000
2018-02-22 22:26:09,0.00055511,10.00000000
2018-02-22 22:26:09,0.00055510,90.00000000
2018-02-22 22:26:09,0.00055504,13.00000000
2018-02-22 22:26:09,0.00055587,10.00000000
2018-02-22 22:26:09,0.00055588,10.00000000
2018-02-22 22:26:09,0.00055669,30.00000000
2018-02-22 22:26:09,0.00055670,18.00000000
2018-02-22 22:26:10,0.00055505,30.00000000
2018-02-22 22:26:10,0.00055504,10.00000000
2018-02-22 22:26:19,0.00055533,40.00000000
2018-02-22 22:26:21,0.00055644,5.00000000
2018-02-22 22:26:28,0.00055558,40.00000000
2018-02-22 22:26:37,0.00055558,40.00000000
2018-02-22 22:26:44,0.00055558,40.00000000
2018-02-22 22:26:45,0.00055585,7.00000000
2018-02-22 22:26:46,0.00055558,23.00000000
2018-02-22 22:26:46,0.00055538,4.00000000
2018-02-22 22:26:46,0.00055505,13.00000000
2018-02-22 22:26:51,0.00055560,100.00000000
2018-02-22 22:26:51,0.00055505,376.00000000
2018-02-22 22:26:54,0.00055506,10.00000000
2018-02-22 22:26:54,0.00055505,30.00000000
2018-02-22 22:27:02,0.00055508,40.00000000
2018-02-22 22:27:02,0.00055508,20.00000000
2018-02-22 22:27:06,0.00055542,24.00000000
2018-02-22 22:27:07,0.00055542,4.00000000
2018-02-22 22:27:08,0.00055542,6.00000000
2018-02-22 22:27:08,0.00055536,5.00000000
2018-02-22 22:27:10,0.00055508,40.00000000
2018-02-22 22:27:10,0.00055536,3.00000000
2018-02-22 22:27:19,0.00055516,8.00000000
2018-02-22 22:27:19,0.00055508,20.00000000
2018-02-22 22:27:19,0.00055505,12.00000000
2018-02-22 22:27:20,0.00055536,1.00000000
2018-02-22 22:27:21,0.00055536,13.00000000
2018-02-22 22:27:21,0.00055536,90.00000000
2018-02-22 22:27:21,0.00055536,15.00000000
2018-02-22 22:27:21,0.00055536,7.00000000
2018-02-22 22:27:21,0.00055536,308.00000000
2018-02-22 22:27:21,0.00055536,6.00000000
2018-02-22 22:27:22,0.00055536,90.00000000
2018-02-22 22:27:22,0.00055536,16.00000000
2018-02-22 22:27:22,0.00055536,347.00000000
2018-02-22 22:27:22,0.00055536,20.00000000
2018-02-22 22:27:22,0.00055536,567.00000000
2018-02-22 22:27:22,0.00055530,6.00000000
2018-02-22 22:27:23,0.00055530,9.00000000
2018-02-22 22:27:23,0.00055536,8.00000000
2018-02-22 22:27:23,0.00055536,253.00000000
2018-02-22 22:27:23,0.00055536,179.00000000
2018-02-22 22:27:23,0.00055536,180.00000000
2018-02-22 22:27:23,0.00055536,128.00000000
2018-02-22 22:27:24,0.00055536,252.00000000
2018-02-22 22:27:24,0.00055536,57.00000000
2018-02-22 22:27:24,0.00055536,55.00000000
2018-02-22 22:27:24,0.00055536,53.00000000
2018-02-22 22:27:26,0.00055536,2.00000000
2018-02-22 22:27:26,0.00055522,8.00000000
2018-02-22 22:27:26,0.00055506,30.00000000
2018-02-22 22:27:35,0.00055542,15.00000000
2018-02-22 22:27:35,0.00055536,25.00000000
2018-02-22 22:27:38,0.00055536,517.00000000
2018-02-22 22:27:41,0.00055585,43.00000000
2018-02-22 22:27:41,0.00055586,15.00000000
2018-02-22 22:27:43,0.00055592,40.00000000
2018-02-22 22:27:46,0.00055597,10.00000000
2018-02-22 22:27:47,0.00055592,123.00000000
2018-02-22 22:27:49,0.00055596,9.00000000
2018-02-22 22:27:50,0.00055544,19.00000000
2018-02-22 22:27:50,0.00055543,15.00000000
2018-02-22 22:27:50,0.00055536,6.00000000
2018-02-22 22:27:51,0.00055596,20.00000000
2018-02-22 22:27:51,0.00055597,114.00000000
2018-02-22 22:27:51,0.00055599,121.00000000
2018-02-22 22:27:53,0.00055591,4.00000000
2018-02-22 22:27:55,0.00055537,20.00000000
2018-02-22 22:27:55,0.00055536,5.00000000
2018-02-22 22:28:00,0.00055536,40.00000000
2018-02-22 22:28:07,0.00055567,11.00000000
2018-02-22 22:28:08,0.00055567,40.00000000
2018-02-22 22:28:09,0.00055567,22.00000000
2018-02-22 22:28:09,0.00055567,74.00000000
2018-02-22 22:28:09,0.00055537,28.00000000
2018-02-22 22:28:09,0.00055536,42.00000000
2018-02-22 22:28:15,0.00055542,15.00000000
2018-02-22 22:28:15,0.00055536,272.00000000
2018-02-22 22:28:15,0.00055505,59.00000000
2018-02-22 22:28:15,0.00055504,312.00000000
2018-02-22 22:28:16,0.00055504,18.00000000
2018-02-22 22:28:16,0.00055504,31.00000000
2018-02-22 22:28:18,0.00055503,15.00000000
2018-02-22 22:28:18,0.00055503,40.00000000
2018-02-22 22:28:25,0.00055503,107.00000000
2018-02-22 22:28:25,0.00055503,43.00000000
2018-02-22 22:28:26,0.00055501,40.00000000
2018-02-22 22:28:31,0.00055503,14.00000000
2018-02-22 22:28:31,0.00055536,11.00000000
2018-02-22 22:28:33,0.00055501,266.00000000
2018-02-22 22:28:33,0.00055500,756.00000000
2018-02-22 22:28:35,0.00055504,40.00000000
2018-02-22 22:28:37,0.00055504,6.00000000
2018-02-22 22:28:41,0.00055504,40.00000000
2018-02-22 22:28:44,0.00055536,7.00000000
2018-02-22 22:28:48,0.00055501,40.00000000
2018-02-22 22:28:56,0.00055501,40.00000000
2018-02-22 22:29:04,0.00055501,40.00000000
2018-02-22 22:29:06,0.00055536,131.00000000
2018-02-22 22:29:06,0.00055598,20.00000000
2018-02-22 22:29:06,0.00055599,99.00000000
2018-02-22 22:29:14,0.00055515,20.00000000
2018-02-22 22:29:14,0.00055514,15.00000000
2018-02-22 22:29:14,0.00055501,5.00000000
2018-02-22 22:29:16,0.00055586,1.00000000
2018-02-22 22:29:18,0.00055501,190.00000000
2018-02-22 22:29:18,0.00055500,238.00000000
2018-02-22 22:29:23,0.00055500,40.00000000
2018-02-22 22:29:30,0.00055501,9.00000000
2018-02-22 22:29:30,0.00055500,31.00000000
2018-02-22 22:29:37,0.00055500,3.00000000
2018-02-22 22:29:38,0.00055500,40.00000000
2018-02-22 22:29:39,0.00055582,20.00000000
2018-02-22 22:29:39,0.00055583,90.00000000
2018-02-22 22:29:39,0.00055589,125.00000000
2018-02-22 22:29:39,0.00055599,404.00000000
2018-02-22 22:29:46,0.00055526,10.00000000
2018-02-22 22:29:47,0.00055506,40.00000000
2018-02-22 22:29:49,0.00055597,2.00000000
2018-02-22 22:29:54,0.00055511,9.00000000
2018-02-22 22:29:54,0.00055501,12.00000000
2018-02-22 22:29:54,0.00055500,19.00000000
2018-02-22 22:29:59,0.00055500,460.00000000
2018-02-22 22:30:03,0.00055501,40.00000000
2018-02-22 22:30:11,0.00055501,40.00000000
2018-02-22 22:30:19,0.00055501,40.00000000
2018-02-22 22:30:25,0.00055501,41.00000000
2018-02-22 22:30:26,0.00055500,40.00000000
2018-02-22 22:30:36,0.00055502,40.00000000
2018-02-22 22:30:37,0.00055502,100.00000000
2018-02-22 22:30:46,0.00055502,33.00000000
2018-02-22 22:30:46,0.00055500,7.00000000
2018-02-22 22:30:48,0.00055501,294.00000000
2018-02-22 22:30:48,0.00055500,1318.00000000
2018-02-22 22:30:48,0.00055500,238.00000000
2018-02-22 22:30:49,0.00055501,55.00000000
2018-02-22 22:30:50,0.00055490,132.00000000
2018-02-22 22:30:50,0.00055501,13.00000000
2018-02-22 22:30:50,0.00055501,13.00000000
2018-02-22 22:30:52,0.00055490,907.00000000
2018-02-22 22:30:52,0.00055490,53.00000000
2018-02-22 22:30:52,0.00055486,8.00000000
2018-02-22 22:30:52,0.00055475,11.00000000
2018-02-22 22:30:52,0.00055460,441.00000000
2018-02-22 22:30:54,0.00055490,3.00000000
2018-02-22 22:30:54,0.00055490,4.00000000
2018-02-22 22:30:54,0.00055490,3.00000000
2018-02-22 22:30:54,0.00055490,3.00000000
2018-02-22 22:30:54,0.00055490,3.00000000
2018-02-22 22:30:54,0.00055490,12.00000000
2018-02-22 22:30:54,0.00055490,3.00000000
2018-02-22 22:30:54,0.00055460,37.00000000
2018-02-22 22:30:58,0.00055500,221.00000000
2018-02-22 22:30:59,0.00055501,197.00000000
2018-02-22 22:31:00,0.00055501,65.00000000
2018-02-22 22:31:02,0.00055501,74.00000000
2018-02-22 22:31:03,0.00055461,10.00000000
2018-02-22 22:31:03,0.00055460,30.00000000
2018-02-22 22:31:10,0.00055460,40.00000000
2018-02-22 22:31:12,0.00055466,8.00000000
2018-02-22 22:31:12,0.00055460,123.00000000
2018-02-22 22:31:13,0.00055464,8.00000000
2018-02-22 22:31:14,0.00055471,8.00000000
2018-02-22 22:31:14,0.00055460,50.00000000
2018-02-22 22:31:18,0.00055461,58.00000000
2018-02-22 22:31:20,0.00055499,10.00000000
2018-02-22 22:31:20,0.00055500,27.00000000
2018-02-22 22:31:20,0.00055461,40.00000000
2018-02-22 22:31:23,0.00055500,7.00000000
2018-02-22 22:31:27,0.00055500,130.00000000
2018-02-22 22:31:27,0.00055501,49.00000000
2018-02-22 22:31:27,0.00055461,40.00000000
2018-02-22 22:31:28,0.00055501,16.00000000
2018-02-22 22:31:28,0.00055501,15.00000000
2018-02-22 22:31:30,0.00055501,143.00000000
2018-02-22 22:31:31,0.00055501,178.00000000
2018-02-22 22:31:32,0.00055501,64.00000000
2018-02-22 22:31:34,0.00055468,5.00000000
2018-02-22 22:31:34,0.00055465,19.00000000
2018-02-22 22:31:34,0.00055461,16.00000000
2018-02-22 22:31:35,0.00055501,35.00000000
2018-02-22 22:31:35,0.00055501,90.00000000
2018-02-22 22:31:35,0.00055501,3.00000000
2018-02-22 22:31:36,0.00055501,75.00000000
2018-02-22 22:31:36,0.00055501,90.00000000
2018-02-22 22:31:36,0.00055501,275.00000000
2018-02-22 22:31:36,0.00055501,179.00000000
2018-02-22 22:31:36,0.00055501,59.00000000
2018-02-22 22:31:37,0.00055501,179.00000000
2018-02-22 22:31:37,0.00055501,29.00000000
2018-02-22 22:31:37,0.00055501,6.00000000
2018-02-22 22:31:37,0.00055501,9.00000000
2018-02-22 22:31:37,0.00055501,179.00000000
2018-02-22 22:31:38,0.00055501,180.00000000
2018-02-22 22:31:38,0.00055501,85.00000000
2018-02-22 22:31:39,0.00055501,180.00000000
2018-02-22 22:31:39,0.00055501,347.00000000
2018-02-22 22:31:39,0.00055501,21.00000000
2018-02-22 22:31:39,0.00055461,40.00000000
2018-02-22 22:31:40,0.00055501,8.00000000
2018-02-22 22:31:40,0.00055501,10.00000000
2018-02-22 22:31:40,0.00055501,8.00000000
2018-02-22 22:31:40,0.00055501,18.00000000
2018-02-22 22:31:40,0.00055501,18.00000000
2018-02-22 22:31:41,0.00055501,23.00000000
2018-02-22 22:31:41,0.00055501,18.00000000
2018-02-22 22:31:41,0.00055501,20.00000000
2018-02-22 22:31:47,0.00055500,8.00000000
2018-02-22 22:31:47,0.00055472,7.00000000
2018-02-22 22:31:47,0.00055470,6.00000000
2018-02-22 22:31:47,0.00055467,7.00000000
2018-02-22 22:31:47,0.00055461,20.00000000
2018-02-22 22:31:52,0.00055501,150.00000000
2018-02-22 22:31:55,0.00055462,11.00000000
2018-02-22 22:31:55,0.00055461,29.00000000
2018-02-22 22:31:56,0.00055500,11.00000000
2018-02-22 22:31:56,0.00055501,11.00000000
2018-02-22 22:31:59,0.00055501,158.00000000
2018-02-22 22:32:00,0.00055501,21.00000000
2018-02-22 22:32:03,0.00055464,9.00000000
2018-02-22 22:32:03,0.00055461,114.00000000
2018-02-22 22:32:04,0.00055461,40.00000000
2018-02-22 22:32:11,0.00055499,4.00000000
2018-02-22 22:32:11,0.00055500,10.00000000
2018-02-22 22:32:11,0.00055501,160.00000000
2018-02-22 22:32:12,0.00055461,40.00000000
2018-02-22 22:32:15,0.00055501,54.00000000
2018-02-22 22:32:15,0.00055461,69.00000000
2018-02-22 22:32:15,0.00055461,54.00000000
2018-02-22 22:32:15,0.00055461,86.00000000
2018-02-22 22:32:16,0.00055461,6.00000000
2018-02-22 22:32:16,0.00055461,6.00000000
2018-02-22 22:32:16,0.00055461,11.00000000
2018-02-22 22:32:16,0.00055461,16.00000000
2018-02-22 22:32:16,0.00055461,1.00000000
2018-02-22 22:32:16,0.00055501,490.00000000
2018-02-22 22:32:18,0.00055461,33.00000000
2018-02-22 22:32:18,0.00055460,7.00000000
2018-02-22 22:32:20,0.00055501,12.00000000
2018-02-22 22:32:23,0.00055460,40.00000000
2018-02-22 22:32:30,0.00055460,40.00000000
2018-02-22 22:32:35,0.00055500,54.00000000
2018-02-22 22:32:36,0.00055500,22.00000000
2018-02-22 22:32:37,0.00055500,5.00000000
2018-02-22 22:32:37,0.00055501,222.00000000
2018-02-22 22:32:38,0.00055460,26.00000000
2018-02-22 22:32:38,0.00055455,14.00000000
2018-02-22 22:32:43,0.00055501,90.00000000
2018-02-22 22:32:43,0.00055501,347.00000000
2018-02-22 22:32:43,0.00055501,90.00000000
2018-02-22 22:32:44,0.00055460,3.00000000
2018-02-22 22:32:44,0.00055455,97.00000000
2018-02-22 22:32:44,0.00055445,3.00000000
2018-02-22 22:32:44,0.00055441,11.00000000
2018-02-22 22:32:44,0.00055440,331.00000000
2018-02-22 22:32:45,0.00055446,15.00000000
2018-02-22 22:32:45,0.00055440,25.00000000
2018-02-22 22:32:48,0.00055440,68.00000000
2018-02-22 22:32:52,0.00055440,14.00000000
2018-02-22 22:32:52,0.00055401,26.00000000
2018-02-22 22:32:52,0.00055489,4.00000000
2018-02-22 22:32:55,0.00055482,8.00000000
2018-02-22 22:32:59,0.00055471,11.00000000
2018-02-22 22:32:59,0.00055488,16.00000000
2018-02-22 22:32:59,0.00055488,33.00000000
2018-02-22 22:32:59,0.00055501,143.00000000
2018-02-22 22:33:00,0.00055488,2.00000000
2018-02-22 22:33:00,0.00055488,9.00000000
2018-02-22 22:33:00,0.00055417,10.00000000
2018-02-22 22:33:00,0.00055416,3.00000000
2018-02-22 22:33:00,0.00055401,27.00000000
2018-02-22 22:33:01,0.00055501,34.00000000
2018-02-22 22:33:04,0.00055493,8.00000000
2018-02-22 22:33:04,0.00055493,2.00000000
2018-02-22 22:33:05,0.00055493,6.00000000
2018-02-22 22:33:09,0.00055417,20.00000000
2018-02-22 22:33:09,0.00055412,20.00000000
2018-02-22 22:33:12,0.00055487,8.00000000
2018-02-22 22:33:12,0.00055487,8.00000000
2018-02-22 22:33:13,0.00055487,4.00000000
2018-02-22 22:33:13,0.00055487,3.00000000
2018-02-22 22:33:13,0.00055486,18.00000000
2018-02-22 22:33:14,0.00055429,15.00000000
2018-02-22 22:33:14,0.00055414,5.00000000
2018-02-22 22:33:16,0.00055482,13.00000000
2018-02-22 22:33:17,0.00055411,15.00000000
2018-02-22 22:33:17,0.00055410,25.00000000
2018-02-22 22:33:17,0.00055480,5.00000000
2018-02-22 22:33:17,0.00055480,5.00000000
2018-02-22 22:33:19,0.00055481,10.00000000
2018-02-22 22:33:19,0.00055482,2.00000000
2018-02-22 22:33:19,0.00055484,43.00000000
2018-02-22 22:33:24,0.00055428,20.00000000
2018-02-22 22:33:24,0.00055427,18.00000000
2018-02-22 22:33:24,0.00055418,13.00000000
2018-02-22 22:33:24,0.00055410,65.00000000
2018-02-22 22:33:24,0.00055401,122.00000000
2018-02-22 22:33:24,0.00055400,653.00000000
2018-02-22 22:33:25,0.00055431,15.00000000
2018-02-22 22:33:25,0.00055400,25.00000000
2018-02-22 22:33:33,0.00055402,11.00000000
2018-02-22 22:33:33,0.00055401,29.00000000
2018-02-22 22:33:42,0.00055401,40.00000000
2018-02-22 22:33:44,0.00055468,20.00000000
2018-02-22 22:33:44,0.00055469,15.00000000
2018-02-22 22:33:49,0.00055473,23.00000000
2018-02-22 22:33:50,0.00055474,9.00000000
2018-02-22 22:33:51,0.00055409,20.00000000
2018-02-22 22:33:51,0.00055408,15.00000000
2018-02-22 22:33:51,0.00055401,5.00000000
2018-02-22 22:33:52,0.00055473,20.00000000
2018-02-22 22:33:52,0.00055469,54.00000000
2018-02-22 22:33:52,0.00055469,90.00000000
2018-02-22 22:33:53,0.00055469,9.00000000
2018-02-22 22:34:00,0.00055402,20.00000000
2018-02-22 22:34:00,0.00055401,20.00000000
2018-02-22 22:34:08,0.00055441,10.00000000
2018-02-22 22:34:08,0.00055442,39.00000000
2018-02-22 22:34:09,0.00055405,25.00000000
2018-02-22 22:34:09,0.00055404,10.00000000
2018-02-22 22:34:09,0.00055403,5.00000000
2018-02-22 22:34:09,0.00055403,25.00000000
2018-02-22 22:34:18,0.00055409,15.00000000
2018-02-22 22:34:18,0.00055406,10.00000000
2018-02-22 22:34:18,0.00055403,15.00000000
2018-02-22 22:34:27,0.00055407,10.00000000
2018-02-22 22:34:27,0.00055406,30.00000000
2018-02-22 22:34:30,0.00055459,20.00000000
2018-02-22 22:34:31,0.00055460,11.00000000
2018-02-22 22:34:31,0.00055461,54.00000000
2018-02-22 22:34:31,0.00055461,53.00000000
2018-02-22 22:34:31,0.00055407,20.00000000
2018-02-22 22:34:31,0.00055406,51.00000000
2018-02-22 22:34:31,0.00055405,51.00000000
2018-02-22 22:34:32,0.00055455,15.00000000
2018-02-22 22:34:32,0.00055455,5.00000000
2018-02-22 22:34:32,0.00055456,15.00000000
2018-02-22 22:34:32,0.00055461,80.00000000
2018-02-22 22:34:32,0.00055461,14.00000000
2018-02-22 22:34:36,0.00055413,20.00000000
2018-02-22 22:34:36,0.00055412,15.00000000
2018-02-22 22:34:36,0.00055406,65.00000000
2018-02-22 22:34:36,0.00055405,40.00000000
2018-02-22 22:34:42,0.00055405,28.00000000
2018-02-22 22:34:42,0.00055404,12.00000000
2018-02-22 22:34:49,0.00055405,40.00000000
2018-02-22 22:34:57,0.00055459,20.00000000
2018-02-22 22:34:57,0.00055460,15.00000000
2018-02-22 22:34:57,0.00055468,11.00000000
2018-02-22 22:34:58,0.00055407,20.00000000
2018-02-22 22:34:58,0.00055406,11.00000000
2018-02-22 22:34:58,0.00055405,9.00000000
2018-02-22 22:34:58,0.00055469,205.00000000
2018-02-22 22:34:59,0.00055468,20.00000000
2018-02-22 22:35:00,0.00055469,121.00000000
2018-02-22 22:35:00,0.00055469,40.00000000
2018-02-22 22:35:03,0.00055466,11.00000000
2018-02-22 22:35:03,0.00055467,218.00000000
2018-02-22 22:35:03,0.00055469,4.00000000
2018-02-22 22:35:04,0.00055469,153.00000000
2018-02-22 22:35:06,0.00055474,2.00000000
2018-02-22 22:35:07,0.00055407,20.00000000
2018-02-22 22:35:07,0.00055406,20.00000000
2018-02-22 22:35:12,0.00055476,20.00000000
2018-02-22 22:35:12,0.00055477,11.00000000
2018-02-22 22:35:12,0.00055488,11.00000000
2018-02-22 22:35:12,0.00055494,120.00000000
2018-02-22 22:35:12,0.00055494,5.00000000
2018-02-22 22:35:13,0.00055497,90.00000000
2018-02-22 22:35:13,0.00055499,30.00000000
2018-02-22 22:35:13,0.00055500,196.00000000
2018-02-22 22:35:13,0.00055500,70.00000000
2018-02-22 22:35:14,0.00055414,40.00000000
2018-02-22 22:35:20,0.00055500,40.00000000
2018-02-22 22:35:20,0.00055501,89.00000000
2018-02-22 22:35:20,0.00055416,23.00000000
2018-02-22 22:35:21,0.00055499,20.00000000
2018-02-22 22:35:21,0.00055500,3.00000000
2018-02-22 22:35:21,0.00055501,208.00000000
2018-02-22 22:35:22,0.00055423,10.00000000
2018-02-22 22:35:22,0.00055422,15.00000000
2018-02-22 22:35:22,0.00055412,15.00000000
2018-02-22 22:35:23,0.00055499,10.00000000
2018-02-22 22:35:23,0.00055500,15.00000000
2018-02-22 22:35:28,0.00055417,40.00000000
2018-02-22 22:35:29,0.00055418,10.00000000
2018-02-22 22:35:31,0.00055499,10.00000000
2018-02-22 22:35:31,0.00055500,57.00000000
2018-02-22 22:35:34,0.00055418,30.00000000
2018-02-22 22:35:34,0.00055417,41.00000000
2018-02-22 22:35:34,0.00055417,9.00000000
2018-02-22 22:35:34,0.00055416,11.00000000
2018-02-22 22:35:34,0.00055415,20.00000000
2018-02-22 22:35:37,0.00055492,20.00000000
2018-02-22 22:35:37,0.00055493,15.00000000
2018-02-22 22:35:37,0.00055498,90.00000000
2018-02-22 22:35:37,0.00055500,187.00000000
2018-02-22 22:35:42,0.00055419,20.00000000
2018-02-22 22:35:42,0.00055418,20.00000000
2018-02-22 22:35:48,0.00055424,15.00000000
2018-02-22 22:35:48,0.00055418,25.00000000
2018-02-22 22:35:53,0.00055425,21.00000000
2018-02-22 22:35:53,0.00055418,19.00000000
2018-02-22 22:35:54,0.00055419,11.00000000
2018-02-22 22:35:54,0.00055418,29.00000000
2018-02-22 22:35:55,0.00055418,227.00000000
2018-02-22 22:36:01,0.00055419,11.00000000
2018-02-22 22:36:01,0.00055418,29.00000000
2018-02-22 22:36:01,0.00055496,20.00000000
2018-02-22 22:36:01,0.00055497,11.00000000
2018-02-22 22:36:02,0.00055495,15.00000000
2018-02-22 22:36:02,0.00055498,21.00000000
2018-02-22 22:36:02,0.00055495,3.00000000
2018-02-22 22:36:02,0.00055498,20.00000000
2018-02-22 22:36:02,0.00055418,8.00000000
2018-02-22 22:36:04,0.00055427,20.00000000
2018-02-22 22:36:04,0.00055426,9.00000000
2018-02-22 22:36:04,0.00055418,11.00000000
2018-02-22 22:36:05,0.00055497,9.00000000
2018-02-22 22:36:07,0.00055427,9.00000000
2018-02-22 22:36:07,0.00055426,2.00000000
2018-02-22 22:36:07,0.00055420,11.00000000
2018-02-22 22:36:07,0.00055419,470.00000000
2018-02-22 22:36:11,0.00055430,8.00000000
2018-02-22 22:36:11,0.00055419,32.00000000
2018-02-22 22:36:19,0.00055426,15.00000000
2018-02-22 22:36:19,0.00055420,11.00000000
2018-02-22 22:36:19,0.00055419,14.00000000
2018-02-22 22:36:23,0.00055497,20.00000000
2018-02-22 22:36:23,0.00055497,20.00000000
2018-02-22 22:36:24,0.00055497,20.00000000
2018-02-22 22:36:29,0.00055428,20.00000000
2018-02-22 22:36:29,0.00055427,7.00000000
2018-02-22 22:36:29,0.00055426,2.00000000
2018-02-22 22:36:29,0.00055419,11.00000000
2018-02-22 22:36:29,0.00055419,2.00000000
2018-02-22 22:36:29,0.00055418,18.00000000
2018-02-22 22:36:38,0.00055421,10.00000000
2018-02-22 22:36:38,0.00055420,11.00000000
2018-02-22 22:36:38,0.00055419,19.00000000
2018-02-22 22:36:47,0.00055429,16.00000000
2018-02-22 22:36:47,0.00055420,10.00000000
2018-02-22 22:36:47,0.00055418,14.00000000
2018-02-22 22:36:56,0.00055421,11.00000000
2018-02-22 22:36:56,0.00055420,29.00000000
2018-02-22 22:36:56,0.00055492,20.00000000
2018-02-22 22:37:02,0.00055421,20.00000000
2018-02-22 22:37:02,0.00055420,20.00000000
2018-02-22 22:37:05,0.00055485,20.00000000
2018-02-22 22:37:05,0.00055486,15.00000000
2018-02-22 22:37:05,0.00055493,4.00000000
2018-02-22 22:37:05,0.00055496,50.00000000
2018-02-22 22:37:05,0.00055497,360.00000000
2018-02-22 22:37:10,0.00055434,8.00000000
2018-02-22 22:37:10,0.00055428,20.00000000
2018-02-22 22:37:10,0.00055427,12.00000000
2018-02-22 22:37:18,0.00055429,7.00000000
2018-02-22 22:37:18,0.00055422,11.00000000
2018-02-22 22:37:18,0.00055421,22.00000000
2018-02-22 22:37:26,0.00055428,7.00000000
2018-02-22 22:37:26,0.00055421,33.00000000
2018-02-22 22:37:26,0.00055491,31.00000000
2018-02-22 22:37:26,0.00055492,428.00000000
2018-02-22 22:37:33,0.00055422,20.00000000
2018-02-22 22:37:33,0.00055421,20.00000000
2018-02-22 22:37:37,0.00055491,20.00000000
2018-02-22 22:37:37,0.00055492,196.00000000
2018-02-22 22:37:41,0.00055492,34.00000000
2018-02-22 22:37:42,0.00055492,62.00000000
2018-02-22 22:37:42,0.00055492,40.00000000
2018-02-22 22:37:44,0.00055492,65.00000000
2018-02-22 22:37:48,0.00055493,12.00000000
2018-02-22 22:37:49,0.00055493,40.00000000
2018-02-22 22:37:58,0.00055493,40.00000000
2018-02-22 22:38:01,0.00055493,120.00000000
2018-02-22 22:38:04,0.00055493,20.00000000
2018-02-22 22:38:05,0.00055492,67.00000000
2018-02-22 22:38:06,0.00055493,20.00000000
2018-02-22 22:38:06,0.00055493,20.00000000
2018-02-22 22:38:06,0.00055492,40.00000000
2018-02-22 22:38:08,0.00055493,39.00000000
2018-02-22 22:38:14,0.00055492,40.00000000
2018-02-22 22:38:18,0.00055493,53.00000000
2018-02-22 22:38:19,0.00055492,22.00000000
2018-02-22 22:38:20,0.00055492,40.00000000
2018-02-22 22:38:21,0.00055492,14.00000000
2018-02-22 22:38:22,0.00055493,66.00000000
2018-02-22 22:38:26,0.00055492,40.00000000
2018-02-22 22:38:26,0.00055492,2476.00000000
2018-02-22 22:38:30,0.00055492,10.00000000
2018-02-22 22:38:30,0.00055492,15.00000000
2018-02-22 22:38:32,0.00055492,20.00000000
2018-02-22 22:38:34,0.00055435,20.00000000
2018-02-22 22:38:34,0.00055421,11.00000000
2018-02-22 22:38:34,0.00055420,9.00000000
2018-02-22 22:38:36,0.00055491,10.00000000
2018-02-22 22:38:40,0.00055433,15.00000000
2018-02-22 22:38:40,0.00055421,25.00000000
2018-02-22 22:38:40,0.00055491,10.00000000
2018-02-22 22:38:40,0.00055491,10.00000000
2018-02-22 22:38:40,0.00055492,9.00000000
2018-02-22 22:38:40,0.00055492,10.00000000
2018-02-22 22:38:40,0.00055492,37.00000000
2018-02-22 22:38:40,0.00055492,90.00000000
2018-02-22 22:38:41,0.00055492,91.00000000
2018-02-22 22:38:42,0.00055491,10.00000000
2018-02-22 22:38:43,0.00055486,5.00000000
2018-02-22 22:38:43,0.00055492,5.00000000
2018-02-22 22:38:47,0.00055429,20.00000000
2018-02-22 22:38:47,0.00055421,20.00000000
2018-02-22 22:38:55,0.00055421,31.00000000
2018-02-22 22:38:55,0.00055420,9.00000000
2018-02-22 22:39:03,0.00055426,15.00000000
2018-02-22 22:39:03,0.00055420,25.00000000
2018-02-22 22:39:05,0.00055475,8.00000000
2018-02-22 22:39:11,0.00055421,8.00000000
2018-02-22 22:39:11,0.00055420,32.00000000
2018-02-22 22:39:18,0.00055421,9.00000000
2018-02-22 22:39:18,0.00055420,162.00000000
2018-02-22 22:39:19,0.00055420,40.00000000
2018-02-22 22:39:29,0.00055420,40.00000000
2018-02-22 22:39:29,0.00055420,186.00000000
2018-02-22 22:39:29,0.00055418,240.00000000
2018-02-22 22:39:29,0.00055414,47.00000000
2018-02-22 22:39:29,0.00055413,25.00000000
2018-02-22 22:39:29,0.00055412,101.00000000
2018-02-22 22:39:29,0.00055412,4.00000000
2018-02-22 22:39:32,0.00055411,11.00000000
2018-02-22 22:39:32,0.00055409,4.00000000
2018-02-22 22:39:32,0.00055411,14.00000000
2018-02-22 22:39:32,0.00055411,2.00000000
2018-02-22 22:39:32,0.00055412,12.00000000
2018-02-22 22:39:32,0.00055409,7.00000000
2018-02-22 22:39:32,0.00055408,193.00000000
2018-02-22 22:39:37,0.00055408,40.00000000
2018-02-22 22:39:39,0.00055412,589.00000000
2018-02-22 22:39:39,0.00055466,20.00000000
2018-02-22 22:39:39,0.00055480,48.00000000
2018-02-22 22:39:45,0.00055480,5.00000000
2018-02-22 22:39:46,0.00055422,20.00000000
2018-02-22 22:39:46,0.00055421,15.00000000
2018-02-22 22:39:46,0.00055410,5.00000000
2018-02-22 22:39:47,0.00055410,345.00000000
2018-02-22 22:39:47,0.00055408,279.00000000
2018-02-22 22:39:49,0.00055474,2.00000000
2018-02-22 22:39:54,0.00055408,40.00000000
2018-02-22 22:39:59,0.00055455,13.00000000
2018-02-22 22:39:59,0.00055478,15.00000000
2018-02-22 22:40:00,0.00055411,15.00000000
2018-02-22 22:40:00,0.00055410,11.00000000
2018-02-22 22:40:00,0.00055409,14.00000000
2018-02-22 22:40:01,0.00055478,20.00000000
2018-02-22 22:40:01,0.00055479,9.00000000
2018-02-22 22:40:01,0.00055480,114.00000000
2018-02-22 22:40:01,0.00055487,11.00000000
2018-02-22 22:40:01,0.00055488,10.00000000
2018-02-22 22:40:02,0.00055488,7.00000000
2018-02-22 22:40:02,0.00055488,7.00000000
2018-02-22 22:40:08,0.00055411,20.00000000
2018-02-22 22:40:08,0.00055410,20.00000000
2018-02-22 22:40:15,0.00055442,7.00000000
2018-02-22 22:40:15,0.00055440,10.00000000
2018-02-22 22:40:15,0.00055439,16.00000000
2018-02-22 22:40:15,0.00055418,7.00000000
2018-02-22 22:40:23,0.00055414,15.00000000
2018-02-22 22:40:23,0.00055411,25.00000000
2018-02-22 22:40:32,0.00055417,2.00000000
2018-02-22 22:40:32,0.00055413,20.00000000
2018-02-22 22:40:32,0.00055412,18.00000000
2018-02-22 22:40:40,0.00055413,67.00000000
2018-02-22 22:40:40,0.00055412,326.00000000
2018-02-22 22:40:40,0.00055411,2061.00000000
2018-02-22 22:40:40,0.00055410,1204.00000000
2018-02-22 22:40:40,0.00055408,90.00000000
2018-02-22 22:40:40,0.00055406,11.00000000
2018-02-22 22:40:40,0.00055405,396.00000000
2018-02-22 22:40:41,0.00055405,40.00000000
2018-02-22 22:40:48,0.00055405,40.00000000
2018-02-22 22:40:55,0.00055405,40.00000000
2018-02-22 22:40:56,0.00055405,10.00000000
2018-02-22 22:40:58,0.00055405,195.00000000
2018-02-22 22:41:01,0.00055401,11.00000000
2018-02-22 22:41:01,0.00055400,433.00000000
2018-02-22 22:41:04,0.00055400,40.00000000
2018-02-22 22:41:04,0.00055400,355.00000000
2018-02-22 22:41:07,0.00055402,15.00000000
2018-02-22 22:41:07,0.00055405,19.00000000
2018-02-22 22:41:10,0.00055400,3036.00000000
2018-02-22 22:41:13,0.00055361,11.00000000
2018-02-22 22:41:13,0.00055360,29.00000000
2018-02-22 22:41:19,0.00055399,40.00000000
2018-02-22 22:41:19,0.00055399,18.00000000
2018-02-22 22:41:19,0.00055399,40.00000000
2018-02-22 22:41:19,0.00055399,8.00000000
2018-02-22 22:41:19,0.00055399,18.00000000
2018-02-22 22:41:19,0.00055399,22.00000000
2018-02-22 22:41:19,0.00055399,40.00000000
2018-02-22 22:41:19,0.00055360,8.00000000
2018-02-22 22:41:19,0.00055360,22.00000000
2018-02-22 22:41:20,0.00055360,40.00000000
2018-02-22 22:41:24,0.00055360,157.00000000
2018-02-22 22:41:24,0.00055360,13.00000000
2018-02-22 22:41:25,0.00055360,93.00000000
2018-02-22 22:41:27,0.00055358,8.00000000
2018-02-22 22:41:28,0.00055359,11.00000000
2018-02-22 22:41:28,0.00055354,11.00000000
2018-02-22 22:41:28,0.00055353,29.00000000
2018-02-22 22:41:30,0.00055357,98.00000000
2018-02-22 22:41:30,0.00055359,70.00000000
2018-02-22 22:41:32,0.00055353,1.00000000
2018-02-22 22:41:36,0.00055359,102.00000000
2018-02-22 22:41:36,0.00055353,40.00000000
2018-02-22 22:41:44,0.00055353,959.00000000
2018-02-22 22:41:44,0.00055353,15.00000000
2018-02-22 22:41:44,0.00055317,40.00000000
2018-02-22 22:41:44,0.00055353,26.00000000
2018-02-22 22:41:45,0.00055353,50.00000000
2018-02-22 22:41:45,0.00055359,169.00000000
2018-02-22 22:41:45,0.00055353,32.00000000
2018-02-22 22:41:45,0.00055353,54.00000000
2018-02-22 22:41:45,0.00055353,54.00000000
2018-02-22 22:41:45,0.00055353,22.00000000
2018-02-22 22:41:47,0.00055317,21.00000000
2018-02-22 22:41:53,0.00055317,40.00000000
2018-02-22 22:41:53,0.00055358,11.00000000
2018-02-22 22:41:53,0.00055359,4.00000000
2018-02-22 22:41:56,0.00055317,31.00000000
2018-02-22 22:42:01,0.00055361,76.00000000
2018-02-22 22:42:01,0.00055399,142.00000000
2018-02-22 22:42:01,0.00055400,126.00000000
2018-02-22 22:42:02,0.00055318,10.00000000
2018-02-22 22:42:02,0.00055317,373.00000000
2018-02-22 22:42:02,0.00055317,40.00000000
2018-02-22 22:42:05,0.00055399,3.00000000
2018-02-22 22:42:08,0.00055399,8.00000000
2018-02-22 22:42:09,0.00055399,9.00000000
2018-02-22 22:42:09,0.00055400,92.00000000
2018-02-22 22:42:09,0.00055403,10.00000000
2018-02-22 22:42:10,0.00055400,65.00000000
2018-02-22 22:42:10,0.00055400,40.00000000
2018-02-22 22:42:12,0.00055402,14.00000000
2018-02-22 22:42:12,0.00055403,1.00000000
2018-02-22 22:42:12,0.00055405,2.00000000
2018-02-22 22:42:12,0.00055410,78.00000000
2018-02-22 22:42:12,0.00055418,7.00000000
2018-02-22 22:42:12,0.00055442,7.00000000
2018-02-22 22:42:12,0.00055449,11.00000000
2018-02-22 22:42:12,0.00055469,42.00000000
2018-02-22 22:42:12,0.00055487,47.00000000
2018-02-22 22:42:12,0.00055488,11.00000000
2018-02-22 22:42:12,0.00055489,162.00000000
2018-02-22 22:42:16,0.00055406,15.00000000
2018-02-22 22:42:16,0.00055406,8.00000000
2018-02-22 22:42:16,0.00055401,40.00000000
2018-02-22 22:42:17,0.00055401,13.00000000
2018-02-22 22:42:21,0.00055405,16.00000000
2018-02-22 22:42:22,0.00055402,11.00000000
2018-02-22 22:42:22,0.00055401,4.00000000
2018-02-22 22:42:25,0.00055401,40.00000000
2018-02-22 22:42:26,0.00055401,8.00000000
2018-02-22 22:42:26,0.00055401,28.00000000
2018-02-22 22:42:31,0.00055406,7.00000000
2018-02-22 22:42:31,0.00055417,2.00000000
2018-02-22 22:42:31,0.00055487,1.00000000
2018-02-22 22:42:34,0.00055402,10.00000000
2018-02-22 22:42:34,0.00055401,30.00000000
2018-02-22 22:42:35,0.00055484,6.00000000
2018-02-22 22:42:35,0.00055484,1.00000000
2018-02-22 22:42:41,0.00055402,7.00000000
2018-02-22 22:42:41,0.00055401,33.00000000
2018-02-22 22:42:41,0.00055401,108.00000000
2018-02-22 22:42:41,0.00055400,1261.00000000
2018-02-22 22:42:43,0.00055398,10.00000000
2018-02-22 22:42:43,0.00055399,5.00000000
2018-02-22 22:42:44,0.00055399,21.00000000
2018-02-22 22:42:45,0.00055393,15.00000000
2018-02-22 22:42:45,0.00055399,73.00000000
2018-02-22 22:42:45,0.00055400,141.00000000
2018-02-22 22:42:50,0.00055325,20.00000000
2018-02-22 22:42:50,0.00055320,11.00000000
2018-02-22 22:42:50,0.00055319,9.00000000
2018-02-22 22:42:55,0.00055331,15.00000000
2018-02-22 22:42:55,0.00055319,38.00000000
2018-02-22 22:42:57,0.00055319,129.00000000
2018-02-22 22:42:58,0.00055318,11.00000000
2018-02-22 22:42:58,0.00055319,144.00000000
2018-02-22 22:42:58,0.00055393,15.00000000
2018-02-22 22:42:58,0.00055399,20.00000000
2018-02-22 22:42:58,0.00055400,266.00000000
2018-02-22 22:42:58,0.00055401,221.00000000
2018-02-22 22:42:59,0.00055318,10.00000000
2018-02-22 22:42:59,0.00055317,30.00000000
2018-02-22 22:43:03,0.00055399,10.00000000
2018-02-22 22:43:03,0.00055400,35.00000000
2018-02-22 22:43:06,0.00055325,20.00000000
2018-02-22 22:43:06,0.00055324,15.00000000
2018-02-22 22:43:06,0.00055317,2.00000000
2018-02-22 22:43:07,0.00055317,40.00000000
2018-02-22 22:43:14,0.00055388,15.00000000
2018-02-22 22:43:14,0.00055394,20.00000000
2018-02-22 22:43:14,0.00055395,39.00000000
2018-02-22 22:43:14,0.00055399,11.00000000
2018-02-22 22:43:14,0.00055400,2.00000000
2018-02-22 22:43:16,0.00055400,223.00000000
2018-02-22 22:43:16,0.00055400,40.00000000
2018-02-22 22:43:16,0.00055400,54.00000000
2018-02-22 22:43:16,0.00055400,84.00000000
2018-02-22 22:43:16,0.00055400,54.00000000
2018-02-22 22:43:17,0.00055400,54.00000000
2018-02-22 22:43:17,0.00055400,54.00000000
2018-02-22 22:43:17,0.00055400,54.00000000
2018-02-22 22:43:17,0.00055400,15.00000000
2018-02-22 22:43:17,0.00055401,10.00000000
2018-02-22 22:43:17,0.00055401,7.00000000
2018-02-22 22:43:19,0.00055400,601.00000000
2018-02-22 22:43:22,0.00055400,53.00000000
2018-02-22 22:43:22,0.00055400,47.00000000
2018-02-22 22:43:23,0.00055400,40.00000000
2018-02-22 22:43:29,0.00055401,2.00000000
2018-02-22 22:43:30,0.00055401,173.00000000
2018-02-22 22:43:33,0.00055400,40.00000000
2018-02-22 22:43:36,0.00055401,58.00000000
2018-02-22 22:43:37,0.00055400,146.00000000
2018-02-22 22:43:38,0.00055400,101.00000000
2018-02-22 22:43:38,0.00055400,428.00000000
2018-02-22 22:43:38,0.00055400,106.00000000
2018-02-22 22:43:41,0.00055331,40.00000000
2018-02-22 22:43:48,0.00055339,10.00000000
2018-02-22 22:43:48,0.00055338,2.00000000
2018-02-22 22:43:48,0.00055335,15.00000000
2018-02-22 22:43:48,0.00055332,11.00000000
2018-02-22 22:43:48,0.00055330,2.00000000
2018-02-22 22:43:53,0.00055340,8.00000000
2018-02-22 22:43:53,0.00055331,3.00000000
2018-02-22 22:43:55,0.00055331,3.00000000
2018-02-22 22:43:55,0.00055330,9.00000000
2018-02-22 22:43:55,0.00055329,28.00000000
2018-02-22 22:44:02,0.00055330,6.00000000
2018-02-22 22:44:02,0.00055330,4.00000000
2018-02-22 22:44:02,0.00055329,92.00000000
2018-02-22 22:44:03,0.00055329,40.00000000
2018-02-22 22:44:06,0.00055385,20.00000000
2018-02-22 22:44:08,0.00055379,15.00000000
2018-02-22 22:44:08,0.00055399,25.00000000
2018-02-22 22:44:08,0.00055399,10.00000000
2018-02-22 22:44:08,0.00055332,20.00000000
2018-02-22 22:44:12,0.00055332,15.00000000
2018-02-22 22:44:12,0.00055330,17.00000000
2018-02-22 22:44:12,0.00055329,8.00000000
2018-02-22 22:44:13,0.00055329,58.00000000
2018-02-22 22:44:16,0.00055332,17.00000000
2018-02-22 22:44:16,0.00055332,18.00000000
2018-02-22 22:44:16,0.00055329,18.00000000
2018-02-22 22:44:17,0.00055332,37.00000000
2018-02-22 22:44:18,0.00055329,40.00000000
2018-02-22 22:44:25,0.00055329,40.00000000
2018-02-22 22:44:35,0.00055329,40.00000000
2018-02-22 22:44:37,0.00055332,23.00000000
2018-02-22 22:44:42,0.00055390,20.00000000
2018-02-22 22:44:42,0.00055391,11.00000000
2018-02-22 22:44:42,0.00055392,37.00000000
2018-02-22 22:44:43,0.00055333,20.00000000
2018-02-22 22:44:43,0.00055332,16.00000000
2018-02-22 22:44:43,0.00055329,4.00000000
2018-02-22 22:44:52,0.00055330,40.00000000
2018-02-22 22:44:58,0.00055330,40.00000000
2018-02-22 22:45:06,0.00055331,11.00000000
2018-02-22 22:45:06,0.00055330,29.00000000
2018-02-22 22:45:09,0.00055360,15.00000000
2018-02-22 22:45:15,0.00055330,40.00000000
2018-02-22 22:45:20,0.00055336,15.00000000
2018-02-22 22:45:23,0.00055330,40.00000000
2018-02-22 22:45:24,0.00055330,117.00000000
2018-02-22 22:45:26,0.00055330,438.00000000
2018-02-22 22:45:26,0.00055329,20.00000000
2018-02-22 22:45:26,0.00055319,11.00000000
2018-02-22 22:45:26,0.00055318,11.00000000
2018-02-22 22:45:27,0.00055330,4.00000000
2018-02-22 22:45:28,0.00055323,7.00000000
2018-02-22 22:45:31,0.00055317,40.00000000
2018-02-22 22:45:35,0.00055310,6.00000000
2018-02-22 22:45:35,0.00055304,15.00000000
2018-02-22 22:45:35,0.00055377,15.00000000
2018-02-22 22:45:35,0.00055384,54.00000000
2018-02-22 22:45:38,0.00055333,15.00000000
2018-02-22 22:45:38,0.00055303,11.00000000
2018-02-22 22:45:38,0.00055302,14.00000000
2018-02-22 22:45:42,0.00055333,214.00000000
2018-02-22 22:45:44,0.00055333,23.00000000
2018-02-22 22:45:44,0.00055333,9.00000000
2018-02-22 22:45:44,0.00055313,6.00000000
2018-02-22 22:45:44,0.00055302,25.00000000
2018-02-22 22:45:46,0.00055302,212.00000000
2018-02-22 22:45:47,0.00055302,10.00000000
2018-02-22 22:45:51,0.00055309,9.00000000
2018-02-22 22:45:51,0.00055302,9.00000000
2018-02-22 22:45:51,0.00055301,22.00000000
2018-02-22 22:46:01,0.00055312,18.00000000
2018-02-22 22:46:01,0.00055302,22.00000000
2018-02-22 22:46:06,0.00055302,44.00000000
2018-02-22 22:46:07,0.00055302,60.00000000
2018-02-22 22:46:11,0.00055302,40.00000000
2018-02-22 22:46:13,0.00055363,5.00000000
2018-02-22 22:46:20,0.00055313,5.00000000
2018-02-22 22:46:20,0.00055312,35.00000000
2018-02-22 22:46:26,0.00055312,53.00000000
2018-02-22 22:46:29,0.00055312,37.00000000
2018-02-22 22:46:29,0.00055302,3.00000000
2018-02-22 22:46:35,0.00055302,164.00000000
2018-02-22 22:46:35,0.00055301,703.00000000
2018-02-22 22:46:35,0.00055300,1027.00000000
2018-02-22 22:46:35,0.00055300,54.00000000
2018-02-22 22:46:35,0.00055300,32.00000000
2018-02-22 22:46:35,0.00055300,63.00000000
2018-02-22 22:46:35,0.00055300,484.00000000
2018-02-22 22:46:35,0.00055300,63.00000000
2018-02-22 22:46:35,0.00055300,18.00000000
2018-02-22 22:46:35,0.00055300,75.00000000
2018-02-22 22:46:35,0.00055300,54.00000000
2018-02-22 22:46:35,0.00055300,18.00000000
2018-02-22 22:46:35,0.00055300,245.00000000
2018-02-22 22:46:35,0.00055356,5.00000000
2018-02-22 22:46:38,0.00055293,5.00000000
2018-02-22 22:46:38,0.00055292,2.00000000
2018-02-22 22:46:38,0.00055286,11.00000000
2018-02-22 22:46:38,0.00055281,11.00000000
2018-02-22 22:46:38,0.00055280,11.00000000
2018-02-22 22:46:40,0.00055280,36.00000000
2018-02-22 22:46:45,0.00055349,10.00000000
2018-02-22 22:46:45,0.00055350,15.00000000
2018-02-22 22:46:45,0.00055384,8.00000000
2018-02-22 22:46:49,0.00055313,10.00000000
2018-02-22 22:46:49,0.00055312,7.00000000
2018-02-22 22:46:49,0.00055305,15.00000000
2018-02-22 22:46:49,0.00055299,8.00000000
2018-02-22 22:46:55,0.00055352,7.00000000
2018-02-22 22:46:57,0.00055312,15.00000000
2018-02-22 22:46:57,0.00055281,2.00000000
2018-02-22 22:46:57,0.00055280,23.00000000
2018-02-22 22:47:00,0.00055350,13.00000000
2018-02-22 22:47:00,0.00055351,21.00000000
2018-02-22 22:47:05,0.00055346,7.00000000
2018-02-22 22:47:05,0.00055346,7.00000000
2018-02-22 22:47:06,0.00055287,7.00000000
2018-02-22 22:47:08,0.00055295,9.00000000
2018-02-22 22:47:08,0.00055293,2.00000000
2018-02-22 22:47:08,0.00055288,20.00000000
2018-02-22 22:47:08,0.00055287,9.00000000
2018-02-22 22:47:16,0.00055291,9.00000000
2018-02-22 22:47:16,0.00055286,6.00000000
2018-02-22 22:47:16,0.00055345,1.00000000
2018-02-22 22:47:17,0.00055286,3.00000000
2018-02-22 22:47:17,0.00055280,37.00000000
2018-02-22 22:47:25,0.00055280,1077.00000000
2018-02-22 22:47:26,0.00055280,40.00000000
2018-02-22 22:47:34,0.00055280,40.00000000
2018-02-22 22:47:39,0.00055349,19.00000000
2018-02-22 22:47:39,0.00055349,4.00000000
2018-02-22 22:47:44,0.00055289,20.00000000
2018-02-22 22:47:44,0.00055288,4.00000000
2018-02-22 22:47:44,0.00055281,11.00000000
2018-02-22 22:47:44,0.00055280,5.00000000
2018-02-22 22:47:50,0.00055349,20.00000000
2018-02-22 22:47:50,0.00055350,11.00000000
2018-02-22 22:47:50,0.00055351,56.00000000
2018-02-22 22:47:52,0.00055281,20.00000000
2018-02-22 22:47:52,0.00055280,20.00000000
2018-02-22 22:47:52,0.00055351,2.00000000
2018-02-22 22:48:00,0.00055311,17.00000000
2018-02-22 22:48:00,0.00055286,9.00000000
2018-02-22 22:48:00,0.00055280,14.00000000
2018-02-22 22:48:03,0.00055280,368.00000000
2018-02-22 22:48:07,0.00055280,40.00000000
2018-02-22 22:48:10,0.00055281,20.00000000
2018-02-22 22:48:10,0.00055280,25.00000000
2018-02-22 22:48:11,0.00055280,54.00000000
2018-02-22 22:48:14,0.00055280,38.00000000
2018-02-22 22:48:14,0.00055256,11.00000000
2018-02-22 22:48:14,0.00055255,509.00000000
2018-02-22 22:48:14,0.00055246,73.00000000
2018-02-22 22:48:14,0.00055233,273.00000000
2018-02-22 22:48:14,0.00055208,9.00000000
2018-02-22 22:48:14,0.00055200,645.00000000
2018-02-22 22:48:14,0.00055200,100.00000000
2018-02-22 22:48:18,0.00055234,11.00000000
2018-02-22 22:48:18,0.00055206,29.00000000
2018-02-22 22:48:18,0.00055206,32.00000000
2018-02-22 22:48:18,0.00055200,335.00000000
2018-02-22 22:48:21,0.00055259,1.00000000
2018-02-22 22:48:25,0.00055259,9.00000000
2018-02-22 22:48:26,0.00055260,22.00000000
2018-02-22 22:48:27,0.00055217,4.00000000
2018-02-22 22:48:27,0.00055215,36.00000000
2018-02-22 22:48:38,0.00055228,10.00000000
2018-02-22 22:48:38,0.00055226,30.00000000
2018-02-22 22:48:45,0.00055264,10.00000000
2018-02-22 22:48:45,0.00055262,36.00000000
2018-02-22 22:48:47,0.00055233,40.00000000
2018-02-22 22:48:56,0.00055254,10.00000000
2018-02-22 22:48:56,0.00055255,20.00000000
2018-02-22 22:48:57,0.00055257,10.00000000
2018-02-22 22:48:57,0.00055237,9.00000000
2018-02-22 22:48:57,0.00055230,9.00000000
2018-02-22 22:48:57,0.00055220,15.00000000
2018-02-22 22:48:57,0.00055215,7.00000000
2018-02-22 22:49:05,0.00055218,9.00000000
2018-02-22 22:49:05,0.00055214,7.00000000
2018-02-22 22:49:05,0.00055210,12.00000000
2018-02-22 22:49:05,0.00055205,12.00000000
2018-02-22 22:49:05,0.00055258,5.00000000
2018-02-22 22:49:06,0.00055222,14.00000000
2018-02-22 22:49:06,0.00055215,40.00000000
2018-02-22 22:49:14,0.00055282,5.00000000
2018-02-22 22:49:15,0.00055234,15.00000000
2018-02-22 22:49:15,0.00055211,11.00000000
2018-02-22 22:49:15,0.00055203,14.00000000
2018-02-22 22:49:20,0.00055215,107.00000000
2018-02-22 22:49:20,0.00055215,17.00000000
2018-02-22 22:49:21,0.00055215,54.00000000
2018-02-22 22:49:21,0.00055215,18.00000000
2018-02-22 22:49:21,0.00055215,42.00000000
2018-02-22 22:49:21,0.00055215,21.00000000
2018-02-22 22:49:21,0.00055215,41.00000000
2018-02-22 22:49:24,0.00055215,10.00000000
2018-02-22 22:49:24,0.00055214,30.00000000
2018-02-22 22:49:27,0.00055281,11.00000000
2018-02-22 22:49:29,0.00055250,15.00000000
2018-02-22 22:49:30,0.00055238,19.00000000
2018-02-22 22:49:32,0.00055215,11.00000000
2018-02-22 22:49:32,0.00055214,6.00000000
2018-02-22 22:49:32,0.00055204,11.00000000
2018-02-22 22:49:32,0.00055203,12.00000000
2018-02-22 22:49:35,0.00055276,20.00000000
2018-02-22 22:49:35,0.00055278,4.00000000
2018-02-22 22:49:35,0.00055280,2.00000000
2018-02-22 22:49:35,0.00055285,50.00000000
2018-02-22 22:49:35,0.00055286,14.00000000
2018-02-22 22:49:41,0.00055286,27.00000000
2018-02-22 22:49:41,0.00055287,50.00000000
2018-02-22 22:49:42,0.00055204,20.00000000
2018-02-22 22:49:42,0.00055203,20.00000000
2018-02-22 22:49:43,0.00055204,105.00000000
2018-02-22 22:49:43,0.00055203,228.00000000
2018-02-22 22:49:50,0.00055284,12.00000000
2018-02-22 22:49:51,0.00055217,12.00000000
2018-02-22 22:49:51,0.00055216,11.00000000
2018-02-22 22:49:51,0.00055215,17.00000000
2018-02-22 22:49:59,0.00055281,3.00000000
2018-02-22 22:50:01,0.00055258,11.00000000
2018-02-22 22:50:02,0.00055258,14.00000000
2018-02-22 22:50:02,0.00055215,26.00000000
2018-02-22 22:50:10,0.00055221,15.00000000
2018-02-22 22:50:10,0.00055216,3.00000000
2018-02-22 22:50:10,0.00055215,22.00000000
2018-02-22 22:50:17,0.00055258,25.00000000
2018-02-22 22:50:17,0.00055215,15.00000000
2018-02-22 22:50:19,0.00055269,10.00000000
2018-02-22 22:50:19,0.00055270,15.00000000
2018-02-22 22:50:26,0.00055277,5.00000000
2018-02-22 22:50:27,0.00055222,7.00000000
2018-02-22 22:50:27,0.00055216,10.00000000
2018-02-22 22:50:27,0.00055215,23.00000000
2018-02-22 22:50:32,0.00055216,5.00000000
2018-02-22 22:50:32,0.00055215,222.00000000
2018-02-22 22:50:37,0.00055221,15.00000000
2018-02-22 22:50:37,0.00055218,25.00000000
2018-02-22 22:50:38,0.00055277,20.00000000
2018-02-22 22:50:38,0.00055278,16.00000000
2018-02-22 22:50:38,0.00055282,3.00000000
2018-02-22 22:50:40,0.00055219,2.00000000
2018-02-22 22:50:43,0.00055219,18.00000000
2018-02-22 22:50:43,0.00055218,22.00000000
2018-02-22 22:50:45,0.00055277,15.00000000
2018-02-22 22:50:45,0.00055277,5.00000000
2018-02-22 22:50:50,0.00055225,20.00000000
2018-02-22 22:50:50,0.00055224,5.00000000
2018-02-22 22:50:50,0.00055218,3.00000000
2018-02-22 22:50:50,0.00055215,12.00000000
2018-02-22 22:50:58,0.00055224,5.00000000
2018-02-22 22:50:58,0.00055219,35.00000000
2018-02-22 22:51:04,0.00055277,36.00000000
2018-02-22 22:51:04,0.00055278,13.00000000
2018-02-22 22:51:07,0.00055239,10.00000000
2018-02-22 22:51:07,0.00055238,9.00000000
2018-02-22 22:51:07,0.00055226,11.00000000
2018-02-22 22:51:07,0.00055225,10.00000000
2018-02-22 22:51:15,0.00055223,10.00000000
2018-02-22 22:51:15,0.00055222,8.00000000
2018-02-22 22:51:15,0.00055219,22.00000000
2018-02-22 22:51:18,0.00055276,40.00000000
2018-02-22 22:51:18,0.00055276,54.00000000
2018-02-22 22:51:22,0.00055275,5.00000000
2018-02-22 22:51:22,0.00055275,5.00000000
2018-02-22 22:51:22,0.00055275,10.00000000
2018-02-22 22:51:22,0.00055276,6.00000000
2018-02-22 22:51:23,0.00055220,20.00000000
2018-02-22 22:51:23,0.00055219,14.00000000
2018-02-22 22:51:23,0.00055217,4.00000000
2018-02-22 22:51:23,0.00055215,2.00000000
2018-02-22 22:51:23,0.00055278,15.00000000
2018-02-22 22:51:24,0.00055278,10.00000000
2018-02-22 22:51:28,0.00055278,5.00000000
2018-02-22 22:51:28,0.00055274,10.00000000
2018-02-22 22:51:30,0.00055215,40.00000000
2018-02-22 22:51:38,0.00055224,20.00000000
2018-02-22 22:51:38,0.00055223,4.00000000
2018-02-22 22:51:38,0.00055218,7.00000000
2018-02-22 22:51:38,0.00055217,9.00000000
2018-02-22 22:51:43,0.00055275,5.00000000
2018-02-22 22:51:43,0.00055281,20.00000000
2018-02-22 22:51:43,0.00055282,1.00000000
2018-02-22 22:51:43,0.00055284,17.00000000
2018-02-22 22:51:43,0.00055287,272.00000000
2018-02-22 22:51:43,0.00055288,62.00000000
2018-02-22 22:51:45,0.00055226,20.00000000
2018-02-22 22:51:45,0.00055225,20.00000000
2018-02-22 22:51:52,0.00055228,15.00000000
2018-02-22 22:51:52,0.00055227,11.00000000
2018-02-22 22:51:52,0.00055226,14.00000000
2018-02-22 22:52:00,0.00055227,6.00000000
2018-02-22 22:52:00,0.00055227,1.00000000
2018-02-22 22:52:00,0.00055226,39.00000000
2018-02-22 22:52:02,0.00055270,18.00000000
2018-02-22 22:52:08,0.00055227,18.00000000
2018-02-22 22:52:08,0.00055226,22.00000000
2018-02-22 22:52:09,0.00055270,20.00000000
2018-02-22 22:52:09,0.00055271,15.00000000
2018-02-22 22:52:10,0.00055287,8.00000000
2018-02-22 22:52:10,0.00055287,160.00000000
2018-02-22 22:52:10,0.00055287,43.00000000
2018-02-22 22:52:10,0.00055288,111.00000000
2018-02-22 22:52:13,0.00055288,13.00000000
2018-02-22 22:52:13,0.00055288,11.00000000
2018-02-22 22:52:13,0.00055288,11.00000000
2018-02-22 22:52:13,0.00055288,13.00000000
2018-02-22 22:52:13,0.00055287,13.00000000
2018-02-22 22:52:16,0.00055287,18.00000000
2018-02-22 22:52:16,0.00055229,20.00000000
2018-02-22 22:52:16,0.00055228,2.00000000
2018-02-22 22:52:18,0.00055285,20.00000000
2018-02-22 22:52:18,0.00055286,11.00000000
2018-02-22 22:52:18,0.00055288,150.00000000
2018-02-22 22:52:18,0.00055288,13.00000000
2018-02-22 22:52:18,0.00055288,15.00000000
2018-02-22 22:52:18,0.00055288,13.00000000
2018-02-22 22:52:18,0.00055288,15.00000000
2018-02-22 22:52:20,0.00055288,172.00000000
2018-02-22 22:52:21,0.00055288,130.00000000
2018-02-22 22:52:22,0.00055288,362.00000000
2018-02-22 22:52:24,0.00055288,1736.00000000
2018-02-22 22:52:24,0.00055288,561.00000000
2018-02-22 22:52:24,0.00055288,165.00000000
2018-02-22 22:52:25,0.00055252,40.00000000
2018-02-22 22:52:28,0.00055288,10.00000000
2018-02-22 22:52:29,0.00055287,13.00000000
2018-02-22 22:52:34,0.00055287,5.00000000
2018-02-22 22:52:34,0.00055258,31.00000000
2018-02-22 22:52:34,0.00055251,4.00000000
2018-02-22 22:52:36,0.00055288,428.00000000
2018-02-22 22:52:36,0.00055300,38.00000000
2018-02-22 22:52:36,0.00055306,90.00000000
2018-02-22 22:52:36,0.00055340,30.00000000
2018-02-22 22:52:36,0.00055340,30.00000000
2018-02-22 22:52:36,0.00055340,30.00000000
2018-02-22 22:52:36,0.00055340,30.00000000
2018-02-22 22:52:41,0.00055345,4.00000000
2018-02-22 22:52:41,0.00055351,171.00000000
2018-02-22 22:52:41,0.00055390,11.00000000
2018-02-22 22:52:41,0.00055398,11.00000000
2018-02-22 22:52:41,0.00055399,3.00000000
2018-02-22 22:52:42,0.00055340,40.00000000
2018-02-22 22:52:44,0.00055399,1.00000000
2018-02-22 22:52:45,0.00055399,3.00000000
2018-02-22 22:52:46,0.00055399,186.00000000
2018-02-22 22:52:47,0.00055399,12.00000000
2018-02-22 22:52:47,0.00055399,10.00000000
2018-02-22 22:52:47,0.00055400,8.00000000
2018-02-22 22:52:48,0.00055400,5.00000000
2018-02-22 22:52:48,0.00055399,18.00000000
2018-02-22 22:52:48,0.00055399,6.00000000
2018-02-22 22:52:48,0.00055399,6.00000000
2018-02-22 22:52:48,0.00055400,44.00000000
2018-02-22 22:52:49,0.00055400,40.00000000
2018-02-22 22:52:55,0.00055400,40.00000000
2018-02-22 22:52:58,0.00055402,21.00000000
2018-02-22 22:53:02,0.00055402,40.00000000
2018-02-22 22:53:05,0.00055402,163.00000000
2018-02-22 22:53:05,0.00055400,171.00000000
2018-02-22 22:53:09,0.00055406,161.00000000
2018-02-22 22:53:10,0.00055406,40.00000000
2018-02-22 22:53:17,0.00055407,143.00000000
2018-02-22 22:53:17,0.00055406,89.00000000
2018-02-22 22:53:17,0.00055406,40.00000000
2018-02-22 22:53:19,0.00055406,15.00000000
2018-02-22 22:53:21,0.00055449,4.00000000
2018-02-22 22:53:22,0.00055406,178.00000000
2018-02-22 22:53:23,0.00055406,40.00000000
2018-02-22 22:53:28,0.00055450,2.00000000
2018-02-22 22:53:29,0.00055450,226.00000000
2018-02-22 22:53:30,0.00055407,40.00000000
2018-02-22 22:53:33,0.00055407,250.00000000
2018-02-22 22:53:36,0.00055408,10.00000000
2018-02-22 22:53:38,0.00055408,40.00000000
2018-02-22 22:53:42,0.00055449,36.00000000
2018-02-22 22:53:42,0.00055450,35.00000000
2018-02-22 22:53:46,0.00055408,40.00000000
2018-02-22 22:53:46,0.00055450,737.00000000
2018-02-22 22:53:47,0.00055450,54.00000000
2018-02-22 22:53:47,0.00055450,54.00000000
2018-02-22 22:53:47,0.00055450,9.00000000
2018-02-22 22:53:48,0.00055450,6.00000000
2018-02-22 22:53:49,0.00055409,10.00000000
2018-02-22 22:53:49,0.00055408,262.00000000
2018-02-22 22:53:49,0.00055408,203.00000000
2018-02-22 22:53:49,0.00055408,147.00000000
2018-02-22 22:53:49,0.00055408,100.00000000
2018-02-22 22:53:54,0.00055407,128.00000000
2018-02-22 22:53:55,0.00055407,40.00000000
2018-02-22 22:53:55,0.00055407,100.00000000
2018-02-22 22:53:56,0.00055444,7.00000000
2018-02-22 22:53:57,0.00055407,204.00000000
2018-02-22 22:53:57,0.00055406,54.00000000
2018-02-22 22:53:57,0.00055406,46.00000000
2018-02-22 22:53:58,0.00055400,3.00000000
2018-02-22 22:54:01,0.00055409,1.00000000
2018-02-22 22:54:02,0.00055409,40.00000000
2018-02-22 22:54:03,0.00055409,1.00000000
2018-02-22 22:54:05,0.00055445,1.00000000
2018-02-22 22:54:07,0.00055445,1.00000000
2018-02-22 22:54:09,0.00055445,4.00000000
2018-02-22 22:54:10,0.00055445,24.00000000
2018-02-22 22:54:11,0.00055445,28.00000000
2018-02-22 22:54:11,0.00055409,4.00000000
2018-02-22 22:54:11,0.00055408,160.00000000
2018-02-22 22:54:11,0.00055400,29.00000000
2018-02-22 22:54:11,0.00055400,40.00000000
2018-02-22 22:54:11,0.00055400,1.00000000
2018-02-22 22:54:14,0.00055444,11.00000000
2018-02-22 22:54:14,0.00055445,319.00000000
2018-02-22 22:54:14,0.00055446,1.00000000
2018-02-22 22:54:17,0.00055445,139.00000000
2018-02-22 22:54:17,0.00055445,40.00000000
2018-02-22 22:54:18,0.00055445,1.00000000
2018-02-22 22:54:19,0.00055446,54.00000000
2018-02-22 22:54:19,0.00055446,31.00000000
2018-02-22 22:54:19,0.00055446,54.00000000
2018-02-22 22:54:19,0.00055446,17.00000000
2018-02-22 22:54:19,0.00055446,54.00000000
2018-02-22 22:54:19,0.00055446,17.00000000
2018-02-22 22:54:19,0.00055446,71.00000000
2018-02-22 22:54:19,0.00055445,54.00000000
2018-02-22 22:54:19,0.00055445,17.00000000
2018-02-22 22:54:21,0.00055446,1.00000000
2018-02-22 22:54:23,0.00055446,129.00000000
2018-02-22 22:54:24,0.00055445,40.00000000
2018-02-22 22:54:28,0.00055446,33.00000000
2018-02-22 22:54:30,0.00055446,159.00000000
2018-02-22 22:54:31,0.00055446,180.00000000
2018-02-22 22:54:32,0.00055445,40.00000000
2018-02-22 22:54:34,0.00055445,2.00000000
2018-02-22 22:54:39,0.00055446,2.00000000
2018-02-22 22:54:40,0.00055446,15.00000000
2018-02-22 22:54:40,0.00055446,54.00000000
2018-02-22 22:54:40,0.00055445,40.00000000
2018-02-22 22:54:49,0.00055445,40.00000000
2018-02-22 22:54:50,0.00055445,200.00000000
2018-02-22 22:54:51,0.00055445,140.00000000
2018-02-22 22:54:53,0.00055445,171.00000000
2018-02-22 22:54:55,0.00055445,25.00000000
2018-02-22 22:54:55,0.00055420,58.00000000
2018-02-22 22:54:56,0.00055400,154.00000000
2018-02-22 22:54:56,0.00055400,40.00000000
2018-02-22 22:54:56,0.00055400,133.00000000
2018-02-22 22:54:58,0.00055400,107.00000000
2018-02-22 22:55:01,0.00055402,3.00000000
2018-02-22 22:55:01,0.00055400,77.00000000
2018-02-22 22:55:04,0.00055400,40.00000000
2018-02-22 22:55:13,0.00055404,9.00000000
2018-02-22 22:55:13,0.00055400,31.00000000
2018-02-22 22:55:20,0.00055400,40.00000000
2018-02-22 22:55:24,0.00055401,20.00000000
2018-02-22 22:55:29,0.00055400,40.00000000
2018-02-22 22:55:36,0.00055400,40.00000000
2018-02-22 22:55:43,0.00055400,40.00000000
2018-02-22 22:55:44,0.00055445,7.00000000
2018-02-22 22:55:46,0.00055445,53.00000000
2018-02-22 22:55:46,0.00055446,609.00000000
2018-02-22 22:55:51,0.00055400,40.00000000
2018-02-22 22:55:52,0.00055446,188.00000000
2018-02-22 22:55:58,0.00055400,24.00000000
2018-02-22 22:55:58,0.00055361,16.00000000
2018-02-22 22:56:05,0.00055441,5.00000000
2018-02-22 22:56:07,0.00055362,15.00000000
2018-02-22 22:56:07,0.00055361,25.00000000
2018-02-22 22:56:11,0.00055436,5.00000000
2018-02-22 22:56:11,0.00055435,52.00000000
2018-02-22 22:56:14,0.00055361,54.00000000
2018-02-22 22:56:14,0.00055361,54.00000000
2018-02-22 22:56:14,0.00055361,40.00000000
2018-02-22 22:56:14,0.00055339,52.00000000
2018-02-22 22:56:14,0.00055338,5.00000000
2018-02-22 22:56:14,0.00055337,8.00000000
2018-02-22 22:56:14,0.00055329,24.00000000
2018-02-22 22:56:14,0.00055301,3.00000000
2018-02-22 22:56:17,0.00055361,2.00000000
2018-02-22 22:56:17,0.00055428,2.00000000
2018-02-22 22:56:18,0.00055403,24.00000000
2018-02-22 22:56:19,0.00055361,20.00000000
2018-02-22 22:56:19,0.00055347,75.00000000
2018-02-22 22:56:22,0.00055373,22.00000000
2018-02-22 22:56:22,0.00055367,14.00000000
2018-02-22 22:56:22,0.00055348,4.00000000
2018-02-22 22:56:29,0.00055386,14.00000000
2018-02-22 22:56:29,0.00055382,22.00000000
2018-02-22 22:56:29,0.00055378,4.00000000
2018-02-22 22:56:37,0.00055355,18.00000000
2018-02-22 22:56:37,0.00055348,7.00000000
2018-02-22 22:56:37,0.00055343,4.00000000
2018-02-22 22:56:37,0.00055342,11.00000000
2018-02-22 22:56:37,0.00055342,196.00000000
2018-02-22 22:56:41,0.00055417,20.00000000
2018-02-22 22:56:41,0.00055420,13.00000000
2018-02-22 22:56:43,0.00055369,7.00000000
2018-02-22 22:56:43,0.00055365,20.00000000
2018-02-22 22:56:43,0.00055364,13.00000000
2018-02-22 22:56:45,0.00055419,20.00000000
2018-02-22 22:56:45,0.00055420,83.00000000
2018-02-22 22:56:45,0.00055423,51.00000000
2018-02-22 22:56:45,0.00055434,24.00000000
2018-02-22 22:56:45,0.00055441,30.00000000
2018-02-22 22:56:45,0.00055442,11.00000000
2018-02-22 22:56:45,0.00055443,237.00000000
2018-02-22 22:56:45,0.00055446,170.00000000
2018-02-22 22:56:45,0.00055467,11.00000000
2018-02-22 22:56:45,0.00055478,113.00000000
2018-02-22 22:56:45,0.00055483,73.00000000
2018-02-22 22:56:45,0.00055484,261.00000000
2018-02-22 22:56:45,0.00055485,126.00000000
2018-02-22 22:56:50,0.00055446,37.00000000
2018-02-22 22:56:50,0.00055482,10.00000000
2018-02-22 22:56:52,0.00055392,40.00000000
2018-02-22 22:57:00,0.00055393,31.00000000
2018-02-22 22:57:00,0.00055392,16.00000000
2018-02-22 22:57:00,0.00055392,40.00000000
2018-02-22 22:57:04,0.00055392,1.00000000
2018-02-22 22:57:09,0.00055392,40.00000000
2018-02-22 22:57:09,0.00055404,1.00000000
2018-02-22 22:57:12,0.00055392,2.00000000
2018-02-22 22:57:14,0.00055404,17.00000000
2018-02-22 22:57:14,0.00055476,4.00000000
2018-02-22 22:57:14,0.00055480,40.00000000
2018-02-22 22:57:14,0.00055483,122.00000000
2018-02-22 22:57:14,0.00055485,9.00000000
2018-02-22 22:57:15,0.00055483,2.00000000
2018-02-22 22:57:17,0.00055394,40.00000000
2018-02-22 22:57:18,0.00055481,40.00000000
2018-02-22 22:57:18,0.00055482,20.00000000
2018-02-22 22:57:18,0.00055485,4.00000000
2018-02-22 22:57:18,0.00055485,657.00000000
2018-02-22 22:57:22,0.00055402,1.00000000
2018-02-22 22:57:24,0.00055401,1.00000000
2018-02-22 22:57:25,0.00055401,40.00000000
2018-02-22 22:57:29,0.00055484,2.00000000
2018-02-22 22:57:34,0.00055400,2.00000000
2018-02-22 22:57:34,0.00055399,38.00000000
2018-02-22 22:57:35,0.00055399,1.00000000
2018-02-22 22:57:36,0.00055399,1.00000000
2018-02-22 22:57:41,0.00055482,1.00000000
2018-02-22 22:57:43,0.00055401,11.00000000
2018-02-22 22:57:43,0.00055400,29.00000000
2018-02-22 22:57:46,0.00055482,1.00000000
2018-02-22 22:57:52,0.00055404,2.00000000
2018-02-22 22:57:52,0.00055403,38.00000000
2018-02-22 22:57:53,0.00055480,29.00000000
2018-02-22 22:57:53,0.00055481,13.00000000
2018-02-22 22:57:53,0.00055482,125.00000000
2018-02-22 22:57:59,0.00055405,17.00000000
2018-02-22 22:57:59,0.00055403,83.00000000
2018-02-22 22:58:01,0.00055460,39.00000000
2018-02-22 22:58:02,0.00055403,40.00000000
2018-02-22 22:58:04,0.00055403,36.00000000
2018-02-22 22:58:11,0.00055404,12.00000000
2018-02-22 22:58:11,0.00055403,14.00000000
2018-02-22 22:58:11,0.00055403,40.00000000
2018-02-22 22:58:14,0.00055403,14.00000000
2018-02-22 22:58:16,0.00055403,7.00000000
2018-02-22 22:58:18,0.00055403,16.00000000
2018-02-22 22:58:19,0.00055403,40.00000000
2018-02-22 22:58:28,0.00055403,40.00000000
2018-02-22 22:58:29,0.00055403,7.00000000
2018-02-22 22:58:33,0.00055403,5.00000000
2018-02-22 22:58:35,0.00055403,40.00000000
2018-02-22 22:58:39,0.00055436,13.00000000
2018-02-22 22:58:43,0.00055403,38.00000000
2018-02-22 22:58:43,0.00055401,2.00000000
2018-02-22 22:58:45,0.00055480,99.00000000
2018-02-22 22:58:51,0.00055401,40.00000000
2018-02-22 22:58:55,0.00055401,30.00000000
2018-02-22 22:58:55,0.00055400,22.00000000
2018-02-22 22:58:57,0.00055400,40.00000000
2018-02-22 22:58:59,0.00055401,6.00000000
2018-02-22 22:59:06,0.00055401,40.00000000
2018-02-22 22:59:14,0.00055402,11.00000000
2018-02-22 22:59:14,0.00055401,29.00000000
2018-02-22 22:59:16,0.00055401,432.00000000
2018-02-22 22:59:16,0.00055400,735.00000000
2018-02-22 22:59:16,0.00055400,10.00000000
2018-02-22 22:59:16,0.00055400,10.00000000
2018-02-22 22:59:16,0.00055400,12.00000000
2018-02-22 22:59:17,0.00055399,28.00000000
2018-02-22 22:59:17,0.00055398,72.00000000
2018-02-22 22:59:17,0.00055400,57.00000000
2018-02-22 22:59:19,0.00055400,149.00000000
2018-02-22 22:59:22,0.00055399,10.00000000
2018-02-22 22:59:22,0.00055398,30.00000000
2018-02-22 22:59:22,0.00055400,54.00000000
