DATE,PRICE,VOLUME
2018-02-23 03:00:04,0.00054976,3.00000000
2018-02-23 03:00:04,0.00054978,15.00000000
2018-02-23 03:00:04,0.00054980,91.00000000
2018-02-23 03:00:04,0.00054984,50.00000000
2018-02-23 03:00:04,0.00054985,30.00000000
2018-02-23 03:00:13,0.00054984,10.00000000
2018-02-23 03:00:13,0.00054985,10.00000000
2018-02-23 03:00:15,0.00054985,65.00000000
2018-02-23 03:00:15,0.00054987,83.00000000
2018-02-23 03:00:20,0.00054987,100.00000000
2018-02-23 03:00:20,0.00054987,10.00000000
2018-02-23 03:00:20,0.00054987,41.00000000
2018-02-23 03:00:20,0.00054908,20.00000000
2018-02-23 03:00:21,0.00054985,10.00000000
2018-02-23 03:00:21,0.00054987,10.00000000
2018-02-23 03:00:21,0.00054987,9.00000000
2018-02-23 03:00:21,0.00054909,10.00000000
2018-02-23 03:00:26,0.00054962,10.00000000
2018-02-23 03:00:26,0.00054965,10.00000000
2018-02-23 03:00:26,0.00054967,80.00000000
2018-02-23 03:00:52,0.00054965,13.00000000
2018-02-23 03:00:52,0.00054966,9.00000000
2018-02-23 03:00:52,0.00054967,37.00000000
2018-02-23 03:00:54,0.00054968,10.00000000
2018-02-23 03:00:54,0.00054967,30.00000000
2018-02-23 03:00:56,0.00054967,19.00000000
2018-02-23 03:00:56,0.00054916,93.00000000
2018-02-23 03:00:56,0.00054915,33.00000000
2018-02-23 03:00:56,0.00054911,8.00000000
2018-02-23 03:00:56,0.00054907,8.00000000
2018-02-23 03:00:56,0.00054904,8.00000000
2018-02-23 03:00:56,0.00054901,61.00000000
2018-02-23 03:01:08,0.00054902,10.00000000
2018-02-23 03:01:08,0.00054901,17.00000000
2018-02-23 03:01:08,0.00054901,2.00000000
2018-02-23 03:01:11,0.00054902,19.00000000
2018-02-23 03:01:11,0.00054901,22.00000000
2018-02-23 03:01:13,0.00054900,93.00000000
2018-02-23 03:01:18,0.00054901,50.00000000
2018-02-23 03:01:18,0.00054901,32.00000000
2018-02-23 03:01:19,0.00054900,100.00000000
2018-02-23 03:01:20,0.00054901,7.00000000
2018-02-23 03:01:20,0.00054901,6.00000000
2018-02-23 03:01:20,0.00054901,7.00000000
2018-02-23 03:01:20,0.00054901,6.00000000
2018-02-23 03:01:20,0.00054901,6.00000000
2018-02-23 03:01:21,0.00054901,15.00000000
2018-02-23 03:01:26,0.00054901,309.00000000
2018-02-23 03:01:31,0.00054900,12.00000000
2018-02-23 03:01:31,0.00054900,30.00000000
2018-02-23 03:01:34,0.00054900,17.00000000
2018-02-23 03:01:35,0.00054898,10.00000000
2018-02-23 03:01:38,0.00054899,2.00000000
2018-02-23 03:01:40,0.00054899,9.00000000
2018-02-23 03:01:40,0.00054900,13.00000000
2018-02-23 03:01:49,0.00054899,44.00000000
2018-02-23 03:01:50,0.00054899,200.00000000
2018-02-23 03:01:52,0.00054899,25.00000000
2018-02-23 03:01:54,0.00054899,29.00000000
2018-02-23 03:01:57,0.00054899,83.00000000
2018-02-23 03:01:57,0.00054900,36.00000000
2018-02-23 03:02:15,0.00054901,40.00000000
2018-02-23 03:02:17,0.00054901,39.00000000
2018-02-23 03:02:17,0.00054901,54.00000000
2018-02-23 03:02:17,0.00054901,7.00000000
2018-02-23 03:02:19,0.00054951,140.00000000
2018-02-23 03:02:23,0.00054900,89.00000000
2018-02-23 03:02:25,0.00054902,8.00000000
2018-02-23 03:02:25,0.00054900,32.00000000
2018-02-23 03:02:40,0.00054900,61.00000000
2018-02-23 03:02:43,0.00054900,369.00000000
2018-02-23 03:02:44,0.00054900,369.00000000
2018-02-23 03:02:53,0.00054900,49.00000000
2018-02-23 03:02:53,0.00054900,26.00000000
2018-02-23 03:02:54,0.00054949,8.00000000
2018-02-23 03:02:57,0.00054949,1.00000000
2018-02-23 03:02:59,0.00054949,7.00000000
2018-02-23 03:03:11,0.00054900,18.00000000
2018-02-23 03:03:13,0.00054949,67.00000000
2018-02-23 03:03:13,0.00054950,11.00000000
2018-02-23 03:03:13,0.00054951,13.00000000
2018-02-23 03:03:16,0.00054949,12.00000000
2018-02-23 03:03:26,0.00054949,89.00000000
2018-02-23 03:03:26,0.00054951,11.00000000
2018-02-23 03:03:48,0.00054949,40.00000000
2018-02-23 03:03:48,0.00054951,21.00000000
2018-02-23 03:03:48,0.00054952,30.00000000
2018-02-23 03:04:14,0.00054949,40.00000000
2018-02-23 03:04:14,0.00054951,60.00000000
2018-02-23 03:04:19,0.00054951,40.00000000
2018-02-23 03:04:19,0.00054963,8.00000000
2018-02-23 03:04:19,0.00054982,8.00000000
2018-02-23 03:04:19,0.00054983,26.00000000
2018-02-23 03:04:31,0.00054905,137.00000000
2018-02-23 03:04:31,0.00054903,47.00000000
2018-02-23 03:04:31,0.00054903,15.00000000
2018-02-23 03:04:31,0.00054907,3.00000000
2018-02-23 03:04:35,0.00054946,49.00000000
2018-02-23 03:04:50,0.00054944,79.00000000
2018-02-23 03:04:54,0.00054945,14.00000000
2018-02-23 03:04:54,0.00054946,129.00000000
2018-02-23 03:04:55,0.00054909,8.00000000
2018-02-23 03:04:59,0.00054908,14.00000000
2018-02-23 03:04:59,0.00054909,2.00000000
2018-02-23 03:05:02,0.00054907,5.00000000
2018-02-23 03:05:02,0.00054903,38.00000000
2018-02-23 03:05:02,0.00054900,8.00000000
2018-02-23 03:05:07,0.00054899,14.00000000
2018-02-23 03:05:07,0.00054900,8.00000000
2018-02-23 03:05:10,0.00054898,14.00000000
2018-02-23 03:05:15,0.00054859,4.00000000
2018-02-23 03:05:20,0.00054857,8.00000000
2018-02-23 03:05:20,0.00054857,1.00000000
2018-02-23 03:05:20,0.00054858,8.00000000
2018-02-23 03:05:22,0.00054858,6.00000000
2018-02-23 03:05:22,0.00054859,85.00000000
2018-02-23 03:05:22,0.00054857,5.00000000
2018-02-23 03:05:30,0.00054856,9.00000000
2018-02-23 03:05:34,0.00054851,97.00000000
2018-02-23 03:05:34,0.00054849,11.00000000
2018-02-23 03:05:34,0.00054810,175.00000000
2018-02-23 03:05:34,0.00054802,11.00000000
2018-02-23 03:05:34,0.00054801,9.00000000
2018-02-23 03:05:34,0.00054800,103.00000000
2018-02-23 03:05:34,0.00054800,91.00000000
2018-02-23 03:05:34,0.00054800,11.00000000
2018-02-23 03:05:34,0.00054800,76.00000000
2018-02-23 03:05:34,0.00054800,91.00000000
2018-02-23 03:05:34,0.00054800,18.00000000
2018-02-23 03:05:34,0.00054800,76.00000000
2018-02-23 03:05:34,0.00054799,11.00000000
2018-02-23 03:05:39,0.00054799,3.00000000
2018-02-23 03:05:39,0.00054798,618.00000000
2018-02-23 03:05:41,0.00054800,8.00000000
2018-02-23 03:05:45,0.00054798,112.00000000
2018-02-23 03:05:45,0.00054783,16.00000000
2018-02-23 03:05:45,0.00054778,6.00000000
2018-02-23 03:05:45,0.00054769,50.00000000
2018-02-23 03:05:46,0.00054770,17.00000000
2018-02-23 03:05:47,0.00054799,13.00000000
2018-02-23 03:05:47,0.00054800,19.00000000
2018-02-23 03:05:48,0.00054799,37.00000000
2018-02-23 03:05:52,0.00054797,10.00000000
2018-02-23 03:05:57,0.00054770,19.00000000
2018-02-23 03:05:57,0.00054769,62.00000000
2018-02-23 03:05:57,0.00054768,92.00000000
2018-02-23 03:05:57,0.00054797,4.00000000
2018-02-23 03:05:59,0.00054797,100.00000000
2018-02-23 03:06:02,0.00054798,91.00000000
2018-02-23 03:06:02,0.00054798,25.00000000
2018-02-23 03:06:09,0.00054797,300.00000000
2018-02-23 03:06:10,0.00054798,171.00000000
2018-02-23 03:06:15,0.00054798,40.00000000
2018-02-23 03:06:16,0.00054799,54.00000000
2018-02-23 03:06:16,0.00054799,22.00000000
2018-02-23 03:06:16,0.00054799,22.00000000
2018-02-23 03:06:17,0.00054798,22.00000000
2018-02-23 03:06:19,0.00054799,16.00000000
2018-02-23 03:06:19,0.00054800,64.00000000
2018-02-23 03:06:24,0.00054856,7.00000000
2018-02-23 03:06:25,0.00054803,8.00000000
2018-02-23 03:06:25,0.00054800,32.00000000
2018-02-23 03:06:28,0.00054854,8.00000000
2018-02-23 03:06:28,0.00054856,7.00000000
2018-02-23 03:06:28,0.00054857,3.00000000
2018-02-23 03:06:28,0.00054882,53.00000000
2018-02-23 03:06:30,0.00054804,8.00000000
2018-02-23 03:06:30,0.00054805,54.00000000
2018-02-23 03:06:30,0.00054852,8.00000000
2018-02-23 03:06:30,0.00054895,8.00000000
2018-02-23 03:06:30,0.00054896,12.00000000
2018-02-23 03:06:30,0.00054897,3.00000000
2018-02-23 03:06:30,0.00054944,8.00000000
2018-02-23 03:06:30,0.00054944,40.00000000
2018-02-23 03:06:30,0.00054944,12.00000000
2018-02-23 03:06:30,0.00054805,40.00000000
2018-02-23 03:06:31,0.00054801,14.00000000
2018-02-23 03:06:31,0.00054800,54.00000000
2018-02-23 03:06:31,0.00054802,54.00000000
2018-02-23 03:06:31,0.00054802,54.00000000
2018-02-23 03:06:31,0.00054802,54.00000000
2018-02-23 03:06:31,0.00054802,18.00000000
2018-02-23 03:06:31,0.00054807,10.00000000
2018-02-23 03:06:32,0.00054807,20.00000000
2018-02-23 03:06:34,0.00054806,4.00000000
2018-02-23 03:06:34,0.00054804,8.00000000
2018-02-23 03:06:35,0.00054800,25.00000000
2018-02-23 03:06:36,0.00054808,8.00000000
2018-02-23 03:06:36,0.00054800,32.00000000
2018-02-23 03:06:36,0.00054800,10.00000000
2018-02-23 03:06:37,0.00054800,11.00000000
2018-02-23 03:06:39,0.00054800,54.00000000
2018-02-23 03:06:39,0.00054802,8.00000000
2018-02-23 03:06:39,0.00054800,22.00000000
2018-02-23 03:06:40,0.00054800,208.00000000
2018-02-23 03:06:40,0.00054769,14.00000000
2018-02-23 03:06:40,0.00054768,257.00000000
2018-02-23 03:06:40,0.00054767,11.00000000
2018-02-23 03:06:40,0.00054766,80.00000000
2018-02-23 03:06:40,0.00054766,186.00000000
2018-02-23 03:06:40,0.00054765,273.00000000
2018-02-23 03:06:48,0.00054768,3.00000000
2018-02-23 03:06:48,0.00054767,54.00000000
2018-02-23 03:06:48,0.00054767,67.00000000
2018-02-23 03:06:48,0.00054767,24.00000000
2018-02-23 03:06:48,0.00054767,54.00000000
2018-02-23 03:06:48,0.00054767,4.00000000
2018-02-23 03:06:48,0.00054765,113.00000000
2018-02-23 03:06:48,0.00054765,4.00000000
2018-02-23 03:06:51,0.00054783,20.00000000
2018-02-23 03:06:51,0.00054784,180.00000000
2018-02-23 03:06:51,0.00054786,50.00000000
2018-02-23 03:06:57,0.00054768,11.00000000
2018-02-23 03:06:58,0.00054767,32.00000000
2018-02-23 03:07:00,0.00054767,5.00000000
2018-02-23 03:07:02,0.00054766,3.00000000
2018-02-23 03:07:03,0.00054765,7.00000000
2018-02-23 03:07:03,0.00054766,20.00000000
2018-02-23 03:07:03,0.00054765,8.00000000
2018-02-23 03:07:03,0.00054765,8.00000000
2018-02-23 03:07:05,0.00054766,63.00000000
2018-02-23 03:07:05,0.00054767,3.00000000
2018-02-23 03:07:05,0.00054768,25.00000000
2018-02-23 03:07:07,0.00054768,31.00000000
2018-02-23 03:07:07,0.00054768,31.00000000
2018-02-23 03:07:07,0.00054768,31.00000000
2018-02-23 03:07:07,0.00054768,26.00000000
2018-02-23 03:07:07,0.00054768,18.00000000
2018-02-23 03:07:08,0.00054765,31.00000000
2018-02-23 03:07:27,0.00054767,16.00000000
2018-02-23 03:07:31,0.00054767,2.00000000
2018-02-23 03:07:34,0.00054767,5.00000000
2018-02-23 03:07:35,0.00054767,12.00000000
2018-02-23 03:07:35,0.00054768,65.00000000
2018-02-23 03:07:36,0.00054768,91.00000000
2018-02-23 03:07:39,0.00054768,15.00000000
2018-02-23 03:07:40,0.00054768,38.00000000
2018-02-23 03:07:42,0.00054768,147.00000000
2018-02-23 03:07:46,0.00054768,50.00000000
2018-02-23 03:07:56,0.00054768,76.00000000
2018-02-23 03:07:56,0.00054768,91.00000000
2018-02-23 03:07:56,0.00054767,23.00000000
2018-02-23 03:07:59,0.00054772,1.00000000
2018-02-23 03:08:04,0.00054767,20.00000000
2018-02-23 03:08:09,0.00054767,3.00000000
2018-02-23 03:08:11,0.00054767,17.00000000
2018-02-23 03:08:14,0.00054772,14.00000000
2018-02-23 03:08:14,0.00054798,14.00000000
2018-02-23 03:08:14,0.00054799,63.00000000
2018-02-23 03:08:15,0.00054799,18.00000000
2018-02-23 03:08:15,0.00054799,3.00000000
2018-02-23 03:08:17,0.00054799,15.00000000
2018-02-23 03:08:22,0.00054799,223.00000000
2018-02-23 03:08:22,0.00054771,8.00000000
2018-02-23 03:08:22,0.00054769,14.00000000
2018-02-23 03:08:22,0.00054768,18.00000000
2018-02-23 03:08:24,0.00054797,8.00000000
2018-02-23 03:08:24,0.00054799,7.00000000
2018-02-23 03:08:27,0.00054799,97.00000000
2018-02-23 03:08:34,0.00054772,25.00000000
2018-02-23 03:08:35,0.00054772,15.00000000
2018-02-23 03:08:35,0.00054799,6.00000000
2018-02-23 03:08:38,0.00054799,68.00000000
2018-02-23 03:08:38,0.00054824,8.00000000
2018-02-23 03:08:38,0.00054937,4.00000000
2018-02-23 03:08:38,0.00054941,11.00000000
2018-02-23 03:08:41,0.00054787,40.00000000
2018-02-23 03:08:44,0.00054943,10.00000000
2018-02-23 03:08:44,0.00054944,20.00000000
2018-02-23 03:08:44,0.00054951,5.00000000
2018-02-23 03:08:44,0.00054998,5.00000000
2018-02-23 03:08:51,0.00054870,40.00000000
2018-02-23 03:09:00,0.00054897,20.00000000
2018-02-23 03:09:00,0.00054896,20.00000000
2018-02-23 03:09:00,0.00054991,59.00000000
2018-02-23 03:09:05,0.00054973,2.00000000
2018-02-23 03:09:10,0.00054923,19.00000000
2018-02-23 03:09:12,0.00054901,8.00000000
2018-02-23 03:09:12,0.00054899,32.00000000
2018-02-23 03:09:22,0.00054898,8.00000000
2018-02-23 03:09:22,0.00054891,19.00000000
2018-02-23 03:09:22,0.00054879,13.00000000
2018-02-23 03:09:24,0.00054969,20.00000000
2018-02-23 03:09:24,0.00054970,71.00000000
2018-02-23 03:09:33,0.00054899,40.00000000
2018-02-23 03:09:50,0.00054938,1.00000000
2018-02-23 03:09:51,0.00054899,50.00000000
2018-02-23 03:09:59,0.00054936,12.00000000
2018-02-23 03:09:59,0.00054937,18.00000000
2018-02-23 03:09:59,0.00054939,40.00000000
2018-02-23 03:09:59,0.00054948,21.00000000
2018-02-23 03:09:59,0.00054948,2.00000000
2018-02-23 03:10:02,0.00054900,128.00000000
2018-02-23 03:10:02,0.00054900,8.00000000
2018-02-23 03:10:07,0.00054900,85.00000000
2018-02-23 03:10:10,0.00054899,15.00000000
2018-02-23 03:10:11,0.00054898,18.00000000
2018-02-23 03:10:11,0.00054892,9.00000000
2018-02-23 03:10:11,0.00054887,8.00000000
2018-02-23 03:10:11,0.00054884,62.00000000
2018-02-23 03:10:14,0.00054899,49.00000000
2018-02-23 03:10:19,0.00054899,31.00000000
2018-02-23 03:10:24,0.00054898,16.00000000
2018-02-23 03:10:28,0.00054898,28.00000000
2018-02-23 03:10:28,0.00054899,63.00000000
2018-02-23 03:10:28,0.00054878,3.00000000
2018-02-23 03:10:29,0.00054878,1.00000000
2018-02-23 03:10:29,0.00054815,29.00000000
2018-02-23 03:10:29,0.00054814,3.00000000
2018-02-23 03:10:29,0.00054812,14.00000000
2018-02-23 03:10:29,0.00054791,14.00000000
2018-02-23 03:10:29,0.00054774,14.00000000
2018-02-23 03:10:29,0.00054767,15.00000000
2018-02-23 03:10:29,0.00054766,95.00000000
2018-02-23 03:10:29,0.00054766,45.00000000
2018-02-23 03:10:30,0.00054769,54.00000000
2018-02-23 03:10:30,0.00054769,36.00000000
2018-02-23 03:10:30,0.00054767,11.00000000
2018-02-23 03:10:30,0.00054766,10.00000000
2018-02-23 03:10:31,0.00054766,20.00000000
2018-02-23 03:10:39,0.00054767,13.00000000
2018-02-23 03:10:39,0.00054769,27.00000000
2018-02-23 03:10:39,0.00054791,38.00000000
2018-02-23 03:10:39,0.00054766,125.00000000
2018-02-23 03:10:39,0.00054765,10.00000000
2018-02-23 03:10:42,0.00054768,10.00000000
2018-02-23 03:10:42,0.00054767,9.00000000
2018-02-23 03:10:43,0.00054768,19.00000000
2018-02-23 03:10:43,0.00054767,41.00000000
2018-02-23 03:10:44,0.00054765,10.00000000
2018-02-23 03:10:46,0.00054765,175.00000000
2018-02-23 03:10:48,0.00054765,210.00000000
2018-02-23 03:10:51,0.00054766,221.00000000
2018-02-23 03:10:51,0.00054766,6.00000000
2018-02-23 03:10:58,0.00054765,322.00000000
2018-02-23 03:10:59,0.00054766,1.00000000
2018-02-23 03:10:59,0.00054870,91.00000000
2018-02-23 03:10:59,0.00054873,27.00000000
2018-02-23 03:11:05,0.00054872,10.00000000
2018-02-23 03:11:05,0.00054873,18.00000000
2018-02-23 03:11:05,0.00054875,8.00000000
2018-02-23 03:11:05,0.00054878,3.00000000
2018-02-23 03:11:05,0.00054897,30.00000000
2018-02-23 03:11:05,0.00054898,22.00000000
2018-02-23 03:11:16,0.00054790,20.00000000
2018-02-23 03:11:16,0.00054789,17.00000000
2018-02-23 03:11:16,0.00054789,51.00000000
2018-02-23 03:11:16,0.00054789,17.00000000
2018-02-23 03:11:16,0.00054789,6.00000000
2018-02-23 03:11:16,0.00054784,30.00000000
2018-02-23 03:11:16,0.00054779,8.00000000
2018-02-23 03:11:16,0.00054775,6.00000000
2018-02-23 03:11:16,0.00054782,20.00000000
2018-02-23 03:11:16,0.00054775,91.00000000
2018-02-23 03:11:16,0.00054765,91.00000000
2018-02-23 03:11:16,0.00054765,184.00000000
2018-02-23 03:11:16,0.00054765,75.00000000
2018-02-23 03:11:16,0.00054765,27.00000000
2018-02-23 03:11:16,0.00054765,10.00000000
2018-02-23 03:11:17,0.00054775,28.00000000
2018-02-23 03:11:20,0.00054766,8.00000000
2018-02-23 03:11:20,0.00054775,63.00000000
2018-02-23 03:11:20,0.00054790,12.00000000
2018-02-23 03:11:28,0.00054790,14.00000000
2018-02-23 03:11:28,0.00054863,45.00000000
2018-02-23 03:11:32,0.00054789,49.00000000
2018-02-23 03:11:32,0.00054870,8.00000000
2018-02-23 03:11:39,0.00054865,10.00000000
2018-02-23 03:11:39,0.00054867,81.00000000
2018-02-23 03:11:39,0.00054867,10.00000000
2018-02-23 03:11:39,0.00054896,9.00000000
2018-02-23 03:11:39,0.00054897,14.00000000
2018-02-23 03:11:39,0.00054898,68.00000000
2018-02-23 03:11:40,0.00054777,20.00000000
2018-02-23 03:11:40,0.00054776,8.00000000
2018-02-23 03:11:40,0.00054773,94.00000000
2018-02-23 03:11:40,0.00054768,14.00000000
2018-02-23 03:11:40,0.00054767,292.00000000
2018-02-23 03:11:40,0.00054766,16.00000000
2018-02-23 03:11:41,0.00054767,40.00000000
2018-02-23 03:11:52,0.00054767,57.00000000
2018-02-23 03:11:52,0.00054767,77.00000000
2018-02-23 03:11:53,0.00054766,34.00000000
2018-02-23 03:11:54,0.00054765,10.00000000
2018-02-23 03:11:54,0.00054765,94.00000000
2018-02-23 03:11:55,0.00054766,6.00000000
2018-02-23 03:11:57,0.00054765,349.00000000
2018-02-23 03:12:01,0.00054766,118.00000000
2018-02-23 03:12:01,0.00054765,8.00000000
2018-02-23 03:12:01,0.00054765,8.00000000
2018-02-23 03:12:09,0.00054766,187.00000000
2018-02-23 03:12:09,0.00054766,178.00000000
2018-02-23 03:12:09,0.00054765,212.00000000
2018-02-23 03:12:15,0.00054767,91.00000000
2018-02-23 03:12:27,0.00054765,18.00000000
2018-02-23 03:12:29,0.00054766,40.00000000
2018-02-23 03:12:29,0.00054767,224.00000000
2018-02-23 03:12:31,0.00054767,2794.00000000
2018-02-23 03:12:36,0.00054848,10.00000000
2018-02-23 03:12:36,0.00054849,46.00000000
2018-02-23 03:12:36,0.00054850,51.00000000
2018-02-23 03:12:36,0.00054863,8.00000000
2018-02-23 03:12:36,0.00054864,8.00000000
2018-02-23 03:12:36,0.00054897,14.00000000
2018-02-23 03:12:36,0.00054898,13.00000000
2018-02-23 03:12:38,0.00054790,10.00000000
2018-02-23 03:12:46,0.00054790,30.00000000
2018-02-23 03:12:46,0.00054897,19.00000000
2018-02-23 03:12:47,0.00054784,178.00000000
2018-02-23 03:12:47,0.00054783,91.00000000
2018-02-23 03:12:47,0.00054782,104.00000000
2018-02-23 03:12:47,0.00054776,636.00000000
2018-02-23 03:12:47,0.00054775,14.00000000
2018-02-23 03:12:47,0.00054769,23.00000000
2018-02-23 03:12:47,0.00054768,210.00000000
2018-02-23 03:12:47,0.00054767,113.00000000
2018-02-23 03:12:50,0.00054786,8.00000000
2018-02-23 03:12:50,0.00054785,94.00000000
2018-02-23 03:12:50,0.00054770,6.00000000
2018-02-23 03:12:50,0.00054767,532.00000000
2018-02-23 03:12:53,0.00054788,8.00000000
2018-02-23 03:12:53,0.00054777,3.00000000
2018-02-23 03:12:53,0.00054767,29.00000000
2018-02-23 03:12:53,0.00054866,5.00000000
2018-02-23 03:12:55,0.00054859,5.00000000
2018-02-23 03:12:56,0.00054849,173.00000000
2018-02-23 03:12:56,0.00054851,15.00000000
2018-02-23 03:12:56,0.00054858,25.00000000
2018-02-23 03:13:00,0.00054853,4.00000000
2018-02-23 03:13:02,0.00054851,5.00000000
2018-02-23 03:13:04,0.00054849,5.00000000
2018-02-23 03:13:04,0.00054773,20.00000000
2018-02-23 03:13:04,0.00054772,8.00000000
2018-02-23 03:13:04,0.00054769,8.00000000
2018-02-23 03:13:04,0.00054767,4.00000000
2018-02-23 03:13:06,0.00054847,20.00000000
2018-02-23 03:13:06,0.00054847,17.00000000
2018-02-23 03:13:06,0.00054847,18.00000000
2018-02-23 03:13:06,0.00054847,20.00000000
2018-02-23 03:13:06,0.00054767,20.00000000
2018-02-23 03:13:11,0.00054823,10.00000000
2018-02-23 03:13:14,0.00054823,15.00000000
2018-02-23 03:13:16,0.00054789,6.00000000
2018-02-23 03:13:19,0.00054771,8.00000000
2018-02-23 03:13:19,0.00054769,8.00000000
2018-02-23 03:13:19,0.00054767,384.00000000
2018-02-23 03:13:19,0.00054787,5.00000000
2018-02-23 03:13:37,0.00054781,20.00000000
2018-02-23 03:13:39,0.00054767,609.00000000
2018-02-23 03:13:48,0.00054776,15.00000000
2018-02-23 03:13:51,0.00054767,92.00000000
2018-02-23 03:13:53,0.00054767,50.00000000
2018-02-23 03:13:54,0.00054767,571.00000000
2018-02-23 03:13:54,0.00054768,91.00000000
2018-02-23 03:13:54,0.00054775,11.00000000
2018-02-23 03:14:07,0.00054777,14.00000000
2018-02-23 03:14:07,0.00054779,1.00000000
2018-02-23 03:14:27,0.00054778,17.00000000
2018-02-23 03:14:27,0.00054779,2.00000000
2018-02-23 03:14:28,0.00054780,8.00000000
2018-02-23 03:14:28,0.00054780,8.00000000
2018-02-23 03:14:28,0.00054780,8.00000000
2018-02-23 03:14:28,0.00054780,8.00000000
2018-02-23 03:14:40,0.00054781,6.00000000
2018-02-23 03:14:51,0.00054780,40.00000000
2018-02-23 03:15:01,0.00054780,40.00000000
2018-02-23 03:15:04,0.00054780,146.00000000
2018-02-23 03:15:30,0.00054780,31.00000000
2018-02-23 03:15:30,0.00054779,97.00000000
2018-02-23 03:15:30,0.00054765,32.00000000
2018-02-23 03:15:33,0.00054765,2.00000000
2018-02-23 03:15:33,0.00054759,4.00000000
2018-02-23 03:15:33,0.00054731,50.00000000
2018-02-23 03:15:33,0.00054730,44.00000000
2018-02-23 03:15:38,0.00054780,15.00000000
2018-02-23 03:15:39,0.00054732,8.00000000
2018-02-23 03:15:39,0.00054730,11.00000000
2018-02-23 03:15:51,0.00054731,19.00000000
2018-02-23 03:15:51,0.00054730,56.00000000
2018-02-23 03:15:51,0.00054730,90.00000000
2018-02-23 03:15:51,0.00054730,5.00000000
2018-02-23 03:15:51,0.00054730,8.00000000
2018-02-23 03:15:57,0.00054730,1.00000000
2018-02-23 03:16:11,0.00054731,15.00000000
2018-02-23 03:16:11,0.00054730,493.00000000
2018-02-23 03:16:11,0.00054722,5.00000000
2018-02-23 03:16:11,0.00054720,100.00000000
2018-02-23 03:16:11,0.00054715,55.00000000
2018-02-23 03:16:13,0.00054731,14.00000000
2018-02-23 03:16:13,0.00054730,24.00000000
2018-02-23 03:16:13,0.00054730,18.00000000
2018-02-23 03:16:13,0.00054778,8.00000000
2018-02-23 03:16:13,0.00054788,8.00000000
2018-02-23 03:16:13,0.00054804,4.00000000
2018-02-23 03:16:26,0.00054780,2.00000000
2018-02-23 03:16:30,0.00054780,38.00000000
2018-02-23 03:16:30,0.00054829,58.00000000
2018-02-23 03:16:30,0.00054834,30.00000000
2018-02-23 03:16:30,0.00054838,8.00000000
2018-02-23 03:16:30,0.00054839,30.00000000
2018-02-23 03:16:30,0.00054839,3.00000000
2018-02-23 03:16:30,0.00054735,8.00000000
2018-02-23 03:16:30,0.00054734,4.00000000
2018-02-23 03:16:36,0.00054735,40.00000000
2018-02-23 03:16:38,0.00054737,8.00000000
2018-02-23 03:16:38,0.00054735,51.00000000
2018-02-23 03:16:38,0.00054734,41.00000000
2018-02-23 03:16:42,0.00054735,29.00000000
2018-02-23 03:16:42,0.00054734,70.00000000
2018-02-23 03:16:57,0.00054743,10.00000000
2018-02-23 03:16:57,0.00054740,39.00000000
2018-02-23 03:16:57,0.00054737,8.00000000
2018-02-23 03:16:57,0.00054734,43.00000000
2018-02-23 03:16:59,0.00054774,8.00000000
2018-02-23 03:16:59,0.00054776,8.00000000
2018-02-23 03:16:59,0.00054778,14.00000000
2018-02-23 03:17:00,0.00054778,19.00000000
2018-02-23 03:17:00,0.00054778,15.00000000
2018-02-23 03:17:11,0.00054799,40.00000000
2018-02-23 03:17:16,0.00054807,21.00000000
2018-02-23 03:17:16,0.00054800,8.00000000
2018-02-23 03:17:16,0.00054799,38.00000000
2018-02-23 03:17:21,0.00054809,8.00000000
2018-02-23 03:17:21,0.00054800,14.00000000
2018-02-23 03:17:21,0.00054799,18.00000000
2018-02-23 03:17:31,0.00054888,28.00000000
2018-02-23 03:17:31,0.00054888,10.00000000
2018-02-23 03:17:31,0.00054888,54.00000000
2018-02-23 03:17:31,0.00054888,52.00000000
2018-02-23 03:17:32,0.00054888,40.00000000
2018-02-23 03:17:40,0.00054890,10.00000000
2018-02-23 03:17:40,0.00054893,8.00000000
2018-02-23 03:17:43,0.00054889,14.00000000
2018-02-23 03:17:43,0.00054888,26.00000000
2018-02-23 03:17:48,0.00054890,11.00000000
2018-02-23 03:17:48,0.00054889,56.00000000
2018-02-23 03:17:52,0.00054890,3.00000000
2018-02-23 03:17:52,0.00054889,37.00000000
2018-02-23 03:17:53,0.00054898,316.00000000
2018-02-23 03:17:54,0.00054901,2.00000000
2018-02-23 03:17:59,0.00054899,14.00000000
2018-02-23 03:17:59,0.00054898,54.00000000
2018-02-23 03:17:59,0.00054898,252.00000000
2018-02-23 03:17:59,0.00054898,324.00000000
2018-02-23 03:17:59,0.00054898,6.00000000
2018-02-23 03:18:00,0.00054898,54.00000000
2018-02-23 03:18:00,0.00054898,27.00000000
2018-02-23 03:18:00,0.00054898,27.00000000
2018-02-23 03:18:00,0.00054898,53.00000000
2018-02-23 03:18:00,0.00054899,14.00000000
2018-02-23 03:18:00,0.00054901,95.00000000
2018-02-23 03:18:00,0.00054948,117.00000000
2018-02-23 03:18:00,0.00054993,4.00000000
2018-02-23 03:18:00,0.00054996,5.00000000
2018-02-23 03:18:00,0.00054999,12.00000000
2018-02-23 03:18:00,0.00055000,358.00000000
2018-02-23 03:18:00,0.00055011,2.00000000
2018-02-23 03:18:00,0.00055040,33.00000000
2018-02-23 03:18:02,0.00054907,8.00000000
2018-02-23 03:18:03,0.00054910,40.00000000
2018-02-23 03:18:03,0.00055035,16.00000000
2018-02-23 03:18:03,0.00055036,51.00000000
2018-02-23 03:18:03,0.00055037,4.00000000
2018-02-23 03:18:09,0.00054928,20.00000000
2018-02-23 03:18:10,0.00055025,40.00000000
2018-02-23 03:18:10,0.00055027,106.00000000
2018-02-23 03:18:10,0.00055030,15.00000000
2018-02-23 03:18:10,0.00055031,4.00000000
2018-02-23 03:18:10,0.00055040,3.00000000
2018-02-23 03:18:10,0.00055100,6.00000000
2018-02-23 03:18:10,0.00055103,101.00000000
2018-02-23 03:18:10,0.00055138,16.00000000
2018-02-23 03:18:10,0.00055142,4.00000000
2018-02-23 03:18:10,0.00055175,16.00000000
2018-02-23 03:18:10,0.00055196,30.00000000
2018-02-23 03:18:10,0.00055199,3.00000000
2018-02-23 03:18:10,0.00055200,252.00000000
2018-02-23 03:18:10,0.00054933,119.00000000
2018-02-23 03:18:13,0.00054945,40.00000000
2018-02-23 03:18:13,0.00054945,36.00000000
2018-02-23 03:18:15,0.00054960,62.00000000
2018-02-23 03:18:15,0.00054958,30.00000000
2018-02-23 03:18:15,0.00054958,30.00000000
2018-02-23 03:18:15,0.00054958,14.00000000
2018-02-23 03:18:18,0.00054981,20.00000000
2018-02-23 03:18:24,0.00054982,54.00000000
2018-02-23 03:18:24,0.00054982,15.00000000
2018-02-23 03:18:24,0.00054982,13.00000000
2018-02-23 03:18:25,0.00054973,8.00000000
2018-02-23 03:18:25,0.00054972,10.00000000
2018-02-23 03:18:25,0.00054971,8.00000000
2018-02-23 03:18:25,0.00054969,14.00000000
2018-02-23 03:18:28,0.00054981,63.00000000
2018-02-23 03:18:32,0.00054961,49.00000000
2018-02-23 03:18:34,0.00054946,10.00000000
2018-02-23 03:18:34,0.00054944,8.00000000
2018-02-23 03:18:34,0.00054942,8.00000000
2018-02-23 03:18:34,0.00054915,2.00000000
2018-02-23 03:18:34,0.00054943,21.00000000
2018-02-23 03:18:35,0.00054915,2.00000000
2018-02-23 03:18:35,0.00054901,4.00000000
2018-02-23 03:18:35,0.00054900,22.00000000
2018-02-23 03:18:36,0.00054899,10.00000000
2018-02-23 03:18:36,0.00054899,4.00000000
2018-02-23 03:18:45,0.00054889,13.00000000
2018-02-23 03:18:45,0.00054890,126.00000000
2018-02-23 03:18:45,0.00054893,30.00000000
2018-02-23 03:18:45,0.00054893,30.00000000
2018-02-23 03:18:45,0.00054893,30.00000000
2018-02-23 03:18:45,0.00054893,30.00000000
2018-02-23 03:18:45,0.00054893,25.00000000
2018-02-23 03:18:47,0.00054899,2.00000000
2018-02-23 03:18:48,0.00054899,10.00000000
2018-02-23 03:18:54,0.00054893,28.00000000
2018-02-23 03:18:59,0.00054898,3.00000000
2018-02-23 03:18:59,0.00054899,373.00000000
2018-02-23 03:19:00,0.00054897,14.00000000
2018-02-23 03:19:06,0.00054897,2.00000000
2018-02-23 03:19:06,0.00054899,260.00000000
2018-02-23 03:19:07,0.00054899,10.00000000
2018-02-23 03:19:18,0.00054893,79.00000000
2018-02-23 03:19:22,0.00054897,2.00000000
2018-02-23 03:19:23,0.00054893,60.00000000
2018-02-23 03:19:25,0.00054897,186.00000000
2018-02-23 03:19:28,0.00054897,1814.00000000
2018-02-23 03:19:37,0.00054893,157.00000000
2018-02-23 03:19:37,0.00054888,33.00000000
2018-02-23 03:19:37,0.00054800,2.00000000
2018-02-23 03:19:37,0.00054778,4.00000000
2018-02-23 03:19:37,0.00054769,16.00000000
2018-02-23 03:19:37,0.00054761,149.00000000
2018-02-23 03:19:37,0.00054741,396.00000000
2018-02-23 03:19:45,0.00054800,38.00000000
2018-02-23 03:19:45,0.00054786,10.00000000
2018-02-23 03:19:45,0.00054776,40.00000000
2018-02-23 03:19:45,0.00054766,30.00000000
2018-02-23 03:19:45,0.00054748,131.00000000
2018-02-23 03:19:45,0.00054742,3.00000000
2018-02-23 03:19:45,0.00054741,394.00000000
2018-02-23 03:19:46,0.00054884,20.00000000
2018-02-23 03:19:46,0.00054885,127.00000000
2018-02-23 03:19:46,0.00054885,1.00000000
2018-02-23 03:19:46,0.00054896,40.00000000
2018-02-23 03:19:46,0.00054897,79.00000000
2018-02-23 03:19:46,0.00054897,119.00000000
2018-02-23 03:19:46,0.00054897,54.00000000
2018-02-23 03:19:46,0.00054897,18.00000000
2018-02-23 03:19:46,0.00054897,109.00000000
2018-02-23 03:19:46,0.00054897,90.00000000
2018-02-23 03:19:46,0.00054899,19.00000000
2018-02-23 03:19:46,0.00054896,8.00000000
2018-02-23 03:19:46,0.00054896,8.00000000
2018-02-23 03:19:46,0.00054899,10.00000000
2018-02-23 03:19:47,0.00054899,14.00000000
2018-02-23 03:19:47,0.00054944,1.00000000
2018-02-23 03:19:52,0.00054897,25.00000000
2018-02-23 03:19:52,0.00054896,15.00000000
2018-02-23 03:19:54,0.00054900,8.00000000
2018-02-23 03:19:54,0.00054896,27.00000000
2018-02-23 03:19:54,0.00054860,91.00000000
2018-02-23 03:19:54,0.00054770,36.00000000
2018-02-23 03:19:54,0.00054769,30.00000000
2018-02-23 03:19:54,0.00054742,5.00000000
2018-02-23 03:19:54,0.00054741,703.00000000
2018-02-23 03:20:18,0.00054848,13.00000000
2018-02-23 03:20:18,0.00054843,9.00000000
2018-02-23 03:20:18,0.00054838,26.00000000
2018-02-23 03:20:18,0.00054832,9.00000000
2018-02-23 03:20:18,0.00054817,3.00000000
2018-02-23 03:20:18,0.00054799,94.00000000
2018-02-23 03:20:18,0.00054743,30.00000000
2018-02-23 03:20:18,0.00054741,200.00000000
2018-02-23 03:20:23,0.00054798,10.00000000
2018-02-23 03:20:23,0.00054797,20.00000000
2018-02-23 03:20:23,0.00054796,9.00000000
2018-02-23 03:20:23,0.00054786,125.00000000
2018-02-23 03:20:27,0.00054887,15.00000000
2018-02-23 03:20:30,0.00054885,5.00000000
2018-02-23 03:20:45,0.00054871,84.00000000
2018-02-23 03:20:48,0.00054866,6.00000000
2018-02-23 03:20:49,0.00054822,9.00000000
2018-02-23 03:20:49,0.00054820,7.00000000
2018-02-23 03:20:50,0.00054864,10.00000000
2018-02-23 03:20:55,0.00054865,18.00000000
2018-02-23 03:21:00,0.00054865,2.00000000
2018-02-23 03:21:00,0.00054866,4.00000000
2018-02-23 03:21:00,0.00054888,43.00000000
2018-02-23 03:21:02,0.00054865,6.00000000
2018-02-23 03:21:02,0.00054865,67.00000000
2018-02-23 03:21:02,0.00054865,8.00000000
2018-02-23 03:21:04,0.00054865,188.00000000
2018-02-23 03:21:04,0.00054865,188.00000000
2018-02-23 03:21:05,0.00054864,10.00000000
2018-02-23 03:21:05,0.00054811,9.00000000
2018-02-23 03:21:07,0.00054865,2123.00000000
2018-02-23 03:21:10,0.00054864,14.00000000
2018-02-23 03:21:13,0.00054860,42.00000000
2018-02-23 03:21:13,0.00054860,38.00000000
2018-02-23 03:21:19,0.00054860,1.00000000
2018-02-23 03:21:19,0.00054863,4.00000000
2018-02-23 03:21:38,0.00054862,30.00000000
2018-02-23 03:21:38,0.00054862,30.00000000
2018-02-23 03:21:38,0.00054863,295.00000000
2018-02-23 03:21:40,0.00054863,7.00000000
2018-02-23 03:21:41,0.00054863,228.00000000
2018-02-23 03:21:42,0.00054863,68.00000000
2018-02-23 03:21:48,0.00054817,17.00000000
2018-02-23 03:21:49,0.00054817,7.00000000
2018-02-23 03:21:49,0.00054815,11.00000000
2018-02-23 03:21:54,0.00054861,8.00000000
2018-02-23 03:21:54,0.00054863,54.00000000
2018-02-23 03:21:54,0.00054863,229.00000000
2018-02-23 03:21:54,0.00054863,91.00000000
2018-02-23 03:21:54,0.00054863,54.00000000
2018-02-23 03:21:54,0.00054863,54.00000000
2018-02-23 03:21:54,0.00054863,6.00000000
2018-02-23 03:21:54,0.00054864,60.00000000
2018-02-23 03:21:55,0.00054864,684.00000000
2018-02-23 03:21:55,0.00054864,54.00000000
2018-02-23 03:21:55,0.00054864,20.00000000
2018-02-23 03:21:56,0.00054864,94.00000000
2018-02-23 03:22:01,0.00054863,40.00000000
2018-02-23 03:22:02,0.00054863,14.00000000
2018-02-23 03:22:02,0.00054811,9.00000000
2018-02-23 03:22:02,0.00054743,27.00000000
2018-02-23 03:22:04,0.00054861,10.00000000
2018-02-23 03:22:06,0.00054857,24.00000000
2018-02-23 03:22:08,0.00054857,3.00000000
2018-02-23 03:22:08,0.00054858,4.00000000
2018-02-23 03:22:08,0.00054861,48.00000000
2018-02-23 03:22:08,0.00054864,36.00000000
2018-02-23 03:22:09,0.00054761,8.00000000
2018-02-23 03:22:09,0.00054758,131.00000000
2018-02-23 03:22:09,0.00054757,20.00000000
2018-02-23 03:22:09,0.00054754,15.00000000
2018-02-23 03:22:09,0.00054751,12.00000000
2018-02-23 03:22:09,0.00054744,30.00000000
2018-02-23 03:22:09,0.00054743,109.00000000
2018-02-23 03:22:09,0.00054742,75.00000000
2018-02-23 03:22:13,0.00054848,20.00000000
2018-02-23 03:22:14,0.00054849,40.00000000
2018-02-23 03:22:18,0.00054850,91.00000000
2018-02-23 03:22:18,0.00054850,16.00000000
2018-02-23 03:22:27,0.00054850,10.00000000
2018-02-23 03:22:35,0.00054855,8.00000000
2018-02-23 03:22:36,0.00054860,8.00000000
2018-02-23 03:22:36,0.00054862,9.00000000
2018-02-23 03:22:36,0.00054864,54.00000000
2018-02-23 03:22:36,0.00054864,10.00000000
2018-02-23 03:22:36,0.00054864,33.00000000
2018-02-23 03:22:36,0.00054864,25.00000000
2018-02-23 03:22:36,0.00054864,54.00000000
2018-02-23 03:22:37,0.00054851,10.00000000
2018-02-23 03:22:37,0.00054864,10.00000000
2018-02-23 03:22:43,0.00054864,54.00000000
2018-02-23 03:22:44,0.00054864,20.00000000
2018-02-23 03:22:46,0.00054862,40.00000000
2018-02-23 03:22:46,0.00054864,142.00000000
2018-02-23 03:22:54,0.00054851,36.00000000
2018-02-23 03:22:54,0.00054850,4.00000000
2018-02-23 03:22:56,0.00054864,182.00000000
2018-02-23 03:22:56,0.00054864,55.00000000
2018-02-23 03:23:00,0.00054864,740.00000000
2018-02-23 03:23:00,0.00054864,111.00000000
2018-02-23 03:23:06,0.00054855,40.00000000
2018-02-23 03:23:06,0.00054864,7.00000000
2018-02-23 03:23:14,0.00054864,53.00000000
2018-02-23 03:23:20,0.00054863,40.00000000
2018-02-23 03:23:25,0.00054850,78.00000000
2018-02-23 03:23:39,0.00054863,13.00000000
2018-02-23 03:23:43,0.00054863,27.00000000
2018-02-23 03:23:43,0.00054864,62.00000000
2018-02-23 03:23:51,0.00054864,78.00000000
2018-02-23 03:24:05,0.00054863,40.00000000
2018-02-23 03:24:05,0.00054864,27.00000000
2018-02-23 03:24:11,0.00054864,10.00000000
2018-02-23 03:24:15,0.00054850,503.00000000
2018-02-23 03:24:15,0.00054847,10.00000000
2018-02-23 03:24:44,0.00054847,3.00000000
2018-02-23 03:25:02,0.00054847,7.00000000
2018-02-23 03:25:02,0.00054768,93.00000000
2018-02-23 03:25:02,0.00054767,28.00000000
2018-02-23 03:25:02,0.00054763,91.00000000
2018-02-23 03:25:02,0.00054743,368.00000000
2018-02-23 03:25:02,0.00054742,787.00000000
2018-02-23 03:25:02,0.00054741,126.00000000
2018-02-23 03:25:09,0.00054838,10.00000000
2018-02-23 03:25:13,0.00054828,10.00000000
2018-02-23 03:25:14,0.00054827,8.00000000
2018-02-23 03:25:24,0.00054824,17.00000000
2018-02-23 03:25:24,0.00054824,68.00000000
2018-02-23 03:25:25,0.00054825,9.00000000
2018-02-23 03:25:30,0.00054828,49.00000000
2018-02-23 03:26:19,0.00054824,1.00000000
2018-02-23 03:26:42,0.00054822,6.00000000
2018-02-23 03:26:42,0.00054822,3.00000000
2018-02-23 03:26:42,0.00054823,3.00000000
2018-02-23 03:26:42,0.00054823,15.00000000
2018-02-23 03:26:46,0.00054823,13.00000000
2018-02-23 03:26:49,0.00054823,5.00000000
2018-02-23 03:26:50,0.00054823,32.00000000
2018-02-23 03:26:51,0.00054823,107.00000000
2018-02-23 03:26:51,0.00054824,32.00000000
2018-02-23 03:26:54,0.00054824,10.00000000
2018-02-23 03:27:00,0.00054824,174.00000000
2018-02-23 03:27:01,0.00054824,19.00000000
2018-02-23 03:27:02,0.00054779,10.00000000
2018-02-23 03:27:02,0.00054778,8.00000000
2018-02-23 03:27:02,0.00054777,10.00000000
2018-02-23 03:27:02,0.00054768,3.00000000
2018-02-23 03:27:02,0.00054765,8.00000000
2018-02-23 03:27:02,0.00054743,9.00000000
2018-02-23 03:27:02,0.00054742,5.00000000
2018-02-23 03:27:05,0.00054821,7.00000000
2018-02-23 03:27:07,0.00054821,3.00000000
2018-02-23 03:27:07,0.00054822,12.00000000
2018-02-23 03:27:07,0.00054822,2.00000000
2018-02-23 03:27:08,0.00054820,5.00000000
2018-02-23 03:27:09,0.00054821,277.00000000
2018-02-23 03:27:13,0.00054822,2.00000000
2018-02-23 03:27:13,0.00054823,91.00000000
2018-02-23 03:27:14,0.00054823,77.00000000
2018-02-23 03:27:14,0.00054824,91.00000000
2018-02-23 03:27:14,0.00054824,199.00000000
2018-02-23 03:27:14,0.00054824,335.00000000
2018-02-23 03:27:15,0.00054824,30.00000000
2018-02-23 03:27:15,0.00054824,30.00000000
2018-02-23 03:27:15,0.00054824,43.00000000
2018-02-23 03:27:15,0.00054824,335.00000000
2018-02-23 03:27:15,0.00054824,15.00000000
2018-02-23 03:27:15,0.00054822,8.00000000
2018-02-23 03:27:16,0.00054822,1.00000000
2018-02-23 03:27:16,0.00054824,334.00000000
2018-02-23 03:27:16,0.00054824,32.00000000
2018-02-23 03:27:16,0.00054824,335.00000000
2018-02-23 03:27:16,0.00054824,231.00000000
2018-02-23 03:27:17,0.00054824,321.00000000
2018-02-23 03:27:17,0.00054824,44.00000000
2018-02-23 03:27:18,0.00054824,91.00000000
2018-02-23 03:27:18,0.00054824,254.00000000
2018-02-23 03:27:20,0.00054825,10.00000000
2018-02-23 03:27:21,0.00054825,21.00000000
2018-02-23 03:27:24,0.00054822,10.00000000
2018-02-23 03:27:24,0.00054822,30.00000000
2018-02-23 03:27:27,0.00054822,284.00000000
2018-02-23 03:27:27,0.00054822,7.00000000
2018-02-23 03:27:34,0.00054821,19.00000000
2018-02-23 03:27:35,0.00054822,15.00000000
2018-02-23 03:27:43,0.00054822,54.00000000
2018-02-23 03:27:43,0.00054822,11.00000000
2018-02-23 03:27:43,0.00054822,10.00000000
2018-02-23 03:27:44,0.00054821,27.00000000
2018-02-23 03:27:44,0.00054760,8.00000000
2018-02-23 03:27:44,0.00054759,20.00000000
2018-02-23 03:27:44,0.00054743,9.00000000
2018-02-23 03:27:44,0.00054742,170.00000000
2018-02-23 03:27:44,0.00054741,1041.00000000
2018-02-23 03:27:45,0.00054819,4.00000000
2018-02-23 03:27:45,0.00054819,4.00000000
2018-02-23 03:27:45,0.00054819,4.00000000
2018-02-23 03:27:45,0.00054819,4.00000000
2018-02-23 03:27:45,0.00054819,4.00000000
2018-02-23 03:27:45,0.00054820,8.00000000
2018-02-23 03:27:45,0.00054822,54.00000000
2018-02-23 03:27:45,0.00054822,7.00000000
2018-02-23 03:27:46,0.00054823,54.00000000
2018-02-23 03:27:46,0.00054823,37.00000000
2018-02-23 03:27:46,0.00054824,40.00000000
2018-02-23 03:27:56,0.00054824,18.00000000
2018-02-23 03:27:56,0.00054824,22.00000000
2018-02-23 03:27:57,0.00054824,18.00000000
2018-02-23 03:27:57,0.00054757,20.00000000
2018-02-23 03:27:57,0.00054756,9.00000000
2018-02-23 03:27:57,0.00054749,6.00000000
2018-02-23 03:27:57,0.00054748,7.00000000
2018-02-23 03:27:57,0.00054744,91.00000000
2018-02-23 03:27:57,0.00054742,2.00000000
2018-02-23 03:27:57,0.00054741,217.00000000
2018-02-23 03:27:59,0.00054823,35.00000000
2018-02-23 03:28:00,0.00054821,20.00000000
2018-02-23 03:28:00,0.00054823,26.00000000
2018-02-23 03:28:00,0.00054823,30.00000000
2018-02-23 03:28:03,0.00054827,3.00000000
2018-02-23 03:28:03,0.00054822,40.00000000
2018-02-23 03:28:03,0.00054828,14.00000000
2018-02-23 03:28:03,0.00054828,29.00000000
2018-02-23 03:28:03,0.00054828,48.00000000
2018-02-23 03:28:03,0.00054828,54.00000000
2018-02-23 03:28:04,0.00054828,336.00000000
2018-02-23 03:28:07,0.00054824,4.00000000
2018-02-23 03:28:07,0.00054824,26.00000000
2018-02-23 03:28:08,0.00054824,91.00000000
2018-02-23 03:28:08,0.00054824,91.00000000
2018-02-23 03:28:08,0.00054824,54.00000000
2018-02-23 03:28:08,0.00054824,54.00000000
2018-02-23 03:28:09,0.00054824,156.00000000
2018-02-23 03:28:14,0.00054827,33.00000000
2018-02-23 03:28:14,0.00054826,7.00000000
2018-02-23 03:28:15,0.00054847,4.00000000
2018-02-23 03:28:24,0.00054862,30.00000000
2018-02-23 03:28:24,0.00054829,8.00000000
2018-02-23 03:28:24,0.00054827,30.00000000
2018-02-23 03:28:24,0.00054827,2.00000000
2018-02-23 03:28:24,0.00054863,4.00000000
2018-02-23 03:28:24,0.00054860,8.00000000
2018-02-23 03:28:34,0.00054827,40.00000000
2018-02-23 03:28:42,0.00054863,91.00000000
2018-02-23 03:28:42,0.00054863,11.00000000
2018-02-23 03:28:42,0.00054864,16.00000000
2018-02-23 03:28:47,0.00054865,40.00000000
2018-02-23 03:28:48,0.00054865,35.00000000
2018-02-23 03:28:48,0.00054863,26.00000000
2018-02-23 03:28:48,0.00054863,27.00000000
2018-02-23 03:28:48,0.00054863,91.00000000
2018-02-23 03:28:48,0.00054863,729.00000000
2018-02-23 03:28:48,0.00054863,42.00000000
2018-02-23 03:28:48,0.00054863,28.00000000
2018-02-23 03:28:49,0.00054899,36.00000000
2018-02-23 03:28:49,0.00054984,149.00000000
2018-02-23 03:28:49,0.00055000,16.00000000
2018-02-23 03:28:49,0.00055003,32.00000000
2018-02-23 03:28:51,0.00055002,78.00000000
2018-02-23 03:28:57,0.00054904,30.00000000
2018-02-23 03:28:57,0.00054903,10.00000000
2018-02-23 03:28:58,0.00055002,10.00000000
2018-02-23 03:28:58,0.00055003,8.00000000
2018-02-23 03:29:00,0.00054998,4.00000000
2018-02-23 03:29:00,0.00055002,733.00000000
2018-02-23 03:29:00,0.00055002,50.00000000
2018-02-23 03:29:00,0.00055002,54.00000000
2018-02-23 03:29:00,0.00055002,54.00000000
2018-02-23 03:29:00,0.00055002,31.00000000
2018-02-23 03:29:00,0.00055002,46.00000000
2018-02-23 03:29:09,0.00054918,40.00000000
2018-02-23 03:29:20,0.00054920,8.00000000
2018-02-23 03:29:20,0.00054918,32.00000000
2018-02-23 03:29:22,0.00054923,8.00000000
2018-02-23 03:29:30,0.00054996,102.00000000
2018-02-23 03:29:30,0.00054997,11.00000000
2018-02-23 03:29:30,0.00054998,1104.00000000
2018-02-23 03:29:30,0.00054999,175.00000000
2018-02-23 03:29:30,0.00054999,35.00000000
2018-02-23 03:29:34,0.00054915,100.00000000
2018-02-23 03:29:38,0.00054936,15.00000000
2018-02-23 03:29:42,0.00054936,30.00000000
2018-02-23 03:30:00,0.00054919,97.00000000
2018-02-23 03:30:00,0.00054918,312.00000000
2018-02-23 03:30:00,0.00054918,192.00000000
2018-02-23 03:30:01,0.00054918,72.00000000
2018-02-23 03:30:01,0.00054918,82.00000000
2018-02-23 03:30:02,0.00054918,2.00000000
2018-02-23 03:30:04,0.00054914,78.00000000
2018-02-23 03:30:09,0.00054914,13.00000000
2018-02-23 03:30:09,0.00054914,147.00000000
2018-02-23 03:30:09,0.00054914,201.00000000
2018-02-23 03:30:11,0.00054917,26.00000000
2018-02-23 03:30:11,0.00054918,215.00000000
2018-02-23 03:30:13,0.00054935,4.00000000
2018-02-23 03:30:21,0.00054935,15.00000000
2018-02-23 03:30:27,0.00054936,169.00000000
2018-02-23 03:30:27,0.00054945,30.00000000
2018-02-23 03:30:27,0.00054995,3.00000000
2018-02-23 03:30:27,0.00054996,503.00000000
2018-02-23 03:30:27,0.00054997,16.00000000
2018-02-23 03:30:27,0.00054998,1097.00000000
2018-02-23 03:30:37,0.00054918,40.00000000
2018-02-23 03:30:37,0.00054996,30.00000000
2018-02-23 03:30:37,0.00054997,91.00000000
2018-02-23 03:30:37,0.00054998,180.00000000
2018-02-23 03:30:46,0.00054917,40.00000000
2018-02-23 03:30:54,0.00054917,20.00000000
2018-02-23 03:30:54,0.00054917,20.00000000
2018-02-23 03:31:00,0.00054935,3.00000000
2018-02-23 03:31:00,0.00054935,1.00000000
2018-02-23 03:31:00,0.00054969,3.00000000
2018-02-23 03:31:00,0.00054970,170.00000000
2018-02-23 03:31:05,0.00054917,40.00000000
2018-02-23 03:31:16,0.00054935,7.00000000
2018-02-23 03:31:16,0.00054935,30.00000000
2018-02-23 03:31:16,0.00054935,3.00000000
2018-02-23 03:31:17,0.00054935,148.00000000
2018-02-23 03:31:17,0.00054935,4.00000000
2018-02-23 03:31:17,0.00054935,54.00000000
2018-02-23 03:31:18,0.00054922,8.00000000
2018-02-23 03:31:18,0.00054920,10.00000000
2018-02-23 03:31:18,0.00054919,2.00000000
2018-02-23 03:31:18,0.00054935,131.00000000
2018-02-23 03:31:19,0.00054935,17.00000000
2018-02-23 03:31:21,0.00054934,2.00000000
2018-02-23 03:31:22,0.00054934,1.00000000
2018-02-23 03:31:22,0.00054935,1.00000000
2018-02-23 03:31:22,0.00054967,8.00000000
2018-02-23 03:31:22,0.00054970,1727.00000000
2018-02-23 03:31:22,0.00054997,6.00000000
2018-02-23 03:31:22,0.00054998,184.00000000
2018-02-23 03:31:22,0.00054999,110.00000000
2018-02-23 03:31:22,0.00055000,1346.00000000
2018-02-23 03:31:27,0.00054970,18.00000000
2018-02-23 03:31:27,0.00054970,20.00000000
2018-02-23 03:31:28,0.00054970,2.00000000
2018-02-23 03:31:28,0.00055000,91.00000000
2018-02-23 03:31:37,0.00054970,15.00000000
2018-02-23 03:31:37,0.00054970,8.00000000
2018-02-23 03:31:47,0.00054970,17.00000000
2018-02-23 03:31:47,0.00054998,8.00000000
2018-02-23 03:31:47,0.00055000,141.00000000
2018-02-23 03:31:53,0.00055000,190.00000000
2018-02-23 03:31:58,0.00054935,40.00000000
2018-02-23 03:32:02,0.00055000,2.00000000
2018-02-23 03:32:22,0.00054999,10.00000000
2018-02-23 03:32:22,0.00055000,4.00000000
2018-02-23 03:32:33,0.00055000,36.00000000
2018-02-23 03:32:44,0.00054973,3.00000000
2018-02-23 03:32:44,0.00054972,8.00000000
2018-02-23 03:32:44,0.00054970,29.00000000
2018-02-23 03:32:45,0.00054997,8.00000000
2018-02-23 03:32:50,0.00055003,19.00000000
2018-02-23 03:32:50,0.00055003,30.00000000
2018-02-23 03:32:52,0.00054975,7.00000000
2018-02-23 03:32:53,0.00054975,1.00000000
2018-02-23 03:32:53,0.00054970,21.00000000
2018-02-23 03:33:28,0.00054970,18.00000000
2018-02-23 03:33:32,0.00054970,72.00000000
2018-02-23 03:33:36,0.00054970,328.00000000
2018-02-23 03:33:39,0.00054970,40.00000000
2018-02-23 03:33:46,0.00055000,13.00000000
2018-02-23 03:34:01,0.00054970,40.00000000
2018-02-23 03:34:01,0.00055000,1.00000000
2018-02-23 03:34:02,0.00055000,24.00000000
2018-02-23 03:34:08,0.00055001,8.00000000
2018-02-23 03:34:08,0.00055040,36.00000000
2018-02-23 03:34:08,0.00055100,6.00000000
2018-02-23 03:34:08,0.00055187,39.00000000
2018-02-23 03:34:10,0.00055005,40.00000000
2018-02-23 03:34:10,0.00055011,125.00000000
2018-02-23 03:34:13,0.00055014,55.00000000
2018-02-23 03:34:13,0.00055013,30.00000000
2018-02-23 03:34:13,0.00055012,90.00000000
2018-02-23 03:34:13,0.00055006,101.00000000
2018-02-23 03:34:13,0.00055001,3.00000000
2018-02-23 03:34:13,0.00055000,399.00000000
2018-02-23 03:34:13,0.00054970,30.00000000
2018-02-23 03:34:13,0.00054970,30.00000000
2018-02-23 03:34:13,0.00054970,30.00000000
2018-02-23 03:34:13,0.00054970,30.00000000
2018-02-23 03:34:13,0.00054968,25.00000000
2018-02-23 03:34:13,0.00054968,8.00000000
2018-02-23 03:34:15,0.00054962,16.00000000
2018-02-23 03:34:15,0.00054962,16.00000000
2018-02-23 03:34:16,0.00054962,18.00000000
2018-02-23 03:34:16,0.00054962,18.00000000
2018-02-23 03:34:17,0.00054961,5.00000000
2018-02-23 03:34:27,0.00054947,15.00000000
2018-02-23 03:34:27,0.00054947,16.00000000
2018-02-23 03:34:28,0.00054932,8.00000000
2018-02-23 03:34:28,0.00054930,3.00000000
2018-02-23 03:34:28,0.00054925,3.00000000
2018-02-23 03:34:28,0.00054924,1.00000000
2018-02-23 03:34:28,0.00054947,9.00000000
2018-02-23 03:34:29,0.00054947,79.00000000
2018-02-23 03:34:29,0.00054958,8.00000000
2018-02-23 03:34:29,0.00054970,73.00000000
2018-02-23 03:34:30,0.00054946,5.00000000
2018-02-23 03:34:36,0.00054933,27.00000000
2018-02-23 03:34:36,0.00054924,2.00000000
2018-02-23 03:34:36,0.00054921,3.00000000
2018-02-23 03:34:36,0.00054917,18.00000000
2018-02-23 03:34:36,0.00054913,11.00000000
2018-02-23 03:34:44,0.00054913,70.00000000
2018-02-23 03:34:47,0.00054913,3.00000000
2018-02-23 03:34:51,0.00054913,6.00000000
2018-02-23 03:34:57,0.00054913,55.00000000
2018-02-23 03:34:57,0.00054911,4.00000000
2018-02-23 03:34:57,0.00054900,2.00000000
2018-02-23 03:35:00,0.00054969,13.00000000
2018-02-23 03:35:11,0.00054900,28.00000000
2018-02-23 03:35:11,0.00054900,54.00000000
2018-02-23 03:35:11,0.00054902,8.00000000
2018-02-23 03:35:11,0.00054900,18.00000000
2018-02-23 03:35:12,0.00054900,54.00000000
2018-02-23 03:35:12,0.00054900,54.00000000
2018-02-23 03:35:12,0.00054900,38.00000000
2018-02-23 03:35:12,0.00054899,9.00000000
2018-02-23 03:35:12,0.00054885,45.00000000
2018-02-23 03:35:12,0.00054885,5.00000000
2018-02-23 03:35:12,0.00054850,9.00000000
2018-02-23 03:35:12,0.00054844,16.00000000
2018-02-23 03:35:13,0.00054816,20.00000000
2018-02-23 03:35:13,0.00054855,4.00000000
2018-02-23 03:35:13,0.00054816,7.00000000
2018-02-23 03:35:14,0.00054819,54.00000000
2018-02-23 03:35:21,0.00054928,5.00000000
2018-02-23 03:35:30,0.00054826,20.00000000
2018-02-23 03:35:30,0.00054828,8.00000000
2018-02-23 03:35:30,0.00054814,20.00000000
2018-02-23 03:35:33,0.00054814,90.00000000
2018-02-23 03:35:33,0.00054778,3.00000000
2018-02-23 03:35:33,0.00054777,288.00000000
2018-02-23 03:35:34,0.00054850,66.00000000
2018-02-23 03:35:34,0.00054850,54.00000000
2018-02-23 03:35:34,0.00054850,54.00000000
2018-02-23 03:35:34,0.00054897,15.00000000
2018-02-23 03:35:40,0.00054882,10.00000000
2018-02-23 03:35:46,0.00054850,9.00000000
2018-02-23 03:35:50,0.00054864,51.00000000
2018-02-23 03:35:50,0.00054866,85.00000000
2018-02-23 03:35:50,0.00054899,90.00000000
2018-02-23 03:35:50,0.00054908,8.00000000
2018-02-23 03:35:50,0.00054909,16.00000000
2018-02-23 03:35:50,0.00054913,16.00000000
2018-02-23 03:35:50,0.00054914,247.00000000
2018-02-23 03:35:50,0.00054914,5.00000000
2018-02-23 03:36:01,0.00054853,8.00000000
2018-02-23 03:36:01,0.00054855,8.00000000
2018-02-23 03:36:01,0.00054850,29.00000000
2018-02-23 03:36:05,0.00054850,10.00000000
2018-02-23 03:36:05,0.00054850,112.00000000
2018-02-23 03:36:05,0.00054850,54.00000000
2018-02-23 03:36:05,0.00054850,54.00000000
2018-02-23 03:36:05,0.00054850,54.00000000
2018-02-23 03:36:05,0.00054850,54.00000000
2018-02-23 03:36:05,0.00054890,16.00000000
2018-02-23 03:36:06,0.00054850,10.00000000
2018-02-23 03:36:06,0.00054830,54.00000000
2018-02-23 03:36:06,0.00054781,54.00000000
2018-02-23 03:36:06,0.00054781,23.00000000
2018-02-23 03:36:09,0.00054887,10.00000000
2018-02-23 03:36:19,0.00054886,13.00000000
2018-02-23 03:36:19,0.00054780,47.00000000
2018-02-23 03:36:19,0.00054779,514.00000000
2018-02-23 03:36:19,0.00054778,211.00000000
2018-02-23 03:36:19,0.00054753,3.00000000
2018-02-23 03:36:19,0.00054752,2.00000000
2018-02-23 03:36:19,0.00054741,763.00000000
2018-02-23 03:36:19,0.00054735,10.00000000
2018-02-23 03:36:19,0.00054730,18.00000000
2018-02-23 03:36:19,0.00054715,756.00000000
2018-02-23 03:36:19,0.00054700,361.00000000
2018-02-23 03:36:19,0.00054699,571.00000000
2018-02-23 03:36:19,0.00054697,150.00000000
2018-02-23 03:36:19,0.00054683,18.00000000
2018-02-23 03:36:19,0.00054678,18.00000000
2018-02-23 03:36:19,0.00054668,220.00000000
2018-02-23 03:36:19,0.00054667,40.00000000
2018-02-23 03:36:19,0.00054662,5.00000000
2018-02-23 03:36:19,0.00054651,694.00000000
2018-02-23 03:36:19,0.00054650,138.00000000
2018-02-23 03:36:19,0.00054642,20.00000000
2018-02-23 03:36:19,0.00054634,18.00000000
2018-02-23 03:36:19,0.00054618,22.00000000
2018-02-23 03:36:19,0.00054616,274.00000000
2018-02-23 03:36:19,0.00054610,75.00000000
2018-02-23 03:36:19,0.00054584,137.00000000
2018-02-23 03:36:19,0.00054582,3000.00000000
2018-02-23 03:36:19,0.00054570,10.00000000
2018-02-23 03:36:19,0.00054555,4.00000000
2018-02-23 03:36:19,0.00054543,6.00000000
2018-02-23 03:36:19,0.00054535,903.00000000
2018-02-23 03:36:19,0.00054522,992.00000000
2018-02-23 03:36:19,0.00054650,2.00000000
2018-02-23 03:36:20,0.00054778,274.00000000
2018-02-23 03:36:22,0.00054883,20.00000000
2018-02-23 03:36:22,0.00054884,34.00000000
2018-02-23 03:36:23,0.00054782,10.00000000
2018-02-23 03:36:23,0.00054781,20.00000000
2018-02-23 03:36:23,0.00054780,652.00000000
2018-02-23 03:36:24,0.00054780,10.00000000
2018-02-23 03:36:28,0.00054782,5.00000000
2018-02-23 03:36:36,0.00054875,119.00000000
2018-02-23 03:36:36,0.00054876,22.00000000
2018-02-23 03:36:36,0.00054882,21.00000000
2018-02-23 03:36:50,0.00054800,8.00000000
2018-02-23 03:36:58,0.00054883,6.00000000
2018-02-23 03:37:01,0.00054802,12.00000000
2018-02-23 03:37:01,0.00054801,12.00000000
2018-02-23 03:37:15,0.00054816,8.00000000
2018-02-23 03:37:15,0.00054809,8.00000000
2018-02-23 03:37:15,0.00054801,79.00000000
2018-02-23 03:37:16,0.00054800,10.00000000
2018-02-23 03:37:18,0.00054801,6.00000000
2018-02-23 03:37:22,0.00054800,31.00000000
2018-02-23 03:37:23,0.00054799,5.00000000
2018-02-23 03:37:42,0.00054627,182.00000000
2018-02-23 03:37:42,0.00054625,150.00000000
2018-02-23 03:37:42,0.00054624,287.00000000
2018-02-23 03:37:42,0.00054623,1890.00000000
2018-02-23 03:37:42,0.00054622,373.00000000
2018-02-23 03:37:42,0.00054619,220.00000000
2018-02-23 03:37:42,0.00054534,577.00000000
2018-02-23 03:37:42,0.00054533,40.00000000
2018-02-23 03:37:42,0.00054531,700.00000000
2018-02-23 03:37:42,0.00054529,22.00000000
2018-02-23 03:37:42,0.00054522,3016.00000000
2018-02-23 03:37:42,0.00054521,168.00000000
2018-02-23 03:37:42,0.00054520,183.00000000
2018-02-23 03:37:42,0.00054512,434.00000000
2018-02-23 03:37:42,0.00054510,11.00000000
2018-02-23 03:37:42,0.00054504,18.00000000
2018-02-23 03:37:42,0.00054500,138.00000000
2018-02-23 03:37:42,0.00054498,182.00000000
2018-02-23 03:37:42,0.00054497,122.00000000
2018-02-23 03:37:42,0.00054496,183.00000000
2018-02-23 03:37:42,0.00054472,68.00000000
2018-02-23 03:37:42,0.00054470,112.00000000
2018-02-23 03:37:42,0.00054469,283.00000000
2018-02-23 03:37:42,0.00054468,419.00000000
2018-02-23 03:37:42,0.00054459,222.00000000
2018-02-23 03:37:44,0.00054794,8.00000000
2018-02-23 03:37:44,0.00054794,10.00000000
2018-02-23 03:37:44,0.00054794,18.00000000
2018-02-23 03:37:44,0.00054794,8.00000000
2018-02-23 03:37:44,0.00054794,10.00000000
2018-02-23 03:37:44,0.00054794,2.00000000
2018-02-23 03:37:44,0.00054794,2.00000000
2018-02-23 03:37:44,0.00054793,10.00000000
2018-02-23 03:37:44,0.00054793,14.00000000
2018-02-23 03:37:44,0.00054794,4.00000000
2018-02-23 03:37:44,0.00054698,2.00000000
2018-02-23 03:37:49,0.00054773,5.00000000
2018-02-23 03:37:49,0.00054698,1.00000000
2018-02-23 03:37:49,0.00054697,13.00000000
2018-02-23 03:37:50,0.00054697,219.00000000
2018-02-23 03:37:50,0.00054624,3.00000000
2018-02-23 03:37:55,0.00054755,5.00000000
2018-02-23 03:37:56,0.00054754,22.00000000
2018-02-23 03:37:56,0.00054755,69.00000000
2018-02-23 03:37:57,0.00054755,41.00000000
2018-02-23 03:37:57,0.00054754,15.00000000
2018-02-23 03:37:57,0.00054757,5.00000000
2018-02-23 03:38:00,0.00054756,41.00000000
2018-02-23 03:38:00,0.00054756,7.00000000
2018-02-23 03:38:00,0.00054756,91.00000000
2018-02-23 03:38:00,0.00054756,91.00000000
2018-02-23 03:38:01,0.00054756,136.00000000
2018-02-23 03:38:01,0.00054757,3.00000000
2018-02-23 03:38:02,0.00054769,18.00000000
2018-02-23 03:38:03,0.00054755,3.00000000
2018-02-23 03:38:03,0.00054777,3.00000000
2018-02-23 03:38:03,0.00054778,14.00000000
2018-02-23 03:38:05,0.00054768,91.00000000
2018-02-23 03:38:05,0.00054768,91.00000000
2018-02-23 03:38:05,0.00054768,38.00000000
2018-02-23 03:38:06,0.00054768,146.00000000
2018-02-23 03:38:06,0.00054768,240.00000000
2018-02-23 03:38:06,0.00054768,84.00000000
2018-02-23 03:38:11,0.00054767,3.00000000
2018-02-23 03:38:11,0.00054784,1.00000000
2018-02-23 03:38:27,0.00054779,40.00000000
2018-02-23 03:38:35,0.00054757,40.00000000
2018-02-23 03:38:36,0.00054783,10.00000000
2018-02-23 03:38:39,0.00054750,18.00000000
2018-02-23 03:38:39,0.00054750,54.00000000
2018-02-23 03:38:39,0.00054750,18.00000000
2018-02-23 03:38:39,0.00054750,75.00000000
2018-02-23 03:38:39,0.00054750,75.00000000
2018-02-23 03:38:39,0.00054750,181.00000000
2018-02-23 03:38:39,0.00054750,75.00000000
2018-02-23 03:38:39,0.00054750,73.00000000
2018-02-23 03:38:40,0.00054749,3.00000000
2018-02-23 03:38:42,0.00054784,1.00000000
2018-02-23 03:38:42,0.00054787,73.00000000
2018-02-23 03:38:42,0.00054797,31.00000000
2018-02-23 03:38:45,0.00054717,20.00000000
2018-02-23 03:38:45,0.00054716,8.00000000
2018-02-23 03:38:45,0.00054714,91.00000000
2018-02-23 03:38:45,0.00054713,8.00000000
2018-02-23 03:38:45,0.00054711,3.00000000
2018-02-23 03:38:45,0.00054710,198.00000000
2018-02-23 03:38:45,0.00054698,3.00000000
2018-02-23 03:38:45,0.00054650,7.00000000
2018-02-23 03:38:45,0.00054600,103.00000000
2018-02-23 03:38:45,0.00054554,5.00000000
2018-02-23 03:38:45,0.00054553,47.00000000
2018-02-23 03:38:45,0.00054534,275.00000000
2018-02-23 03:38:45,0.00054520,150.00000000
2018-02-23 03:38:45,0.00054515,22.00000000
2018-02-23 03:38:45,0.00054476,320.00000000
2018-02-23 03:38:45,0.00054469,389.00000000
2018-02-23 03:38:45,0.00054461,3.00000000
2018-02-23 03:38:45,0.00054458,17.00000000
2018-02-23 03:38:45,0.00054428,124.00000000
2018-02-23 03:38:45,0.00054711,23.00000000
2018-02-23 03:38:45,0.00054711,22.00000000
2018-02-23 03:38:45,0.00054711,23.00000000
2018-02-23 03:38:46,0.00054710,10.00000000
2018-02-23 03:38:49,0.00054711,7.00000000
2018-02-23 03:38:49,0.00054711,42.00000000
2018-02-23 03:38:50,0.00054711,7.00000000
2018-02-23 03:38:52,0.00054710,26.00000000
2018-02-23 03:38:53,0.00054698,3.00000000
2018-02-23 03:38:53,0.00054605,59.00000000
2018-02-23 03:38:56,0.00054615,72.00000000
2018-02-23 03:38:59,0.00054531,11.00000000
2018-02-23 03:38:59,0.00054531,10.00000000
2018-02-23 03:38:59,0.00054531,25.00000000
2018-02-23 03:38:59,0.00054531,5.00000000
2018-02-23 03:39:00,0.00054530,29.00000000
2018-02-23 03:39:00,0.00054530,57.00000000
2018-02-23 03:39:00,0.00054531,28.00000000
2018-02-23 03:39:00,0.00054611,7.00000000
2018-02-23 03:39:01,0.00054611,17.00000000
2018-02-23 03:39:03,0.00054531,18.00000000
2018-02-23 03:39:03,0.00054531,5.00000000
2018-02-23 03:39:04,0.00054531,430.00000000
2018-02-23 03:39:05,0.00054610,5.00000000
2018-02-23 03:39:06,0.00054610,16.00000000
2018-02-23 03:39:07,0.00054579,8.00000000
2018-02-23 03:39:07,0.00054578,13.00000000
2018-02-23 03:39:07,0.00054577,377.00000000
2018-02-23 03:39:07,0.00054577,569.00000000
2018-02-23 03:39:07,0.00054607,8.00000000
2018-02-23 03:39:08,0.00054577,77.00000000
2018-02-23 03:39:10,0.00054615,4.00000000
2018-02-23 03:39:11,0.00054615,10.00000000
2018-02-23 03:39:12,0.00054615,5.00000000
2018-02-23 03:39:12,0.00054615,6.00000000
2018-02-23 03:39:14,0.00054615,114.00000000
2018-02-23 03:39:14,0.00054615,11.00000000
2018-02-23 03:39:16,0.00054615,5.00000000
2018-02-23 03:39:17,0.00054614,3.00000000
2018-02-23 03:39:17,0.00054615,180.00000000
2018-02-23 03:39:21,0.00054582,5.00000000
2018-02-23 03:39:21,0.00054615,127.00000000
2018-02-23 03:39:25,0.00054615,10.00000000
2018-02-23 03:39:27,0.00054614,3.00000000
2018-02-23 03:39:37,0.00054614,5.00000000
2018-02-23 03:39:37,0.00054615,5.00000000
2018-02-23 03:39:37,0.00054615,25.00000000
2018-02-23 03:39:38,0.00054615,18.00000000
2018-02-23 03:39:38,0.00054615,20.00000000
2018-02-23 03:39:38,0.00054615,2.00000000
2018-02-23 03:39:41,0.00054587,1.00000000
2018-02-23 03:39:42,0.00054588,3.00000000
2018-02-23 03:39:42,0.00054587,5.00000000
2018-02-23 03:39:53,0.00054614,10.00000000
2018-02-23 03:39:53,0.00054615,65.00000000
2018-02-23 03:39:56,0.00054615,2.00000000
2018-02-23 03:40:00,0.00054616,3.00000000
2018-02-23 03:40:00,0.00054615,37.00000000
2018-02-23 03:40:10,0.00054617,8.00000000
2018-02-23 03:40:10,0.00054615,32.00000000
2018-02-23 03:40:11,0.00054673,4.00000000
2018-02-23 03:40:12,0.00054673,4.00000000
2018-02-23 03:40:12,0.00054675,5.00000000
2018-02-23 03:40:12,0.00054675,42.00000000
2018-02-23 03:40:12,0.00054696,67.00000000
2018-02-23 03:40:21,0.00054701,3.00000000
2018-02-23 03:40:21,0.00054700,37.00000000
2018-02-23 03:40:25,0.00054705,45.00000000
2018-02-23 03:40:26,0.00054705,18.00000000
2018-02-23 03:40:26,0.00054704,2.00000000
2018-02-23 03:40:26,0.00054710,1.00000000
2018-02-23 03:40:28,0.00054710,2.00000000
2018-02-23 03:40:28,0.00054748,1.00000000
2018-02-23 03:40:28,0.00054748,7.00000000
2018-02-23 03:40:32,0.00054710,2.00000000
2018-02-23 03:40:32,0.00054704,8.00000000
2018-02-23 03:40:32,0.00054702,18.00000000
2018-02-23 03:40:32,0.00054701,12.00000000
2018-02-23 03:40:42,0.00054712,8.00000000
2018-02-23 03:40:42,0.00054700,117.00000000
2018-02-23 03:40:42,0.00054700,40.00000000
2018-02-23 03:40:42,0.00054700,4190.00000000
2018-02-23 03:40:46,0.00054700,165.00000000
2018-02-23 03:40:46,0.00054746,8.00000000
2018-02-23 03:40:46,0.00054775,81.00000000
2018-02-23 03:40:58,0.00054704,40.00000000
2018-02-23 03:40:58,0.00054775,35.00000000
2018-02-23 03:40:59,0.00054774,10.00000000
2018-02-23 03:40:59,0.00054775,5.00000000
2018-02-23 03:41:01,0.00054775,89.00000000
2018-02-23 03:41:07,0.00054699,20.00000000
2018-02-23 03:41:07,0.00054698,8.00000000
2018-02-23 03:41:07,0.00054694,21.00000000
2018-02-23 03:41:16,0.00054701,8.00000000
2018-02-23 03:41:16,0.00054694,497.00000000
2018-02-23 03:41:26,0.00054703,8.00000000
2018-02-23 03:41:26,0.00054694,49.00000000
2018-02-23 03:41:26,0.00054694,97.00000000
2018-02-23 03:41:26,0.00054694,19.00000000
2018-02-23 03:41:26,0.00054694,54.00000000
2018-02-23 03:41:26,0.00054693,10.00000000
2018-02-23 03:41:26,0.00054694,7.00000000
2018-02-23 03:41:28,0.00054694,18.00000000
2018-02-23 03:41:38,0.00054694,1617.00000000
2018-02-23 03:41:40,0.00054704,40.00000000
2018-02-23 03:41:53,0.00054739,10.00000000
2018-02-23 03:42:08,0.00054695,79.00000000
2018-02-23 03:42:08,0.00054694,84.00000000
2018-02-23 03:42:08,0.00054639,91.00000000
2018-02-23 03:42:08,0.00054604,15.00000000
2018-02-23 03:42:08,0.00054590,82.00000000
2018-02-23 03:42:18,0.00054692,54.00000000
2018-02-23 03:42:24,0.00054689,47.00000000
2018-02-23 03:42:24,0.00054694,40.00000000
2018-02-23 03:42:25,0.00054731,30.00000000
2018-02-23 03:42:25,0.00054731,30.00000000
2018-02-23 03:42:25,0.00054731,17.00000000
2018-02-23 03:42:25,0.00054731,13.00000000
2018-02-23 03:42:25,0.00054733,4.00000000
2018-02-23 03:42:25,0.00054733,13.00000000
2018-02-23 03:42:25,0.00054739,4.00000000
2018-02-23 03:42:25,0.00054731,5.00000000
2018-02-23 03:42:25,0.00054731,15.00000000
2018-02-23 03:42:29,0.00054739,20.00000000
2018-02-23 03:42:37,0.00054739,2.00000000
2018-02-23 03:42:38,0.00054739,122.00000000
2018-02-23 03:42:38,0.00054740,8.00000000
2018-02-23 03:42:38,0.00054744,13.00000000
2018-02-23 03:42:38,0.00054772,24.00000000
2018-02-23 03:42:38,0.00054777,8.00000000
2018-02-23 03:42:38,0.00054790,3.00000000
2018-02-23 03:42:38,0.00054795,3.00000000
2018-02-23 03:42:38,0.00054796,3.00000000
2018-02-23 03:42:38,0.00054798,3.00000000
2018-02-23 03:42:38,0.00054809,32.00000000
2018-02-23 03:42:38,0.00054810,212.00000000
2018-02-23 03:42:38,0.00054847,182.00000000
2018-02-23 03:42:38,0.00054853,120.00000000
2018-02-23 03:42:38,0.00054828,5.00000000
2018-02-23 03:42:38,0.00054853,30.00000000
2018-02-23 03:42:38,0.00054890,16.00000000
2018-02-23 03:42:38,0.00054931,14.00000000
2018-02-23 03:42:39,0.00054931,20.00000000
2018-02-23 03:42:39,0.00054931,36.00000000
2018-02-23 03:42:39,0.00054713,20.00000000
2018-02-23 03:42:39,0.00054712,8.00000000
2018-02-23 03:42:46,0.00054928,5.00000000
2018-02-23 03:42:46,0.00054786,40.00000000
2018-02-23 03:42:50,0.00054928,1.00000000
2018-02-23 03:42:54,0.00054814,2.00000000
2018-02-23 03:42:56,0.00054928,5.00000000
2018-02-23 03:42:57,0.00054823,40.00000000
2018-02-23 03:43:01,0.00054912,10.00000000
2018-02-23 03:43:07,0.00054830,8.00000000
2018-02-23 03:43:07,0.00054828,32.00000000
2018-02-23 03:43:08,0.00054890,5.00000000
2018-02-23 03:43:09,0.00054890,25.00000000
2018-02-23 03:43:09,0.00054892,18.00000000
2018-02-23 03:43:09,0.00054890,12.00000000
2018-02-23 03:43:09,0.00054912,8.00000000
2018-02-23 03:43:09,0.00054913,30.00000000
2018-02-23 03:43:09,0.00054911,8.00000000
2018-02-23 03:43:09,0.00054913,25.00000000
2018-02-23 03:43:09,0.00054914,7.00000000
2018-02-23 03:43:09,0.00054914,25.00000000
2018-02-23 03:43:09,0.00054928,90.00000000
2018-02-23 03:43:09,0.00054929,7.00000000
2018-02-23 03:43:09,0.00054929,54.00000000
2018-02-23 03:43:09,0.00054929,36.00000000
2018-02-23 03:43:09,0.00054932,54.00000000
2018-02-23 03:43:09,0.00054932,49.00000000
2018-02-23 03:43:10,0.00054938,4.00000000
2018-02-23 03:43:12,0.00054937,20.00000000
2018-02-23 03:43:12,0.00054963,6.00000000
2018-02-23 03:43:12,0.00054997,2.00000000
2018-02-23 03:43:12,0.00054931,8.00000000
2018-02-23 03:43:17,0.00054931,40.00000000
2018-02-23 03:43:19,0.00054933,23.00000000
2018-02-23 03:43:19,0.00054931,42.00000000
2018-02-23 03:43:23,0.00054912,3.00000000
2018-02-23 03:43:29,0.00054939,31.00000000
2018-02-23 03:43:29,0.00054893,9.00000000
2018-02-23 03:43:33,0.00054948,49.00000000
2018-02-23 03:43:33,0.00054949,14.00000000
2018-02-23 03:43:33,0.00054949,62.00000000
2018-02-23 03:43:33,0.00054949,83.00000000
2018-02-23 03:43:33,0.00054949,62.00000000
2018-02-23 03:43:33,0.00054891,54.00000000
2018-02-23 03:43:38,0.00054891,37.00000000
2018-02-23 03:43:38,0.00054890,3.00000000
2018-02-23 03:43:39,0.00054930,5.00000000
2018-02-23 03:43:44,0.00054890,10.00000000
2018-02-23 03:43:44,0.00054829,3.00000000
2018-02-23 03:43:44,0.00054773,150.00000000
2018-02-23 03:43:44,0.00054760,5.00000000
2018-02-23 03:43:44,0.00054743,213.00000000
2018-02-23 03:43:49,0.00054896,18.00000000
2018-02-23 03:43:49,0.00054893,3.00000000
2018-02-23 03:43:49,0.00054892,19.00000000
2018-02-23 03:43:51,0.00054927,2.00000000
2018-02-23 03:43:51,0.00054927,6.00000000
2018-02-23 03:43:55,0.00054927,6.00000000
2018-02-23 03:43:56,0.00054927,330.00000000
2018-02-23 03:43:56,0.00054927,10.00000000
2018-02-23 03:44:01,0.00054898,8.00000000
2018-02-23 03:44:01,0.00054892,331.00000000
2018-02-23 03:44:01,0.00054892,8.00000000
2018-02-23 03:44:02,0.00054892,42.00000000
2018-02-23 03:44:02,0.00054925,8.00000000
2018-02-23 03:44:02,0.00054927,41.00000000
2018-02-23 03:44:11,0.00054926,6.00000000
2018-02-23 03:44:19,0.00054890,54.00000000
2018-02-23 03:44:20,0.00054890,11.00000000
2018-02-23 03:44:28,0.00054926,484.00000000
2018-02-23 03:44:30,0.00054891,3.00000000
2018-02-23 03:44:30,0.00054893,3.00000000
2018-02-23 03:44:30,0.00054893,4.00000000
2018-02-23 03:44:31,0.00054893,1.00000000
2018-02-23 03:44:31,0.00054890,130.00000000
2018-02-23 03:44:31,0.00054890,4.00000000
2018-02-23 03:44:31,0.00054890,54.00000000
2018-02-23 03:44:31,0.00054890,20.00000000
2018-02-23 03:44:36,0.00054782,12.00000000
2018-02-23 03:44:59,0.00054856,12.00000000
2018-02-23 03:44:59,0.00054871,3.00000000
2018-02-23 03:45:01,0.00054888,9.00000000
2018-02-23 03:45:01,0.00054889,1.00000000
2018-02-23 03:45:17,0.00054871,49.00000000
2018-02-23 03:45:17,0.00054871,1.00000000
2018-02-23 03:45:17,0.00054889,7.00000000
2018-02-23 03:45:17,0.00054889,6.00000000
2018-02-23 03:45:17,0.00054889,18.00000000
2018-02-23 03:45:17,0.00054889,8.00000000
2018-02-23 03:45:18,0.00054889,15.00000000
2018-02-23 03:45:30,0.00054876,10.00000000
2018-02-23 03:45:30,0.00054875,9.00000000
2018-02-23 03:45:30,0.00054873,21.00000000
2018-02-23 03:45:38,0.00054874,16.00000000
2018-02-23 03:45:38,0.00054873,16.00000000
2018-02-23 03:45:42,0.00054874,3.00000000
2018-02-23 03:45:43,0.00054874,40.00000000
2018-02-23 03:45:58,0.00054876,5.00000000
2018-02-23 03:46:04,0.00054874,133.00000000
2018-02-23 03:46:04,0.00054873,1009.00000000
2018-02-23 03:46:11,0.00054885,9.00000000
2018-02-23 03:46:23,0.00054886,12.00000000
2018-02-23 03:46:32,0.00054885,3.00000000
2018-02-23 03:46:32,0.00054871,68.00000000
2018-02-23 03:46:32,0.00054829,171.00000000
2018-02-23 03:46:35,0.00054884,10.00000000
2018-02-23 03:46:35,0.00054885,3.00000000
2018-02-23 03:46:35,0.00054886,44.00000000
2018-02-23 03:46:35,0.00054889,33.00000000
2018-02-23 03:46:35,0.00054883,8.00000000
2018-02-23 03:46:35,0.00054890,5.00000000
2018-02-23 03:46:37,0.00054890,4.00000000
2018-02-23 03:46:47,0.00054886,22.00000000
2018-02-23 03:46:47,0.00054886,18.00000000
2018-02-23 03:46:48,0.00054889,3.00000000
2018-02-23 03:46:48,0.00054890,82.00000000
2018-02-23 03:46:52,0.00054886,22.00000000
2018-02-23 03:46:54,0.00054887,10.00000000
2018-02-23 03:47:06,0.00054886,30.00000000
2018-02-23 03:47:09,0.00054887,58.00000000
2018-02-23 03:47:12,0.00054888,3.00000000
2018-02-23 03:47:13,0.00054887,3054.00000000
2018-02-23 03:47:15,0.00054887,7.00000000
2018-02-23 03:47:16,0.00054887,40.00000000
2018-02-23 03:47:17,0.00054887,21.00000000
2018-02-23 03:47:21,0.00054887,7.00000000
2018-02-23 03:47:23,0.00054887,14.00000000
2018-02-23 03:47:26,0.00054887,9.00000000
2018-02-23 03:47:27,0.00054887,40.00000000
2018-02-23 03:47:30,0.00054888,4.00000000
2018-02-23 03:47:33,0.00054887,828.00000000
2018-02-23 03:47:37,0.00054887,2.00000000
2018-02-23 03:47:45,0.00054876,5.00000000
2018-02-23 03:47:57,0.00054885,165.00000000
2018-02-23 03:47:57,0.00054886,16.00000000
2018-02-23 03:47:57,0.00054886,44.00000000
2018-02-23 03:48:00,0.00054886,54.00000000
2018-02-23 03:48:00,0.00054886,54.00000000
2018-02-23 03:48:00,0.00054886,54.00000000
2018-02-23 03:48:00,0.00054886,48.00000000
2018-02-23 03:48:00,0.00054886,36.00000000
2018-02-23 03:48:00,0.00054886,9.00000000
2018-02-23 03:48:11,0.00054886,291.00000000
2018-02-23 03:48:13,0.00054886,516.00000000
2018-02-23 03:48:14,0.00054886,90.00000000
2018-02-23 03:48:24,0.00054886,10.00000000
2018-02-23 03:48:24,0.00054887,877.00000000
2018-02-23 03:48:32,0.00054887,4.00000000
2018-02-23 03:48:36,0.00054887,100.00000000
2018-02-23 03:48:37,0.00054887,60.00000000
2018-02-23 03:48:37,0.00054887,72.00000000
2018-02-23 03:48:37,0.00054887,60.00000000
2018-02-23 03:48:37,0.00054887,15.00000000
2018-02-23 03:48:37,0.00054887,5.00000000
2018-02-23 03:48:39,0.00054886,37.00000000
2018-02-23 03:48:40,0.00054886,3.00000000
2018-02-23 03:48:40,0.00054887,12.00000000
2018-02-23 03:48:51,0.00054886,40.00000000
2018-02-23 03:48:51,0.00054887,362.00000000
2018-02-23 03:49:18,0.00054886,15.00000000
2018-02-23 03:49:18,0.00054887,1769.00000000
2018-02-23 03:49:19,0.00054887,35.00000000
2018-02-23 03:49:27,0.00054889,8.00000000
2018-02-23 03:49:27,0.00054888,10.00000000
2018-02-23 03:49:27,0.00054887,22.00000000
2018-02-23 03:49:31,0.00054891,8.00000000
2018-02-23 03:49:31,0.00054888,129.00000000
2018-02-23 03:49:36,0.00054915,10.00000000
2018-02-23 03:49:37,0.00054916,16.00000000
2018-02-23 03:49:37,0.00054918,4.00000000
2018-02-23 03:49:37,0.00054924,110.00000000
2018-02-23 03:49:37,0.00054926,10.00000000
2018-02-23 03:49:37,0.00054999,9.00000000
2018-02-23 03:49:37,0.00055000,2.00000000
2018-02-23 03:49:37,0.00055000,18.00000000
2018-02-23 03:49:37,0.00054915,54.00000000
2018-02-23 03:49:38,0.00055000,175.00000000
2018-02-23 03:49:38,0.00055000,554.00000000
2018-02-23 03:49:38,0.00055000,175.00000000
2018-02-23 03:49:38,0.00055000,18.00000000
2018-02-23 03:49:38,0.00055000,170.00000000
2018-02-23 03:49:38,0.00055000,91.00000000
2018-02-23 03:49:39,0.00054917,40.00000000
2018-02-23 03:49:44,0.00054918,10.00000000
2018-02-23 03:49:45,0.00054920,8.00000000
2018-02-23 03:49:45,0.00054917,54.00000000
2018-02-23 03:49:45,0.00054917,5.00000000
2018-02-23 03:49:46,0.00054995,5.00000000
2018-02-23 03:49:46,0.00054915,36.00000000
2018-02-23 03:49:50,0.00054923,2.00000000
2018-02-23 03:49:50,0.00054915,2.00000000
2018-02-23 03:49:52,0.00054915,9.00000000
2018-02-23 03:49:52,0.00054890,31.00000000
2018-02-23 03:49:53,0.00054915,11.00000000
2018-02-23 03:49:57,0.00054985,15.00000000
2018-02-23 03:49:57,0.00054987,31.00000000
2018-02-23 03:49:57,0.00054987,5.00000000
2018-02-23 03:50:01,0.00054912,26.00000000
2018-02-23 03:50:01,0.00054912,10.00000000
2018-02-23 03:50:04,0.00054911,5.00000000
2018-02-23 03:50:06,0.00054911,36.00000000
2018-02-23 03:50:06,0.00054912,4.00000000
2018-02-23 03:50:06,0.00054988,55.00000000
2018-02-23 03:50:06,0.00054989,4.00000000
2018-02-23 03:50:06,0.00054996,8.00000000
2018-02-23 03:50:06,0.00054998,8.00000000
2018-02-23 03:50:06,0.00055000,802.00000000
2018-02-23 03:50:06,0.00055000,8.00000000
2018-02-23 03:50:06,0.00055000,727.00000000
2018-02-23 03:50:07,0.00055000,15.00000000
2018-02-23 03:50:08,0.00055000,1118.00000000
2018-02-23 03:50:08,0.00055000,225.00000000
2018-02-23 03:50:08,0.00055000,54.00000000
2018-02-23 03:50:08,0.00055000,54.00000000
2018-02-23 03:50:08,0.00055000,54.00000000
2018-02-23 03:50:08,0.00055000,54.00000000
2018-02-23 03:50:08,0.00055000,54.00000000
2018-02-23 03:50:08,0.00055000,54.00000000
2018-02-23 03:50:08,0.00055000,54.00000000
2018-02-23 03:50:08,0.00055000,72.00000000
2018-02-23 03:50:09,0.00054927,44.00000000
2018-02-23 03:50:09,0.00054910,10.00000000
2018-02-23 03:50:10,0.00054973,8.00000000
2018-02-23 03:50:11,0.00054916,6.00000000
2018-02-23 03:50:12,0.00054912,15.00000000
2018-02-23 03:50:13,0.00054911,2.00000000
2018-02-23 03:50:13,0.00054912,39.00000000
2018-02-23 03:50:13,0.00054974,39.00000000
2018-02-23 03:50:13,0.00054974,15.00000000
2018-02-23 03:50:14,0.00054974,15.00000000
2018-02-23 03:50:14,0.00055028,8.00000000
2018-02-23 03:50:14,0.00055028,9.00000000
2018-02-23 03:50:14,0.00055028,1.00000000
2018-02-23 03:50:14,0.00055035,6.00000000
2018-02-23 03:50:14,0.00055035,24.00000000
2018-02-23 03:50:14,0.00055045,92.00000000
2018-02-23 03:50:14,0.00055045,58.00000000
2018-02-23 03:50:14,0.00055050,36.00000000
2018-02-23 03:50:14,0.00055100,90.00000000
2018-02-23 03:50:14,0.00055036,4.00000000
2018-02-23 03:50:14,0.00055045,44.00000000
2018-02-23 03:50:15,0.00055045,26.00000000
2018-02-23 03:50:15,0.00055045,2.00000000
2018-02-23 03:50:15,0.00055036,26.00000000
2018-02-23 03:50:15,0.00055036,8.00000000
2018-02-23 03:50:15,0.00055045,2.00000000
2018-02-23 03:50:16,0.00055045,21.00000000
2018-02-23 03:50:16,0.00055100,2.00000000
2018-02-23 03:50:16,0.00055100,8.00000000
2018-02-23 03:50:16,0.00055126,25.00000000
2018-02-23 03:50:16,0.00055142,20.00000000
2018-02-23 03:50:21,0.00055070,40.00000000
2018-02-23 03:50:28,0.00055071,18.00000000
2018-02-23 03:50:28,0.00055136,2.00000000
2018-02-23 03:50:30,0.00055073,8.00000000
2018-02-23 03:50:32,0.00055071,40.00000000
2018-02-23 03:50:32,0.00055073,8.00000000
2018-02-23 03:50:32,0.00055071,32.00000000
2018-02-23 03:50:34,0.00055070,8.00000000
2018-02-23 03:50:34,0.00055035,8.00000000
2018-02-23 03:50:41,0.00055116,40.00000000
2018-02-23 03:50:41,0.00055118,90.00000000
2018-02-23 03:50:41,0.00055119,11.00000000
2018-02-23 03:50:41,0.00055127,92.00000000
2018-02-23 03:50:41,0.00055130,8.00000000
2018-02-23 03:50:41,0.00055134,8.00000000
2018-02-23 03:50:41,0.00055136,421.00000000
2018-02-23 03:50:42,0.00055036,19.00000000
2018-02-23 03:50:43,0.00055038,10.00000000
2018-02-23 03:50:43,0.00055037,40.00000000
2018-02-23 03:50:43,0.00055038,20.00000000
2018-02-23 03:50:43,0.00055038,6.00000000
2018-02-23 03:50:43,0.00055038,33.00000000
2018-02-23 03:50:43,0.00055038,34.00000000
2018-02-23 03:50:43,0.00055037,50.00000000
2018-02-23 03:50:43,0.00055035,10.00000000
2018-02-23 03:50:44,0.00055035,12.00000000
2018-02-23 03:50:44,0.00055035,6.00000000
2018-02-23 03:50:44,0.00055036,9.00000000
2018-02-23 03:50:44,0.00055036,11.00000000
2018-02-23 03:50:44,0.00055035,10.00000000
2018-02-23 03:50:44,0.00054943,60.00000000
2018-02-23 03:50:44,0.00055038,10.00000000
2018-02-23 03:50:47,0.00055035,10.00000000
2018-02-23 03:50:58,0.00055071,5.00000000
2018-02-23 03:51:01,0.00055067,57.00000000
2018-02-23 03:51:04,0.00055055,2.00000000
2018-02-23 03:51:15,0.00055046,28.00000000
2018-02-23 03:51:15,0.00055047,41.00000000
2018-02-23 03:51:15,0.00055054,85.00000000
2018-02-23 03:51:15,0.00055078,10.00000000
2018-02-23 03:51:16,0.00055055,19.00000000
2018-02-23 03:51:29,0.00055077,8.00000000
2018-02-23 03:51:37,0.00055055,152.00000000
2018-02-23 03:51:54,0.00055055,164.00000000
2018-02-23 03:51:56,0.00055077,40.00000000
2018-02-23 03:51:56,0.00055078,3.00000000
2018-02-23 03:52:00,0.00055135,10.00000000
2018-02-23 03:52:00,0.00055136,1279.00000000
2018-02-23 03:52:01,0.00055136,389.00000000
2018-02-23 03:52:01,0.00055079,8.00000000
2018-02-23 03:52:01,0.00055077,92.00000000
2018-02-23 03:52:06,0.00055079,30.00000000
2018-02-23 03:52:06,0.00055078,10.00000000
2018-02-23 03:52:15,0.00055133,3.00000000
2018-02-23 03:52:17,0.00055093,8.00000000
2018-02-23 03:52:17,0.00055091,7.00000000
2018-02-23 03:52:17,0.00055088,18.00000000
2018-02-23 03:52:17,0.00055084,7.00000000
2018-02-23 03:52:18,0.00055131,6.00000000
2018-02-23 03:52:18,0.00055131,2.00000000
2018-02-23 03:52:18,0.00055133,5.00000000
2018-02-23 03:52:25,0.00055195,8.00000000
2018-02-23 03:52:25,0.00055199,7.00000000
2018-02-23 03:52:27,0.00055149,16.00000000
2018-02-23 03:52:27,0.00055142,2.00000000
2018-02-23 03:52:27,0.00055133,1.00000000
2018-02-23 03:52:30,0.00055133,44.00000000
2018-02-23 03:52:30,0.00055133,44.00000000
2018-02-23 03:52:30,0.00055133,15.00000000
2018-02-23 03:52:30,0.00055133,44.00000000
2018-02-23 03:52:30,0.00055133,24.00000000
2018-02-23 03:52:31,0.00055133,45.00000000
2018-02-23 03:52:31,0.00055133,15.00000000
2018-02-23 03:52:40,0.00055133,137.00000000
2018-02-23 03:52:41,0.00055133,50.00000000
2018-02-23 03:52:42,0.00055133,50.00000000
2018-02-23 03:52:42,0.00055133,50.00000000
2018-02-23 03:52:42,0.00055133,18.00000000
2018-02-23 03:52:48,0.00055131,4.00000000
2018-02-23 03:52:53,0.00055131,36.00000000
2018-02-23 03:52:53,0.00055133,294.00000000
2018-02-23 03:52:53,0.00055133,341.00000000
2018-02-23 03:52:53,0.00055131,23.00000000
2018-02-23 03:52:53,0.00055131,51.00000000
2018-02-23 03:52:53,0.00055131,19.00000000
2018-02-23 03:52:53,0.00055131,19.00000000
2018-02-23 03:52:53,0.00055131,5.00000000
2018-02-23 03:52:53,0.00055131,23.00000000
2018-02-23 03:52:53,0.00055130,18.00000000
2018-02-23 03:52:53,0.00055113,178.00000000
2018-02-23 03:52:53,0.00055112,70.00000000
2018-02-23 03:52:53,0.00055077,209.00000000
2018-02-23 03:52:54,0.00055131,174.00000000
2018-02-23 03:52:55,0.00055131,233.00000000
2018-02-23 03:52:55,0.00055131,583.00000000
2018-02-23 03:52:55,0.00055131,700.00000000
2018-02-23 03:52:55,0.00055131,287.00000000
2018-02-23 03:52:55,0.00055131,54.00000000
2018-02-23 03:52:56,0.00055131,15.00000000
2018-02-23 03:53:01,0.00055131,3.00000000
2018-02-23 03:53:01,0.00055130,4.00000000
2018-02-23 03:53:03,0.00055131,1.00000000
2018-02-23 03:53:04,0.00055131,93.00000000
2018-02-23 03:53:05,0.00055130,8.00000000
2018-02-23 03:53:10,0.00055130,8.00000000
2018-02-23 03:53:23,0.00055130,108.00000000
2018-02-23 03:53:23,0.00055131,430.00000000
2018-02-23 03:53:28,0.00055131,6.00000000
2018-02-23 03:53:33,0.00055078,2.00000000
2018-02-23 03:53:33,0.00055078,3.00000000
2018-02-23 03:53:36,0.00055080,5.00000000
2018-02-23 03:53:36,0.00055077,25.00000000
2018-02-23 03:53:48,0.00055129,8.00000000
2018-02-23 03:53:48,0.00055130,2.00000000
2018-02-23 03:53:54,0.00055130,95.00000000
2018-02-23 03:54:07,0.00055080,10.00000000
2018-02-23 03:54:07,0.00055079,8.00000000
2018-02-23 03:54:07,0.00055077,54.00000000
2018-02-23 03:54:07,0.00055077,309.00000000
2018-02-23 03:54:07,0.00055055,72.00000000
2018-02-23 03:54:07,0.00054980,10.00000000
2018-02-23 03:54:07,0.00054970,7.00000000
2018-02-23 03:54:07,0.00054970,211.00000000
2018-02-23 03:54:07,0.00055082,8.00000000
2018-02-23 03:54:07,0.00054966,89.00000000
2018-02-23 03:54:07,0.00054951,21.00000000
2018-02-23 03:54:07,0.00054931,16.00000000
2018-02-23 03:54:07,0.00054911,18.00000000
2018-02-23 03:54:07,0.00054906,10.00000000
2018-02-23 03:54:07,0.00054905,17.00000000
2018-02-23 03:54:08,0.00054957,21.00000000
2018-02-23 03:54:08,0.00054957,108.00000000
2018-02-23 03:54:08,0.00054964,21.00000000
2018-02-23 03:54:08,0.00054964,81.00000000
2018-02-23 03:54:08,0.00054964,79.00000000
2018-02-23 03:54:08,0.00054962,81.00000000
2018-02-23 03:54:08,0.00054962,137.00000000
2018-02-23 03:54:08,0.00054960,40.00000000
2018-02-23 03:54:08,0.00054905,8.00000000
2018-02-23 03:54:08,0.00054904,73.00000000
2018-02-23 03:54:08,0.00054900,5.00000000
2018-02-23 03:54:08,0.00054896,4.00000000
2018-02-23 03:54:08,0.00054890,15.00000000
2018-02-23 03:54:08,0.00054960,70.00000000
2018-02-23 03:54:08,0.00054890,30.00000000
2018-02-23 03:54:09,0.00054960,30.00000000
2018-02-23 03:54:09,0.00054890,11.00000000
2018-02-23 03:54:11,0.00054963,15.00000000
2018-02-23 03:54:13,0.00054976,7.00000000
2018-02-23 03:54:13,0.00054967,4.00000000
2018-02-23 03:54:13,0.00054958,10.00000000
2018-02-23 03:54:13,0.00054914,69.00000000
2018-02-23 03:54:13,0.00055046,5.00000000
2018-02-23 03:54:14,0.00055044,5.00000000
2018-02-23 03:54:15,0.00055000,10.00000000
2018-02-23 03:54:20,0.00055003,10.00000000
2018-02-23 03:54:20,0.00055000,24.00000000
2018-02-23 03:54:21,0.00055031,169.00000000
2018-02-23 03:54:21,0.00055030,20.00000000
2018-02-23 03:54:21,0.00055028,7.00000000
2018-02-23 03:54:22,0.00055030,20.00000000
2018-02-23 03:54:25,0.00055001,30.00000000
2018-02-23 03:54:25,0.00055000,26.00000000
2018-02-23 03:54:34,0.00055055,1.00000000
2018-02-23 03:54:39,0.00055031,33.00000000
2018-02-23 03:54:45,0.00055031,11.00000000
2018-02-23 03:54:46,0.00055031,6.00000000
2018-02-23 03:54:50,0.00055031,600.00000000
2018-02-23 03:54:56,0.00055031,325.00000000
2018-02-23 03:54:56,0.00055005,8.00000000
2018-02-23 03:54:56,0.00055003,8.00000000
2018-02-23 03:54:56,0.00055000,139.00000000
2018-02-23 03:54:56,0.00054982,27.00000000
2018-02-23 03:54:56,0.00054982,3.00000000
2018-02-23 03:54:56,0.00054951,218.00000000
2018-02-23 03:54:56,0.00054872,16.00000000
2018-02-23 03:54:56,0.00054870,10.00000000
2018-02-23 03:54:56,0.00054850,5.00000000
2018-02-23 03:54:56,0.00054837,443.00000000
2018-02-23 03:54:59,0.00055005,5.00000000
2018-02-23 03:55:01,0.00055028,75.00000000
2018-02-23 03:55:01,0.00055029,8.00000000
2018-02-23 03:55:01,0.00055053,8.00000000
2018-02-23 03:55:01,0.00055092,4.00000000
2018-02-23 03:55:01,0.00055124,40.00000000
2018-02-23 03:55:01,0.00055127,8.00000000
2018-02-23 03:55:01,0.00055128,10.00000000
2018-02-23 03:55:01,0.00055130,82.00000000
2018-02-23 03:55:01,0.00055135,30.00000000
2018-02-23 03:55:01,0.00055144,149.00000000
2018-02-23 03:55:01,0.00055159,17.00000000
2018-02-23 03:55:01,0.00055164,487.00000000
2018-02-23 03:55:01,0.00055198,9.00000000
2018-02-23 03:55:01,0.00055199,86.00000000
2018-02-23 03:55:01,0.00055200,302.00000000
2018-02-23 03:55:01,0.00055208,196.00000000
2018-02-23 03:55:02,0.00055090,18.00000000
2018-02-23 03:55:20,0.00055037,22.00000000
2018-02-23 03:55:20,0.00055037,19.00000000
2018-02-23 03:55:20,0.00055037,19.00000000
2018-02-23 03:55:20,0.00055037,30.00000000
2018-02-23 03:55:21,0.00055035,10.00000000
2018-02-23 03:55:22,0.00055035,12.00000000
2018-02-23 03:55:48,0.00055031,40.00000000
2018-02-23 03:55:54,0.00055028,40.00000000
2018-02-23 03:56:00,0.00055028,18.00000000
2018-02-23 03:56:00,0.00055028,54.00000000
2018-02-23 03:56:00,0.00055028,60.00000000
2018-02-23 03:56:00,0.00055028,59.00000000
2018-02-23 03:56:01,0.00055028,5.00000000
2018-02-23 03:56:01,0.00055028,6.00000000
2018-02-23 03:56:01,0.00055028,23.00000000
2018-02-23 03:56:01,0.00055028,18.00000000
2018-02-23 03:56:01,0.00055004,23.00000000
2018-02-23 03:56:01,0.00055028,4.00000000
2018-02-23 03:56:03,0.00055004,76.00000000
2018-02-23 03:56:10,0.00055004,101.00000000
2018-02-23 03:56:21,0.00054995,50.00000000
2018-02-23 03:56:22,0.00055004,3299.00000000
2018-02-23 03:56:22,0.00055028,40.00000000
2018-02-23 03:56:22,0.00055198,16.00000000
2018-02-23 03:56:22,0.00055240,18.00000000
2018-02-23 03:56:22,0.00055245,9.00000000
2018-02-23 03:56:22,0.00055247,504.00000000
2018-02-23 03:56:22,0.00055248,30.00000000
2018-02-23 03:56:22,0.00055249,137.00000000
2018-02-23 03:56:22,0.00055250,2502.00000000
2018-02-23 03:56:22,0.00054995,146.00000000
2018-02-23 03:56:22,0.00054994,429.00000000
2018-02-23 03:56:23,0.00055096,18.00000000
2018-02-23 03:56:23,0.00055000,27.00000000
2018-02-23 03:56:23,0.00054999,73.00000000
2018-02-23 03:56:32,0.00054994,73.00000000
2018-02-23 03:56:32,0.00054995,8.00000000
2018-02-23 03:56:34,0.00054994,27.00000000
2018-02-23 03:56:45,0.00054994,2.00000000
2018-02-23 03:56:46,0.00054995,10.00000000
2018-02-23 03:56:53,0.00054995,39.00000000
2018-02-23 03:57:01,0.00055018,8.00000000
2018-02-23 03:57:02,0.00055084,10.00000000
2018-02-23 03:57:06,0.00054997,4.00000000
2018-02-23 03:57:06,0.00055077,10.00000000
2018-02-23 03:57:06,0.00055079,23.00000000
2018-02-23 03:57:10,0.00055004,6.00000000
2018-02-23 03:57:13,0.00055004,17.00000000
2018-02-23 03:57:13,0.00055004,17.00000000
2018-02-23 03:57:13,0.00055006,17.00000000
2018-02-23 03:57:14,0.00055007,2.00000000
2018-02-23 03:57:19,0.00055009,23.00000000
2018-02-23 03:57:19,0.00055008,8.00000000
2018-02-23 03:57:19,0.00055006,3.00000000
2018-02-23 03:57:19,0.00055004,6.00000000
2018-02-23 03:57:31,0.00055011,8.00000000
2018-02-23 03:57:31,0.00055004,32.00000000
2018-02-23 03:57:38,0.00055004,1.00000000
2018-02-23 03:57:40,0.00055004,40.00000000
2018-02-23 03:57:50,0.00055011,11.00000000
2018-02-23 03:57:50,0.00055004,29.00000000
2018-02-23 03:57:56,0.00055004,109.00000000
2018-02-23 03:57:56,0.00055004,19.00000000
2018-02-23 03:57:56,0.00055004,19.00000000
2018-02-23 03:57:56,0.00055004,19.00000000
2018-02-23 03:57:56,0.00055004,34.00000000
2018-02-23 03:57:56,0.00055004,13.00000000
2018-02-23 03:57:56,0.00055004,54.00000000
2018-02-23 03:57:56,0.00055004,54.00000000
2018-02-23 03:57:57,0.00055004,25.00000000
2018-02-23 03:57:57,0.00055004,54.00000000
2018-02-23 03:57:57,0.00055004,25.00000000
2018-02-23 03:57:57,0.00055004,91.00000000
2018-02-23 03:57:57,0.00054994,10.00000000
2018-02-23 03:57:57,0.00055004,15.00000000
2018-02-23 03:57:57,0.00055004,18.00000000
2018-02-23 03:57:57,0.00055004,54.00000000
2018-02-23 03:57:57,0.00055004,55.00000000
2018-02-23 03:57:57,0.00055004,54.00000000
2018-02-23 03:57:57,0.00055004,10.00000000
2018-02-23 03:57:57,0.00055004,10.00000000
2018-02-23 03:57:59,0.00055004,30.00000000
2018-02-23 03:57:59,0.00055003,3.00000000
2018-02-23 03:57:59,0.00055003,19.00000000
2018-02-23 03:58:00,0.00055004,59.00000000
2018-02-23 03:58:00,0.00055004,7.00000000
2018-02-23 03:58:04,0.00055002,4.00000000
2018-02-23 03:58:04,0.00055004,133.00000000
2018-02-23 03:58:05,0.00055005,49.00000000
2018-02-23 03:58:12,0.00055020,5.00000000
2018-02-23 03:58:12,0.00055020,35.00000000
2018-02-23 03:58:19,0.00055050,450.00000000
2018-02-23 03:58:19,0.00055050,18.00000000
2018-02-23 03:58:21,0.00055020,40.00000000
2018-02-23 03:58:32,0.00055020,15.00000000
2018-02-23 03:58:35,0.00055011,72.00000000
2018-02-23 03:58:37,0.00055020,25.00000000
2018-02-23 03:58:45,0.00055050,18.00000000
2018-02-23 03:58:45,0.00055050,18.00000000
2018-02-23 03:58:45,0.00055050,119.00000000
2018-02-23 03:58:47,0.00055021,40.00000000
2018-02-23 03:58:49,0.00055050,20.00000000
2018-02-23 03:58:55,0.00055050,9.00000000
2018-02-23 03:58:56,0.00055023,8.00000000
2018-02-23 03:58:56,0.00055021,32.00000000
2018-02-23 03:59:02,0.00055047,8.00000000
2018-02-23 03:59:02,0.00055050,22.00000000
2018-02-23 03:59:07,0.00055046,40.00000000
2018-02-23 03:59:09,0.00055050,19.00000000
2018-02-23 03:59:10,0.00055050,10.00000000
2018-02-23 03:59:17,0.00055052,8.00000000
2018-02-23 03:59:17,0.00055050,9.00000000
2018-02-23 03:59:18,0.00055046,8.00000000
2018-02-23 03:59:26,0.00055022,37.00000000
2018-02-23 03:59:32,0.00055020,13.00000000
2018-02-23 03:59:34,0.00055022,3.00000000
2018-02-23 03:59:40,0.00055046,53.00000000
2018-02-23 03:59:40,0.00055046,17.00000000
2018-02-23 03:59:42,0.00055022,40.00000000
2018-02-23 03:59:51,0.00055046,80.00000000
