DATE,PRICE,VOLUME
2018-03-01 08:00:05,0.00045101,69.00000000
2018-03-01 08:00:08,0.00045154,13.00000000
2018-03-01 08:00:08,0.00045154,247.00000000
2018-03-01 08:00:08,0.00045154,87.00000000
2018-03-01 08:00:08,0.00045102,22.00000000
2018-03-01 08:00:09,0.00045102,6.00000000
2018-03-01 08:00:09,0.00045102,45.00000000
2018-03-01 08:00:09,0.00045102,366.00000000
2018-03-01 08:00:10,0.00045102,22.00000000
2018-03-01 08:00:11,0.00045102,8.00000000
2018-03-01 08:00:14,0.00045102,48.00000000
2018-03-01 08:00:15,0.00045102,151.00000000
2018-03-01 08:00:20,0.00045154,1.00000000
2018-03-01 08:00:20,0.00045155,8.00000000
2018-03-01 08:00:20,0.00045191,88.00000000
2018-03-01 08:00:20,0.00045208,35.00000000
2018-03-01 08:00:20,0.00045255,52.00000000
2018-03-01 08:00:20,0.00045296,21.00000000
2018-03-01 08:00:20,0.00045300,46.00000000
2018-03-01 08:00:20,0.00045315,189.00000000
2018-03-01 08:00:20,0.00045319,297.00000000
2018-03-01 08:00:22,0.00045113,63.00000000
2018-03-01 08:00:27,0.00045165,32.00000000
2018-03-01 08:00:27,0.00045172,21.00000000
2018-03-01 08:00:28,0.00045175,9.00000000
2018-03-01 08:00:28,0.00045175,5.00000000
2018-03-01 08:00:28,0.00045175,62.00000000
2018-03-01 08:00:32,0.00045190,74.00000000
2018-03-01 08:00:32,0.00045192,18.00000000
2018-03-01 08:00:33,0.00045192,8.00000000
2018-03-01 08:00:33,0.00045194,10.00000000
2018-03-01 08:00:33,0.00045192,3.00000000
2018-03-01 08:00:33,0.00045190,14.00000000
2018-03-01 08:00:34,0.00045183,10.00000000
2018-03-01 08:00:34,0.00045184,14.00000000
2018-03-01 08:00:34,0.00045170,10.00000000
2018-03-01 08:00:34,0.00045170,11.00000000
2018-03-01 08:00:35,0.00045133,4.00000000
2018-03-01 08:00:42,0.00045135,272.00000000
2018-03-01 08:00:46,0.00045135,3.00000000
2018-03-01 08:00:48,0.00045184,98.00000000
2018-03-01 08:00:50,0.00045135,3.00000000
2018-03-01 08:00:55,0.00045136,4.00000000
2018-03-01 08:00:56,0.00045184,109.00000000
2018-03-01 08:00:56,0.00045186,12.00000000
2018-03-01 08:00:56,0.00045223,88.00000000
2018-03-01 08:00:56,0.00045223,2667.00000000
2018-03-01 08:00:56,0.00045223,1.00000000
2018-03-01 08:00:56,0.00045136,194.00000000
2018-03-01 08:01:07,0.00045138,198.00000000
2018-03-01 08:01:10,0.00045138,64.00000000
2018-03-01 08:01:25,0.00045138,4.00000000
2018-03-01 08:01:25,0.00045137,6.00000000
2018-03-01 08:01:29,0.00045138,50.00000000
2018-03-01 08:01:29,0.00045138,15.00000000
2018-03-01 08:01:30,0.00045138,50.00000000
2018-03-01 08:01:33,0.00045139,323.00000000
2018-03-01 08:01:33,0.00045138,12.00000000
2018-03-01 08:01:35,0.00045138,129.00000000
2018-03-01 08:01:35,0.00045136,11.00000000
2018-03-01 08:01:38,0.00045135,16.00000000
2018-03-01 08:01:38,0.00045135,4.00000000
2018-03-01 08:01:42,0.00045135,130.00000000
2018-03-01 08:01:42,0.00045135,130.00000000
2018-03-01 08:01:42,0.00045135,42.00000000
2018-03-01 08:01:43,0.00045135,63.00000000
2018-03-01 08:01:43,0.00045135,137.00000000
2018-03-01 08:01:44,0.00045135,711.00000000
2018-03-01 08:01:44,0.00045134,4.00000000
2018-03-01 08:01:44,0.00045136,88.00000000
2018-03-01 08:01:45,0.00045136,56.00000000
2018-03-01 08:01:45,0.00045136,46.00000000
2018-03-01 08:01:47,0.00045199,10.00000000
2018-03-01 08:01:47,0.00045200,34.00000000
2018-03-01 08:01:47,0.00045201,13.00000000
2018-03-01 08:01:47,0.00045255,52.00000000
2018-03-01 08:01:47,0.00045313,34.00000000
2018-03-01 08:01:47,0.00045314,40.00000000
2018-03-01 08:01:47,0.00045111,10.00000000
2018-03-01 08:01:51,0.00045127,194.00000000
2018-03-01 08:01:56,0.00045181,36.00000000
2018-03-01 08:01:56,0.00045185,68.00000000
2018-03-01 08:01:59,0.00045206,20.00000000
2018-03-01 08:01:59,0.00045205,20.00000000
2018-03-01 08:02:01,0.00045208,3.00000000
2018-03-01 08:02:02,0.00045208,3.00000000
2018-03-01 08:02:02,0.00045208,3.00000000
2018-03-01 08:02:03,0.00045211,17.00000000
2018-03-01 08:02:03,0.00045310,50.00000000
2018-03-01 08:02:03,0.00045311,220.00000000
2018-03-01 08:02:04,0.00045214,58.00000000
2018-03-01 08:02:07,0.00045219,7.00000000
2018-03-01 08:02:10,0.00045219,3.00000000
2018-03-01 08:02:10,0.00045218,88.00000000
2018-03-01 08:02:10,0.00045145,57.00000000
2018-03-01 08:02:16,0.00045209,432.00000000
2018-03-01 08:02:16,0.00045237,88.00000000
2018-03-01 08:02:16,0.00045311,533.00000000
2018-03-01 08:02:16,0.00045312,847.00000000
2018-03-01 08:02:20,0.00045220,109.00000000
2018-03-01 08:02:20,0.00045220,10.00000000
2018-03-01 08:02:23,0.00045220,99.00000000
2018-03-01 08:02:23,0.00045220,88.00000000
2018-03-01 08:02:30,0.00045215,218.00000000
2018-03-01 08:02:30,0.00045220,63.00000000
2018-03-01 08:02:30,0.00045220,124.00000000
2018-03-01 08:02:30,0.00045312,472.00000000
2018-03-01 08:02:30,0.00045312,181.00000000
2018-03-01 08:02:30,0.00045314,119.00000000
2018-03-01 08:02:30,0.00045320,48.00000000
2018-03-01 08:02:30,0.00045320,27.00000000
2018-03-01 08:02:30,0.00045320,167.00000000
2018-03-01 08:02:31,0.00045314,109.00000000
2018-03-01 08:02:33,0.00045314,172.00000000
2018-03-01 08:02:33,0.00045210,33.00000000
2018-03-01 08:02:38,0.00045312,32.00000000
2018-03-01 08:02:38,0.00045312,21.00000000
2018-03-01 08:02:38,0.00045312,32.00000000
2018-03-01 08:02:38,0.00045312,5.00000000
2018-03-01 08:02:38,0.00045222,5.00000000
2018-03-01 08:02:38,0.00045313,13.00000000
2018-03-01 08:02:41,0.00045231,20.00000000
2018-03-01 08:02:41,0.00045231,2.00000000
2018-03-01 08:02:41,0.00045222,26.00000000
2018-03-01 08:02:41,0.00045220,11.00000000
2018-03-01 08:02:41,0.00045208,115.00000000
2018-03-01 08:02:42,0.00045220,21.00000000
2018-03-01 08:02:43,0.00045220,13.00000000
2018-03-01 08:02:43,0.00045220,4.00000000
2018-03-01 08:02:43,0.00045222,5.00000000
2018-03-01 08:02:44,0.00045222,38.00000000
2018-03-01 08:02:44,0.00045208,77.00000000
2018-03-01 08:02:45,0.00045208,64.00000000
2018-03-01 08:02:45,0.00045200,12.00000000
2018-03-01 08:02:45,0.00045149,74.00000000
2018-03-01 08:02:45,0.00045149,2.00000000
2018-03-01 08:02:45,0.00045145,8.00000000
2018-03-01 08:02:45,0.00045138,18.00000000
2018-03-01 08:02:46,0.00045222,365.00000000
2018-03-01 08:02:46,0.00045222,18.00000000
2018-03-01 08:02:56,0.00045224,116.00000000
2018-03-01 08:02:56,0.00045319,75.00000000
2018-03-01 08:02:56,0.00045319,40.00000000
2018-03-01 08:02:56,0.00045319,17.00000000
2018-03-01 08:02:56,0.00045319,116.00000000
2018-03-01 08:02:57,0.00045319,35.00000000
2018-03-01 08:02:57,0.00045319,40.00000000
2018-03-01 08:02:57,0.00045320,1606.00000000
2018-03-01 08:02:59,0.00045156,150.00000000
2018-03-01 08:03:06,0.00045295,11.00000000
2018-03-01 08:03:06,0.00045318,21.00000000
2018-03-01 08:03:06,0.00045319,18.00000000
2018-03-01 08:03:11,0.00045319,35.00000000
2018-03-01 08:03:11,0.00045320,512.00000000
2018-03-01 08:03:25,0.00045241,10.00000000
2018-03-01 08:03:25,0.00045240,17.00000000
2018-03-01 08:03:26,0.00045240,20.00000000
2018-03-01 08:03:27,0.00045240,22.00000000
2018-03-01 08:03:33,0.00045311,150.00000000
2018-03-01 08:03:34,0.00045311,36.00000000
2018-03-01 08:03:35,0.00045311,6.00000000
2018-03-01 08:03:36,0.00045311,11.00000000
2018-03-01 08:03:37,0.00045311,10.00000000
2018-03-01 08:03:41,0.00045311,35.00000000
2018-03-01 08:03:42,0.00045313,247.00000000
2018-03-01 08:03:43,0.00045311,91.00000000
2018-03-01 08:03:43,0.00045311,226.00000000
2018-03-01 08:03:46,0.00045311,92.00000000
2018-03-01 08:03:51,0.00045311,18.00000000
2018-03-01 08:03:59,0.00045313,452.00000000
2018-03-01 08:04:01,0.00045313,12.00000000
2018-03-01 08:04:02,0.00045313,35.00000000
2018-03-01 08:04:10,0.00045312,26.00000000
2018-03-01 08:04:11,0.00045320,455.00000000
2018-03-01 08:04:12,0.00045321,34.00000000
2018-03-01 08:04:15,0.00045335,4.00000000
2018-03-01 08:04:26,0.00045336,23.00000000
2018-03-01 08:04:26,0.00045344,3.00000000
2018-03-01 08:04:26,0.00045360,1350.00000000
2018-03-01 08:04:32,0.00045336,80.00000000
2018-03-01 08:04:37,0.00045360,53.00000000
2018-03-01 08:04:39,0.00045360,80.00000000
2018-03-01 08:04:40,0.00045344,88.00000000
2018-03-01 08:04:41,0.00045344,29.00000000
2018-03-01 08:04:51,0.00045360,736.00000000
2018-03-01 08:04:55,0.00045360,201.00000000
2018-03-01 08:04:58,0.00045360,52.00000000
2018-03-01 08:05:05,0.00045345,50.00000000
2018-03-01 08:05:05,0.00045345,99.00000000
2018-03-01 08:05:07,0.00045369,153.00000000
2018-03-01 08:05:07,0.00045369,70.00000000
2018-03-01 08:05:08,0.00045371,12.00000000
2018-03-01 08:05:08,0.00045400,5.00000000
2018-03-01 08:05:09,0.00045369,116.00000000
2018-03-01 08:05:09,0.00045369,3.00000000
2018-03-01 08:05:10,0.00045369,34.00000000
2018-03-01 08:05:11,0.00045400,5.00000000
2018-03-01 08:05:12,0.00045400,17.00000000
2018-03-01 08:05:12,0.00045400,483.00000000
2018-03-01 08:05:13,0.00045362,30.00000000
2018-03-01 08:05:14,0.00045362,30.00000000
2018-03-01 08:05:14,0.00045362,30.00000000
2018-03-01 08:05:16,0.00045361,30.00000000
2018-03-01 08:05:17,0.00045360,250.00000000
2018-03-01 08:05:17,0.00045351,220.00000000
2018-03-01 08:05:17,0.00045442,159.00000000
2018-03-01 08:05:18,0.00045362,9.00000000
2018-03-01 08:05:18,0.00045442,47.00000000
2018-03-01 08:05:18,0.00045363,3.00000000
2018-03-01 08:05:18,0.00045442,14.00000000
2018-03-01 08:05:18,0.00045444,1.00000000
2018-03-01 08:05:19,0.00045363,446.00000000
2018-03-01 08:05:24,0.00045363,29.00000000
2018-03-01 08:05:27,0.00045445,11.00000000
2018-03-01 08:05:27,0.00045485,29.00000000
2018-03-01 08:05:27,0.00045490,3.00000000
2018-03-01 08:05:27,0.00045495,19.00000000
2018-03-01 08:05:27,0.00045500,88.00000000
2018-03-01 08:05:29,0.00045398,216.00000000
2018-03-01 08:05:31,0.00045399,10.00000000
2018-03-01 08:05:31,0.00045397,3.00000000
2018-03-01 08:05:33,0.00045391,11.00000000
2018-03-01 08:05:33,0.00045476,80.00000000
2018-03-01 08:05:38,0.00045421,136.00000000
2018-03-01 08:05:38,0.00045423,10.00000000
2018-03-01 08:05:38,0.00045466,73.00000000
2018-03-01 08:05:39,0.00045418,48.00000000
2018-03-01 08:05:39,0.00045418,30.00000000
2018-03-01 08:05:42,0.00045421,32.00000000
2018-03-01 08:05:43,0.00045422,43.00000000
2018-03-01 08:05:43,0.00045421,36.00000000
2018-03-01 08:05:43,0.00045421,108.00000000
2018-03-01 08:05:43,0.00045421,30.00000000
2018-03-01 08:05:44,0.00045497,14.00000000
2018-03-01 08:05:44,0.00045498,13.00000000
2018-03-01 08:05:44,0.00045500,539.00000000
2018-03-01 08:05:47,0.00045421,20.00000000
2018-03-01 08:05:51,0.00045499,13.00000000
2018-03-01 08:05:51,0.00045500,592.00000000
2018-03-01 08:05:51,0.00045509,13.00000000
2018-03-01 08:05:51,0.00045515,30.00000000
2018-03-01 08:05:51,0.00045550,72.00000000
2018-03-01 08:05:51,0.00045550,72.00000000
2018-03-01 08:05:51,0.00045550,30.00000000
2018-03-01 08:05:51,0.00045550,557.00000000
2018-03-01 08:05:51,0.00045550,30.00000000
2018-03-01 08:05:51,0.00045550,30.00000000
2018-03-01 08:05:51,0.00045550,24.00000000
2018-03-01 08:05:51,0.00045550,24.00000000
2018-03-01 08:05:51,0.00045550,30.00000000
2018-03-01 08:05:51,0.00045550,30.00000000
2018-03-01 08:05:51,0.00045550,12.00000000
2018-03-01 08:05:52,0.00045550,80.00000000
2018-03-01 08:05:52,0.00045550,10.00000000
2018-03-01 08:05:53,0.00045550,10.00000000
2018-03-01 08:05:54,0.00045550,18.00000000
2018-03-01 08:05:55,0.00045550,39.00000000
2018-03-01 08:05:55,0.00045550,22.00000000
2018-03-01 08:05:56,0.00045550,10.00000000
2018-03-01 08:05:59,0.00045550,30.00000000
2018-03-01 08:06:00,0.00045550,974.00000000
2018-03-01 08:06:00,0.00045550,803.00000000
2018-03-01 08:06:00,0.00045550,472.00000000
2018-03-01 08:06:00,0.00045550,233.00000000
2018-03-01 08:06:00,0.00045550,107.00000000
2018-03-01 08:06:01,0.00045550,11.00000000
2018-03-01 08:06:02,0.00045550,53.00000000
2018-03-01 08:06:02,0.00045551,5.00000000
2018-03-01 08:06:02,0.00045554,2163.00000000
2018-03-01 08:06:03,0.00045554,14.00000000
2018-03-01 08:06:04,0.00045510,45.00000000
2018-03-01 08:06:04,0.00045509,26.00000000
2018-03-01 08:06:04,0.00045554,1785.00000000
2018-03-01 08:06:04,0.00045555,5.00000000
2018-03-01 08:06:05,0.00045573,8.00000000
2018-03-01 08:06:05,0.00045598,105.00000000
2018-03-01 08:06:05,0.00045598,36.00000000
2018-03-01 08:06:05,0.00045599,67.00000000
2018-03-01 08:06:05,0.00045560,18.00000000
2018-03-01 08:06:05,0.00045560,156.00000000
2018-03-01 08:06:06,0.00045560,20.00000000
2018-03-01 08:06:10,0.00045604,42.00000000
2018-03-01 08:06:10,0.00045604,51.00000000
2018-03-01 08:06:11,0.00045515,20.00000000
2018-03-01 08:06:14,0.00045604,37.00000000
2018-03-01 08:06:15,0.00045516,27.00000000
2018-03-01 08:06:15,0.00045602,20.00000000
2018-03-01 08:06:15,0.00045604,63.00000000
2018-03-01 08:06:15,0.00045604,171.00000000
2018-03-01 08:06:15,0.00045604,102.00000000
2018-03-01 08:06:16,0.00045604,25.00000000
2018-03-01 08:06:16,0.00045565,71.00000000
2018-03-01 08:06:16,0.00045619,25.00000000
2018-03-01 08:06:16,0.00045620,51.00000000
2018-03-01 08:06:16,0.00045624,21.00000000
2018-03-01 08:06:18,0.00045574,3.00000000
2018-03-01 08:06:18,0.00045694,79.00000000
2018-03-01 08:06:19,0.00045575,11.00000000
2018-03-01 08:06:19,0.00045645,47.00000000
2018-03-01 08:06:19,0.00045699,35.00000000
2018-03-01 08:06:19,0.00045708,35.00000000
2018-03-01 08:06:19,0.00045715,54.00000000
2018-03-01 08:06:19,0.00045720,8.00000000
2018-03-01 08:06:19,0.00045726,220.00000000
2018-03-01 08:06:20,0.00045594,137.00000000
2018-03-01 08:06:21,0.00045597,43.00000000
2018-03-01 08:06:25,0.00045722,5.00000000
2018-03-01 08:06:25,0.00045613,19.00000000
2018-03-01 08:06:27,0.00045694,22.00000000
2018-03-01 08:06:28,0.00045694,8.00000000
2018-03-01 08:06:30,0.00045604,113.00000000
2018-03-01 08:06:30,0.00045600,171.00000000
2018-03-01 08:06:30,0.00045597,196.00000000
2018-03-01 08:06:30,0.00045592,26.00000000
2018-03-01 08:06:30,0.00045587,65.00000000
2018-03-01 08:06:30,0.00045565,4584.00000000
2018-03-01 08:06:32,0.00045566,12.00000000
2018-03-01 08:06:32,0.00045565,30.00000000
2018-03-01 08:06:33,0.00045611,5.00000000
2018-03-01 08:06:34,0.00045611,33.00000000
2018-03-01 08:06:35,0.00045611,34.00000000
2018-03-01 08:06:35,0.00045611,31.00000000
2018-03-01 08:06:35,0.00045611,400.00000000
2018-03-01 08:06:36,0.00045611,3.00000000
2018-03-01 08:06:36,0.00045661,53.00000000
2018-03-01 08:06:37,0.00045611,11.00000000
2018-03-01 08:06:39,0.00045658,149.00000000
2018-03-01 08:06:39,0.00045660,25.00000000
2018-03-01 08:06:39,0.00045672,76.00000000
2018-03-01 08:06:39,0.00045681,7.00000000
2018-03-01 08:06:39,0.00045694,8.00000000
2018-03-01 08:06:39,0.00045725,32.00000000
2018-03-01 08:06:40,0.00045616,8.00000000
2018-03-01 08:06:40,0.00045725,175.00000000
2018-03-01 08:06:41,0.00045724,12.00000000
2018-03-01 08:06:41,0.00045725,101.00000000
2018-03-01 08:06:41,0.00045725,240.00000000
2018-03-01 08:06:41,0.00045725,5.00000000
2018-03-01 08:06:43,0.00045726,185.00000000
2018-03-01 08:06:44,0.00045672,87.00000000
2018-03-01 08:06:44,0.00045672,5.00000000
2018-03-01 08:06:44,0.00045726,405.00000000
2018-03-01 08:06:44,0.00045748,133.00000000
2018-03-01 08:06:44,0.00045752,3.00000000
2018-03-01 08:06:44,0.00045756,189.00000000
2018-03-01 08:06:45,0.00045780,142.00000000
2018-03-01 08:06:45,0.00045780,128.00000000
2018-03-01 08:06:47,0.00045779,24.00000000
2018-03-01 08:06:47,0.00045788,5.00000000
2018-03-01 08:06:47,0.00045788,16.00000000
2018-03-01 08:06:47,0.00045800,184.00000000
2018-03-01 08:06:48,0.00045800,42.00000000
2018-03-01 08:06:48,0.00045779,5.00000000
2018-03-01 08:06:49,0.00045702,8.00000000
2018-03-01 08:06:50,0.00045800,154.00000000
2018-03-01 08:06:50,0.00045837,26.00000000
2018-03-01 08:06:50,0.00045850,479.00000000
2018-03-01 08:06:50,0.00045869,19.00000000
2018-03-01 08:06:50,0.00045880,200.00000000
2018-03-01 08:06:50,0.00045897,200.00000000
2018-03-01 08:06:50,0.00045898,749.00000000
2018-03-01 08:06:50,0.00045708,5.00000000
2018-03-01 08:06:51,0.00045713,93.00000000
2018-03-01 08:06:51,0.00045789,21.00000000
2018-03-01 08:06:51,0.00045791,10.00000000
2018-03-01 08:06:51,0.00045898,40.00000000
2018-03-01 08:06:51,0.00045899,1100.00000000
2018-03-01 08:06:51,0.00045900,1332.00000000
2018-03-01 08:06:51,0.00045900,182.00000000
2018-03-01 08:06:51,0.00045900,114.00000000
2018-03-01 08:06:51,0.00045900,165.00000000
2018-03-01 08:06:51,0.00045900,2752.00000000
2018-03-01 08:06:53,0.00045896,10.00000000
2018-03-01 08:06:53,0.00045897,27.00000000
2018-03-01 08:06:53,0.00045898,413.00000000
2018-03-01 08:06:54,0.00045897,90.00000000
2018-03-01 08:06:54,0.00045898,113.00000000
2018-03-01 08:06:54,0.00045900,829.00000000
2018-03-01 08:06:54,0.00045920,45.00000000
2018-03-01 08:06:54,0.00045923,791.00000000
2018-03-01 08:06:54,0.00045950,43.00000000
2018-03-01 08:06:54,0.00045960,170.00000000
2018-03-01 08:06:54,0.00045960,933.00000000
2018-03-01 08:06:54,0.00045960,829.00000000
2018-03-01 08:06:54,0.00045960,3716.00000000
2018-03-01 08:06:54,0.00045960,10.00000000
2018-03-01 08:06:54,0.00045960,7.00000000
2018-03-01 08:06:54,0.00045960,172.00000000
2018-03-01 08:06:54,0.00045960,21.00000000
2018-03-01 08:06:54,0.00045960,28.00000000
2018-03-01 08:06:54,0.00045980,37.00000000
2018-03-01 08:06:54,0.00045980,150.00000000
2018-03-01 08:06:54,0.00045961,10.00000000
2018-03-01 08:06:54,0.00045960,16.00000000
2018-03-01 08:06:55,0.00045961,19.00000000
2018-03-01 08:06:55,0.00045961,186.00000000
2018-03-01 08:06:55,0.00045961,19.00000000
2018-03-01 08:06:56,0.00045961,34.00000000
2018-03-01 08:06:56,0.00045961,5.00000000
2018-03-01 08:06:56,0.00045961,490.00000000
2018-03-01 08:06:56,0.00045960,3214.00000000
2018-03-01 08:06:56,0.00045980,8.00000000
2018-03-01 08:06:57,0.00045960,249.00000000
2018-03-01 08:06:57,0.00045960,468.00000000
2018-03-01 08:06:57,0.00045960,12.00000000
2018-03-01 08:06:58,0.00045960,5.00000000
2018-03-01 08:06:58,0.00045960,19.00000000
2018-03-01 08:06:59,0.00045960,11.00000000
2018-03-01 08:06:59,0.00045961,17.00000000
2018-03-01 08:07:00,0.00045961,2.00000000
2018-03-01 08:07:00,0.00045980,48.00000000
2018-03-01 08:07:01,0.00045980,31.00000000
2018-03-01 08:07:02,0.00045961,21.00000000
2018-03-01 08:07:02,0.00045961,89.00000000
2018-03-01 08:07:03,0.00045961,86.00000000
2018-03-01 08:07:03,0.00045960,110.00000000
2018-03-01 08:07:03,0.00045979,58.00000000
2018-03-01 08:07:04,0.00045960,3.00000000
2018-03-01 08:07:07,0.00045962,132.00000000
2018-03-01 08:07:07,0.00045960,306.00000000
2018-03-01 08:07:07,0.00045924,21.00000000
2018-03-01 08:07:07,0.00045856,128.00000000
2018-03-01 08:07:07,0.00045808,26.00000000
2018-03-01 08:07:07,0.00045800,87.00000000
2018-03-01 08:07:08,0.00045800,200.00000000
2018-03-01 08:07:08,0.00045754,18.00000000
2018-03-01 08:07:08,0.00045800,22.00000000
2018-03-01 08:07:09,0.00045754,18.00000000
2018-03-01 08:07:09,0.00045754,6.00000000
2018-03-01 08:07:09,0.00045754,18.00000000
2018-03-01 08:07:09,0.00045754,4.00000000
2018-03-01 08:07:09,0.00045800,100.00000000
2018-03-01 08:07:09,0.00045961,22.00000000
2018-03-01 08:07:09,0.00045756,5.00000000
2018-03-01 08:07:10,0.00045757,16.00000000
2018-03-01 08:07:10,0.00045757,7.00000000
2018-03-01 08:07:10,0.00045760,5.00000000
2018-03-01 08:07:10,0.00045762,4.00000000
2018-03-01 08:07:11,0.00045960,26.00000000
2018-03-01 08:07:11,0.00045897,4.00000000
2018-03-01 08:07:11,0.00045960,7.00000000
2018-03-01 08:07:11,0.00045769,168.00000000
2018-03-01 08:07:12,0.00045769,6.00000000
2018-03-01 08:07:12,0.00045769,3.00000000
2018-03-01 08:07:12,0.00045769,21.00000000
2018-03-01 08:07:12,0.00045769,15.00000000
2018-03-01 08:07:12,0.00045767,6.00000000
2018-03-01 08:07:12,0.00045764,21.00000000
2018-03-01 08:07:12,0.00045761,4.00000000
2018-03-01 08:07:12,0.00045768,6.00000000
2018-03-01 08:07:12,0.00045768,6.00000000
2018-03-01 08:07:12,0.00045768,6.00000000
2018-03-01 08:07:12,0.00045768,11.00000000
2018-03-01 08:07:12,0.00045768,11.00000000
2018-03-01 08:07:13,0.00045768,5.00000000
2018-03-01 08:07:13,0.00045768,12.00000000
2018-03-01 08:07:13,0.00045894,10.00000000
2018-03-01 08:07:14,0.00045769,24.00000000
2018-03-01 08:07:15,0.00045888,213.00000000
2018-03-01 08:07:15,0.00045768,19.00000000
2018-03-01 08:07:15,0.00045768,34.00000000
2018-03-01 08:07:15,0.00045768,200.00000000
2018-03-01 08:07:16,0.00045768,24.00000000
2018-03-01 08:07:16,0.00045768,95.00000000
2018-03-01 08:07:17,0.00045768,20.00000000
2018-03-01 08:07:18,0.00045767,68.00000000
2018-03-01 08:07:18,0.00045767,109.00000000
2018-03-01 08:07:18,0.00045768,101.00000000
2018-03-01 08:07:18,0.00045768,3.00000000
2018-03-01 08:07:20,0.00045755,6.00000000
2018-03-01 08:07:21,0.00045768,20.00000000
2018-03-01 08:07:24,0.00045767,25.00000000
2018-03-01 08:07:24,0.00045754,9.00000000
2018-03-01 08:07:25,0.00045767,9.00000000
2018-03-01 08:07:25,0.00045768,20.00000000
2018-03-01 08:07:25,0.00045755,34.00000000
2018-03-01 08:07:25,0.00045754,41.00000000
2018-03-01 08:07:25,0.00045680,8.00000000
2018-03-01 08:07:25,0.00045680,25.00000000
2018-03-01 08:07:26,0.00045680,275.00000000
2018-03-01 08:07:26,0.00045760,21.00000000
2018-03-01 08:07:26,0.00045760,9.00000000
2018-03-01 08:07:26,0.00045760,20.00000000
2018-03-01 08:07:27,0.00045760,5.00000000
2018-03-01 08:07:27,0.00045767,4.00000000
2018-03-01 08:07:28,0.00045767,85.00000000
2018-03-01 08:07:28,0.00045768,42.00000000
2018-03-01 08:07:28,0.00045768,850.00000000
2018-03-01 08:07:28,0.00045875,128.00000000
2018-03-01 08:07:28,0.00045889,57.00000000
2018-03-01 08:07:28,0.00045890,24.00000000
2018-03-01 08:07:28,0.00045896,16.00000000
2018-03-01 08:07:29,0.00045895,10.00000000
2018-03-01 08:07:29,0.00045896,347.00000000
2018-03-01 08:07:30,0.00045896,115.00000000
2018-03-01 08:07:31,0.00045777,19.00000000
2018-03-01 08:07:31,0.00045883,18.00000000
2018-03-01 08:07:31,0.00045895,25.00000000
2018-03-01 08:07:31,0.00045896,374.00000000
2018-03-01 08:07:31,0.00045897,26.00000000
2018-03-01 08:07:31,0.00045902,114.00000000
2018-03-01 08:07:31,0.00045902,112.00000000
2018-03-01 08:07:31,0.00045902,21.00000000
2018-03-01 08:07:31,0.00045902,105.00000000
2018-03-01 08:07:32,0.00045903,10.00000000
2018-03-01 08:07:32,0.00045902,177.00000000
2018-03-01 08:07:32,0.00045902,13.00000000
2018-03-01 08:07:32,0.00045902,13.00000000
2018-03-01 08:07:34,0.00045959,19.00000000
2018-03-01 08:07:35,0.00045959,481.00000000
2018-03-01 08:07:37,0.00045902,12.00000000
2018-03-01 08:07:37,0.00045902,40.00000000
2018-03-01 08:07:37,0.00045902,20.00000000
2018-03-01 08:07:37,0.00045902,39.00000000
2018-03-01 08:07:37,0.00045902,21.00000000
2018-03-01 08:07:37,0.00045902,13.00000000
2018-03-01 08:07:39,0.00045902,10.00000000
2018-03-01 08:07:39,0.00045902,13.00000000
2018-03-01 08:07:41,0.00045950,13.00000000
2018-03-01 08:07:42,0.00045950,16.00000000
2018-03-01 08:07:42,0.00045950,12.00000000
2018-03-01 08:07:42,0.00045950,10.00000000
2018-03-01 08:07:43,0.00045950,17.00000000
2018-03-01 08:07:43,0.00045950,13.00000000
2018-03-01 08:07:44,0.00045950,46.00000000
2018-03-01 08:07:46,0.00045950,24.00000000
2018-03-01 08:07:46,0.00045950,12.00000000
2018-03-01 08:07:46,0.00045950,124.00000000
2018-03-01 08:07:47,0.00045902,30.00000000
2018-03-01 08:07:48,0.00045950,11.00000000
2018-03-01 08:07:48,0.00045950,105.00000000
2018-03-01 08:07:48,0.00045950,242.00000000
2018-03-01 08:07:49,0.00045950,3.00000000
2018-03-01 08:07:49,0.00045950,3.00000000
2018-03-01 08:07:49,0.00045950,40.00000000
2018-03-01 08:07:50,0.00045950,270.00000000
2018-03-01 08:07:52,0.00045840,22.00000000
2018-03-01 08:07:52,0.00045840,3.00000000
2018-03-01 08:07:55,0.00045850,48.00000000
2018-03-01 08:07:58,0.00045853,14.00000000
2018-03-01 08:08:02,0.00045950,5.00000000
2018-03-01 08:08:02,0.00045953,30.00000000
2018-03-01 08:08:02,0.00045954,646.00000000
2018-03-01 08:08:02,0.00045961,109.00000000
2018-03-01 08:08:02,0.00045979,401.00000000
2018-03-01 08:08:02,0.00045980,4.00000000
2018-03-01 08:08:02,0.00045984,19.00000000
2018-03-01 08:08:02,0.00045985,14.00000000
2018-03-01 08:08:03,0.00045945,120.00000000
2018-03-01 08:08:03,0.00045984,10.00000000
2018-03-01 08:08:03,0.00045985,67.00000000
2018-03-01 08:08:03,0.00045989,29.00000000
2018-03-01 08:08:03,0.00045990,57.00000000
2018-03-01 08:08:03,0.00045996,172.00000000
2018-03-01 08:08:07,0.00045865,10.00000000
2018-03-01 08:08:07,0.00045864,10.00000000
2018-03-01 08:08:10,0.00045950,26.00000000
2018-03-01 08:08:11,0.00045949,36.00000000
2018-03-01 08:08:11,0.00045951,10.00000000
2018-03-01 08:08:11,0.00045954,54.00000000
2018-03-01 08:08:11,0.00045954,154.00000000
2018-03-01 08:08:11,0.00045995,13.00000000
2018-03-01 08:08:11,0.00045996,58.00000000
2018-03-01 08:08:12,0.00045996,5.00000000
2018-03-01 08:08:12,0.00045856,5.00000000
2018-03-01 08:08:12,0.00045856,5.00000000
2018-03-01 08:08:20,0.00045993,10.00000000
2018-03-01 08:08:21,0.00045899,98.00000000
2018-03-01 08:08:21,0.00045899,106.00000000
2018-03-01 08:08:21,0.00045897,10.00000000
2018-03-01 08:08:21,0.00045894,87.00000000
2018-03-01 08:08:21,0.00045886,1.00000000
2018-03-01 08:08:22,0.00045886,29.00000000
2018-03-01 08:08:22,0.00045886,30.00000000
2018-03-01 08:08:22,0.00045860,40.00000000
2018-03-01 08:08:23,0.00045860,30.00000000
2018-03-01 08:08:24,0.00045860,53.00000000
2018-03-01 08:08:25,0.00045860,30.00000000
2018-03-01 08:08:25,0.00045859,321.00000000
2018-03-01 08:08:26,0.00045857,13.00000000
2018-03-01 08:08:26,0.00045856,15.00000000
2018-03-01 08:08:26,0.00045862,4.00000000
2018-03-01 08:08:26,0.00045853,679.00000000
2018-03-01 08:08:29,0.00045860,20.00000000
2018-03-01 08:08:29,0.00045860,5.00000000
2018-03-01 08:08:30,0.00045914,3.00000000
2018-03-01 08:08:32,0.00045898,10.00000000
2018-03-01 08:08:32,0.00045899,204.00000000
2018-03-01 08:08:33,0.00045899,7.00000000
2018-03-01 08:08:33,0.00045944,14.00000000
2018-03-01 08:08:38,0.00045898,5.00000000
2018-03-01 08:08:38,0.00045898,21.00000000
2018-03-01 08:08:38,0.00045944,128.00000000
2018-03-01 08:08:39,0.00045861,16.00000000
2018-03-01 08:08:41,0.00045861,4.00000000
2018-03-01 08:08:42,0.00045860,10.00000000
2018-03-01 08:08:55,0.00045861,132.00000000
2018-03-01 08:08:55,0.00045860,368.00000000
2018-03-01 08:08:55,0.00045860,1333.00000000
2018-03-01 08:08:55,0.00045854,1001.00000000
2018-03-01 08:08:58,0.00045854,252.00000000
2018-03-01 08:09:02,0.00045854,2818.00000000
2018-03-01 08:09:02,0.00045860,5.00000000
2018-03-01 08:09:02,0.00045890,100.00000000
2018-03-01 08:09:02,0.00045910,25.00000000
2018-03-01 08:09:02,0.00045943,10.00000000
2018-03-01 08:09:02,0.00045944,28.00000000
2018-03-01 08:09:02,0.00045950,10.00000000
2018-03-01 08:09:02,0.00045997,43.00000000
2018-03-01 08:09:02,0.00045998,487.00000000
2018-03-01 08:09:02,0.00045999,44.00000000
2018-03-01 08:09:02,0.00046000,1146.00000000
2018-03-01 08:09:02,0.00046000,542.00000000
2018-03-01 08:09:03,0.00045864,218.00000000
2018-03-01 08:09:03,0.00045862,10.00000000
2018-03-01 08:09:03,0.00045859,38.00000000
2018-03-01 08:09:13,0.00045954,72.00000000
2018-03-01 08:09:16,0.00045945,146.00000000
2018-03-01 08:09:16,0.00045947,10.00000000
2018-03-01 08:09:16,0.00045965,38.00000000
2018-03-01 08:09:16,0.00045976,30.00000000
2018-03-01 08:09:16,0.00045994,753.00000000
2018-03-01 08:09:16,0.00045995,3739.00000000
2018-03-01 08:09:16,0.00045976,30.00000000
2018-03-01 08:09:16,0.00045995,32.00000000
2018-03-01 08:09:17,0.00045865,30.00000000
2018-03-01 08:09:20,0.00045995,30.00000000
2018-03-01 08:09:21,0.00045955,107.00000000
2018-03-01 08:09:21,0.00045955,78.00000000
2018-03-01 08:09:22,0.00045955,227.00000000
2018-03-01 08:09:25,0.00045995,533.00000000
2018-03-01 08:09:26,0.00045999,174.00000000
2018-03-01 08:09:26,0.00046000,372.00000000
2018-03-01 08:09:26,0.00046000,594.00000000
2018-03-01 08:09:26,0.00046000,643.00000000
2018-03-01 08:09:26,0.00046000,518.00000000
2018-03-01 08:09:26,0.00046000,311.00000000
2018-03-01 08:09:26,0.00046010,19.00000000
2018-03-01 08:09:27,0.00046000,649.00000000
2018-03-01 08:09:27,0.00046026,9.00000000
2018-03-01 08:09:27,0.00046030,5.00000000
2018-03-01 08:09:27,0.00046060,58.00000000
2018-03-01 08:09:27,0.00046061,19.00000000
2018-03-01 08:09:30,0.00046099,11.00000000
2018-03-01 08:09:30,0.00046008,217.00000000
2018-03-01 08:09:30,0.00046006,283.00000000
2018-03-01 08:09:31,0.00046097,108.00000000
2018-03-01 08:09:32,0.00046022,109.00000000
2018-03-01 08:09:32,0.00046024,21.00000000
2018-03-01 08:09:32,0.00046099,19.00000000
2018-03-01 08:09:32,0.00046100,108.00000000
2018-03-01 08:09:35,0.00046008,215.00000000
2018-03-01 08:09:35,0.00046007,30.00000000
2018-03-01 08:09:35,0.00046006,175.00000000
2018-03-01 08:09:35,0.00046003,56.00000000
2018-03-01 08:09:35,0.00046000,3069.00000000
2018-03-01 08:09:35,0.00045956,30.00000000
2018-03-01 08:09:35,0.00045939,128.00000000
2018-03-01 08:09:35,0.00045900,21.00000000
2018-03-01 08:09:35,0.00045867,40.00000000
2018-03-01 08:09:35,0.00045861,2479.00000000
2018-03-01 08:09:36,0.00046009,4.00000000
2018-03-01 08:09:36,0.00045998,5.00000000
2018-03-01 08:09:36,0.00046095,215.00000000
2018-03-01 08:09:36,0.00046097,30.00000000
2018-03-01 08:09:36,0.00046100,627.00000000
2018-03-01 08:09:36,0.00046100,30.00000000
2018-03-01 08:09:36,0.00046100,126.00000000
2018-03-01 08:09:37,0.00046090,3.00000000
2018-03-01 08:09:37,0.00045989,41.00000000
2018-03-01 08:09:37,0.00045989,4.00000000
2018-03-01 08:09:38,0.00046090,16.00000000
2018-03-01 08:09:39,0.00046090,67.00000000
2018-03-01 08:09:39,0.00046091,3.00000000
2018-03-01 08:09:39,0.00046153,128.00000000
2018-03-01 08:09:39,0.00046167,3.00000000
2018-03-01 08:09:39,0.00046187,200.00000000
2018-03-01 08:09:39,0.00046190,97.00000000
2018-03-01 08:09:39,0.00046190,19.00000000
2018-03-01 08:09:39,0.00046189,45.00000000
2018-03-01 08:09:39,0.00046191,4.00000000
2018-03-01 08:09:39,0.00046201,23.00000000
2018-03-01 08:09:39,0.00046220,5.00000000
2018-03-01 08:09:39,0.00046221,151.00000000
2018-03-01 08:09:39,0.00046222,21.00000000
2018-03-01 08:09:39,0.00046230,19.00000000
2018-03-01 08:09:39,0.00046240,61.00000000
2018-03-01 08:09:39,0.00046258,40.00000000
2018-03-01 08:09:39,0.00046296,19.00000000
2018-03-01 08:09:39,0.00046300,84.00000000
2018-03-01 08:09:39,0.00046317,4.00000000
2018-03-01 08:09:39,0.00046326,205.00000000
2018-03-01 08:09:39,0.00046326,239.00000000
2018-03-01 08:09:39,0.00046010,74.00000000
2018-03-01 08:09:39,0.00046000,7.00000000
2018-03-01 08:09:44,0.00046103,4.00000000
2018-03-01 08:09:46,0.00046156,30.00000000
2018-03-01 08:09:47,0.00046158,214.00000000
2018-03-01 08:09:47,0.00046156,30.00000000
2018-03-01 08:09:47,0.00046157,10.00000000
2018-03-01 08:09:48,0.00046153,21.00000000
2018-03-01 08:09:49,0.00046135,10.00000000
2018-03-01 08:09:51,0.00046145,187.00000000
2018-03-01 08:09:52,0.00046145,27.00000000
2018-03-01 08:09:52,0.00046147,7.00000000
2018-03-01 08:09:52,0.00046150,33.00000000
2018-03-01 08:09:52,0.00046200,8.00000000
2018-03-01 08:09:52,0.00046153,45.00000000
2018-03-01 08:09:54,0.00046294,10.00000000
2018-03-01 08:09:54,0.00046295,18.00000000
2018-03-01 08:09:54,0.00046312,30.00000000
2018-03-01 08:09:54,0.00046313,753.00000000
2018-03-01 08:09:54,0.00046324,13.00000000
2018-03-01 08:09:55,0.00046221,45.00000000
2018-03-01 08:09:56,0.00046221,141.00000000
2018-03-01 08:09:56,0.00046324,134.00000000
2018-03-01 08:09:56,0.00046327,20.00000000
2018-03-01 08:09:56,0.00046329,30.00000000
2018-03-01 08:09:56,0.00046360,3.00000000
2018-03-01 08:09:56,0.00046389,8.00000000
2018-03-01 08:09:56,0.00046392,8.00000000
2018-03-01 08:09:56,0.00046397,21.00000000
2018-03-01 08:09:56,0.00046399,11.00000000
2018-03-01 08:09:56,0.00046400,203.00000000
2018-03-01 08:09:56,0.00046422,40.00000000
2018-03-01 08:09:56,0.00046455,53.00000000
2018-03-01 08:09:57,0.00046224,26.00000000
2018-03-01 08:09:57,0.00046222,23.00000000
2018-03-01 08:09:57,0.00046220,33.00000000
2018-03-01 08:09:59,0.00046225,86.00000000
2018-03-01 08:09:59,0.00046220,184.00000000
2018-03-01 08:10:02,0.00046220,660.00000000
2018-03-01 08:10:02,0.00046218,54.00000000
2018-03-01 08:10:02,0.00046200,117.00000000
2018-03-01 08:10:02,0.00046197,21.00000000
2018-03-01 08:10:02,0.00046156,30.00000000
2018-03-01 08:10:02,0.00046153,359.00000000
2018-03-01 08:10:02,0.00046146,753.00000000
2018-03-01 08:10:02,0.00046135,507.00000000
2018-03-01 08:10:02,0.00046100,1357.00000000
2018-03-01 08:10:02,0.00046097,1761.00000000
2018-03-01 08:10:02,0.00046156,30.00000000
2018-03-01 08:10:02,0.00046097,241.00000000
2018-03-01 08:10:02,0.00046092,5.00000000
2018-03-01 08:10:02,0.00046078,40.00000000
2018-03-01 08:10:02,0.00046007,129.00000000
2018-03-01 08:10:02,0.00046000,236.00000000
2018-03-01 08:10:02,0.00046220,291.00000000
2018-03-01 08:10:02,0.00046220,264.00000000
2018-03-01 08:10:02,0.00046156,27.00000000
2018-03-01 08:10:02,0.00046156,3.00000000
2018-03-01 08:10:02,0.00046098,288.00000000
2018-03-01 08:10:02,0.00046098,190.00000000
2018-03-01 08:10:02,0.00046156,30.00000000
2018-03-01 08:10:02,0.00046098,70.00000000
2018-03-01 08:10:02,0.00046098,100.00000000
2018-03-01 08:10:02,0.00046098,100.00000000
2018-03-01 08:10:03,0.00046164,78.00000000
2018-03-01 08:10:03,0.00046098,147.00000000
2018-03-01 08:10:03,0.00046000,30.00000000
2018-03-01 08:10:03,0.00045982,55.00000000
2018-03-01 08:10:03,0.00045982,206.00000000
2018-03-01 08:10:04,0.00046160,54.00000000
2018-03-01 08:10:05,0.00045998,26.00000000
2018-03-01 08:10:05,0.00046145,10.00000000
2018-03-01 08:10:05,0.00046146,134.00000000
2018-03-01 08:10:05,0.00046148,21.00000000
2018-03-01 08:10:05,0.00046160,62.00000000
2018-03-01 08:10:05,0.00046277,23.00000000
2018-03-01 08:10:05,0.00046280,13.00000000
2018-03-01 08:10:05,0.00046299,753.00000000
2018-03-01 08:10:05,0.00046300,1000.00000000
2018-03-01 08:10:05,0.00046314,116.00000000
2018-03-01 08:10:05,0.00046321,288.00000000
2018-03-01 08:10:05,0.00046322,4.00000000
2018-03-01 08:10:05,0.00046326,3782.00000000
2018-03-01 08:10:06,0.00046145,30.00000000
2018-03-01 08:10:06,0.00046200,8.00000000
2018-03-01 08:10:06,0.00046200,30.00000000
2018-03-01 08:10:06,0.00046200,30.00000000
2018-03-01 08:10:06,0.00046200,30.00000000
2018-03-01 08:10:06,0.00046200,30.00000000
2018-03-01 08:10:06,0.00046200,4.00000000
2018-03-01 08:10:06,0.00046200,4.00000000
2018-03-01 08:10:06,0.00046145,16.00000000
2018-03-01 08:10:06,0.00046202,12.00000000
2018-03-01 08:10:06,0.00046204,10.00000000
2018-03-01 08:10:06,0.00046203,14.00000000
2018-03-01 08:10:07,0.00046203,13.00000000
2018-03-01 08:10:09,0.00046254,28.00000000
2018-03-01 08:10:10,0.00046254,5.00000000
2018-03-01 08:10:11,0.00046279,27.00000000
2018-03-01 08:10:11,0.00046280,32.00000000
2018-03-01 08:10:12,0.00046156,30.00000000
2018-03-01 08:10:12,0.00046153,32.00000000
2018-03-01 08:10:12,0.00046146,20.00000000
2018-03-01 08:10:12,0.00046135,76.00000000
2018-03-01 08:10:12,0.00046103,12.00000000
2018-03-01 08:10:12,0.00046077,21.00000000
2018-03-01 08:10:12,0.00046036,745.00000000
2018-03-01 08:10:12,0.00046229,5.00000000
2018-03-01 08:10:12,0.00046159,7.00000000
2018-03-01 08:10:14,0.00046229,6.00000000
2018-03-01 08:10:14,0.00046162,44.00000000
2018-03-01 08:10:14,0.00046164,7.00000000
2018-03-01 08:10:14,0.00046164,19.00000000
2018-03-01 08:10:14,0.00046165,53.00000000
2018-03-01 08:10:14,0.00046162,10.00000000
2018-03-01 08:10:14,0.00046037,31.00000000
2018-03-01 08:10:17,0.00046170,5.00000000
2018-03-01 08:10:18,0.00046268,31.00000000
2018-03-01 08:10:18,0.00046270,10.00000000
2018-03-01 08:10:18,0.00046271,559.00000000
2018-03-01 08:10:18,0.00046229,9.00000000
2018-03-01 08:10:19,0.00046066,217.00000000
2018-03-01 08:10:19,0.00046064,460.00000000
2018-03-01 08:10:19,0.00046037,9.00000000
2018-03-01 08:10:19,0.00046035,27.00000000
2018-03-01 08:10:19,0.00046023,9.00000000
2018-03-01 08:10:19,0.00046000,106.00000000
2018-03-01 08:10:19,0.00046000,108.00000000
2018-03-01 08:10:20,0.00046066,10.00000000
2018-03-01 08:10:20,0.00046086,3.00000000
2018-03-01 08:10:21,0.00046086,7.00000000
2018-03-01 08:10:22,0.00046065,19.00000000
2018-03-01 08:10:22,0.00046064,186.00000000
2018-03-01 08:10:22,0.00046064,12.00000000
2018-03-01 08:10:22,0.00046066,174.00000000
2018-03-01 08:10:22,0.00046066,12.00000000
2018-03-01 08:10:23,0.00046024,5.00000000
2018-03-01 08:10:23,0.00046202,80.00000000
2018-03-01 08:10:23,0.00046202,10.00000000
2018-03-01 08:10:23,0.00046202,12.00000000
2018-03-01 08:10:23,0.00046202,22.00000000
2018-03-01 08:10:23,0.00046202,148.00000000
2018-03-01 08:10:23,0.00046231,186.00000000
2018-03-01 08:10:24,0.00046232,535.00000000
2018-03-01 08:10:24,0.00046233,86.00000000
2018-03-01 08:10:24,0.00046238,516.00000000
2018-03-01 08:10:24,0.00046241,21.00000000
2018-03-01 08:10:24,0.00046261,173.00000000
2018-03-01 08:10:24,0.00046263,30.00000000
2018-03-01 08:10:24,0.00046268,139.00000000
2018-03-01 08:10:24,0.00046268,193.00000000
2018-03-01 08:10:24,0.00046272,581.00000000
2018-03-01 08:10:24,0.00046231,11.00000000
2018-03-01 08:10:24,0.00046231,4.00000000
2018-03-01 08:10:24,0.00046231,24.00000000
2018-03-01 08:10:24,0.00046231,5.00000000
2018-03-01 08:10:24,0.00046231,23.00000000
2018-03-01 08:10:24,0.00046231,9.00000000
2018-03-01 08:10:25,0.00046231,80.00000000
2018-03-01 08:10:26,0.00046232,586.00000000
2018-03-01 08:10:26,0.00046268,70.00000000
2018-03-01 08:10:26,0.00046272,225.00000000
2018-03-01 08:10:26,0.00046231,7.00000000
2018-03-01 08:10:26,0.00046231,3.00000000
2018-03-01 08:10:26,0.00046231,11.00000000
2018-03-01 08:10:28,0.00046232,20.00000000
2018-03-01 08:10:29,0.00046239,80.00000000
2018-03-01 08:10:29,0.00046272,220.00000000
2018-03-01 08:10:30,0.00046232,6.00000000
2018-03-01 08:10:31,0.00046232,36.00000000
2018-03-01 08:10:31,0.00046272,845.00000000
2018-03-01 08:10:32,0.00046271,26.00000000
2018-03-01 08:10:32,0.00046272,260.00000000
2018-03-01 08:10:33,0.00046272,206.00000000
2018-03-01 08:10:33,0.00046272,528.00000000
2018-03-01 08:10:33,0.00046278,13.00000000
2018-03-01 08:10:33,0.00046278,120.00000000
2018-03-01 08:10:34,0.00046278,6.00000000
2018-03-01 08:10:34,0.00046278,154.00000000
2018-03-01 08:10:35,0.00046250,346.00000000
2018-03-01 08:10:35,0.00046280,19.00000000
2018-03-01 08:10:38,0.00046280,752.00000000
2018-03-01 08:10:40,0.00046237,253.00000000
2018-03-01 08:10:40,0.00046272,20.00000000
2018-03-01 08:10:41,0.00046272,152.00000000
2018-03-01 08:10:41,0.00046237,10.00000000
2018-03-01 08:10:45,0.00046272,936.00000000
2018-03-01 08:10:47,0.00046272,613.00000000
2018-03-01 08:10:51,0.00046280,64.00000000
2018-03-01 08:10:51,0.00046272,20.00000000
2018-03-01 08:10:53,0.00046272,89.00000000
2018-03-01 08:10:54,0.00046280,12.00000000
2018-03-01 08:10:54,0.00046280,8.00000000
2018-03-01 08:10:55,0.00046326,34.00000000
2018-03-01 08:10:56,0.00046326,120.00000000
2018-03-01 08:10:56,0.00046326,22.00000000
2018-03-01 08:10:57,0.00046280,4.00000000
2018-03-01 08:11:00,0.00046326,369.00000000
2018-03-01 08:11:06,0.00046326,107.00000000
2018-03-01 08:11:06,0.00046326,34.00000000
2018-03-01 08:11:07,0.00046326,46.00000000
2018-03-01 08:11:07,0.00046281,42.00000000
2018-03-01 08:11:07,0.00046326,187.00000000
2018-03-01 08:11:07,0.00046326,82.00000000
2018-03-01 08:11:08,0.00046326,92.00000000
2018-03-01 08:11:08,0.00046326,51.00000000
2018-03-01 08:11:08,0.00046326,11.00000000
2018-03-01 08:11:08,0.00046326,934.00000000
2018-03-01 08:11:08,0.00046281,448.00000000
2018-03-01 08:11:08,0.00046280,902.00000000
2018-03-01 08:11:08,0.00046272,504.00000000
2018-03-01 08:11:08,0.00046236,303.00000000
2018-03-01 08:11:08,0.00046233,86.00000000
2018-03-01 08:11:08,0.00046231,6269.00000000
2018-03-01 08:11:08,0.00046229,58.00000000
2018-03-01 08:11:08,0.00046222,129.00000000
2018-03-01 08:11:08,0.00046203,18.00000000
2018-03-01 08:11:08,0.00046202,13533.00000000
2018-03-01 08:11:08,0.00046202,3.00000000
2018-03-01 08:11:09,0.00046207,214.00000000
2018-03-01 08:11:09,0.00046205,30.00000000
2018-03-01 08:11:09,0.00046202,4.00000000
2018-03-01 08:11:09,0.00046347,214.00000000
2018-03-01 08:11:09,0.00046349,30.00000000
2018-03-01 08:11:09,0.00046350,256.00000000
2018-03-01 08:11:10,0.00046207,160.00000000
2018-03-01 08:11:10,0.00046272,13.00000000
2018-03-01 08:11:11,0.00046272,28.00000000
2018-03-01 08:11:11,0.00046272,29.00000000
2018-03-01 08:11:11,0.00046272,124.00000000
2018-03-01 08:11:11,0.00046206,41.00000000
2018-03-01 08:11:12,0.00046207,12.00000000
2018-03-01 08:11:12,0.00046207,22.00000000
2018-03-01 08:11:12,0.00046326,4.00000000
2018-03-01 08:11:12,0.00046326,64.00000000
2018-03-01 08:11:13,0.00046326,21.00000000
2018-03-01 08:11:13,0.00046326,111.00000000
2018-03-01 08:11:15,0.00046203,29.00000000
2018-03-01 08:11:15,0.00046203,1.00000000
2018-03-01 08:11:16,0.00046292,160.00000000
2018-03-01 08:11:16,0.00046294,34.00000000
2018-03-01 08:11:16,0.00046297,86.00000000
2018-03-01 08:11:16,0.00046300,90.00000000
2018-03-01 08:11:16,0.00046315,3.00000000
2018-03-01 08:11:17,0.00046315,16.00000000
2018-03-01 08:11:17,0.00046315,46.00000000
2018-03-01 08:11:17,0.00046315,20.00000000
2018-03-01 08:11:17,0.00046315,45.00000000
2018-03-01 08:11:17,0.00046204,1.00000000
2018-03-01 08:11:18,0.00046210,12.00000000
2018-03-01 08:11:18,0.00046210,6.00000000
2018-03-01 08:11:20,0.00046213,197.00000000
2018-03-01 08:11:20,0.00046211,10.00000000
2018-03-01 08:11:20,0.00046208,86.00000000
2018-03-01 08:11:20,0.00046207,30.00000000
2018-03-01 08:11:20,0.00046204,108.00000000
2018-03-01 08:11:20,0.00046203,20.00000000
2018-03-01 08:11:20,0.00046202,49.00000000
2018-03-01 08:11:21,0.00046322,62.00000000
2018-03-01 08:11:21,0.00046319,153.00000000
2018-03-01 08:11:21,0.00046321,10.00000000
2018-03-01 08:11:21,0.00046325,21.00000000
2018-03-01 08:11:21,0.00046345,41.00000000
2018-03-01 08:11:21,0.00046350,206.00000000
2018-03-01 08:11:22,0.00046315,10.00000000
2018-03-01 08:11:23,0.00046281,46.00000000
2018-03-01 08:11:23,0.00046281,54.00000000
2018-03-01 08:11:23,0.00046272,389.00000000
2018-03-01 08:11:24,0.00046281,11.00000000
2018-03-01 08:11:26,0.00046272,7.00000000
2018-03-01 08:11:26,0.00046272,47.00000000
2018-03-01 08:11:28,0.00046281,32.00000000
2018-03-01 08:11:28,0.00046281,10.00000000
2018-03-01 08:11:29,0.00046280,94.00000000
2018-03-01 08:11:29,0.00046207,64.00000000
2018-03-01 08:11:29,0.00046205,3.00000000
2018-03-01 08:11:29,0.00046204,392.00000000
2018-03-01 08:11:29,0.00046272,76.00000000
2018-03-01 08:11:30,0.00046272,10.00000000
2018-03-01 08:11:30,0.00046272,50.00000000
2018-03-01 08:11:30,0.00046272,182.00000000
2018-03-01 08:11:30,0.00046272,40.00000000
2018-03-01 08:11:31,0.00046272,20.00000000
2018-03-01 08:11:32,0.00046272,221.00000000
2018-03-01 08:11:32,0.00046279,24.00000000
2018-03-01 08:11:32,0.00046280,216.00000000
2018-03-01 08:11:32,0.00046325,25.00000000
2018-03-01 08:11:32,0.00046272,84.00000000
2018-03-01 08:11:40,0.00046280,11.00000000
2018-03-01 08:11:41,0.00046318,29.00000000
2018-03-01 08:11:42,0.00046318,45.00000000
2018-03-01 08:11:44,0.00046325,200.00000000
2018-03-01 08:11:45,0.00046319,3.00000000
2018-03-01 08:11:50,0.00046319,6.00000000
2018-03-01 08:11:52,0.00046319,12.00000000
2018-03-01 08:11:53,0.00046324,9.00000000
2018-03-01 08:11:53,0.00046324,24.00000000
2018-03-01 08:11:54,0.00046324,23.00000000
2018-03-01 08:11:54,0.00046325,17.00000000
2018-03-01 08:11:55,0.00046280,1451.00000000
2018-03-01 08:11:55,0.00046279,445.00000000
2018-03-01 08:11:55,0.00046272,7351.00000000
2018-03-01 08:11:57,0.00046272,1428.00000000
2018-03-01 08:11:58,0.00046272,7.00000000
2018-03-01 08:11:58,0.00046210,17.00000000
2018-03-01 08:11:58,0.00046206,30.00000000
2018-03-01 08:11:58,0.00046200,3.00000000
2018-03-01 08:12:00,0.00046160,20.00000000
2018-03-01 08:12:00,0.00046162,6.00000000
2018-03-01 08:12:00,0.00046162,4.00000000
2018-03-01 08:12:00,0.00046160,80.00000000
2018-03-01 08:12:01,0.00046268,5.00000000
2018-03-01 08:12:01,0.00046160,46.00000000
2018-03-01 08:12:02,0.00046163,113.00000000
2018-03-01 08:12:02,0.00046161,24.00000000
2018-03-01 08:12:03,0.00046263,259.00000000
2018-03-01 08:12:03,0.00046265,44.00000000
2018-03-01 08:12:03,0.00046266,86.00000000
2018-03-01 08:12:03,0.00046267,30.00000000
2018-03-01 08:12:03,0.00046270,18.00000000
2018-03-01 08:12:03,0.00046271,59.00000000
2018-03-01 08:12:06,0.00046180,10.00000000
2018-03-01 08:12:07,0.00046180,351.00000000
2018-03-01 08:12:09,0.00046160,28.00000000
2018-03-01 08:12:10,0.00046152,21.00000000
2018-03-01 08:12:10,0.00046114,19.00000000
2018-03-01 08:12:10,0.00046113,24.00000000
2018-03-01 08:12:10,0.00046158,6.00000000
2018-03-01 08:12:11,0.00046160,20.00000000
2018-03-01 08:12:11,0.00046179,51.00000000
2018-03-01 08:12:11,0.00046180,61.00000000
2018-03-01 08:12:11,0.00046180,4.00000000
2018-03-01 08:12:13,0.00046180,27.00000000
2018-03-01 08:12:14,0.00046114,13.00000000
2018-03-01 08:12:16,0.00046113,11.00000000
2018-03-01 08:12:16,0.00046112,30.00000000
2018-03-01 08:12:16,0.00046111,444.00000000
2018-03-01 08:12:16,0.00046110,15.00000000
2018-03-01 08:12:18,0.00046110,4.00000000
2018-03-01 08:12:18,0.00046102,13.00000000
2018-03-01 08:12:18,0.00046101,65.00000000
2018-03-01 08:12:19,0.00046174,9.00000000
2018-03-01 08:12:19,0.00046102,13.00000000
2018-03-01 08:12:21,0.00046102,93.00000000
2018-03-01 08:12:21,0.00046102,729.00000000
2018-03-01 08:12:21,0.00046100,337.00000000
2018-03-01 08:12:21,0.00046099,50.00000000
2018-03-01 08:12:22,0.00046099,53.00000000
2018-03-01 08:12:23,0.00046107,9.00000000
2018-03-01 08:12:23,0.00046114,78.00000000
2018-03-01 08:12:23,0.00046099,97.00000000
2018-03-01 08:12:25,0.00046099,263.00000000
2018-03-01 08:12:26,0.00046114,39.00000000
2018-03-01 08:12:26,0.00046152,74.00000000
2018-03-01 08:12:27,0.00046160,5.00000000
2018-03-01 08:12:27,0.00046068,6.00000000
2018-03-01 08:12:27,0.00046068,20.00000000
2018-03-01 08:12:28,0.00046069,5.00000000
2018-03-01 08:12:28,0.00046071,8.00000000
2018-03-01 08:12:29,0.00046072,3.00000000
2018-03-01 08:12:30,0.00046114,13.00000000
2018-03-01 08:12:31,0.00046098,34.00000000
2018-03-01 08:12:31,0.00046100,216.00000000
2018-03-01 08:12:32,0.00046066,186.00000000
2018-03-01 08:12:32,0.00046021,81.00000000
2018-03-01 08:12:32,0.00046001,175.00000000
2018-03-01 08:12:32,0.00046000,284.00000000
2018-03-01 08:12:32,0.00046000,37.00000000
2018-03-01 08:12:33,0.00046002,25.00000000
2018-03-01 08:12:34,0.00046099,22.00000000
2018-03-01 08:12:34,0.00046099,50.00000000
2018-03-01 08:12:35,0.00046005,64.00000000
2018-03-01 08:12:36,0.00046005,3.00000000
2018-03-01 08:12:36,0.00046005,6.00000000
2018-03-01 08:12:37,0.00046099,14.00000000
2018-03-01 08:12:37,0.00046100,34.00000000
2018-03-01 08:12:37,0.00046100,106.00000000
2018-03-01 08:12:37,0.00046003,58.00000000
2018-03-01 08:12:37,0.00046000,85.00000000
2018-03-01 08:12:37,0.00046000,301.00000000
2018-03-01 08:12:37,0.00046000,301.00000000
2018-03-01 08:12:37,0.00046000,301.00000000
2018-03-01 08:12:37,0.00046000,236.00000000
2018-03-01 08:12:37,0.00046000,100.00000000
2018-03-01 08:12:37,0.00046000,201.00000000
2018-03-01 08:12:37,0.00046000,21.00000000
2018-03-01 08:12:37,0.00046000,218.00000000
2018-03-01 08:12:37,0.00046000,67.00000000
2018-03-01 08:12:37,0.00046000,426.00000000
2018-03-01 08:12:37,0.00046000,10.00000000
2018-03-01 08:12:37,0.00045962,21.00000000
2018-03-01 08:12:37,0.00045962,33.00000000
2018-03-01 08:12:37,0.00045925,40.00000000
2018-03-01 08:12:37,0.00045900,8.00000000
2018-03-01 08:12:37,0.00045900,58.00000000
2018-03-01 08:12:37,0.00045898,8.00000000
2018-03-01 08:12:37,0.00045894,23.00000000
2018-03-01 08:12:37,0.00045898,21.00000000
2018-03-01 08:12:37,0.00045898,3.00000000
2018-03-01 08:12:38,0.00045898,11.00000000
2018-03-01 08:12:39,0.00045897,8.00000000
2018-03-01 08:12:40,0.00045873,3.00000000
2018-03-01 08:12:40,0.00045892,9.00000000
2018-03-01 08:12:40,0.00045892,46.00000000
2018-03-01 08:12:40,0.00045894,8.00000000
2018-03-01 08:12:41,0.00045894,25.00000000
2018-03-01 08:12:41,0.00045900,22.00000000
2018-03-01 08:12:42,0.00045900,2.00000000
2018-03-01 08:12:42,0.00045900,150.00000000
2018-03-01 08:12:42,0.00045873,7.00000000
2018-03-01 08:12:42,0.00045860,31.00000000
2018-03-01 08:12:43,0.00045899,1.00000000
2018-03-01 08:12:43,0.00045860,22.00000000
2018-03-01 08:12:43,0.00045860,22.00000000
2018-03-01 08:12:44,0.00045860,22.00000000
2018-03-01 08:12:45,0.00045860,4.00000000
2018-03-01 08:12:45,0.00045855,18.00000000
2018-03-01 08:12:46,0.00045855,22.00000000
2018-03-01 08:12:46,0.00045894,4.00000000
2018-03-01 08:12:46,0.00045899,16.00000000
2018-03-01 08:12:46,0.00045857,22.00000000
2018-03-01 08:12:46,0.00045962,11.00000000
2018-03-01 08:12:47,0.00045962,47.00000000
2018-03-01 08:12:47,0.00045963,9.00000000
2018-03-01 08:12:47,0.00045964,21.00000000
2018-03-01 08:12:47,0.00045860,22.00000000
2018-03-01 08:12:48,0.00045910,22.00000000
2018-03-01 08:12:49,0.00045910,55.00000000
2018-03-01 08:12:49,0.00045906,58.00000000
2018-03-01 08:12:49,0.00045897,44.00000000
2018-03-01 08:12:52,0.00045899,2.00000000
2018-03-01 08:12:52,0.00045856,16.00000000
2018-03-01 08:12:56,0.00045898,10.00000000
2018-03-01 08:12:56,0.00045899,29.00000000
2018-03-01 08:12:57,0.00045899,1.00000000
2018-03-01 08:12:57,0.00045910,2.00000000
2018-03-01 08:13:09,0.00045909,188.00000000
2018-03-01 08:13:09,0.00045900,3.00000000
2018-03-01 08:13:11,0.00045909,13.00000000
2018-03-01 08:13:11,0.00045910,117.00000000
2018-03-01 08:13:13,0.00045910,29.00000000
2018-03-01 08:13:17,0.00045999,13.00000000
2018-03-01 08:13:17,0.00046000,45.00000000
2018-03-01 08:13:17,0.00046000,110.00000000
2018-03-01 08:13:19,0.00045946,220.00000000
2018-03-01 08:13:22,0.00045999,71.00000000
2018-03-01 08:13:22,0.00046000,83.00000000
2018-03-01 08:13:22,0.00046000,10.00000000
2018-03-01 08:13:22,0.00045910,10.00000000
2018-03-01 08:13:24,0.00045999,10.00000000
2018-03-01 08:13:24,0.00046001,57.00000000
2018-03-01 08:13:29,0.00046000,13.00000000
2018-03-01 08:13:29,0.00046005,4340.00000000
2018-03-01 08:13:30,0.00045992,6.00000000
2018-03-01 08:13:30,0.00046005,423.00000000
2018-03-01 08:13:30,0.00046005,161.00000000
2018-03-01 08:13:30,0.00046005,8.00000000
2018-03-01 08:13:31,0.00046005,3.00000000
2018-03-01 08:13:31,0.00046005,207.00000000
2018-03-01 08:13:31,0.00045913,3.00000000
2018-03-01 08:13:31,0.00046004,9.00000000
2018-03-01 08:13:31,0.00046010,30.00000000
2018-03-01 08:13:31,0.00046068,16.00000000
2018-03-01 08:13:31,0.00046069,39.00000000
2018-03-01 08:13:33,0.00046067,13.00000000
2018-03-01 08:13:33,0.00046068,21.00000000
2018-03-01 08:13:34,0.00046000,21.00000000
2018-03-01 08:13:34,0.00046000,10.00000000
2018-03-01 08:13:34,0.00046000,21.00000000
2018-03-01 08:13:34,0.00046000,424.00000000
2018-03-01 08:13:34,0.00046000,21.00000000
2018-03-01 08:13:34,0.00046069,3.00000000
2018-03-01 08:13:34,0.00046069,10.00000000
2018-03-01 08:13:35,0.00046070,10.00000000
2018-03-01 08:13:37,0.00046070,11.00000000
2018-03-01 08:13:37,0.00046080,320.00000000
2018-03-01 08:13:37,0.00046084,3800.00000000
2018-03-01 08:13:42,0.00046106,33.00000000
2018-03-01 08:13:42,0.00046107,1.00000000
2018-03-01 08:13:42,0.00046084,65.00000000
2018-03-01 08:13:44,0.00046093,22.00000000
2018-03-01 08:13:46,0.00046085,30.00000000
2018-03-01 08:13:46,0.00046084,25.00000000
2018-03-01 08:13:49,0.00046093,65.00000000
2018-03-01 08:13:52,0.00046159,16.00000000
2018-03-01 08:13:52,0.00046203,34.00000000
2018-03-01 08:13:52,0.00046097,11.00000000
2018-03-01 08:13:52,0.00046094,85.00000000
2018-03-01 08:13:52,0.00046093,262.00000000
2018-03-01 08:13:52,0.00046090,97.00000000
2018-03-01 08:13:52,0.00046086,463.00000000
2018-03-01 08:13:52,0.00046085,82.00000000
2018-03-01 08:13:53,0.00046099,23.00000000
2018-03-01 08:13:58,0.00046260,15.00000000
2018-03-01 08:13:59,0.00046180,250.00000000
2018-03-01 08:14:00,0.00046111,34.00000000
2018-03-01 08:14:00,0.00046100,72.00000000
2018-03-01 08:14:00,0.00046257,23.00000000
2018-03-01 08:14:00,0.00046259,10.00000000
2018-03-01 08:14:00,0.00046262,8.00000000
2018-03-01 08:14:02,0.00046106,200.00000000
2018-03-01 08:14:03,0.00046259,13.00000000
2018-03-01 08:14:04,0.00046258,34.00000000
2018-03-01 08:14:07,0.00046256,29.00000000
2018-03-01 08:14:07,0.00046262,10.00000000
2018-03-01 08:14:07,0.00046258,10.00000000
2018-03-01 08:14:07,0.00046258,21.00000000
2018-03-01 08:14:07,0.00046258,43.00000000
2018-03-01 08:14:07,0.00046258,10.00000000
2018-03-01 08:14:07,0.00046259,10.00000000
2018-03-01 08:14:07,0.00046258,14.00000000
2018-03-01 08:14:07,0.00046256,7.00000000
2018-03-01 08:14:08,0.00046256,1.00000000
2018-03-01 08:14:12,0.00046234,200.00000000
2018-03-01 08:14:12,0.00046236,10.00000000
2018-03-01 08:14:12,0.00046247,30.00000000
2018-03-01 08:14:12,0.00046248,30.00000000
2018-03-01 08:14:12,0.00046248,30.00000000
2018-03-01 08:14:12,0.00046248,30.00000000
2018-03-01 08:14:12,0.00046248,30.00000000
2018-03-01 08:14:12,0.00046248,30.00000000
2018-03-01 08:14:12,0.00046248,10.00000000
2018-03-01 08:14:12,0.00046248,10.00000000
2018-03-01 08:14:14,0.00046248,6.00000000
2018-03-01 08:14:14,0.00046250,5.00000000
2018-03-01 08:14:14,0.00046254,4.00000000
2018-03-01 08:14:14,0.00046254,10.00000000
2018-03-01 08:14:14,0.00046254,6.00000000
2018-03-01 08:14:14,0.00046254,58.00000000
2018-03-01 08:14:14,0.00046254,29.00000000
2018-03-01 08:14:14,0.00046254,10.00000000
2018-03-01 08:14:15,0.00046254,156.00000000
2018-03-01 08:14:15,0.00046256,13.00000000
2018-03-01 08:14:15,0.00046262,19.00000000
2018-03-01 08:14:15,0.00046263,111.00000000
2018-03-01 08:14:16,0.00046263,27.00000000
2018-03-01 08:14:18,0.00046123,213.00000000
2018-03-01 08:14:18,0.00046122,20.00000000
2018-03-01 08:14:18,0.00046121,86.00000000
2018-03-01 08:14:18,0.00046117,1.00000000
2018-03-01 08:14:24,0.00046125,24.00000000
2018-03-01 08:14:25,0.00046112,181.00000000
2018-03-01 08:14:27,0.00046106,27.00000000
2018-03-01 08:14:28,0.00046103,5.00000000
2018-03-01 08:14:28,0.00046105,10.00000000
2018-03-01 08:14:28,0.00046117,116.00000000
2018-03-01 08:14:28,0.00046117,2.00000000
2018-03-01 08:14:29,0.00046117,22.00000000
2018-03-01 08:14:29,0.00046224,55.00000000
2018-03-01 08:14:29,0.00046232,24.00000000
2018-03-01 08:14:29,0.00046259,54.00000000
2018-03-01 08:14:34,0.00046254,10.00000000
2018-03-01 08:14:34,0.00046255,13.00000000
2018-03-01 08:14:36,0.00046255,73.00000000
2018-03-01 08:14:36,0.00046255,18.00000000
2018-03-01 08:14:36,0.00046255,10.00000000
2018-03-01 08:14:36,0.00046255,59.00000000
2018-03-01 08:14:36,0.00046255,10.00000000
2018-03-01 08:14:37,0.00046255,9.00000000
2018-03-01 08:14:37,0.00046255,21.00000000
2018-03-01 08:14:37,0.00046132,9.00000000
2018-03-01 08:14:37,0.00046259,54.00000000
2018-03-01 08:14:37,0.00046259,10.00000000
2018-03-01 08:14:38,0.00046259,80.00000000
2018-03-01 08:14:38,0.00046259,216.00000000
2018-03-01 08:14:39,0.00046239,9.00000000
2018-03-01 08:14:39,0.00046241,118.00000000
2018-03-01 08:14:39,0.00046256,1149.00000000
2018-03-01 08:14:39,0.00046256,29.00000000
2018-03-01 08:14:39,0.00046257,10.00000000
2018-03-01 08:14:39,0.00046256,250.00000000
2018-03-01 08:14:39,0.00046256,35.00000000
2018-03-01 08:14:40,0.00046256,14.00000000
2018-03-01 08:14:40,0.00046256,822.00000000
2018-03-01 08:14:40,0.00046256,213.00000000
2018-03-01 08:14:40,0.00046257,9.00000000
2018-03-01 08:14:40,0.00046262,13.00000000
2018-03-01 08:14:41,0.00046262,105.00000000
2018-03-01 08:14:41,0.00046262,124.00000000
2018-03-01 08:14:41,0.00046257,11.00000000
2018-03-01 08:14:41,0.00046256,27.00000000
2018-03-01 08:14:43,0.00046262,140.00000000
2018-03-01 08:14:44,0.00046262,109.00000000
2018-03-01 08:14:44,0.00046262,12.00000000
2018-03-01 08:14:45,0.00046263,379.00000000
2018-03-01 08:14:45,0.00046271,251.00000000
2018-03-01 08:14:46,0.00046271,3.00000000
2018-03-01 08:14:47,0.00046271,3.00000000
2018-03-01 08:14:48,0.00046272,41.00000000
2018-03-01 08:14:48,0.00046271,605.00000000
2018-03-01 08:14:49,0.00046271,4.00000000
2018-03-01 08:14:49,0.00046271,18.00000000
2018-03-01 08:14:49,0.00046271,250.00000000
2018-03-01 08:14:50,0.00046272,423.00000000
2018-03-01 08:14:50,0.00046272,500.00000000
2018-03-01 08:14:50,0.00046271,1065.00000000
2018-03-01 08:14:50,0.00046256,833.00000000
2018-03-01 08:14:51,0.00046272,184.00000000
2018-03-01 08:14:51,0.00046272,112.00000000
2018-03-01 08:14:52,0.00046272,349.00000000
2018-03-01 08:14:52,0.00046280,88.00000000
2018-03-01 08:14:52,0.00046299,80.00000000
2018-03-01 08:14:52,0.00046300,1245.00000000
2018-03-01 08:14:52,0.00046300,63.00000000
2018-03-01 08:14:52,0.00046300,33.00000000
2018-03-01 08:14:53,0.00046300,829.00000000
2018-03-01 08:14:53,0.00046300,29.00000000
2018-03-01 08:14:54,0.00046300,459.00000000
2018-03-01 08:14:54,0.00046262,762.00000000
2018-03-01 08:14:54,0.00046256,3665.00000000
2018-03-01 08:14:58,0.00046256,129.00000000
2018-03-01 08:14:58,0.00046304,13.00000000
2018-03-01 08:14:58,0.00046319,247.00000000
2018-03-01 08:14:58,0.00046159,3.00000000
2018-03-01 08:14:59,0.00046256,129.00000000
2018-03-01 08:15:02,0.00046318,124.00000000
2018-03-01 08:15:04,0.00046256,194.00000000
2018-03-01 08:15:18,0.00046300,4.00000000
2018-03-01 08:15:18,0.00046300,3.00000000
2018-03-01 08:15:18,0.00046209,20.00000000
2018-03-01 08:15:18,0.00046206,33.00000000
2018-03-01 08:15:18,0.00046201,61.00000000
2018-03-01 08:15:19,0.00046201,25.00000000
2018-03-01 08:15:19,0.00046184,19.00000000
2018-03-01 08:15:20,0.00046207,10.00000000
2018-03-01 08:15:20,0.00046208,72.00000000
2018-03-01 08:15:21,0.00046208,114.00000000
2018-03-01 08:15:23,0.00046208,3.00000000
2018-03-01 08:15:24,0.00046247,9.00000000
2018-03-01 08:15:24,0.00046299,295.00000000
2018-03-01 08:15:26,0.00046300,14.00000000
2018-03-01 08:15:28,0.00046300,5.00000000
2018-03-01 08:15:30,0.00046208,20.00000000
2018-03-01 08:15:33,0.00046208,400.00000000
2018-03-01 08:15:38,0.00046297,10.00000000
2018-03-01 08:15:38,0.00046298,56.00000000
2018-03-01 08:15:41,0.00046210,20.00000000
2018-03-01 08:15:41,0.00046209,351.00000000
2018-03-01 08:15:41,0.00046208,33.00000000
2018-03-01 08:15:50,0.00046139,4.00000000
2018-03-01 08:15:53,0.00046201,10.00000000
2018-03-01 08:15:53,0.00046202,29.00000000
2018-03-01 08:15:54,0.00046202,63.00000000
2018-03-01 08:15:56,0.00046201,213.00000000
2018-03-01 08:15:56,0.00046202,253.00000000
2018-03-01 08:15:56,0.00046206,86.00000000
2018-03-01 08:15:56,0.00046208,225.00000000
2018-03-01 08:16:03,0.00046198,10.00000000
2018-03-01 08:16:03,0.00046199,181.00000000
2018-03-01 08:16:09,0.00046118,20.00000000
2018-03-01 08:16:11,0.00046196,10.00000000
2018-03-01 08:16:11,0.00046197,31.00000000
2018-03-01 08:16:11,0.00046197,30.00000000
2018-03-01 08:16:16,0.00046125,10.00000000
2018-03-01 08:16:16,0.00046106,86.00000000
2018-03-01 08:16:16,0.00046103,2292.00000000
2018-03-01 08:16:16,0.00046103,5.00000000
2018-03-01 08:16:17,0.00046103,5.00000000
2018-03-01 08:16:18,0.00046103,8.00000000
2018-03-01 08:16:18,0.00046103,3.00000000
2018-03-01 08:16:20,0.00046091,11.00000000
2018-03-01 08:16:20,0.00046090,209.00000000
2018-03-01 08:16:20,0.00046090,164.00000000
2018-03-01 08:16:21,0.00046089,64.00000000
2018-03-01 08:16:22,0.00046089,3.00000000
2018-03-01 08:16:24,0.00046089,14.00000000
2018-03-01 08:16:24,0.00046089,21.00000000
2018-03-01 08:16:24,0.00046084,7.00000000
2018-03-01 08:16:24,0.00046090,23.00000000
2018-03-01 08:16:25,0.00046084,374.00000000
2018-03-01 08:16:25,0.00046069,281.00000000
2018-03-01 08:16:25,0.00046042,10.00000000
2018-03-01 08:16:29,0.00046006,3.00000000
2018-03-01 08:16:29,0.00046005,12.00000000
2018-03-01 08:16:32,0.00046005,8.00000000
2018-03-01 08:16:32,0.00046000,80.00000000
2018-03-01 08:16:35,0.00045928,58.00000000
2018-03-01 08:16:35,0.00045920,16.00000000
2018-03-01 08:16:36,0.00045920,5.00000000
2018-03-01 08:16:36,0.00045920,331.00000000
2018-03-01 08:16:36,0.00045979,86.00000000
2018-03-01 08:16:36,0.00045980,392.00000000
2018-03-01 08:16:37,0.00045980,23.00000000
2018-03-01 08:16:38,0.00045980,3.00000000
2018-03-01 08:16:39,0.00045980,3.00000000
2018-03-01 08:16:39,0.00045980,1.00000000
2018-03-01 08:16:40,0.00045980,5.00000000
2018-03-01 08:16:40,0.00045899,10.00000000
2018-03-01 08:16:40,0.00045888,5.00000000
2018-03-01 08:16:41,0.00045980,1338.00000000
2018-03-01 08:16:41,0.00046000,9.00000000
2018-03-01 08:16:44,0.00046000,109.00000000
2018-03-01 08:16:44,0.00045888,112.00000000
2018-03-01 08:16:44,0.00045885,10.00000000
2018-03-01 08:16:44,0.00045871,241.00000000
2018-03-01 08:16:48,0.00045980,7.00000000
2018-03-01 08:16:50,0.00045980,91.00000000
2018-03-01 08:16:50,0.00045980,21.00000000
2018-03-01 08:16:56,0.00045980,24.00000000
2018-03-01 08:17:01,0.00045980,31.00000000
2018-03-01 08:17:01,0.00045907,33.00000000
2018-03-01 08:17:01,0.00045899,10.00000000
2018-03-01 08:17:01,0.00045892,30.00000000
2018-03-01 08:17:01,0.00045889,82.00000000
2018-03-01 08:17:01,0.00045871,103.00000000
2018-03-01 08:17:01,0.00045856,52.00000000
2018-03-01 08:17:01,0.00045855,24.00000000
2018-03-01 08:17:01,0.00045854,211.00000000
2018-03-01 08:17:01,0.00045999,37.00000000
2018-03-01 08:17:04,0.00045925,7.00000000
2018-03-01 08:17:07,0.00045925,159.00000000
2018-03-01 08:17:07,0.00045901,35.00000000
2018-03-01 08:17:10,0.00045998,13.00000000
2018-03-01 08:17:19,0.00045998,200.00000000
2018-03-01 08:17:22,0.00045997,9.00000000
2018-03-01 08:17:22,0.00045998,11.00000000
2018-03-01 08:17:24,0.00045998,7.00000000
2018-03-01 08:17:26,0.00045998,56.00000000
2018-03-01 08:17:27,0.00045998,17.00000000
2018-03-01 08:17:30,0.00045999,3.00000000
2018-03-01 08:17:30,0.00046000,6.00000000
2018-03-01 08:17:34,0.00046000,325.00000000
2018-03-01 08:17:35,0.00046000,60.00000000
2018-03-01 08:17:35,0.00046000,63.00000000
2018-03-01 08:17:36,0.00046000,2.00000000
2018-03-01 08:17:37,0.00046000,248.00000000
2018-03-01 08:17:42,0.00046000,1000.00000000
2018-03-01 08:17:43,0.00046000,19.00000000
2018-03-01 08:17:46,0.00045998,55.00000000
2018-03-01 08:18:02,0.00045908,7.00000000
2018-03-01 08:18:03,0.00045997,145.00000000
2018-03-01 08:18:07,0.00045908,84.00000000
2018-03-01 08:18:07,0.00045906,13.00000000
2018-03-01 08:18:08,0.00045996,10.00000000
2018-03-01 08:18:08,0.00045997,88.00000000
2018-03-01 08:18:08,0.00045997,217.00000000
2018-03-01 08:18:08,0.00045997,201.00000000
2018-03-01 08:18:14,0.00045996,30.00000000
2018-03-01 08:18:35,0.00045920,10.00000000
2018-03-01 08:18:35,0.00045919,21.00000000
2018-03-01 08:18:35,0.00045915,29.00000000
2018-03-01 08:18:35,0.00045913,38.00000000
2018-03-01 08:18:35,0.00045911,40.00000000
2018-03-01 08:18:49,0.00045922,12.00000000
2018-03-01 08:18:49,0.00045921,25.00000000
2018-03-01 08:18:49,0.00045911,11.00000000
2018-03-01 08:18:49,0.00045911,72.00000000
2018-03-01 08:18:51,0.00045906,74.00000000
2018-03-01 08:18:51,0.00045900,50.00000000
2018-03-01 08:18:51,0.00045854,35.00000000
2018-03-01 08:18:51,0.00045853,58.00000000
2018-03-01 08:18:54,0.00045908,10.00000000
2018-03-01 08:18:54,0.00045909,4.00000000
2018-03-01 08:18:59,0.00045909,13.00000000
2018-03-01 08:18:59,0.00045910,6.00000000
2018-03-01 08:18:59,0.00045911,53.00000000
2018-03-01 08:18:59,0.00045911,15.00000000
2018-03-01 08:19:07,0.00045973,57.00000000
2018-03-01 08:19:13,0.00045900,25.00000000
2018-03-01 08:19:13,0.00045853,47.00000000
2018-03-01 08:19:19,0.00045855,93.00000000
2018-03-01 08:19:21,0.00045863,10.00000000
2018-03-01 08:19:21,0.00045861,214.00000000
2018-03-01 08:19:21,0.00045859,54.00000000
2018-03-01 08:19:21,0.00045853,136.00000000
2018-03-01 08:19:21,0.00045853,30.00000000
2018-03-01 08:19:21,0.00045853,30.00000000
2018-03-01 08:19:21,0.00045853,30.00000000
2018-03-01 08:19:21,0.00045853,30.00000000
2018-03-01 08:19:21,0.00045853,19.00000000
2018-03-01 08:19:22,0.00045853,98.00000000
2018-03-01 08:19:23,0.00045831,20.00000000
2018-03-01 08:19:23,0.00045830,2371.00000000
2018-03-01 08:19:24,0.00045830,123.00000000
2018-03-01 08:19:24,0.00045829,6.00000000
2018-03-01 08:19:24,0.00045820,10.00000000
2018-03-01 08:19:24,0.00045829,11.00000000
2018-03-01 08:19:24,0.00045829,170.00000000
2018-03-01 08:19:25,0.00045831,96.00000000
2018-03-01 08:19:25,0.00045831,9.00000000
2018-03-01 08:19:25,0.00045961,9.00000000
2018-03-01 08:19:31,0.00045955,9.00000000
2018-03-01 08:19:35,0.00045849,13.00000000
2018-03-01 08:19:36,0.00045849,49.00000000
2018-03-01 08:19:45,0.00045831,1494.00000000
2018-03-01 08:19:57,0.00045831,194.00000000
2018-03-01 08:20:01,0.00045894,41.00000000
2018-03-01 08:20:01,0.00045895,39.00000000
2018-03-01 08:20:04,0.00045895,16.00000000
2018-03-01 08:20:04,0.00045911,8.00000000
2018-03-01 08:20:09,0.00045831,60.00000000
2018-03-01 08:20:21,0.00045899,4.00000000
2018-03-01 08:20:21,0.00045899,6.00000000
2018-03-01 08:20:21,0.00045900,16.00000000
2018-03-01 08:20:23,0.00045898,6.00000000
2018-03-01 08:20:25,0.00045898,3.00000000
2018-03-01 08:20:25,0.00045898,2.00000000
2018-03-01 08:20:25,0.00045900,3.00000000
2018-03-01 08:20:25,0.00045900,26.00000000
2018-03-01 08:20:27,0.00045900,8.00000000
2018-03-01 08:20:31,0.00045900,892.00000000
2018-03-01 08:20:31,0.00045911,35.00000000
2018-03-01 08:20:31,0.00045955,103.00000000
2018-03-01 08:20:31,0.00045955,67.00000000
2018-03-01 08:20:31,0.00045956,29.00000000
2018-03-01 08:20:34,0.00045910,3.00000000
2018-03-01 08:20:38,0.00045900,20.00000000
2018-03-01 08:20:46,0.00045900,86.00000000
2018-03-01 08:20:48,0.00045900,263.00000000
2018-03-01 08:20:48,0.00045835,179.00000000
2018-03-01 08:20:52,0.00045902,344.00000000
2018-03-01 08:20:55,0.00045902,369.00000000
2018-03-01 08:21:00,0.00045899,19.00000000
2018-03-01 08:21:04,0.00045899,4.00000000
2018-03-01 08:21:20,0.00045899,167.00000000
2018-03-01 08:21:20,0.00045900,33.00000000
2018-03-01 08:21:22,0.00045835,72.00000000
2018-03-01 08:21:22,0.00045831,43.00000000
2018-03-01 08:21:22,0.00045820,30.00000000
2018-03-01 08:21:22,0.00045810,31.00000000
2018-03-01 08:21:24,0.00045835,8.00000000
2018-03-01 08:21:26,0.00045900,146.00000000
2018-03-01 08:21:41,0.00045899,10.00000000
2018-03-01 08:21:41,0.00045900,233.00000000
2018-03-01 08:21:43,0.00045900,11.00000000
2018-03-01 08:22:08,0.00045898,11.00000000
2018-03-01 08:22:12,0.00045898,11.00000000
2018-03-01 08:22:12,0.00045899,11.00000000
2018-03-01 08:22:12,0.00045900,99.00000000
2018-03-01 08:22:27,0.00045902,176.00000000
2018-03-01 08:22:33,0.00045902,91.00000000
2018-03-01 08:22:43,0.00045901,30.00000000
2018-03-01 08:22:47,0.00045902,383.00000000
2018-03-01 08:22:50,0.00045902,61.00000000
2018-03-01 08:22:52,0.00045901,13.00000000
2018-03-01 08:22:55,0.00045900,2057.00000000
2018-03-01 08:22:55,0.00045835,9.00000000
2018-03-01 08:22:57,0.00045899,13.00000000
2018-03-01 08:22:58,0.00045835,13.00000000
2018-03-01 08:22:58,0.00045898,65.00000000
2018-03-01 08:23:02,0.00045900,100.00000000
2018-03-01 08:23:04,0.00045900,512.00000000
2018-03-01 08:23:07,0.00045835,346.00000000
2018-03-01 08:23:08,0.00045835,3.00000000
2018-03-01 08:23:10,0.00045835,141.00000000
2018-03-01 08:23:11,0.00045810,56.00000000
2018-03-01 08:23:11,0.00045770,172.00000000
2018-03-01 08:23:11,0.00045758,15.00000000
2018-03-01 08:23:11,0.00045752,3.00000000
2018-03-01 08:23:11,0.00045726,3.00000000
2018-03-01 08:23:11,0.00045719,137.00000000
2018-03-01 08:23:11,0.00045717,59.00000000
2018-03-01 08:23:11,0.00045715,227.00000000
2018-03-01 08:23:11,0.00045707,55.00000000
2018-03-01 08:23:11,0.00045647,274.00000000
2018-03-01 08:23:11,0.00045750,252.00000000
2018-03-01 08:23:13,0.00045750,44.00000000
2018-03-01 08:23:15,0.00045749,30.00000000
2018-03-01 08:23:15,0.00045750,80.00000000
2018-03-01 08:23:16,0.00045750,491.00000000
2018-03-01 08:23:16,0.00045753,56.00000000
2018-03-01 08:23:16,0.00045756,30.00000000
2018-03-01 08:23:20,0.00045818,20.00000000
2018-03-01 08:23:24,0.00045816,6.00000000
2018-03-01 08:23:28,0.00045819,5.00000000
2018-03-01 08:23:28,0.00045820,5.00000000
2018-03-01 08:23:32,0.00045820,10.00000000
2018-03-01 08:23:38,0.00045820,21.00000000
2018-03-01 08:23:40,0.00045820,13.00000000
2018-03-01 08:23:47,0.00045820,22.00000000
2018-03-01 08:23:47,0.00045820,41.00000000
2018-03-01 08:23:48,0.00045820,204.00000000
2018-03-01 08:23:49,0.00045820,7.00000000
2018-03-01 08:23:49,0.00045820,18.00000000
2018-03-01 08:23:54,0.00045821,8.00000000
2018-03-01 08:23:56,0.00045821,22.00000000
2018-03-01 08:23:56,0.00045820,64.00000000
2018-03-01 08:23:56,0.00045820,105.00000000
2018-03-01 08:23:57,0.00045820,3.00000000
2018-03-01 08:23:57,0.00045820,3.00000000
2018-03-01 08:23:57,0.00045820,3.00000000
2018-03-01 08:23:59,0.00045820,9.00000000
2018-03-01 08:23:59,0.00045820,3.00000000
2018-03-01 08:24:00,0.00045820,16.00000000
2018-03-01 08:24:04,0.00045878,11.00000000
2018-03-01 08:24:18,0.00045877,273.00000000
2018-03-01 08:24:18,0.00045885,8.00000000
2018-03-01 08:24:18,0.00045899,2070.00000000
2018-03-01 08:24:18,0.00045902,111.00000000
2018-03-01 08:24:27,0.00045784,6.00000000
2018-03-01 08:24:35,0.00045898,10.00000000
2018-03-01 08:24:38,0.00045898,6.00000000
2018-03-01 08:24:39,0.00045898,22.00000000
2018-03-01 08:24:39,0.00045821,10.00000000
2018-03-01 08:24:39,0.00045820,110.00000000
2018-03-01 08:24:39,0.00045795,87.00000000
2018-03-01 08:24:39,0.00045786,30.00000000
2018-03-01 08:24:39,0.00045784,565.00000000
2018-03-01 08:24:42,0.00045895,10.00000000
2018-03-01 08:24:42,0.00045896,8.00000000
2018-03-01 08:24:47,0.00045808,20.00000000
2018-03-01 08:24:47,0.00045799,10.00000000
2018-03-01 08:24:47,0.00045800,78.00000000
2018-03-01 08:24:48,0.00045879,10.00000000
2018-03-01 08:24:48,0.00045880,79.00000000
2018-03-01 08:24:48,0.00045881,21.00000000
2018-03-01 08:24:48,0.00045898,44.00000000
2018-03-01 08:24:48,0.00045898,124.00000000
2018-03-01 08:24:49,0.00045881,30.00000000
2018-03-01 08:24:51,0.00045898,197.00000000
2018-03-01 08:24:51,0.00045899,10.00000000
2018-03-01 08:24:53,0.00045896,68.00000000
2018-03-01 08:24:53,0.00045896,84.00000000
2018-03-01 08:25:10,0.00045823,10.00000000
2018-03-01 08:25:10,0.00045822,87.00000000
2018-03-01 08:25:10,0.00045820,27.00000000
2018-03-01 08:25:18,0.00045820,3.00000000
2018-03-01 08:25:20,0.00045820,67.00000000
2018-03-01 08:25:25,0.00045820,35.00000000
2018-03-01 08:25:26,0.00045820,32.00000000
2018-03-01 08:25:26,0.00045820,33.00000000
2018-03-01 08:25:26,0.00045820,18.00000000
2018-03-01 08:25:27,0.00045820,6.00000000
2018-03-01 08:25:27,0.00045820,364.00000000
2018-03-01 08:25:27,0.00045820,58.00000000
2018-03-01 08:25:27,0.00045820,132.00000000
2018-03-01 08:25:29,0.00045827,64.00000000
2018-03-01 08:25:42,0.00045827,25.00000000
2018-03-01 08:25:52,0.00045827,28.00000000
2018-03-01 08:25:53,0.00045827,25.00000000
2018-03-01 08:25:53,0.00045827,2.00000000
2018-03-01 08:25:53,0.00045821,80.00000000
2018-03-01 08:25:55,0.00045878,9.00000000
2018-03-01 08:25:59,0.00045800,101.00000000
2018-03-01 08:25:59,0.00045758,3.00000000
2018-03-01 08:26:04,0.00045878,30.00000000
2018-03-01 08:26:04,0.00045879,554.00000000
2018-03-01 08:26:06,0.00045802,8.00000000
2018-03-01 08:26:06,0.00045876,30.00000000
2018-03-01 08:26:06,0.00045877,23.00000000
2018-03-01 08:26:22,0.00045850,44.00000000
2018-03-01 08:26:26,0.00045850,14.00000000
2018-03-01 08:26:27,0.00045850,16.00000000
2018-03-01 08:26:30,0.00045849,142.00000000
2018-03-01 08:26:30,0.00045850,46.00000000
2018-03-01 08:26:31,0.00045850,472.00000000
2018-03-01 08:26:31,0.00045850,182.00000000
2018-03-01 08:26:31,0.00045850,25.00000000
2018-03-01 08:26:37,0.00045876,4.00000000
2018-03-01 08:26:37,0.00045878,16.00000000
2018-03-01 08:26:38,0.00045850,25.00000000
2018-03-01 08:26:43,0.00045878,14.00000000
2018-03-01 08:26:43,0.00045879,987.00000000
2018-03-01 08:26:43,0.00045880,53.00000000
2018-03-01 08:26:43,0.00045850,25.00000000
2018-03-01 08:26:46,0.00045879,30.00000000
2018-03-01 08:26:46,0.00045880,120.00000000
2018-03-01 08:26:49,0.00045850,25.00000000
2018-03-01 08:26:55,0.00045850,30.00000000
2018-03-01 08:26:58,0.00045850,8.00000000
2018-03-01 08:27:04,0.00045827,21.00000000
2018-03-01 08:27:04,0.00045802,12.00000000
2018-03-01 08:27:04,0.00045758,7.00000000
2018-03-01 08:27:04,0.00045754,69.00000000
2018-03-01 08:27:04,0.00045743,30.00000000
2018-03-01 08:27:04,0.00045717,19.00000000
2018-03-01 08:27:04,0.00045710,21.00000000
2018-03-01 08:27:04,0.00045674,8.00000000
2018-03-01 08:27:04,0.00045673,97.00000000
2018-03-01 08:27:04,0.00045850,24.00000000
2018-03-01 08:27:10,0.00045846,4.00000000
2018-03-01 08:27:12,0.00045846,10.00000000
2018-03-01 08:27:12,0.00045847,3.00000000
2018-03-01 08:27:24,0.00045849,53.00000000
2018-03-01 08:27:40,0.00045849,227.00000000
2018-03-01 08:27:40,0.00045850,451.00000000
2018-03-01 08:27:41,0.00045850,102.00000000
2018-03-01 08:27:43,0.00045851,10.00000000
2018-03-01 08:27:43,0.00045850,83.00000000
2018-03-01 08:27:45,0.00045879,12.00000000
2018-03-01 08:27:51,0.00045879,18.00000000
2018-03-01 08:27:56,0.00045855,8.00000000
2018-03-01 08:27:58,0.00045879,13.00000000
2018-03-01 08:28:00,0.00045855,3.00000000
2018-03-01 08:28:02,0.00045879,20.00000000
2018-03-01 08:28:02,0.00045897,261.00000000
2018-03-01 08:28:04,0.00045897,228.00000000
2018-03-01 08:28:04,0.00045900,220.00000000
2018-03-01 08:28:04,0.00045953,129.00000000
2018-03-01 08:28:04,0.00045955,21.00000000
2018-03-01 08:28:04,0.00045994,20.00000000
2018-03-01 08:28:04,0.00045995,211.00000000
2018-03-01 08:28:04,0.00045997,12.00000000
2018-03-01 08:28:12,0.00045993,3.00000000
2018-03-01 08:28:12,0.00045997,22.00000000
2018-03-01 08:28:16,0.00045997,66.00000000
2018-03-01 08:28:16,0.00045999,12.00000000
2018-03-01 08:28:16,0.00046000,891.00000000
2018-03-01 08:28:16,0.00046007,30.00000000
2018-03-01 08:28:16,0.00046039,19.00000000
2018-03-01 08:28:16,0.00046040,61.00000000
2018-03-01 08:28:16,0.00046000,3.00000000
2018-03-01 08:28:17,0.00046000,69.00000000
2018-03-01 08:28:17,0.00046040,49.00000000
2018-03-01 08:28:18,0.00046000,3.00000000
2018-03-01 08:28:20,0.00046000,68.00000000
2018-03-01 08:28:20,0.00046000,16.00000000
2018-03-01 08:28:24,0.00046039,2.00000000
2018-03-01 08:28:27,0.00046039,44.00000000
2018-03-01 08:28:27,0.00046040,76.00000000
2018-03-01 08:28:28,0.00045997,3.00000000
2018-03-01 08:28:28,0.00045997,46.00000000
2018-03-01 08:28:33,0.00046038,13.00000000
2018-03-01 08:28:33,0.00046039,76.00000000
2018-03-01 08:28:39,0.00046039,24.00000000
2018-03-01 08:28:39,0.00046040,43.00000000
2018-03-01 08:28:40,0.00046039,108.00000000
2018-03-01 08:28:41,0.00046039,150.00000000
2018-03-01 08:28:43,0.00046039,91.00000000
2018-03-01 08:28:46,0.00046040,164.00000000
2018-03-01 08:28:49,0.00046040,26.00000000
2018-03-01 08:28:49,0.00046100,24.00000000
2018-03-01 08:28:51,0.00046040,147.00000000
2018-03-01 08:28:52,0.00046089,13.00000000
2018-03-01 08:28:52,0.00046091,20.00000000
2018-03-01 08:28:52,0.00046100,5.00000000
2018-03-01 08:28:56,0.00046100,21.00000000
2018-03-01 08:28:56,0.00046163,7.00000000
2018-03-01 08:28:58,0.00046049,13.00000000
2018-03-01 08:28:58,0.00046051,159.00000000
2018-03-01 08:28:59,0.00046051,55.00000000
2018-03-01 08:29:00,0.00046165,21.00000000
2018-03-01 08:29:02,0.00046054,26.00000000
2018-03-01 08:29:12,0.00046063,86.00000000
2018-03-01 08:29:12,0.00046062,24.00000000
2018-03-01 08:29:12,0.00046055,30.00000000
2018-03-01 08:29:12,0.00046054,27.00000000
2018-03-01 08:29:15,0.00046040,51.00000000
2018-03-01 08:29:16,0.00046086,10.00000000
2018-03-01 08:29:18,0.00046086,6.00000000
2018-03-01 08:29:18,0.00046040,4.00000000
2018-03-01 08:29:22,0.00046129,30.00000000
2018-03-01 08:29:22,0.00046130,70.00000000
2018-03-01 08:29:24,0.00046121,123.00000000
2018-03-01 08:29:24,0.00046123,19.00000000
2018-03-01 08:29:25,0.00046123,21.00000000
2018-03-01 08:29:26,0.00046123,3.00000000
2018-03-01 08:29:27,0.00046131,12.00000000
2018-03-01 08:29:29,0.00046100,50.00000000
2018-03-01 08:29:29,0.00046131,18.00000000
2018-03-01 08:29:29,0.00046132,68.00000000
2018-03-01 08:29:32,0.00046091,20.00000000
2018-03-01 08:29:36,0.00046130,17.00000000
2018-03-01 08:29:36,0.00046131,52.00000000
2018-03-01 08:29:39,0.00046129,9.00000000
2018-03-01 08:29:42,0.00046040,6.00000000
2018-03-01 08:29:42,0.00046037,44.00000000
2018-03-01 08:29:44,0.00046100,30.00000000
2018-03-01 08:29:44,0.00046129,4.00000000
2018-03-01 08:29:44,0.00046131,5.00000000
2018-03-01 08:29:46,0.00046131,7.00000000
2018-03-01 08:29:51,0.00046131,111.00000000
2018-03-01 08:29:51,0.00046132,20.00000000
2018-03-01 08:29:51,0.00046138,100.00000000
2018-03-01 08:29:51,0.00046167,103.00000000
2018-03-01 08:29:51,0.00046171,50.00000000
2018-03-01 08:29:51,0.00046196,110.00000000
2018-03-01 08:29:51,0.00046198,1121.00000000
2018-03-01 08:29:51,0.00046199,2000.00000000
2018-03-01 08:29:51,0.00046200,31.00000000
2018-03-01 08:29:51,0.00046220,16.00000000
2018-03-01 08:29:51,0.00046256,20.00000000
2018-03-01 08:29:51,0.00046272,940.00000000
2018-03-01 08:29:51,0.00046300,20.00000000
2018-03-01 08:29:51,0.00046302,1932.00000000
2018-03-01 08:29:54,0.00046056,437.00000000
2018-03-01 08:29:54,0.00046055,153.00000000
2018-03-01 08:29:54,0.00046053,10.00000000
2018-03-01 08:29:54,0.00046047,86.00000000
2018-03-01 08:29:54,0.00046039,981.00000000
2018-03-01 08:29:54,0.00046033,21.00000000
2018-03-01 08:29:54,0.00046006,40.00000000
2018-03-01 08:29:54,0.00046000,155.00000000
2018-03-01 08:29:54,0.00045927,753.00000000
2018-03-01 08:29:54,0.00045926,16.00000000
2018-03-01 08:29:54,0.00045925,205.00000000
2018-03-01 08:29:54,0.00045911,885.00000000
2018-03-01 08:29:54,0.00045901,146.00000000
2018-03-01 08:29:58,0.00046052,48.00000000
2018-03-01 08:29:58,0.00046051,904.00000000
2018-03-01 08:29:58,0.00045963,21.00000000
2018-03-01 08:29:58,0.00045901,324.00000000
2018-03-01 08:29:59,0.00046091,20.00000000
2018-03-01 08:29:59,0.00046160,16.00000000
2018-03-01 08:30:04,0.00046156,33.00000000
2018-03-01 08:30:06,0.00046154,37.00000000
2018-03-01 08:30:06,0.00046155,34.00000000
2018-03-01 08:30:17,0.00046154,58.00000000
2018-03-01 08:30:21,0.00046154,43.00000000
2018-03-01 08:30:33,0.00046152,50.00000000
2018-03-01 08:30:33,0.00046153,52.00000000
2018-03-01 08:30:34,0.00046070,12.00000000
2018-03-01 08:30:34,0.00046070,12.00000000
2018-03-01 08:30:36,0.00046091,20.00000000
2018-03-01 08:30:43,0.00046153,20.00000000
2018-03-01 08:30:45,0.00046070,83.00000000
2018-03-01 08:30:45,0.00046070,1.00000000
2018-03-01 08:30:57,0.00046091,20.00000000
2018-03-01 08:31:12,0.00046100,72.00000000
2018-03-01 08:31:17,0.00046099,233.00000000
2018-03-01 08:31:17,0.00046100,4294.00000000
2018-03-01 08:31:19,0.00046091,20.00000000
2018-03-01 08:31:28,0.00046091,10.00000000
2018-03-01 08:31:31,0.00046091,259.00000000
2018-03-01 08:31:42,0.00046091,188.00000000
2018-03-01 08:31:42,0.00046085,308.00000000
2018-03-01 08:31:43,0.00046085,7.00000000
2018-03-01 08:31:52,0.00046150,6.00000000
2018-03-01 08:31:52,0.00046152,100.00000000
2018-03-01 08:31:52,0.00046153,9.00000000
2018-03-01 08:31:52,0.00046154,110.00000000
2018-03-01 08:31:52,0.00046155,47.00000000
2018-03-01 08:31:52,0.00046162,100.00000000
2018-03-01 08:31:52,0.00046184,21.00000000
2018-03-01 08:31:52,0.00046200,78.00000000
2018-03-01 08:31:52,0.00046221,16.00000000
2018-03-01 08:31:52,0.00046222,13.00000000
2018-03-01 08:31:55,0.00046106,212.00000000
2018-03-01 08:31:55,0.00046104,10.00000000
2018-03-01 08:32:02,0.00046103,86.00000000
2018-03-01 08:32:02,0.00046102,126.00000000
2018-03-01 08:32:02,0.00046104,25.00000000
2018-03-01 08:32:02,0.00046150,658.00000000
2018-03-01 08:32:03,0.00046150,51.00000000
2018-03-01 08:32:04,0.00046218,39.00000000
2018-03-01 08:32:04,0.00046218,39.00000000
2018-03-01 08:32:04,0.00046218,39.00000000
2018-03-01 08:32:04,0.00046218,39.00000000
2018-03-01 08:32:04,0.00046218,10.00000000
2018-03-01 08:32:04,0.00046218,9.00000000
2018-03-01 08:32:04,0.00046218,446.00000000
2018-03-01 08:32:04,0.00046218,9.00000000
2018-03-01 08:32:04,0.00046218,10.00000000
2018-03-01 08:32:04,0.00046218,93.00000000
2018-03-01 08:32:07,0.00046218,11.00000000
2018-03-01 08:32:08,0.00046222,153.00000000
2018-03-01 08:32:08,0.00046242,86.00000000
2018-03-01 08:32:08,0.00046270,5.00000000
2018-03-01 08:32:19,0.00046270,200.00000000
2018-03-01 08:32:22,0.00046270,649.00000000
2018-03-01 08:32:24,0.00046218,25.00000000
2018-03-01 08:32:25,0.00046273,100.00000000
2018-03-01 08:32:25,0.00046275,12.00000000
2018-03-01 08:32:26,0.00046270,36.00000000
2018-03-01 08:32:31,0.00046275,88.00000000
2018-03-01 08:32:31,0.00046270,35.00000000
2018-03-01 08:32:32,0.00046270,359.00000000
2018-03-01 08:32:33,0.00046270,25.00000000
2018-03-01 08:32:37,0.00046261,265.00000000
2018-03-01 08:32:37,0.00046261,102.00000000
2018-03-01 08:32:38,0.00046261,133.00000000
2018-03-01 08:32:39,0.00046270,19.00000000
2018-03-01 08:32:42,0.00046276,10.00000000
2018-03-01 08:32:43,0.00046276,90.00000000
2018-03-01 08:32:43,0.00046296,100.00000000
2018-03-01 08:32:43,0.00046300,73.00000000
2018-03-01 08:32:43,0.00046301,100.00000000
2018-03-01 08:32:44,0.00046301,12.00000000
2018-03-01 08:32:45,0.00046302,1.00000000
2018-03-01 08:32:48,0.00046360,19.00000000
2018-03-01 08:32:49,0.00046360,12.00000000
2018-03-01 08:32:49,0.00046360,3.00000000
2018-03-01 08:32:49,0.00046360,121.00000000
2018-03-01 08:32:50,0.00046398,3.00000000
2018-03-01 08:32:50,0.00046411,19.00000000
2018-03-01 08:32:50,0.00046425,5.00000000
2018-03-01 08:32:50,0.00046434,19.00000000
2018-03-01 08:32:50,0.00046441,19.00000000
2018-03-01 08:32:50,0.00046454,40.00000000
2018-03-01 08:32:50,0.00046455,125.00000000
2018-03-01 08:32:50,0.00046455,67.00000000
2018-03-01 08:32:50,0.00046460,34.00000000
2018-03-01 08:32:51,0.00046350,50.00000000
2018-03-01 08:32:51,0.00046449,3.00000000
2018-03-01 08:32:51,0.00046308,15.00000000
2018-03-01 08:32:55,0.00046333,56.00000000
2018-03-01 08:32:56,0.00046482,10.00000000
2018-03-01 08:32:56,0.00046483,34.00000000
2018-03-01 08:32:56,0.00046484,10.00000000
2018-03-01 08:32:56,0.00046498,30.00000000
2018-03-01 08:32:56,0.00046499,102.00000000
2018-03-01 08:32:56,0.00046500,43.00000000
2018-03-01 08:32:56,0.00046339,27.00000000
2018-03-01 08:32:57,0.00046400,35.00000000
2018-03-01 08:32:58,0.00046497,83.00000000
2018-03-01 08:32:58,0.00046498,30.00000000
2018-03-01 08:32:58,0.00046500,1673.00000000
2018-03-01 08:33:00,0.00046347,15.00000000
2018-03-01 08:33:01,0.00046500,62.00000000
2018-03-01 08:33:01,0.00046519,16.00000000
2018-03-01 08:33:01,0.00046520,27.00000000
2018-03-01 08:33:01,0.00046350,45.00000000
2018-03-01 08:33:01,0.00046350,7.00000000
2018-03-01 08:33:01,0.00046351,13.00000000
2018-03-01 08:33:01,0.00046354,13.00000000
2018-03-01 08:33:02,0.00046354,18.00000000
2018-03-01 08:33:02,0.00046474,8.00000000
2018-03-01 08:33:02,0.00046525,49.00000000
2018-03-01 08:33:03,0.00046360,1.00000000
2018-03-01 08:33:03,0.00046483,4.00000000
2018-03-01 08:33:03,0.00046485,10.00000000
2018-03-01 08:33:03,0.00046497,13.00000000
2018-03-01 08:33:03,0.00046498,200.00000000
2018-03-01 08:33:03,0.00046360,13.00000000
2018-03-01 08:33:03,0.00046371,10.00000000
2018-03-01 08:33:04,0.00046358,5.00000000
2018-03-01 08:33:04,0.00046358,27.00000000
2018-03-01 08:33:04,0.00046360,5.00000000
2018-03-01 08:33:05,0.00046481,112.00000000
2018-03-01 08:33:05,0.00046483,11.00000000
2018-03-01 08:33:05,0.00046498,121.00000000
2018-03-01 08:33:05,0.00046361,17.00000000
2018-03-01 08:33:06,0.00046496,21.00000000
2018-03-01 08:33:06,0.00046498,9.00000000
2018-03-01 08:33:07,0.00046576,10.00000000
2018-03-01 08:33:07,0.00046577,35.00000000
2018-03-01 08:33:07,0.00046589,6.00000000
2018-03-01 08:33:12,0.00046589,119.00000000
2018-03-01 08:33:12,0.00046590,3.00000000
2018-03-01 08:33:12,0.00046600,40.00000000
2018-03-01 08:33:12,0.00046602,18.00000000
2018-03-01 08:33:15,0.00046431,3.00000000
2018-03-01 08:33:16,0.00046453,3.00000000
2018-03-01 08:33:18,0.00046600,91.00000000
2018-03-01 08:33:18,0.00046600,374.00000000
2018-03-01 08:33:18,0.00046600,2085.00000000
2018-03-01 08:33:18,0.00046600,62.00000000
2018-03-01 08:33:18,0.00046600,305.00000000
2018-03-01 08:33:18,0.00046600,1029.00000000
2018-03-01 08:33:18,0.00046600,105.00000000
2018-03-01 08:33:18,0.00046601,10.00000000
2018-03-01 08:33:18,0.00046600,10.00000000
2018-03-01 08:33:19,0.00046600,39.00000000
2018-03-01 08:33:20,0.00046600,4621.00000000
2018-03-01 08:33:21,0.00046621,15.00000000
2018-03-01 08:33:21,0.00046621,5.00000000
2018-03-01 08:33:21,0.00046621,27.00000000
2018-03-01 08:33:22,0.00046621,50.00000000
2018-03-01 08:33:22,0.00046621,326.00000000
2018-03-01 08:33:22,0.00046600,1.00000000
2018-03-01 08:33:24,0.00046602,8.00000000
2018-03-01 08:33:24,0.00046600,2.00000000
2018-03-01 08:33:24,0.00046622,39.00000000
2018-03-01 08:33:24,0.00046623,150.00000000
2018-03-01 08:33:25,0.00046621,153.00000000
2018-03-01 08:33:26,0.00046600,14.00000000
2018-03-01 08:33:26,0.00046623,87.00000000
2018-03-01 08:33:26,0.00046623,130.00000000
2018-03-01 08:33:26,0.00046519,213.00000000
2018-03-01 08:33:26,0.00046517,5.00000000
2018-03-01 08:33:27,0.00046600,20.00000000
2018-03-01 08:33:27,0.00046600,57.00000000
2018-03-01 08:33:28,0.00046600,1.00000000
2018-03-01 08:33:28,0.00046600,568.00000000
2018-03-01 08:33:28,0.00046517,16.00000000
2018-03-01 08:33:28,0.00046672,159.00000000
2018-03-01 08:33:29,0.00046584,124.00000000
2018-03-01 08:33:29,0.00046496,25.00000000
2018-03-01 08:33:29,0.00046496,9.00000000
2018-03-01 08:33:29,0.00046495,7.00000000
2018-03-01 08:33:30,0.00046495,23.00000000
2018-03-01 08:33:30,0.00046467,21.00000000
2018-03-01 08:33:30,0.00046495,5.00000000
2018-03-01 08:33:30,0.00046495,3.00000000
2018-03-01 08:33:31,0.00046650,11.00000000
2018-03-01 08:33:31,0.00046650,84.00000000
2018-03-01 08:33:31,0.00046650,20.00000000
2018-03-01 08:33:31,0.00046650,37.00000000
2018-03-01 08:33:32,0.00046600,32.00000000
2018-03-01 08:33:32,0.00046600,7.00000000
2018-03-01 08:33:32,0.00046665,5.00000000
2018-03-01 08:33:33,0.00046470,40.00000000
2018-03-01 08:33:33,0.00046470,86.00000000
2018-03-01 08:33:34,0.00046469,30.00000000
2018-03-01 08:33:34,0.00046659,49.00000000
2018-03-01 08:33:34,0.00046661,20.00000000
2018-03-01 08:33:34,0.00046675,30.00000000
2018-03-01 08:33:34,0.00046677,55.00000000
2018-03-01 08:33:34,0.00046469,30.00000000
2018-03-01 08:33:34,0.00046468,128.00000000
2018-03-01 08:33:34,0.00046471,80.00000000
2018-03-01 08:33:34,0.00046473,20.00000000
2018-03-01 08:33:34,0.00046472,18.00000000
2018-03-01 08:33:35,0.00046656,3.00000000
2018-03-01 08:33:35,0.00046677,50.00000000
2018-03-01 08:33:35,0.00046680,5.00000000
2018-03-01 08:33:35,0.00046681,30.00000000
2018-03-01 08:33:35,0.00046682,21.00000000
2018-03-01 08:33:35,0.00046685,19.00000000
2018-03-01 08:33:35,0.00046700,197.00000000
2018-03-01 08:33:35,0.00046729,753.00000000
2018-03-01 08:33:35,0.00046748,501.00000000
2018-03-01 08:33:35,0.00046777,152.00000000
2018-03-01 08:33:35,0.00046780,262.00000000
2018-03-01 08:33:35,0.00046786,8.00000000
2018-03-01 08:33:35,0.00046788,22.00000000
2018-03-01 08:33:35,0.00046795,5.00000000
2018-03-01 08:33:35,0.00046800,7319.00000000
2018-03-01 08:33:35,0.00046476,40.00000000
2018-03-01 08:33:35,0.00046478,47.00000000
2018-03-01 08:33:35,0.00046617,10.00000000
2018-03-01 08:33:35,0.00046681,30.00000000
2018-03-01 08:33:35,0.00046800,12.00000000
2018-03-01 08:33:35,0.00046478,87.00000000
2018-03-01 08:33:35,0.00046476,41.00000000
2018-03-01 08:33:36,0.00046477,30.00000000
2018-03-01 08:33:36,0.00046476,278.00000000
2018-03-01 08:33:36,0.00046478,78.00000000
2018-03-01 08:33:36,0.00046478,32.00000000
2018-03-01 08:33:37,0.00046500,5.00000000
2018-03-01 08:33:37,0.00046500,3.00000000
2018-03-01 08:33:37,0.00046495,63.00000000
2018-03-01 08:33:37,0.00046478,14.00000000
2018-03-01 08:33:38,0.00046599,30.00000000
2018-03-01 08:33:38,0.00046600,214.00000000
2018-03-01 08:33:38,0.00046601,10.00000000
2018-03-01 08:33:38,0.00046602,86.00000000
2018-03-01 08:33:38,0.00046606,110.00000000
2018-03-01 08:33:38,0.00046661,128.00000000
2018-03-01 08:33:38,0.00046736,21.00000000
2018-03-01 08:33:38,0.00046799,40.00000000
2018-03-01 08:33:38,0.00046813,141.00000000
2018-03-01 08:33:39,0.00046479,10.00000000
2018-03-01 08:33:39,0.00046480,192.00000000
2018-03-01 08:33:39,0.00046480,4.00000000
2018-03-01 08:33:39,0.00046598,24.00000000
2018-03-01 08:33:40,0.00046665,32.00000000
2018-03-01 08:33:40,0.00046667,182.00000000
2018-03-01 08:33:40,0.00046667,19.00000000
2018-03-01 08:33:40,0.00046665,7.00000000
2018-03-01 08:33:40,0.00046665,20.00000000
2018-03-01 08:33:40,0.00046665,20.00000000
2018-03-01 08:33:40,0.00046665,99.00000000
2018-03-01 08:33:41,0.00046665,22.00000000
2018-03-01 08:33:41,0.00046665,48.00000000
2018-03-01 08:33:41,0.00046665,3.00000000
2018-03-01 08:33:41,0.00046665,87.00000000
2018-03-01 08:33:42,0.00046671,241.00000000
2018-03-01 08:33:42,0.00046673,4.00000000
2018-03-01 08:33:42,0.00046813,102.00000000
2018-03-01 08:33:42,0.00046818,521.00000000
2018-03-01 08:33:42,0.00046822,19.00000000
2018-03-01 08:33:42,0.00046843,73.00000000
2018-03-01 08:33:42,0.00046860,5.00000000
2018-03-01 08:33:42,0.00046874,935.00000000
2018-03-01 08:33:42,0.00046877,171.00000000
2018-03-01 08:33:42,0.00046893,4.00000000
2018-03-01 08:33:42,0.00046899,11.00000000
2018-03-01 08:33:42,0.00046900,4505.00000000
2018-03-01 08:33:42,0.00046906,4.00000000
2018-03-01 08:33:42,0.00046915,10.00000000
2018-03-01 08:33:42,0.00046925,60.00000000
2018-03-01 08:33:42,0.00046931,524.00000000
2018-03-01 08:33:42,0.00046931,3.00000000
2018-03-01 08:33:43,0.00046930,10.00000000
2018-03-01 08:33:43,0.00046931,28.00000000
2018-03-01 08:33:43,0.00046932,242.00000000
2018-03-01 08:33:43,0.00046964,150.00000000
2018-03-01 08:33:43,0.00046965,12.00000000
2018-03-01 08:33:43,0.00046977,58.00000000
2018-03-01 08:33:47,0.00046640,210.00000000
2018-03-01 08:33:47,0.00046638,20.00000000
2018-03-01 08:33:47,0.00046633,34.00000000
2018-03-01 08:33:47,0.00046633,68.00000000
2018-03-01 08:33:47,0.00046633,11.00000000
2018-03-01 08:33:48,0.00046636,112.00000000
2018-03-01 08:33:48,0.00046635,85.00000000
2018-03-01 08:33:48,0.00046634,829.00000000
2018-03-01 08:33:48,0.00046633,214.00000000
2018-03-01 08:33:48,0.00046632,30.00000000
2018-03-01 08:33:48,0.00046625,16.00000000
2018-03-01 08:33:48,0.00046622,406.00000000
2018-03-01 08:33:48,0.00046613,66.00000000
2018-03-01 08:33:48,0.00046612,13.00000000
2018-03-01 08:33:48,0.00046583,10.00000000
2018-03-01 08:33:48,0.00046575,5.00000000
2018-03-01 08:33:48,0.00046551,128.00000000
2018-03-01 08:33:48,0.00046480,643.00000000
2018-03-01 08:33:48,0.00046478,12.00000000
2018-03-01 08:33:48,0.00046425,10.00000000
2018-03-01 08:33:48,0.00046393,66.00000000
2018-03-01 08:33:48,0.00046390,7.00000000
2018-03-01 08:33:48,0.00046360,818.00000000
2018-03-01 08:33:48,0.00046339,8.00000000
2018-03-01 08:33:48,0.00046328,215.00000000
2018-03-01 08:33:48,0.00046327,259.00000000
2018-03-01 08:33:48,0.00046311,209.00000000
2018-03-01 08:33:48,0.00046310,4.00000000
2018-03-01 08:33:48,0.00046308,3122.00000000
2018-03-01 08:33:48,0.00046250,7907.00000000
2018-03-01 08:33:48,0.00046250,280.00000000
2018-03-01 08:33:48,0.00046657,1.00000000
2018-03-01 08:33:48,0.00046880,8.00000000
2018-03-01 08:33:48,0.00046657,15.00000000
2018-03-01 08:33:48,0.00046657,5.00000000
2018-03-01 08:33:48,0.00046640,8.00000000
2018-03-01 08:33:48,0.00046635,30.00000000
2018-03-01 08:33:48,0.00046634,557.00000000
2018-03-01 08:33:48,0.00046635,20.00000000
2018-03-01 08:33:48,0.00046635,10.00000000
2018-03-01 08:33:48,0.00046634,3.00000000
2018-03-01 08:33:49,0.00046712,6.00000000
2018-03-01 08:33:50,0.00046663,41.00000000
2018-03-01 08:33:51,0.00046700,10.00000000
2018-03-01 08:33:51,0.00046704,39.00000000
2018-03-01 08:33:51,0.00046705,147.00000000
2018-03-01 08:33:53,0.00046663,20.00000000
2018-03-01 08:33:54,0.00046695,57.00000000
2018-03-01 08:33:54,0.00046697,103.00000000
2018-03-01 08:33:54,0.00046663,5.00000000
2018-03-01 08:33:56,0.00046663,424.00000000
2018-03-01 08:33:56,0.00046690,8.00000000
2018-03-01 08:33:56,0.00046695,113.00000000
2018-03-01 08:33:56,0.00046696,277.00000000
2018-03-01 08:33:56,0.00046697,821.00000000
2018-03-01 08:33:56,0.00046706,13.00000000
2018-03-01 08:33:56,0.00046715,7.00000000
2018-03-01 08:33:56,0.00046727,85.00000000
2018-03-01 08:33:56,0.00046791,128.00000000
2018-03-01 08:33:56,0.00046876,40.00000000
2018-03-01 08:33:56,0.00046879,5.00000000
2018-03-01 08:33:56,0.00046880,58.00000000
2018-03-01 08:33:56,0.00046893,21.00000000
2018-03-01 08:33:56,0.00046899,260.00000000
2018-03-01 08:33:58,0.00046571,6.00000000
2018-03-01 08:33:58,0.00046571,20.00000000
2018-03-01 08:33:58,0.00046571,7.00000000
2018-03-01 08:33:59,0.00046571,18.00000000
2018-03-01 08:33:59,0.00046572,3.00000000
2018-03-01 08:33:59,0.00046572,42.00000000
2018-03-01 08:33:59,0.00046572,155.00000000
2018-03-01 08:33:59,0.00046571,198.00000000
2018-03-01 08:34:00,0.00046571,84.00000000
2018-03-01 08:34:00,0.00046661,42.00000000
2018-03-01 08:34:01,0.00046571,135.00000000
2018-03-01 08:34:01,0.00046571,5.00000000
2018-03-01 08:34:01,0.00046662,5.00000000
2018-03-01 08:34:04,0.00046559,5.00000000
2018-03-01 08:34:04,0.00046658,6.00000000
2018-03-01 08:34:04,0.00046658,4.00000000
2018-03-01 08:34:04,0.00046659,16.00000000
2018-03-01 08:34:05,0.00046562,4.00000000
2018-03-01 08:34:07,0.00046568,41.00000000
2018-03-01 08:34:07,0.00046568,16.00000000
2018-03-01 08:34:07,0.00046659,48.00000000
2018-03-01 08:34:08,0.00046658,158.00000000
2018-03-01 08:34:08,0.00046659,57.00000000
2018-03-01 08:34:08,0.00046659,449.00000000
2018-03-01 08:34:08,0.00046659,64.00000000
2018-03-01 08:34:09,0.00046659,2.00000000
2018-03-01 08:34:09,0.00046563,54.00000000
2018-03-01 08:34:11,0.00046657,3.00000000
2018-03-01 08:34:12,0.00046656,10.00000000
2018-03-01 08:34:12,0.00046659,34.00000000
2018-03-01 08:34:12,0.00046661,10.00000000
2018-03-01 08:34:12,0.00046662,18.00000000
2018-03-01 08:34:12,0.00046695,30.00000000
2018-03-01 08:34:12,0.00046697,664.00000000
2018-03-01 08:34:12,0.00046701,54.00000000
2018-03-01 08:34:12,0.00046714,5.00000000
2018-03-01 08:34:12,0.00046771,41.00000000
2018-03-01 08:34:12,0.00046800,19.00000000
2018-03-01 08:34:12,0.00046803,16.00000000
2018-03-01 08:34:12,0.00046804,192.00000000
2018-03-01 08:34:12,0.00046654,63.00000000
2018-03-01 08:34:13,0.00046654,57.00000000
2018-03-01 08:34:13,0.00046656,28.00000000
2018-03-01 08:34:13,0.00046656,182.00000000
2018-03-01 08:34:13,0.00046654,353.00000000
2018-03-01 08:34:13,0.00046617,10.00000000
2018-03-01 08:34:13,0.00046581,306.00000000
2018-03-01 08:34:14,0.00046582,9.00000000
2018-03-01 08:34:22,0.00046677,10.00000000
2018-03-01 08:34:26,0.00046673,3.00000000
2018-03-01 08:34:27,0.00046705,42.00000000
2018-03-01 08:34:27,0.00046676,3.00000000
2018-03-01 08:34:28,0.00046673,7.00000000
2018-03-01 08:34:28,0.00046701,22.00000000
2018-03-01 08:34:29,0.00046666,85.00000000
2018-03-01 08:34:29,0.00046665,37.00000000
2018-03-01 08:34:29,0.00046628,30.00000000
2018-03-01 08:34:31,0.00046619,116.00000000
2018-03-01 08:34:31,0.00046621,9.00000000
2018-03-01 08:34:31,0.00046624,196.00000000
2018-03-01 08:34:33,0.00046609,30.00000000
2018-03-01 08:34:33,0.00046608,10.00000000
2018-03-01 08:34:34,0.00046610,30.00000000
2018-03-01 08:34:34,0.00046609,293.00000000
2018-03-01 08:34:35,0.00046610,14.00000000
2018-03-01 08:34:35,0.00046610,16.00000000
2018-03-01 08:34:35,0.00046609,179.00000000
2018-03-01 08:34:35,0.00046608,196.00000000
2018-03-01 08:34:37,0.00046609,3.00000000
2018-03-01 08:34:43,0.00046608,173.00000000
2018-03-01 08:34:43,0.00046571,20.00000000
2018-03-01 08:34:43,0.00046569,211.00000000
2018-03-01 08:34:43,0.00046567,96.00000000
2018-03-01 08:34:43,0.00046567,45.00000000
2018-03-01 08:34:45,0.00046567,48.00000000
2018-03-01 08:34:48,0.00046571,10.00000000
2018-03-01 08:34:49,0.00046608,100.00000000
2018-03-01 08:34:49,0.00046608,11.00000000
2018-03-01 08:34:49,0.00046574,4.00000000
2018-03-01 08:34:49,0.00046574,6.00000000
2018-03-01 08:34:49,0.00046567,126.00000000
2018-03-01 08:34:51,0.00046609,5.00000000
2018-03-01 08:34:52,0.00046567,3.00000000
2018-03-01 08:34:52,0.00046567,95.00000000
2018-03-01 08:34:53,0.00046567,76.00000000
2018-03-01 08:34:53,0.00046609,12.00000000
2018-03-01 08:34:53,0.00046609,75.00000000
2018-03-01 08:34:53,0.00046501,39.00000000
2018-03-01 08:34:53,0.00046500,16.00000000
2018-03-01 08:34:55,0.00046514,6.00000000
2018-03-01 08:34:55,0.00046514,38.00000000
2018-03-01 08:34:56,0.00046514,36.00000000
2018-03-01 08:34:57,0.00046600,11.00000000
2018-03-01 08:34:58,0.00046600,10.00000000
2018-03-01 08:34:59,0.00046600,190.00000000
2018-03-01 08:34:59,0.00046600,10.00000000
2018-03-01 08:34:59,0.00046600,11.00000000
2018-03-01 08:35:00,0.00046601,16.00000000
2018-03-01 08:35:00,0.00046600,3180.00000000
2018-03-01 08:35:00,0.00046598,3.00000000
2018-03-01 08:35:01,0.00046512,20.00000000
2018-03-01 08:35:01,0.00046512,10.00000000
2018-03-01 08:35:02,0.00046512,47.00000000
2018-03-01 08:35:02,0.00046514,187.00000000
2018-03-01 08:35:02,0.00046600,205.00000000
2018-03-01 08:35:02,0.00046607,22.00000000
2018-03-01 08:35:03,0.00046607,11.00000000
2018-03-01 08:35:03,0.00046607,9.00000000
2018-03-01 08:35:04,0.00046607,40.00000000
2018-03-01 08:35:05,0.00046607,5323.00000000
2018-03-01 08:35:06,0.00046605,1.00000000
2018-03-01 08:35:07,0.00046606,14.00000000
2018-03-01 08:35:09,0.00046517,10.00000000
2018-03-01 08:35:11,0.00046599,71.00000000
2018-03-01 08:35:11,0.00046600,159.00000000
2018-03-01 08:35:11,0.00046605,20.00000000
2018-03-01 08:35:13,0.00046605,3.00000000
2018-03-01 08:35:13,0.00046605,3.00000000
2018-03-01 08:35:13,0.00046605,4.00000000
2018-03-01 08:35:13,0.00046605,61.00000000
2018-03-01 08:35:14,0.00046600,5.00000000
2018-03-01 08:35:15,0.00046604,753.00000000
2018-03-01 08:35:15,0.00046605,402.00000000
2018-03-01 08:35:15,0.00046607,795.00000000
2018-03-01 08:35:16,0.00046607,11.00000000
2018-03-01 08:35:18,0.00046607,33.00000000
2018-03-01 08:35:18,0.00046607,408.00000000
2018-03-01 08:35:18,0.00046605,98.00000000
2018-03-01 08:35:19,0.00046600,40.00000000
2018-03-01 08:35:21,0.00046607,33.00000000
2018-03-01 08:35:21,0.00046608,47.00000000
2018-03-01 08:35:21,0.00046610,120.00000000
2018-03-01 08:35:22,0.00046605,35.00000000
2018-03-01 08:35:24,0.00046600,124.00000000
2018-03-01 08:35:28,0.00046559,20.00000000
2018-03-01 08:35:31,0.00046605,209.00000000
2018-03-01 08:35:31,0.00046610,46.00000000
2018-03-01 08:35:31,0.00046630,7.00000000
2018-03-01 08:35:31,0.00046650,60.00000000
2018-03-01 08:35:31,0.00046650,200.00000000
2018-03-01 08:35:31,0.00046657,20.00000000
2018-03-01 08:35:31,0.00046700,104.00000000
2018-03-01 08:35:32,0.00046564,20.00000000
2018-03-01 08:35:38,0.00046597,55.00000000
2018-03-01 08:35:40,0.00046697,19.00000000
2018-03-01 08:35:40,0.00046698,13.00000000
2018-03-01 08:35:40,0.00046700,49.00000000
2018-03-01 08:35:41,0.00046606,22.00000000
2018-03-01 08:35:42,0.00046609,21.00000000
2018-03-01 08:35:50,0.00046610,3.00000000
2018-03-01 08:35:52,0.00046610,3.00000000
2018-03-01 08:35:52,0.00046610,4.00000000
2018-03-01 08:35:53,0.00046609,3.00000000
2018-03-01 08:35:53,0.00046605,70.00000000
2018-03-01 08:35:53,0.00046602,80.00000000
2018-03-01 08:35:53,0.00046602,14.00000000
2018-03-01 08:35:54,0.00046602,92.00000000
2018-03-01 08:35:54,0.00046600,93.00000000
2018-03-01 08:35:56,0.00046607,105.00000000
2018-03-01 08:35:57,0.00046600,33.00000000
2018-03-01 08:36:00,0.00046600,30.00000000
2018-03-01 08:36:01,0.00046600,151.00000000
2018-03-01 08:36:05,0.00046598,13.00000000
2018-03-01 08:36:05,0.00046600,185.00000000
2018-03-01 08:36:05,0.00046600,482.00000000
2018-03-01 08:36:05,0.00046600,25.00000000
2018-03-01 08:36:11,0.00046599,9.00000000
2018-03-01 08:36:11,0.00046600,98.00000000
2018-03-01 08:36:11,0.00046600,1146.00000000
2018-03-01 08:36:17,0.00046594,41.00000000
2018-03-01 08:36:20,0.00046600,10.00000000
2018-03-01 08:36:26,0.00046600,22.00000000
2018-03-01 08:36:27,0.00046600,356.00000000
2018-03-01 08:36:28,0.00046600,654.00000000
2018-03-01 08:36:28,0.00046600,172.00000000
2018-03-01 08:36:29,0.00046609,19.00000000
2018-03-01 08:36:29,0.00046610,110.00000000
2018-03-01 08:36:30,0.00046602,7.00000000
2018-03-01 08:36:30,0.00046608,10.00000000
2018-03-01 08:36:31,0.00046698,10.00000000
2018-03-01 08:36:31,0.00046699,313.00000000
2018-03-01 08:36:31,0.00046699,3.00000000
2018-03-01 08:36:35,0.00046698,1.00000000
2018-03-01 08:36:36,0.00046698,22.00000000
2018-03-01 08:36:36,0.00046699,25.00000000
2018-03-01 08:36:37,0.00046697,7.00000000
2018-03-01 08:36:39,0.00046698,18.00000000
2018-03-01 08:36:40,0.00046698,4.00000000
2018-03-01 08:36:41,0.00046698,35.00000000
2018-03-01 08:36:41,0.00046699,32.00000000
2018-03-01 08:36:43,0.00046698,1.00000000
2018-03-01 08:36:43,0.00046609,20.00000000
