DATE,PRICE,VOLUME
2018-02-24 15:00:02,0.00057774,254.00000000
2018-02-24 15:00:03,0.00057774,51.00000000
2018-02-24 15:00:03,0.00057745,4.00000000
2018-02-24 15:00:03,0.00057774,51.00000000
2018-02-24 15:00:03,0.00057774,51.00000000
2018-02-24 15:00:03,0.00057774,24.00000000
2018-02-24 15:00:04,0.00057774,22.00000000
2018-02-24 15:00:05,0.00057745,3.00000000
2018-02-24 15:00:07,0.00057774,14.00000000
2018-02-24 15:00:07,0.00057774,2.00000000
2018-02-24 15:00:08,0.00057774,2.00000000
2018-02-24 15:00:08,0.00057774,20.00000000
2018-02-24 15:00:09,0.00057774,2.00000000
2018-02-24 15:00:10,0.00057745,100.00000000
2018-02-24 15:00:10,0.00057774,14.00000000
2018-02-24 15:00:10,0.00057774,2.00000000
2018-02-24 15:00:10,0.00057774,21.00000000
2018-02-24 15:00:11,0.00057774,2.00000000
2018-02-24 15:00:11,0.00057774,2.00000000
2018-02-24 15:00:11,0.00057774,40.00000000
2018-02-24 15:00:11,0.00057774,2.00000000
2018-02-24 15:00:12,0.00057774,4.00000000
2018-02-24 15:00:13,0.00057774,187.00000000
2018-02-24 15:00:13,0.00057778,51.00000000
2018-02-24 15:00:17,0.00057804,16.00000000
2018-02-24 15:00:17,0.00057830,297.00000000
2018-02-24 15:00:17,0.00057831,1.00000000
2018-02-24 15:00:17,0.00057745,61.00000000
2018-02-24 15:00:25,0.00057745,65.00000000
2018-02-24 15:00:25,0.00057726,304.00000000
2018-02-24 15:00:25,0.00057715,48.00000000
2018-02-24 15:00:39,0.00057718,296.00000000
2018-02-24 15:00:39,0.00057718,11.00000000
2018-02-24 15:00:47,0.00057829,10.00000000
2018-02-24 15:00:47,0.00057830,49.00000000
2018-02-24 15:00:47,0.00057831,75.00000000
2018-02-24 15:00:47,0.00057831,124.00000000
2018-02-24 15:00:47,0.00057849,841.00000000
2018-02-24 15:00:47,0.00057850,1153.00000000
2018-02-24 15:00:54,0.00057850,26.00000000
2018-02-24 15:00:56,0.00057850,126.00000000
2018-02-24 15:00:56,0.00057850,129.00000000
2018-02-24 15:01:09,0.00057775,10.00000000
2018-02-24 15:01:09,0.00057774,24.00000000
2018-02-24 15:01:12,0.00057774,5.00000000
2018-02-24 15:01:16,0.00057774,2.00000000
2018-02-24 15:01:30,0.00057818,14.00000000
2018-02-24 15:01:30,0.00057819,29.00000000
2018-02-24 15:01:33,0.00057818,20.00000000
2018-02-24 15:01:33,0.00057819,10.00000000
2018-02-24 15:01:36,0.00057850,86.00000000
2018-02-24 15:01:40,0.00057819,180.00000000
2018-02-24 15:01:47,0.00057775,10.00000000
2018-02-24 15:01:47,0.00057774,90.00000000
2018-02-24 15:01:51,0.00057818,49.00000000
2018-02-24 15:01:53,0.00057774,90.00000000
2018-02-24 15:02:01,0.00057774,239.00000000
2018-02-24 15:02:17,0.00057818,2.00000000
2018-02-24 15:02:17,0.00057819,150.00000000
2018-02-24 15:02:29,0.00057819,84.00000000
2018-02-24 15:02:41,0.00057774,7.00000000
2018-02-24 15:02:43,0.00057774,3.00000000
2018-02-24 15:03:02,0.00057774,15.00000000
2018-02-24 15:03:22,0.00057819,17.00000000
2018-02-24 15:03:22,0.00057819,36.00000000
2018-02-24 15:03:24,0.00057819,3.00000000
2018-02-24 15:03:30,0.00057819,130.00000000
2018-02-24 15:03:30,0.00057850,83.00000000
2018-02-24 15:03:32,0.00057774,86.00000000
2018-02-24 15:03:39,0.00057774,86.00000000
2018-02-24 15:03:42,0.00057819,2.00000000
2018-02-24 15:03:44,0.00057819,42.00000000
2018-02-24 15:03:44,0.00057849,1132.00000000
2018-02-24 15:03:47,0.00057774,86.00000000
2018-02-24 15:03:48,0.00057774,821.00000000
2018-02-24 15:03:56,0.00057850,23.00000000
2018-02-24 15:04:05,0.00057776,60.00000000
2018-02-24 15:04:19,0.00057850,4.00000000
2018-02-24 15:04:46,0.00057849,45.00000000
2018-02-24 15:04:50,0.00057849,500.00000000
2018-02-24 15:04:50,0.00057850,1178.00000000
2018-02-24 15:04:55,0.00057850,51.00000000
2018-02-24 15:04:55,0.00057850,8.00000000
2018-02-24 15:04:55,0.00057850,51.00000000
2018-02-24 15:04:55,0.00057850,182.00000000
2018-02-24 15:04:55,0.00057860,97.00000000
2018-02-24 15:04:55,0.00057890,32.00000000
2018-02-24 15:04:56,0.00057890,15.00000000
2018-02-24 15:04:56,0.00057890,277.00000000
2018-02-24 15:04:56,0.00057900,51.00000000
2018-02-24 15:04:56,0.00057900,26.00000000
2018-02-24 15:04:56,0.00057900,410.00000000
2018-02-24 15:04:56,0.00057930,12.00000000
2018-02-24 15:04:56,0.00057940,5.00000000
2018-02-24 15:04:56,0.00057950,9.00000000
2018-02-24 15:04:57,0.00057900,5.00000000
2018-02-24 15:04:58,0.00057950,51.00000000
2018-02-24 15:04:58,0.00057950,21.00000000
2018-02-24 15:04:58,0.00057950,14.00000000
2018-02-24 15:04:58,0.00057950,51.00000000
2018-02-24 15:04:58,0.00057950,38.00000000
2018-02-24 15:04:58,0.00057950,38.00000000
2018-02-24 15:04:58,0.00057950,4.00000000
2018-02-24 15:04:58,0.00057950,47.00000000
2018-02-24 15:04:58,0.00057950,17.00000000
2018-02-24 15:04:58,0.00057950,51.00000000
2018-02-24 15:04:59,0.00057950,51.00000000
2018-02-24 15:04:59,0.00057950,101.00000000
2018-02-24 15:05:02,0.00057860,56.00000000
2018-02-24 15:05:11,0.00057949,14.00000000
2018-02-24 15:05:19,0.00057949,4.00000000
2018-02-24 15:05:19,0.00057949,3.00000000
2018-02-24 15:05:26,0.00057860,45.00000000
2018-02-24 15:05:26,0.00057850,4.00000000
2018-02-24 15:05:37,0.00057850,50.00000000
2018-02-24 15:05:57,0.00057850,51.00000000
2018-02-24 15:05:57,0.00057850,35.00000000
2018-02-24 15:06:04,0.00057945,10.00000000
2018-02-24 15:06:04,0.00057946,9.00000000
2018-02-24 15:06:04,0.00057947,119.00000000
2018-02-24 15:06:04,0.00057950,27.00000000
2018-02-24 15:06:18,0.00057920,63.00000000
2018-02-24 15:06:25,0.00057920,75.00000000
2018-02-24 15:06:25,0.00057950,772.00000000
2018-02-24 15:06:26,0.00057950,16.00000000
2018-02-24 15:06:27,0.00057843,5.00000000
2018-02-24 15:06:31,0.00057858,20.00000000
2018-02-24 15:06:35,0.00057969,20.00000000
2018-02-24 15:06:35,0.00057970,842.00000000
2018-02-24 15:06:43,0.00057941,178.00000000
2018-02-24 15:06:43,0.00057941,22.00000000
2018-02-24 15:06:43,0.00057855,13.00000000
2018-02-24 15:06:43,0.00057855,7.00000000
2018-02-24 15:06:43,0.00057854,25.00000000
2018-02-24 15:06:43,0.00057969,21.00000000
2018-02-24 15:06:50,0.00057854,4.00000000
2018-02-24 15:06:52,0.00057964,52.00000000
2018-02-24 15:06:52,0.00057965,11.00000000
2018-02-24 15:07:03,0.00057954,8.00000000
2018-02-24 15:07:03,0.00057965,17.00000000
2018-02-24 15:07:05,0.00057965,16.00000000
2018-02-24 15:07:06,0.00057965,37.00000000
2018-02-24 15:07:11,0.00057900,20.00000000
2018-02-24 15:07:17,0.00057964,50.00000000
2018-02-24 15:07:17,0.00057965,743.00000000
2018-02-24 15:07:17,0.00057965,7.00000000
2018-02-24 15:07:21,0.00057965,36.00000000
2018-02-24 15:07:22,0.00057965,155.00000000
2018-02-24 15:07:28,0.00057965,44.00000000
2018-02-24 15:07:29,0.00057921,8.00000000
2018-02-24 15:07:29,0.00057916,16.00000000
2018-02-24 15:07:29,0.00057911,8.00000000
2018-02-24 15:07:29,0.00057906,8.00000000
2018-02-24 15:07:29,0.00057901,43.00000000
2018-02-24 15:07:32,0.00057969,25.00000000
2018-02-24 15:07:32,0.00057969,6.00000000
2018-02-24 15:07:32,0.00057970,106.00000000
2018-02-24 15:07:33,0.00057970,270.00000000
2018-02-24 15:07:33,0.00057970,55.00000000
2018-02-24 15:07:34,0.00057907,8.00000000
2018-02-24 15:07:34,0.00057901,8.00000000
2018-02-24 15:07:37,0.00057908,7.00000000
2018-02-24 15:07:39,0.00057972,86.00000000
2018-02-24 15:07:39,0.00057994,878.00000000
2018-02-24 15:07:42,0.00057995,10.00000000
2018-02-24 15:07:42,0.00057994,330.00000000
2018-02-24 15:07:42,0.00057908,1.00000000
2018-02-24 15:07:42,0.00057902,6.00000000
2018-02-24 15:07:42,0.00057901,354.00000000
2018-02-24 15:07:42,0.00057900,850.00000000
2018-02-24 15:07:42,0.00057900,51.00000000
2018-02-24 15:07:42,0.00057900,14.00000000
2018-02-24 15:07:42,0.00057900,22.00000000
2018-02-24 15:07:42,0.00057900,13.00000000
2018-02-24 15:07:43,0.00057900,859.00000000
2018-02-24 15:07:43,0.00057994,63.00000000
2018-02-24 15:07:46,0.00057994,28.00000000
2018-02-24 15:07:50,0.00057994,40.00000000
2018-02-24 15:07:53,0.00057993,10.00000000
2018-02-24 15:07:53,0.00057994,17.00000000
2018-02-24 15:07:53,0.00057995,32.00000000
2018-02-24 15:07:54,0.00057884,7.00000000
2018-02-24 15:07:59,0.00057994,21.00000000
2018-02-24 15:08:01,0.00057884,5.00000000
2018-02-24 15:08:03,0.00057996,12.00000000
2018-02-24 15:08:03,0.00057997,30.00000000
2018-02-24 15:08:03,0.00057998,147.00000000
2018-02-24 15:08:03,0.00057997,215.00000000
2018-02-24 15:08:05,0.00057885,5.00000000
2018-02-24 15:08:11,0.00057885,7.00000000
2018-02-24 15:08:11,0.00057884,71.00000000
2018-02-24 15:08:12,0.00057996,5.00000000
2018-02-24 15:08:12,0.00057996,5.00000000
2018-02-24 15:08:13,0.00057996,20.00000000
2018-02-24 15:08:20,0.00057891,10.00000000
2018-02-24 15:08:20,0.00057890,2.00000000
2018-02-24 15:08:32,0.00057989,20.00000000
2018-02-24 15:08:32,0.00057990,9.00000000
2018-02-24 15:08:41,0.00057990,14.00000000
2018-02-24 15:08:43,0.00057891,612.00000000
2018-02-24 15:08:55,0.00057987,20.00000000
2018-02-24 15:08:55,0.00057988,4.00000000
2018-02-24 15:08:55,0.00057990,17.00000000
2018-02-24 15:08:57,0.00057990,19.00000000
2018-02-24 15:08:57,0.00057994,5.00000000
2018-02-24 15:08:58,0.00057892,27.00000000
2018-02-24 15:09:04,0.00057892,11.00000000
2018-02-24 15:09:07,0.00057993,20.00000000
2018-02-24 15:09:07,0.00057994,1213.00000000
2018-02-24 15:09:09,0.00057994,100.00000000
2018-02-24 15:09:15,0.00057999,63.00000000
2018-02-24 15:09:15,0.00057999,16.00000000
2018-02-24 15:09:15,0.00057999,40.00000000
2018-02-24 15:09:16,0.00057999,16.00000000
2018-02-24 15:09:20,0.00057994,8.00000000
2018-02-24 15:09:23,0.00058000,415.00000000
2018-02-24 15:09:26,0.00058000,518.00000000
2018-02-24 15:09:26,0.00057994,8.00000000
2018-02-24 15:09:30,0.00058000,495.00000000
2018-02-24 15:09:31,0.00057994,4.00000000
2018-02-24 15:09:32,0.00058000,4429.00000000
2018-02-24 15:09:32,0.00057994,13.00000000
2018-02-24 15:09:33,0.00058000,139.00000000
2018-02-24 15:09:34,0.00057994,16.00000000
2018-02-24 15:09:34,0.00058001,67.00000000
2018-02-24 15:09:34,0.00058001,13.00000000
2018-02-24 15:09:35,0.00058007,5.00000000
2018-02-24 15:09:35,0.00058001,14.00000000
2018-02-24 15:09:36,0.00058001,44.00000000
2018-02-24 15:09:36,0.00057999,53.00000000
2018-02-24 15:09:36,0.00058007,102.00000000
2018-02-24 15:09:36,0.00058007,1.00000000
2018-02-24 15:09:41,0.00058007,19.00000000
2018-02-24 15:09:41,0.00058007,1.00000000
2018-02-24 15:09:41,0.00057994,7.00000000
2018-02-24 15:09:42,0.00057994,64.00000000
2018-02-24 15:09:42,0.00057994,63.00000000
2018-02-24 15:09:42,0.00057994,53.00000000
2018-02-24 15:09:42,0.00057994,157.00000000
2018-02-24 15:09:43,0.00058024,10.00000000
2018-02-24 15:09:43,0.00058037,30.00000000
2018-02-24 15:09:43,0.00058040,8.00000000
2018-02-24 15:09:43,0.00058042,20.00000000
2018-02-24 15:09:43,0.00058054,20.00000000
2018-02-24 15:09:43,0.00058060,74.00000000
2018-02-24 15:09:43,0.00058062,3.00000000
2018-02-24 15:09:43,0.00058063,30.00000000
2018-02-24 15:09:43,0.00058069,3.00000000
2018-02-24 15:09:43,0.00058075,16.00000000
2018-02-24 15:09:43,0.00058000,78.00000000
2018-02-24 15:09:43,0.00057994,553.00000000
2018-02-24 15:09:45,0.00057995,10.00000000
2018-02-24 15:09:45,0.00057994,753.00000000
2018-02-24 15:09:45,0.00057994,17.00000000
2018-02-24 15:09:47,0.00057994,2.00000000
2018-02-24 15:09:47,0.00057994,947.00000000
2018-02-24 15:09:49,0.00058000,17.00000000
2018-02-24 15:09:49,0.00058000,7.00000000
2018-02-24 15:09:51,0.00058074,80.00000000
2018-02-24 15:09:51,0.00058000,11.00000000
2018-02-24 15:09:52,0.00058000,48.00000000
2018-02-24 15:09:54,0.00058000,2184.00000000
2018-02-24 15:09:57,0.00058074,60.00000000
2018-02-24 15:09:57,0.00058000,36.00000000
2018-02-24 15:10:01,0.00058074,26.00000000
2018-02-24 15:10:01,0.00058075,19.00000000
2018-02-24 15:10:01,0.00058001,135.00000000
2018-02-24 15:10:01,0.00058001,117.00000000
2018-02-24 15:10:01,0.00058001,33.00000000
2018-02-24 15:10:01,0.00058001,33.00000000
2018-02-24 15:10:02,0.00058001,22.00000000
2018-02-24 15:10:02,0.00058001,17.00000000
2018-02-24 15:10:03,0.00058001,15.00000000
2018-02-24 15:10:03,0.00058001,46.00000000
2018-02-24 15:10:03,0.00058000,130.00000000
2018-02-24 15:10:03,0.00058000,15.00000000
2018-02-24 15:10:04,0.00058075,34.00000000
2018-02-24 15:10:04,0.00058000,117.00000000
2018-02-24 15:10:04,0.00058000,176.00000000
2018-02-24 15:10:06,0.00058000,11.00000000
2018-02-24 15:10:06,0.00058000,157.00000000
2018-02-24 15:10:06,0.00058000,46.00000000
2018-02-24 15:10:06,0.00058000,42.00000000
2018-02-24 15:10:06,0.00058000,62.00000000
2018-02-24 15:10:07,0.00058000,150.00000000
2018-02-24 15:10:08,0.00058073,15.00000000
2018-02-24 15:10:08,0.00058074,10.00000000
2018-02-24 15:10:08,0.00058000,100.00000000
2018-02-24 15:10:08,0.00058074,24.00000000
2018-02-24 15:10:08,0.00058000,150.00000000
2018-02-24 15:10:08,0.00058000,27.00000000
2018-02-24 15:10:08,0.00058000,150.00000000
2018-02-24 15:10:09,0.00058073,139.00000000
2018-02-24 15:10:09,0.00058074,41.00000000
2018-02-24 15:10:10,0.00058074,18.00000000
2018-02-24 15:10:10,0.00058075,36.00000000
2018-02-24 15:10:10,0.00058000,2.00000000
2018-02-24 15:10:10,0.00058000,150.00000000
2018-02-24 15:10:10,0.00058075,18.00000000
2018-02-24 15:10:11,0.00058000,150.00000000
2018-02-24 15:10:12,0.00058074,77.00000000
2018-02-24 15:10:12,0.00058000,144.00000000
2018-02-24 15:10:13,0.00058000,176.00000000
2018-02-24 15:10:14,0.00058064,6.00000000
2018-02-24 15:10:14,0.00058074,52.00000000
2018-02-24 15:10:20,0.00058001,8.00000000
2018-02-24 15:10:21,0.00058074,4.00000000
2018-02-24 15:10:24,0.00058001,11.00000000
2018-02-24 15:10:34,0.00058073,13.00000000
2018-02-24 15:10:35,0.00058073,162.00000000
2018-02-24 15:10:39,0.00058074,178.00000000
2018-02-24 15:10:39,0.00058074,6.00000000
2018-02-24 15:10:39,0.00058074,4.00000000
2018-02-24 15:10:39,0.00058074,3.00000000
2018-02-24 15:10:41,0.00058074,12.00000000
2018-02-24 15:10:41,0.00058078,66.00000000
2018-02-24 15:10:41,0.00058081,2.00000000
2018-02-24 15:10:45,0.00058081,21.00000000
2018-02-24 15:10:46,0.00058081,4.00000000
2018-02-24 15:10:47,0.00058098,19.00000000
2018-02-24 15:10:47,0.00058098,5.00000000
2018-02-24 15:10:49,0.00058081,5.00000000
2018-02-24 15:10:49,0.00058081,8.00000000
2018-02-24 15:10:49,0.00058098,26.00000000
2018-02-24 15:10:49,0.00058098,22.00000000
2018-02-24 15:10:49,0.00058098,26.00000000
2018-02-24 15:10:49,0.00058098,22.00000000
2018-02-24 15:10:49,0.00058098,120.00000000
2018-02-24 15:10:49,0.00058098,10.00000000
2018-02-24 15:10:49,0.00058098,51.00000000
2018-02-24 15:10:49,0.00058081,2.00000000
2018-02-24 15:10:49,0.00058098,51.00000000
2018-02-24 15:10:49,0.00058098,51.00000000
2018-02-24 15:10:49,0.00058098,51.00000000
2018-02-24 15:10:50,0.00058098,27.00000000
2018-02-24 15:10:51,0.00058098,26.00000000
2018-02-24 15:10:53,0.00058098,539.00000000
2018-02-24 15:10:53,0.00058100,688.00000000
2018-02-24 15:10:53,0.00058122,6.00000000
2018-02-24 15:10:53,0.00058161,6.00000000
2018-02-24 15:10:53,0.00058178,67.00000000
2018-02-24 15:10:53,0.00058178,180.00000000
2018-02-24 15:10:53,0.00058178,12.00000000
2018-02-24 15:10:53,0.00058178,173.00000000
2018-02-24 15:10:53,0.00058178,172.00000000
2018-02-24 15:10:54,0.00058178,15.00000000
2018-02-24 15:10:55,0.00058178,181.00000000
2018-02-24 15:10:55,0.00058178,130.00000000
2018-02-24 15:10:56,0.00058178,154.00000000
2018-02-24 15:10:56,0.00058178,74.00000000
2018-02-24 15:10:57,0.00058178,6.00000000
2018-02-24 15:10:57,0.00058200,14.00000000
2018-02-24 15:10:58,0.00058178,200.00000000
2018-02-24 15:10:58,0.00058178,172.00000000
2018-02-24 15:11:00,0.00058178,12.00000000
2018-02-24 15:11:00,0.00058178,2.00000000
2018-02-24 15:11:00,0.00058200,259.00000000
2018-02-24 15:11:01,0.00058200,43.00000000
2018-02-24 15:11:01,0.00058200,8.00000000
2018-02-24 15:11:01,0.00058178,147.00000000
2018-02-24 15:11:02,0.00058200,9.00000000
2018-02-24 15:11:02,0.00058178,40.00000000
2018-02-24 15:11:03,0.00058178,22.00000000
2018-02-24 15:11:03,0.00058207,6.00000000
2018-02-24 15:11:03,0.00058209,4.00000000
2018-02-24 15:11:03,0.00058220,57.00000000
2018-02-24 15:11:03,0.00058224,10.00000000
2018-02-24 15:11:03,0.00058235,14.00000000
2018-02-24 15:11:03,0.00058250,102.00000000
2018-02-24 15:11:03,0.00058260,57.00000000
2018-02-24 15:11:07,0.00058178,44.00000000
2018-02-24 15:11:09,0.00058250,4.00000000
2018-02-24 15:11:09,0.00058260,122.00000000
2018-02-24 15:11:09,0.00058266,95.00000000
2018-02-24 15:11:09,0.00058270,74.00000000
2018-02-24 15:11:09,0.00058281,2.00000000
2018-02-24 15:11:09,0.00058282,42.00000000
2018-02-24 15:11:09,0.00058290,4.00000000
2018-02-24 15:11:09,0.00058300,2861.00000000
2018-02-24 15:11:09,0.00058180,7.00000000
2018-02-24 15:11:16,0.00058183,7.00000000
2018-02-24 15:11:20,0.00058183,53.00000000
2018-02-24 15:11:24,0.00058200,64.00000000
2018-02-24 15:11:25,0.00058265,12.00000000
2018-02-24 15:11:25,0.00058267,9.00000000
2018-02-24 15:11:25,0.00058270,6.00000000
2018-02-24 15:11:25,0.00058299,51.00000000
2018-02-24 15:11:32,0.00058299,16.00000000
2018-02-24 15:11:32,0.00058300,42.00000000
2018-02-24 15:11:33,0.00058299,45.00000000
2018-02-24 15:11:33,0.00058300,31.00000000
2018-02-24 15:11:35,0.00058300,617.00000000
2018-02-24 15:11:35,0.00058310,11.00000000
2018-02-24 15:11:35,0.00058320,26.00000000
2018-02-24 15:11:35,0.00058328,30.00000000
2018-02-24 15:11:35,0.00058333,350.00000000
2018-02-24 15:11:35,0.00058340,25.00000000
2018-02-24 15:11:35,0.00058388,243.00000000
2018-02-24 15:11:35,0.00058395,39.00000000
2018-02-24 15:11:35,0.00058398,66.00000000
2018-02-24 15:11:35,0.00058402,36.00000000
2018-02-24 15:11:35,0.00058414,17.00000000
2018-02-24 15:11:35,0.00058416,7.00000000
2018-02-24 15:11:35,0.00058427,2.00000000
2018-02-24 15:11:35,0.00058447,6.00000000
2018-02-24 15:11:35,0.00058449,27.00000000
2018-02-24 15:11:35,0.00058450,21.00000000
2018-02-24 15:11:35,0.00058467,40.00000000
2018-02-24 15:11:35,0.00058468,137.00000000
2018-02-24 15:11:38,0.00058216,5.00000000
2018-02-24 15:11:39,0.00058217,12.00000000
2018-02-24 15:11:40,0.00058217,3.00000000
2018-02-24 15:11:40,0.00058218,30.00000000
2018-02-24 15:11:40,0.00058217,6.00000000
2018-02-24 15:11:40,0.00058217,5.00000000
2018-02-24 15:11:40,0.00058218,2.00000000
2018-02-24 15:11:40,0.00058300,3.00000000
2018-02-24 15:11:40,0.00058465,26.00000000
2018-02-24 15:11:40,0.00058466,40.00000000
2018-02-24 15:11:40,0.00058467,104.00000000
2018-02-24 15:11:40,0.00058468,666.00000000
2018-02-24 15:11:40,0.00058468,30.00000000
2018-02-24 15:11:40,0.00058468,13.00000000
2018-02-24 15:11:40,0.00058468,322.00000000
2018-02-24 15:11:41,0.00058218,28.00000000
2018-02-24 15:11:41,0.00058216,83.00000000
2018-02-24 15:11:41,0.00058238,5.00000000
2018-02-24 15:11:41,0.00058221,5.00000000
2018-02-24 15:11:41,0.00058223,11.00000000
2018-02-24 15:11:43,0.00058231,31.00000000
2018-02-24 15:11:43,0.00058231,19.00000000
2018-02-24 15:11:43,0.00058231,51.00000000
2018-02-24 15:11:43,0.00058233,5.00000000
2018-02-24 15:11:43,0.00058232,2.00000000
2018-02-24 15:11:48,0.00058243,68.00000000
2018-02-24 15:11:48,0.00058241,18.00000000
2018-02-24 15:11:48,0.00058238,11.00000000
2018-02-24 15:11:48,0.00058240,36.00000000
2018-02-24 15:11:48,0.00058239,250.00000000
2018-02-24 15:11:49,0.00058300,20.00000000
2018-02-24 15:11:49,0.00058300,70.00000000
2018-02-24 15:11:50,0.00058300,8.00000000
2018-02-24 15:11:50,0.00058301,8.00000000
2018-02-24 15:11:50,0.00058301,22.00000000
2018-02-24 15:11:51,0.00058301,8.00000000
2018-02-24 15:11:51,0.00058301,10.00000000
2018-02-24 15:11:51,0.00058301,10.00000000
2018-02-24 15:11:51,0.00058301,17.00000000
2018-02-24 15:11:51,0.00058301,100.00000000
2018-02-24 15:11:51,0.00058300,91.00000000
2018-02-24 15:11:51,0.00058300,45.00000000
2018-02-24 15:11:52,0.00058300,3.00000000
2018-02-24 15:11:53,0.00058300,114.00000000
2018-02-24 15:11:54,0.00058301,4.00000000
2018-02-24 15:11:57,0.00058393,180.00000000
2018-02-24 15:11:57,0.00058395,10.00000000
2018-02-24 15:11:57,0.00058417,49.00000000
2018-02-24 15:11:57,0.00058442,4.00000000
2018-02-24 15:11:57,0.00058444,14.00000000
2018-02-24 15:11:58,0.00058302,30.00000000
2018-02-24 15:11:58,0.00058301,316.00000000
2018-02-24 15:12:00,0.00058394,250.00000000
2018-02-24 15:12:00,0.00058395,18.00000000
2018-02-24 15:12:00,0.00058447,30.00000000
2018-02-24 15:12:00,0.00058461,7.00000000
2018-02-24 15:12:00,0.00058304,169.00000000
2018-02-24 15:12:00,0.00058302,52.00000000
2018-02-24 15:12:00,0.00058301,20.00000000
2018-02-24 15:12:01,0.00058302,57.00000000
2018-02-24 15:12:01,0.00058302,145.00000000
2018-02-24 15:12:03,0.00058302,91.00000000
2018-02-24 15:12:03,0.00058302,76.00000000
2018-02-24 15:12:03,0.00058302,10.00000000
2018-02-24 15:12:04,0.00058302,12.00000000
2018-02-24 15:12:04,0.00058302,17.00000000
2018-02-24 15:12:04,0.00058302,46.00000000
2018-02-24 15:12:04,0.00058302,19.00000000
2018-02-24 15:12:04,0.00058302,66.00000000
2018-02-24 15:12:04,0.00058302,102.00000000
2018-02-24 15:12:04,0.00058302,12.00000000
2018-02-24 15:12:06,0.00058302,52.00000000
2018-02-24 15:12:06,0.00058302,7.00000000
2018-02-24 15:12:06,0.00058301,4.00000000
2018-02-24 15:12:06,0.00058301,169.00000000
2018-02-24 15:12:06,0.00058301,86.00000000
2018-02-24 15:12:06,0.00058302,37.00000000
2018-02-24 15:12:06,0.00058301,3.00000000
2018-02-24 15:12:06,0.00058301,52.00000000
2018-02-24 15:12:08,0.00058305,84.00000000
2018-02-24 15:12:08,0.00058305,161.00000000
2018-02-24 15:12:08,0.00058302,41.00000000
2018-02-24 15:12:08,0.00058301,518.00000000
2018-02-24 15:12:08,0.00058301,98.00000000
2018-02-24 15:12:10,0.00058302,44.00000000
2018-02-24 15:12:10,0.00058302,15.00000000
2018-02-24 15:12:10,0.00058302,96.00000000
2018-02-24 15:12:11,0.00058302,95.00000000
2018-02-24 15:12:12,0.00058396,14.00000000
2018-02-24 15:12:14,0.00058302,11.00000000
2018-02-24 15:12:15,0.00058302,172.00000000
2018-02-24 15:12:16,0.00058302,3.00000000
2018-02-24 15:12:16,0.00058395,3.00000000
2018-02-24 15:12:18,0.00058386,366.00000000
2018-02-24 15:12:18,0.00058387,8.00000000
2018-02-24 15:12:18,0.00058387,33.00000000
2018-02-24 15:12:18,0.00058387,13.00000000
2018-02-24 15:12:18,0.00058387,7.00000000
2018-02-24 15:12:18,0.00058387,86.00000000
2018-02-24 15:12:19,0.00058387,14.00000000
2018-02-24 15:12:20,0.00058305,172.00000000
2018-02-24 15:12:20,0.00058305,52.00000000
2018-02-24 15:12:21,0.00058387,14.00000000
2018-02-24 15:12:21,0.00058395,64.00000000
2018-02-24 15:12:22,0.00058395,69.00000000
2018-02-24 15:12:22,0.00058395,14.00000000
2018-02-24 15:12:22,0.00058395,46.00000000
2018-02-24 15:12:24,0.00058395,6.00000000
2018-02-24 15:12:24,0.00058395,4.00000000
2018-02-24 15:12:24,0.00058395,46.00000000
2018-02-24 15:12:24,0.00058395,5.00000000
2018-02-24 15:12:24,0.00058305,5.00000000
2018-02-24 15:12:25,0.00058305,5.00000000
2018-02-24 15:12:26,0.00058305,5.00000000
2018-02-24 15:12:26,0.00058305,4.00000000
2018-02-24 15:12:26,0.00058305,13.00000000
2018-02-24 15:12:27,0.00058305,16.00000000
2018-02-24 15:12:28,0.00058305,4.00000000
2018-02-24 15:12:28,0.00058305,7.00000000
2018-02-24 15:12:28,0.00058305,89.00000000
2018-02-24 15:12:30,0.00058303,5.00000000
2018-02-24 15:12:30,0.00058302,3.00000000
2018-02-24 15:12:32,0.00058302,30.00000000
2018-02-24 15:12:34,0.00058350,18.00000000
2018-02-24 15:12:35,0.00058387,12.00000000
2018-02-24 15:12:35,0.00058394,10.00000000
2018-02-24 15:12:35,0.00058395,105.00000000
2018-02-24 15:12:35,0.00058395,21.00000000
2018-02-24 15:12:36,0.00058350,24.00000000
2018-02-24 15:12:36,0.00058402,28.00000000
2018-02-24 15:12:38,0.00058350,3.00000000
2018-02-24 15:12:39,0.00058417,9.00000000
2018-02-24 15:12:39,0.00058350,35.00000000
2018-02-24 15:12:39,0.00058350,35.00000000
2018-02-24 15:12:39,0.00058350,2.00000000
2018-02-24 15:12:40,0.00058350,3.00000000
2018-02-24 15:12:42,0.00058395,11.00000000
2018-02-24 15:12:43,0.00058350,52.00000000
2018-02-24 15:12:43,0.00058350,34.00000000
2018-02-24 15:12:43,0.00058400,1.00000000
2018-02-24 15:12:45,0.00058400,5.00000000
2018-02-24 15:12:45,0.00058350,84.00000000
2018-02-24 15:12:46,0.00058400,17.00000000
2018-02-24 15:12:49,0.00058350,3.00000000
2018-02-24 15:12:51,0.00058400,88.00000000
2018-02-24 15:12:52,0.00058350,10.00000000
2018-02-24 15:12:53,0.00058400,17.00000000
2018-02-24 15:12:53,0.00058350,270.00000000
2018-02-24 15:12:53,0.00058350,14.00000000
2018-02-24 15:12:54,0.00058350,14.00000000
2018-02-24 15:12:55,0.00058350,4.00000000
2018-02-24 15:12:55,0.00058350,2943.00000000
2018-02-24 15:12:55,0.00058350,14.00000000
2018-02-24 15:12:55,0.00058350,670.00000000
2018-02-24 15:12:56,0.00058302,164.00000000
2018-02-24 15:12:57,0.00058302,32.00000000
2018-02-24 15:12:57,0.00058302,3.00000000
2018-02-24 15:12:57,0.00058302,18.00000000
2018-02-24 15:12:57,0.00058302,5.00000000
2018-02-24 15:12:58,0.00058302,5.00000000
2018-02-24 15:12:58,0.00058350,54.00000000
2018-02-24 15:12:58,0.00058302,2.00000000
2018-02-24 15:12:58,0.00058302,64.00000000
2018-02-24 15:12:58,0.00058302,12.00000000
2018-02-24 15:12:59,0.00058302,19.00000000
2018-02-24 15:12:59,0.00058302,16.00000000
2018-02-24 15:12:59,0.00058302,2.00000000
2018-02-24 15:12:59,0.00058302,21.00000000
2018-02-24 15:13:00,0.00058350,30.00000000
2018-02-24 15:13:00,0.00058306,9.00000000
2018-02-24 15:13:00,0.00058306,16.00000000
2018-02-24 15:13:00,0.00058302,1158.00000000
2018-02-24 15:13:00,0.00058302,17.00000000
2018-02-24 15:13:00,0.00058302,4.00000000
2018-02-24 15:13:00,0.00058350,7.00000000
2018-02-24 15:13:01,0.00058302,5.00000000
2018-02-24 15:13:01,0.00058302,480.00000000
2018-02-24 15:13:02,0.00058306,3.00000000
2018-02-24 15:13:02,0.00058302,99.00000000
2018-02-24 15:13:03,0.00058302,5.00000000
2018-02-24 15:13:03,0.00058302,17.00000000
2018-02-24 15:13:05,0.00058349,3.00000000
2018-02-24 15:13:06,0.00058302,107.00000000
2018-02-24 15:13:07,0.00058349,4.00000000
2018-02-24 15:13:07,0.00058350,4.00000000
2018-02-24 15:13:07,0.00058350,71.00000000
2018-02-24 15:13:08,0.00058350,112.00000000
2018-02-24 15:13:08,0.00058400,29.00000000
2018-02-24 15:13:09,0.00058349,4.00000000
2018-02-24 15:13:09,0.00058302,12.00000000
2018-02-24 15:13:10,0.00058417,76.00000000
2018-02-24 15:13:10,0.00058450,621.00000000
2018-02-24 15:13:13,0.00058450,260.00000000
2018-02-24 15:13:15,0.00058450,103.00000000
2018-02-24 15:13:15,0.00058450,4.00000000
2018-02-24 15:13:16,0.00058450,6.00000000
2018-02-24 15:13:16,0.00058450,150.00000000
2018-02-24 15:13:17,0.00058450,280.00000000
2018-02-24 15:13:24,0.00058461,15.00000000
2018-02-24 15:13:24,0.00058461,15.00000000
2018-02-24 15:13:25,0.00058461,5.00000000
2018-02-24 15:13:25,0.00058467,5.00000000
2018-02-24 15:13:25,0.00058450,17.00000000
2018-02-24 15:13:27,0.00058467,40.00000000
2018-02-24 15:13:31,0.00058467,6.00000000
2018-02-24 15:13:31,0.00058450,2.00000000
2018-02-24 15:13:32,0.00058467,593.00000000
2018-02-24 15:13:34,0.00058450,16.00000000
2018-02-24 15:13:35,0.00058450,51.00000000
2018-02-24 15:13:36,0.00058451,12.00000000
2018-02-24 15:13:37,0.00058451,12.00000000
2018-02-24 15:13:38,0.00058467,7.00000000
2018-02-24 15:13:38,0.00058451,2.00000000
2018-02-24 15:13:38,0.00058450,10.00000000
2018-02-24 15:13:39,0.00058451,107.00000000
2018-02-24 15:13:43,0.00058460,41.00000000
2018-02-24 15:13:43,0.00058460,41.00000000
2018-02-24 15:13:43,0.00058450,79.00000000
2018-02-24 15:13:43,0.00058450,177.00000000
2018-02-24 15:13:43,0.00058450,133.00000000
2018-02-24 15:13:44,0.00058450,117.00000000
2018-02-24 15:13:44,0.00058467,6.00000000
2018-02-24 15:13:44,0.00058468,13.00000000
2018-02-24 15:13:44,0.00058469,5.00000000
2018-02-24 15:13:45,0.00058450,4.00000000
2018-02-24 15:13:46,0.00058450,12.00000000
2018-02-24 15:13:46,0.00058450,113.00000000
2018-02-24 15:13:46,0.00058400,4.00000000
2018-02-24 15:13:46,0.00058309,148.00000000
2018-02-24 15:13:46,0.00058301,34.00000000
2018-02-24 15:13:46,0.00058300,760.00000000
2018-02-24 15:13:48,0.00058306,3.00000000
2018-02-24 15:13:48,0.00058309,12.00000000
2018-02-24 15:13:48,0.00058309,17.00000000
2018-02-24 15:13:48,0.00058309,4.00000000
2018-02-24 15:13:49,0.00058313,10.00000000
2018-02-24 15:13:49,0.00058311,14.00000000
2018-02-24 15:13:49,0.00058315,16.00000000
2018-02-24 15:13:49,0.00058315,8.00000000
2018-02-24 15:13:49,0.00058315,4.00000000
2018-02-24 15:13:49,0.00058315,4.00000000
2018-02-24 15:13:49,0.00058468,40.00000000
2018-02-24 15:13:49,0.00058469,60.00000000
2018-02-24 15:13:49,0.00058315,4.00000000
2018-02-24 15:13:49,0.00058315,5.00000000
2018-02-24 15:13:49,0.00058315,5.00000000
2018-02-24 15:13:49,0.00058315,2.00000000
2018-02-24 15:13:49,0.00058315,26.00000000
2018-02-24 15:13:50,0.00058318,10.00000000
2018-02-24 15:13:50,0.00058318,3.00000000
2018-02-24 15:13:50,0.00058318,4.00000000
2018-02-24 15:13:50,0.00058318,121.00000000
2018-02-24 15:13:50,0.00058316,3.00000000
2018-02-24 15:13:50,0.00058328,8.00000000
2018-02-24 15:13:50,0.00058316,4.00000000
2018-02-24 15:13:50,0.00058316,9.00000000
2018-02-24 15:13:50,0.00058316,4.00000000
2018-02-24 15:13:51,0.00058316,7.00000000
2018-02-24 15:13:51,0.00058316,1.00000000
2018-02-24 15:13:51,0.00058315,10.00000000
2018-02-24 15:13:51,0.00058318,7.00000000
2018-02-24 15:13:51,0.00058318,4.00000000
2018-02-24 15:13:51,0.00058318,5.00000000
2018-02-24 15:13:51,0.00058316,3.00000000
2018-02-24 15:13:51,0.00058316,4.00000000
2018-02-24 15:13:51,0.00058316,8.00000000
2018-02-24 15:13:51,0.00058316,3.00000000
2018-02-24 15:13:51,0.00058315,3.00000000
2018-02-24 15:13:51,0.00058315,4.00000000
2018-02-24 15:13:51,0.00058315,4.00000000
2018-02-24 15:13:52,0.00058315,2.00000000
2018-02-24 15:13:52,0.00058315,21.00000000
2018-02-24 15:13:52,0.00058315,24.00000000
2018-02-24 15:13:52,0.00058315,18.00000000
2018-02-24 15:13:52,0.00058315,29.00000000
2018-02-24 15:13:53,0.00058315,8.00000000
2018-02-24 15:13:53,0.00058315,4.00000000
2018-02-24 15:13:53,0.00058315,4.00000000
2018-02-24 15:13:53,0.00058315,6.00000000
2018-02-24 15:13:53,0.00058315,9.00000000
2018-02-24 15:13:54,0.00058315,5.00000000
2018-02-24 15:13:54,0.00058315,5.00000000
2018-02-24 15:13:54,0.00058315,7.00000000
2018-02-24 15:13:55,0.00058315,4.00000000
2018-02-24 15:13:55,0.00058315,2.00000000
2018-02-24 15:13:56,0.00058315,4.00000000
2018-02-24 15:13:56,0.00058315,16.00000000
2018-02-24 15:13:56,0.00058315,9.00000000
2018-02-24 15:13:57,0.00058315,20.00000000
2018-02-24 15:13:57,0.00058315,2.00000000
2018-02-24 15:13:57,0.00058315,28.00000000
2018-02-24 15:13:58,0.00058315,4.00000000
2018-02-24 15:13:59,0.00058315,1000.00000000
2018-02-24 15:13:59,0.00058315,9.00000000
2018-02-24 15:14:00,0.00058315,415.00000000
2018-02-24 15:14:01,0.00058315,9.00000000
2018-02-24 15:14:02,0.00058300,4.00000000
2018-02-24 15:14:02,0.00058387,171.00000000
2018-02-24 15:14:02,0.00058300,4.00000000
2018-02-24 15:14:02,0.00058300,17.00000000
2018-02-24 15:14:04,0.00058300,10.00000000
2018-02-24 15:14:04,0.00058300,5.00000000
2018-02-24 15:14:04,0.00058300,7.00000000
2018-02-24 15:14:04,0.00058300,20.00000000
2018-02-24 15:14:04,0.00058300,6.00000000
2018-02-24 15:14:04,0.00058300,14.00000000
2018-02-24 15:14:04,0.00058300,35.00000000
2018-02-24 15:14:05,0.00058300,6.00000000
2018-02-24 15:14:05,0.00058300,10.00000000
2018-02-24 15:14:05,0.00058300,2.00000000
2018-02-24 15:14:05,0.00058300,12.00000000
2018-02-24 15:14:05,0.00058300,6.00000000
2018-02-24 15:14:05,0.00058300,10.00000000
2018-02-24 15:14:05,0.00058300,4.00000000
2018-02-24 15:14:05,0.00058300,6.00000000
2018-02-24 15:14:06,0.00058300,5.00000000
2018-02-24 15:14:06,0.00058310,41.00000000
2018-02-24 15:14:06,0.00058312,18.00000000
2018-02-24 15:14:06,0.00058315,500.00000000
2018-02-24 15:14:06,0.00058437,51.00000000
2018-02-24 15:14:06,0.00058453,16.00000000
2018-02-24 15:14:06,0.00058461,30.00000000
2018-02-24 15:14:06,0.00058469,9.00000000
2018-02-24 15:14:06,0.00058470,217.00000000
2018-02-24 15:14:06,0.00058471,58.00000000
2018-02-24 15:14:06,0.00058482,32.00000000
2018-02-24 15:14:06,0.00058491,3.00000000
2018-02-24 15:14:06,0.00058498,1202.00000000
2018-02-24 15:14:06,0.00058499,1537.00000000
2018-02-24 15:14:06,0.00058500,322.00000000
2018-02-24 15:14:06,0.00058300,95.00000000
2018-02-24 15:14:06,0.00058301,2.00000000
2018-02-24 15:14:06,0.00058301,4.00000000
2018-02-24 15:14:06,0.00058301,9.00000000
2018-02-24 15:14:06,0.00058303,168.00000000
2018-02-24 15:14:06,0.00058301,36.00000000
2018-02-24 15:14:06,0.00058300,313.00000000
2018-02-24 15:14:07,0.00058304,10.00000000
2018-02-24 15:14:07,0.00058303,6.00000000
2018-02-24 15:14:07,0.00058303,17.00000000
2018-02-24 15:14:07,0.00058303,4.00000000
2018-02-24 15:14:07,0.00058313,4.00000000
2018-02-24 15:14:07,0.00058313,2.00000000
2018-02-24 15:14:07,0.00058313,4.00000000
2018-02-24 15:14:07,0.00058313,3.00000000
2018-02-24 15:14:08,0.00058313,25.00000000
2018-02-24 15:14:08,0.00058306,15.00000000
2018-02-24 15:14:08,0.00058306,2.00000000
2018-02-24 15:14:08,0.00058306,8.00000000
2018-02-24 15:14:08,0.00058306,5.00000000
2018-02-24 15:14:08,0.00058303,21.00000000
2018-02-24 15:14:09,0.00058300,57.00000000
2018-02-24 15:14:09,0.00058307,8.00000000
2018-02-24 15:14:09,0.00058449,2.00000000
2018-02-24 15:14:10,0.00058306,8.00000000
2018-02-24 15:14:10,0.00058306,6.00000000
2018-02-24 15:14:11,0.00058306,2.00000000
2018-02-24 15:14:13,0.00058224,9.00000000
2018-02-24 15:14:13,0.00058224,9.00000000
2018-02-24 15:14:13,0.00058407,20.00000000
2018-02-24 15:14:13,0.00058224,18.00000000
2018-02-24 15:14:14,0.00058224,4.00000000
2018-02-24 15:14:14,0.00058242,8.00000000
2018-02-24 15:14:14,0.00058242,3.00000000
2018-02-24 15:14:14,0.00058225,17.00000000
2018-02-24 15:14:15,0.00058225,3.00000000
2018-02-24 15:14:15,0.00058224,8.00000000
2018-02-24 15:14:15,0.00058200,20.00000000
2018-02-24 15:14:16,0.00058204,16.00000000
2018-02-24 15:14:16,0.00058204,2.00000000
2018-02-24 15:14:19,0.00058205,4.00000000
2018-02-24 15:14:19,0.00058205,5.00000000
2018-02-24 15:14:19,0.00058204,21.00000000
2018-02-24 15:14:19,0.00058183,1.00000000
2018-02-24 15:14:20,0.00058205,5.00000000
2018-02-24 15:14:20,0.00058206,2.00000000
2018-02-24 15:14:20,0.00058206,5.00000000
2018-02-24 15:14:20,0.00058206,6.00000000
2018-02-24 15:14:20,0.00058206,4.00000000
2018-02-24 15:14:21,0.00058367,166.00000000
2018-02-24 15:14:21,0.00058369,4.00000000
2018-02-24 15:14:21,0.00058207,8.00000000
2018-02-24 15:14:22,0.00058369,10.00000000
2018-02-24 15:14:22,0.00058210,3.00000000
2018-02-24 15:14:23,0.00058367,10.00000000
2018-02-24 15:14:23,0.00058368,8.00000000
2018-02-24 15:14:23,0.00058213,62.00000000
2018-02-24 15:14:23,0.00058213,18.00000000
2018-02-24 15:14:24,0.00058217,5.00000000
2018-02-24 15:14:25,0.00058217,7.00000000
2018-02-24 15:14:25,0.00058221,8.00000000
2018-02-24 15:14:26,0.00058221,28.00000000
2018-02-24 15:14:28,0.00058306,9.00000000
2018-02-24 15:14:28,0.00058306,1.00000000
2018-02-24 15:14:28,0.00058305,4.00000000
2018-02-24 15:14:28,0.00058305,7.00000000
2018-02-24 15:14:28,0.00058305,210.00000000
2018-02-24 15:14:28,0.00058217,40.00000000
2018-02-24 15:14:31,0.00058218,6.00000000
2018-02-24 15:14:32,0.00058360,40.00000000
2018-02-24 15:14:32,0.00058218,13.00000000
2018-02-24 15:14:32,0.00058217,87.00000000
2018-02-24 15:14:33,0.00058219,10.00000000
2018-02-24 15:14:33,0.00058219,12.00000000
2018-02-24 15:14:34,0.00058232,12.00000000
2018-02-24 15:14:34,0.00058219,65.00000000
2018-02-24 15:14:34,0.00058217,41.00000000
2018-02-24 15:14:35,0.00058232,8.00000000
2018-02-24 15:14:35,0.00058243,6.00000000
2018-02-24 15:14:36,0.00058217,6.00000000
2018-02-24 15:14:36,0.00058219,5.00000000
2018-02-24 15:14:36,0.00058233,9.00000000
2018-02-24 15:14:36,0.00058221,5.00000000
2018-02-24 15:14:37,0.00058336,11.00000000
2018-02-24 15:14:38,0.00058225,100.00000000
2018-02-24 15:14:38,0.00058217,526.00000000
2018-02-24 15:14:38,0.00058217,137.00000000
2018-02-24 15:14:38,0.00058217,8.00000000
2018-02-24 15:14:38,0.00058217,14.00000000
2018-02-24 15:14:38,0.00058215,4.00000000
2018-02-24 15:14:39,0.00058215,14.00000000
2018-02-24 15:14:39,0.00058214,48.00000000
2018-02-24 15:14:39,0.00058215,61.00000000
2018-02-24 15:14:39,0.00058217,456.00000000
2018-02-24 15:14:39,0.00058333,8.00000000
2018-02-24 15:14:39,0.00058346,40.00000000
2018-02-24 15:14:39,0.00058225,4.00000000
2018-02-24 15:14:41,0.00058232,5.00000000
2018-02-24 15:14:45,0.00058231,4.00000000
2018-02-24 15:14:48,0.00058231,2.00000000
2018-02-24 15:14:48,0.00058230,4.00000000
2018-02-24 15:14:49,0.00058235,4.00000000
2018-02-24 15:14:50,0.00058329,2.00000000
2018-02-24 15:14:51,0.00058231,54.00000000
2018-02-24 15:14:51,0.00058230,4.00000000
2018-02-24 15:14:54,0.00058230,4.00000000
2018-02-24 15:14:54,0.00058225,22.00000000
2018-02-24 15:14:55,0.00058318,2.00000000
2018-02-24 15:14:55,0.00058318,8.00000000
2018-02-24 15:14:55,0.00058319,4.00000000
2018-02-24 15:14:56,0.00058230,4.00000000
2018-02-24 15:14:57,0.00058320,4.00000000
2018-02-24 15:14:57,0.00058325,4.00000000
2018-02-24 15:14:57,0.00058332,34.00000000
2018-02-24 15:14:58,0.00058230,7.00000000
2018-02-24 15:14:58,0.00058332,10.00000000
2018-02-24 15:14:59,0.00058235,4.00000000
2018-02-24 15:14:59,0.00058230,14.00000000
2018-02-24 15:14:59,0.00058225,45.00000000
2018-02-24 15:15:00,0.00058327,3.00000000
2018-02-24 15:15:01,0.00058322,3.00000000
2018-02-24 15:15:01,0.00058230,27.00000000
2018-02-24 15:15:02,0.00058322,1.00000000
2018-02-24 15:15:06,0.00058230,14.00000000
2018-02-24 15:15:06,0.00058230,34.00000000
2018-02-24 15:15:09,0.00058230,159.00000000
2018-02-24 15:15:10,0.00058318,2.00000000
2018-02-24 15:15:11,0.00058230,18.00000000
2018-02-24 15:15:13,0.00058243,22.00000000
2018-02-24 15:15:13,0.00058230,1357.00000000
2018-02-24 15:15:14,0.00058230,40.00000000
2018-02-24 15:15:14,0.00058230,4.00000000
2018-02-24 15:15:16,0.00058309,18.00000000
2018-02-24 15:15:17,0.00058230,4.00000000
2018-02-24 15:15:28,0.00058298,20.00000000
2018-02-24 15:15:29,0.00058231,30.00000000
2018-02-24 15:15:29,0.00058230,63.00000000
2018-02-24 15:15:29,0.00058222,59.00000000
2018-02-24 15:15:33,0.00058222,64.00000000
2018-02-24 15:15:33,0.00058298,50.00000000
2018-02-24 15:15:35,0.00058222,3.00000000
2018-02-24 15:15:35,0.00058205,17.00000000
2018-02-24 15:15:35,0.00058205,14.00000000
2018-02-24 15:15:37,0.00058230,13.00000000
2018-02-24 15:15:44,0.00058202,630.00000000
2018-02-24 15:15:46,0.00058202,116.00000000
2018-02-24 15:15:46,0.00058202,716.00000000
2018-02-24 15:15:46,0.00058202,236.00000000
2018-02-24 15:15:46,0.00058202,2.00000000
2018-02-24 15:15:46,0.00058200,10.00000000
2018-02-24 15:15:46,0.00058085,87.00000000
2018-02-24 15:15:46,0.00058058,5.00000000
2018-02-24 15:15:46,0.00058037,40.00000000
2018-02-24 15:15:46,0.00058036,31.00000000
2018-02-24 15:15:48,0.00058041,7.00000000
2018-02-24 15:15:48,0.00058042,12.00000000
2018-02-24 15:15:48,0.00058043,4.00000000
2018-02-24 15:15:49,0.00058045,2.00000000
2018-02-24 15:15:50,0.00058048,3.00000000
2018-02-24 15:15:50,0.00058050,6.00000000
2018-02-24 15:15:50,0.00058048,1.00000000
2018-02-24 15:15:51,0.00058064,4.00000000
2018-02-24 15:15:51,0.00058064,2.00000000
2018-02-24 15:15:51,0.00058064,4.00000000
2018-02-24 15:15:51,0.00058064,5.00000000
2018-02-24 15:15:51,0.00058064,3.00000000
2018-02-24 15:15:53,0.00058067,14.00000000
2018-02-24 15:15:53,0.00058067,7.00000000
2018-02-24 15:15:53,0.00058067,13.00000000
2018-02-24 15:15:53,0.00058067,10.00000000
2018-02-24 15:15:54,0.00058067,17.00000000
2018-02-24 15:15:54,0.00058067,3.00000000
2018-02-24 15:15:55,0.00058067,10.00000000
2018-02-24 15:15:57,0.00058070,64.00000000
2018-02-24 15:15:57,0.00058068,9.00000000
2018-02-24 15:15:57,0.00058062,8.00000000
2018-02-24 15:15:57,0.00058011,5.00000000
2018-02-24 15:15:57,0.00058001,63.00000000
2018-02-24 15:15:57,0.00058000,51.00000000
2018-02-24 15:15:57,0.00058001,17.00000000
2018-02-24 15:15:58,0.00058001,1.00000000
2018-02-24 15:15:58,0.00058000,12.00000000
2018-02-24 15:15:58,0.00057951,4.00000000
2018-02-24 15:15:58,0.00057990,6.00000000
2018-02-24 15:15:58,0.00057951,3.00000000
2018-02-24 15:15:58,0.00057933,14.00000000
2018-02-24 15:15:58,0.00057990,22.00000000
2018-02-24 15:15:58,0.00057990,3.00000000
2018-02-24 15:15:58,0.00057989,9.00000000
2018-02-24 15:15:58,0.00057989,1.00000000
2018-02-24 15:15:58,0.00057990,8.00000000
2018-02-24 15:15:58,0.00057990,9.00000000
2018-02-24 15:15:58,0.00057990,10.00000000
2018-02-24 15:15:58,0.00057933,7.00000000
2018-02-24 15:15:58,0.00057892,9.00000000
2018-02-24 15:15:58,0.00057877,1.00000000
2018-02-24 15:15:58,0.00057988,25.00000000
2018-02-24 15:15:58,0.00057877,17.00000000
2018-02-24 15:15:59,0.00057988,2.00000000
2018-02-24 15:15:59,0.00057988,2.00000000
2018-02-24 15:15:59,0.00057954,17.00000000
2018-02-24 15:15:59,0.00057988,89.00000000
2018-02-24 15:15:59,0.00057988,51.00000000
2018-02-24 15:15:59,0.00057989,29.00000000
2018-02-24 15:15:59,0.00057954,9.00000000
2018-02-24 15:15:59,0.00057941,8.00000000
2018-02-24 15:15:59,0.00057941,9.00000000
2018-02-24 15:16:00,0.00057878,17.00000000
2018-02-24 15:16:02,0.00057911,10.00000000
2018-02-24 15:16:02,0.00057907,29.00000000
2018-02-24 15:16:02,0.00057904,8.00000000
2018-02-24 15:16:02,0.00057902,25.00000000
2018-02-24 15:16:02,0.00057895,128.00000000
2018-02-24 15:16:04,0.00057913,17.00000000
2018-02-24 15:16:05,0.00057913,17.00000000
2018-02-24 15:16:05,0.00058126,12.00000000
2018-02-24 15:16:06,0.00057913,17.00000000
2018-02-24 15:16:06,0.00057913,17.00000000
2018-02-24 15:16:07,0.00057936,17.00000000
2018-02-24 15:16:08,0.00057936,17.00000000
2018-02-24 15:16:09,0.00057936,17.00000000
2018-02-24 15:16:09,0.00057936,17.00000000
2018-02-24 15:16:11,0.00057936,4.00000000
2018-02-24 15:16:13,0.00058023,29.00000000
2018-02-24 15:16:13,0.00058021,10.00000000
2018-02-24 15:16:13,0.00058023,128.00000000
2018-02-24 15:16:13,0.00058026,21.00000000
2018-02-24 15:16:13,0.00058029,5.00000000
2018-02-24 15:16:14,0.00058022,87.00000000
2018-02-24 15:16:16,0.00057950,3.00000000
2018-02-24 15:16:18,0.00058022,129.00000000
2018-02-24 15:16:20,0.00058022,130.00000000
2018-02-24 15:16:20,0.00058029,44.00000000
2018-02-24 15:16:21,0.00058110,36.00000000
2018-02-24 15:16:21,0.00058111,18.00000000
2018-02-24 15:16:22,0.00058124,36.00000000
2018-02-24 15:16:22,0.00058127,18.00000000
2018-02-24 15:16:25,0.00058013,5.00000000
2018-02-24 15:16:33,0.00058029,17.00000000
2018-02-24 15:16:33,0.00058012,149.00000000
2018-02-24 15:16:35,0.00058012,15.00000000
2018-02-24 15:16:36,0.00058027,5.00000000
2018-02-24 15:16:36,0.00058012,1.00000000
2018-02-24 15:16:36,0.00058027,3.00000000
2018-02-24 15:16:37,0.00058026,12.00000000
2018-02-24 15:16:37,0.00058027,9.00000000
2018-02-24 15:16:45,0.00058094,8.00000000
2018-02-24 15:16:45,0.00058095,5.00000000
2018-02-24 15:16:47,0.00058095,13.00000000
2018-02-24 15:16:52,0.00058095,7.00000000
2018-02-24 15:16:55,0.00058013,5.00000000
2018-02-24 15:16:56,0.00058094,3.00000000
2018-02-24 15:17:03,0.00058093,2.00000000
2018-02-24 15:17:03,0.00058094,6.00000000
2018-02-24 15:17:03,0.00058096,3.00000000
2018-02-24 15:17:03,0.00058127,63.00000000
2018-02-24 15:17:03,0.00058135,4.00000000
2018-02-24 15:17:04,0.00058150,6.00000000
2018-02-24 15:17:06,0.00058222,5.00000000
2018-02-24 15:17:06,0.00058263,23.00000000
2018-02-24 15:17:07,0.00058262,4.00000000
2018-02-24 15:17:08,0.00058152,3.00000000
2018-02-24 15:17:09,0.00058155,166.00000000
2018-02-24 15:17:09,0.00058153,29.00000000
2018-02-24 15:17:09,0.00058150,1481.00000000
2018-02-24 15:17:10,0.00058151,3.00000000
2018-02-24 15:17:12,0.00058151,48.00000000
2018-02-24 15:17:12,0.00058150,452.00000000
2018-02-24 15:17:13,0.00058150,9.00000000
2018-02-24 15:17:16,0.00058150,42.00000000
2018-02-24 15:17:21,0.00058089,127.00000000
2018-02-24 15:17:22,0.00058091,10.00000000
2018-02-24 15:17:22,0.00058091,19.00000000
2018-02-24 15:17:29,0.00058093,69.00000000
2018-02-24 15:17:30,0.00058093,28.00000000
2018-02-24 15:17:31,0.00058093,2.00000000
2018-02-24 15:17:38,0.00058093,58.00000000
2018-02-24 15:17:38,0.00058094,29.00000000
2018-02-24 15:17:38,0.00058100,61.00000000
2018-02-24 15:17:38,0.00058148,34.00000000
2018-02-24 15:17:38,0.00058151,100.00000000
2018-02-24 15:17:38,0.00058237,18.00000000
2018-02-24 15:17:40,0.00058098,25.00000000
2018-02-24 15:17:41,0.00058106,17.00000000
2018-02-24 15:17:44,0.00058121,9.00000000
2018-02-24 15:17:44,0.00058227,32.00000000
2018-02-24 15:17:45,0.00058092,25.00000000
2018-02-24 15:17:52,0.00058106,4.00000000
2018-02-24 15:17:56,0.00058151,10.00000000
2018-02-24 15:17:57,0.00058150,9.00000000
2018-02-24 15:18:04,0.00058212,9.00000000
2018-02-24 15:18:04,0.00058213,51.00000000
2018-02-24 15:18:04,0.00058216,11.00000000
2018-02-24 15:18:07,0.00058150,28.00000000
2018-02-24 15:18:07,0.00058150,11.00000000
2018-02-24 15:18:10,0.00058212,3.00000000
2018-02-24 15:18:10,0.00058107,10.00000000
2018-02-24 15:18:10,0.00058106,10.00000000
2018-02-24 15:18:12,0.00058216,5.00000000
2018-02-24 15:18:12,0.00058233,63.00000000
2018-02-24 15:18:12,0.00058300,80.00000000
2018-02-24 15:18:12,0.00058315,107.00000000
2018-02-24 15:18:12,0.00058322,58.00000000
2018-02-24 15:18:12,0.00058327,1.00000000
2018-02-24 15:18:12,0.00058330,34.00000000
2018-02-24 15:18:12,0.00058332,137.00000000
2018-02-24 15:18:12,0.00058366,18.00000000
2018-02-24 15:18:12,0.00058399,40.00000000
2018-02-24 15:18:12,0.00058400,49.00000000
2018-02-24 15:18:12,0.00058420,111.00000000
2018-02-24 15:18:12,0.00058440,30.00000000
2018-02-24 15:18:12,0.00058465,39.00000000
2018-02-24 15:18:17,0.00058459,5.00000000
2018-02-24 15:18:24,0.00058189,19.00000000
2018-02-24 15:18:28,0.00058219,4.00000000
2018-02-24 15:18:28,0.00058233,14.00000000
2018-02-24 15:18:28,0.00058222,23.00000000
2018-02-24 15:18:30,0.00058457,1.00000000
2018-02-24 15:18:33,0.00058409,19.00000000
2018-02-24 15:18:33,0.00058410,1.00000000
2018-02-24 15:18:36,0.00058409,20.00000000
2018-02-24 15:18:36,0.00058410,9.00000000
2018-02-24 15:18:36,0.00058459,34.00000000
2018-02-24 15:18:41,0.00058459,7.00000000
2018-02-24 15:18:41,0.00058459,347.00000000
2018-02-24 15:18:41,0.00058459,32.00000000
2018-02-24 15:18:45,0.00058328,14.00000000
2018-02-24 15:18:51,0.00058457,2.00000000
2018-02-24 15:18:51,0.00058457,72.00000000
2018-02-24 15:18:51,0.00058462,30.00000000
2018-02-24 15:18:51,0.00058468,5.00000000
2018-02-24 15:18:51,0.00058469,30.00000000
2018-02-24 15:18:51,0.00058471,175.00000000
2018-02-24 15:18:51,0.00058489,14.00000000
2018-02-24 15:18:51,0.00058461,5.00000000
2018-02-24 15:18:52,0.00058460,17.00000000
2018-02-24 15:18:53,0.00058489,1.00000000
2018-02-24 15:18:53,0.00058497,30.00000000
2018-02-24 15:18:53,0.00058498,69.00000000
2018-02-24 15:18:55,0.00058457,3.00000000
2018-02-24 15:18:58,0.00058458,54.00000000
2018-02-24 15:18:59,0.00058460,10.00000000
2018-02-24 15:18:59,0.00058459,2.00000000
2018-02-24 15:19:01,0.00058457,183.00000000
2018-02-24 15:19:04,0.00058457,4.00000000
2018-02-24 15:19:05,0.00058354,10.00000000
2018-02-24 15:19:06,0.00058457,2.00000000
2018-02-24 15:19:10,0.00058369,10.00000000
2018-02-24 15:19:12,0.00058457,62.00000000
2018-02-24 15:19:12,0.00058457,275.00000000
2018-02-24 15:19:12,0.00058458,35.00000000
2018-02-24 15:19:12,0.00058459,36.00000000
2018-02-24 15:19:12,0.00058499,53.00000000
2018-02-24 15:19:15,0.00058499,4.00000000
2018-02-24 15:19:15,0.00058499,17.00000000
2018-02-24 15:19:18,0.00058497,18.00000000
2018-02-24 15:19:20,0.00058497,43.00000000
2018-02-24 15:19:20,0.00058498,10.00000000
2018-02-24 15:19:20,0.00058499,123.00000000
2018-02-24 15:19:21,0.00058499,624.00000000
2018-02-24 15:19:22,0.00058499,394.00000000
2018-02-24 15:19:25,0.00058499,50.00000000
2018-02-24 15:19:25,0.00058499,98.00000000
2018-02-24 15:19:25,0.00058500,150.00000000
2018-02-24 15:19:30,0.00058500,29.00000000
2018-02-24 15:19:31,0.00058500,49.00000000
2018-02-24 15:19:31,0.00058500,49.00000000
2018-02-24 15:19:32,0.00058500,886.00000000
2018-02-24 15:19:32,0.00058500,1315.00000000
2018-02-24 15:19:33,0.00058500,176.00000000
2018-02-24 15:19:34,0.00058541,10.00000000
2018-02-24 15:19:34,0.00058542,6.00000000
2018-02-24 15:19:34,0.00058542,19.00000000
2018-02-24 15:19:34,0.00058542,6.00000000
2018-02-24 15:19:38,0.00058500,49.00000000
2018-02-24 15:19:38,0.00058402,4.00000000
2018-02-24 15:19:40,0.00058409,39.00000000
2018-02-24 15:19:47,0.00058425,9.00000000
2018-02-24 15:19:47,0.00058417,16.00000000
2018-02-24 15:19:47,0.00058329,148.00000000
2018-02-24 15:19:47,0.00058288,68.00000000
2018-02-24 15:19:47,0.00058277,34.00000000
2018-02-24 15:19:47,0.00058259,72.00000000
2018-02-24 15:19:47,0.00058370,4.00000000
2018-02-24 15:19:47,0.00058450,3.00000000
2018-02-24 15:19:47,0.00058545,8.00000000
2018-02-24 15:19:51,0.00058282,7.00000000
2018-02-24 15:19:52,0.00058542,9.00000000
2018-02-24 15:19:52,0.00058543,16.00000000
2018-02-24 15:19:52,0.00058545,3.00000000
2018-02-24 15:19:52,0.00058551,30.00000000
2018-02-24 15:19:52,0.00058552,148.00000000
2018-02-24 15:19:52,0.00058553,153.00000000
2018-02-24 15:19:52,0.00058596,15.00000000
2018-02-24 15:19:52,0.00058599,206.00000000
2018-02-24 15:19:52,0.00058600,95.00000000
2018-02-24 15:20:01,0.00058515,11.00000000
2018-02-24 15:20:01,0.00058517,8.00000000
2018-02-24 15:20:01,0.00058599,30.00000000
2018-02-24 15:20:01,0.00058600,515.00000000
2018-02-24 15:20:02,0.00058414,4.00000000
2018-02-24 15:20:04,0.00058516,10.00000000
2018-02-24 15:20:04,0.00058515,114.00000000
2018-02-24 15:20:05,0.00058516,9.00000000
2018-02-24 15:20:06,0.00058427,7.00000000
2018-02-24 15:20:09,0.00058587,10.00000000
2018-02-24 15:20:09,0.00058588,25.00000000
2018-02-24 15:20:09,0.00058592,5.00000000
2018-02-24 15:20:09,0.00058592,3.00000000
2018-02-24 15:20:09,0.00058599,7.00000000
2018-02-24 15:20:10,0.00058450,11.00000000
2018-02-24 15:20:12,0.00058457,16.00000000
2018-02-24 15:20:14,0.00058466,139.00000000
2018-02-24 15:20:15,0.00058599,23.00000000
2018-02-24 15:20:16,0.00058501,6.00000000
2018-02-24 15:20:16,0.00058501,4.00000000
2018-02-24 15:20:16,0.00058500,6.00000000
2018-02-24 15:20:16,0.00058500,15.00000000
2018-02-24 15:20:16,0.00058500,190.00000000
2018-02-24 15:20:16,0.00058465,8.00000000
2018-02-24 15:20:18,0.00058498,3.00000000
2018-02-24 15:20:19,0.00058456,1.00000000
2018-02-24 15:20:21,0.00058495,5.00000000
2018-02-24 15:20:22,0.00058456,24.00000000
2018-02-24 15:20:25,0.00058456,18.00000000
2018-02-24 15:20:25,0.00058455,3.00000000
2018-02-24 15:20:25,0.00058455,13.00000000
2018-02-24 15:20:25,0.00058450,21.00000000
2018-02-24 15:20:25,0.00058414,91.00000000
2018-02-24 15:20:25,0.00058414,34.00000000
2018-02-24 15:20:26,0.00058495,173.00000000
2018-02-24 15:20:32,0.00058411,14.00000000
2018-02-24 15:20:32,0.00058411,18.00000000
2018-02-24 15:20:32,0.00058413,10.00000000
2018-02-24 15:20:32,0.00058412,10.00000000
2018-02-24 15:20:37,0.00058400,16.00000000
2018-02-24 15:20:38,0.00058459,4.00000000
2018-02-24 15:20:39,0.00058410,12.00000000
2018-02-24 15:20:39,0.00058400,34.00000000
2018-02-24 15:20:44,0.00058382,58.00000000
2018-02-24 15:20:45,0.00058379,2.00000000
2018-02-24 15:20:45,0.00058379,4.00000000
2018-02-24 15:20:45,0.00058379,4.00000000
2018-02-24 15:20:45,0.00058380,28.00000000
2018-02-24 15:20:46,0.00058382,2.00000000
2018-02-24 15:20:46,0.00058382,4.00000000
2018-02-24 15:20:48,0.00058329,4.00000000
2018-02-24 15:20:51,0.00058430,15.00000000
2018-02-24 15:20:51,0.00058499,125.00000000
2018-02-24 15:20:51,0.00058500,138.00000000
2018-02-24 15:20:53,0.00058498,51.00000000
2018-02-24 15:20:53,0.00058499,40.00000000
2018-02-24 15:20:53,0.00058500,1.00000000
2018-02-24 15:20:56,0.00058351,168.00000000
2018-02-24 15:20:56,0.00058349,128.00000000
2018-02-24 15:20:56,0.00058347,20.00000000
2018-02-24 15:20:56,0.00058346,51.00000000
2018-02-24 15:20:56,0.00058342,30.00000000
2018-02-24 15:20:56,0.00058336,83.00000000
2018-02-24 15:20:56,0.00058329,1879.00000000
2018-02-24 15:20:59,0.00058363,20.00000000
2018-02-24 15:20:59,0.00058363,8.00000000
2018-02-24 15:21:02,0.00058472,141.00000000
2018-02-24 15:21:02,0.00058471,14.00000000
2018-02-24 15:21:03,0.00058467,27.00000000
2018-02-24 15:21:03,0.00058469,10.00000000
2018-02-24 15:21:03,0.00058471,73.00000000
2018-02-24 15:21:03,0.00058474,3.00000000
2018-02-24 15:21:03,0.00058474,2.00000000
2018-02-24 15:21:03,0.00058380,8.00000000
2018-02-24 15:21:05,0.00058472,2.00000000
2018-02-24 15:21:07,0.00058380,20.00000000
2018-02-24 15:21:10,0.00058400,2.00000000
2018-02-24 15:21:11,0.00058400,2.00000000
2018-02-24 15:21:15,0.00058380,3.00000000
2018-02-24 15:21:16,0.00058346,5.00000000
2018-02-24 15:21:16,0.00058340,291.00000000
2018-02-24 15:21:16,0.00058340,10.00000000
2018-02-24 15:21:17,0.00058340,3.00000000
2018-02-24 15:21:18,0.00058340,38.00000000
2018-02-24 15:21:20,0.00058340,13.00000000
2018-02-24 15:21:21,0.00058339,15.00000000
2018-02-24 15:21:22,0.00058328,155.00000000
2018-02-24 15:21:22,0.00058322,15.00000000
2018-02-24 15:21:22,0.00058314,125.00000000
2018-02-24 15:21:22,0.00058300,45.00000000
2018-02-24 15:21:23,0.00058300,25.00000000
2018-02-24 15:21:25,0.00058242,2.00000000
2018-02-24 15:21:26,0.00058300,2.00000000
2018-02-24 15:21:27,0.00058247,8.00000000
2018-02-24 15:21:27,0.00058299,25.00000000
2018-02-24 15:21:28,0.00058299,14.00000000
2018-02-24 15:21:31,0.00058299,11.00000000
2018-02-24 15:21:32,0.00058256,25.00000000
2018-02-24 15:21:32,0.00058252,8.00000000
2018-02-24 15:21:32,0.00058247,12.00000000
2018-02-24 15:21:33,0.00058299,14.00000000
2018-02-24 15:21:34,0.00058247,11.00000000
2018-02-24 15:21:34,0.00058243,15.00000000
2018-02-24 15:21:34,0.00058232,8.00000000
2018-02-24 15:21:34,0.00058299,49.00000000
2018-02-24 15:21:34,0.00058300,22.00000000
2018-02-24 15:21:35,0.00058300,97.00000000
2018-02-24 15:21:35,0.00058264,107.00000000
2018-02-24 15:21:35,0.00058200,97.00000000
2018-02-24 15:21:35,0.00058200,28.00000000
2018-02-24 15:21:35,0.00058200,97.00000000
2018-02-24 15:21:35,0.00058200,33.00000000
2018-02-24 15:21:35,0.00058200,138.00000000
2018-02-24 15:21:37,0.00058232,3.00000000
2018-02-24 15:21:38,0.00058232,74.00000000
2018-02-24 15:21:38,0.00058200,36.00000000
2018-02-24 15:21:38,0.00058150,3.00000000
2018-02-24 15:21:39,0.00058300,3.00000000
2018-02-24 15:21:39,0.00058299,39.00000000
2018-02-24 15:21:40,0.00058298,10.00000000
2018-02-24 15:21:40,0.00058299,12.00000000
2018-02-24 15:21:40,0.00058299,20.00000000
2018-02-24 15:21:41,0.00058299,6.00000000
2018-02-24 15:21:43,0.00058202,17.00000000
2018-02-24 15:21:43,0.00058200,8.00000000
2018-02-24 15:21:43,0.00058192,9.00000000
2018-02-24 15:21:43,0.00058192,1.00000000
2018-02-24 15:21:43,0.00058190,16.00000000
2018-02-24 15:21:45,0.00058183,64.00000000
2018-02-24 15:21:46,0.00058299,2.00000000
2018-02-24 15:21:46,0.00058299,2.00000000
2018-02-24 15:21:46,0.00058299,2.00000000
2018-02-24 15:21:47,0.00058297,64.00000000
2018-02-24 15:21:48,0.00058299,171.00000000
2018-02-24 15:21:48,0.00058299,72.00000000
2018-02-24 15:21:48,0.00058299,2.00000000
2018-02-24 15:21:50,0.00058299,3.00000000
2018-02-24 15:21:51,0.00058200,4.00000000
2018-02-24 15:21:52,0.00058299,3.00000000
2018-02-24 15:21:54,0.00058299,2.00000000
2018-02-24 15:21:54,0.00058299,2.00000000
2018-02-24 15:21:54,0.00058299,2.00000000
2018-02-24 15:22:01,0.00058299,2.00000000
2018-02-24 15:22:03,0.00058200,1411.00000000
2018-02-24 15:22:03,0.00058183,289.00000000
2018-02-24 15:22:05,0.00058200,100.00000000
2018-02-24 15:22:06,0.00058200,400.00000000
2018-02-24 15:22:06,0.00058299,2.00000000
2018-02-24 15:22:09,0.00058298,2.00000000
2018-02-24 15:22:16,0.00058298,35.00000000
2018-02-24 15:22:18,0.00058298,2.00000000
2018-02-24 15:22:24,0.00058298,2.00000000
2018-02-24 15:22:34,0.00058298,2.00000000
2018-02-24 15:22:35,0.00058298,510.00000000
2018-02-24 15:22:35,0.00058299,7.00000000
2018-02-24 15:22:36,0.00058299,111.00000000
2018-02-24 15:22:36,0.00058300,176.00000000
2018-02-24 15:22:36,0.00058340,58.00000000
2018-02-24 15:22:40,0.00058340,44.00000000
2018-02-24 15:22:40,0.00058399,125.00000000
2018-02-24 15:22:40,0.00058459,34.00000000
2018-02-24 15:22:40,0.00058461,51.00000000
2018-02-24 15:22:40,0.00058488,30.00000000
2018-02-24 15:22:40,0.00058490,224.00000000
2018-02-24 15:22:40,0.00058500,55.00000000
2018-02-24 15:22:40,0.00058510,30.00000000
2018-02-24 15:22:40,0.00058593,208.00000000
2018-02-24 15:22:44,0.00058456,10.00000000
2018-02-24 15:22:44,0.00058457,11.00000000
2018-02-24 15:22:44,0.00058459,2.00000000
2018-02-24 15:22:44,0.00058461,21.00000000
2018-02-24 15:22:46,0.00058330,6.00000000
2018-02-24 15:22:50,0.00058431,1.00000000
2018-02-24 15:22:50,0.00058431,20.00000000
2018-02-24 15:22:51,0.00058330,82.00000000
2018-02-24 15:22:59,0.00058341,50.00000000
2018-02-24 15:23:05,0.00058431,16.00000000
2018-02-24 15:23:08,0.00058431,40.00000000
2018-02-24 15:23:09,0.00058341,9.00000000
2018-02-24 15:23:12,0.00058342,11.00000000
2018-02-24 15:23:19,0.00058429,13.00000000
2018-02-24 15:23:21,0.00058342,118.00000000
2018-02-24 15:23:25,0.00058342,10.00000000
2018-02-24 15:23:28,0.00058340,160.00000000
2018-02-24 15:23:28,0.00058340,443.00000000
2018-02-24 15:23:38,0.00058341,23.00000000
2018-02-24 15:23:38,0.00058341,1.00000000
2018-02-24 15:23:38,0.00058342,88.00000000
2018-02-24 15:23:38,0.00058342,24.00000000
2018-02-24 15:23:38,0.00058342,51.00000000
2018-02-24 15:23:38,0.00058342,25.00000000
2018-02-24 15:23:38,0.00058429,6.00000000
2018-02-24 15:23:38,0.00058429,128.00000000
2018-02-24 15:23:38,0.00058431,144.00000000
2018-02-24 15:23:38,0.00058425,10.00000000
2018-02-24 15:23:38,0.00058444,252.00000000
2018-02-24 15:23:38,0.00058444,10.00000000
2018-02-24 15:23:39,0.00058460,5.00000000
2018-02-24 15:23:39,0.00058431,105.00000000
2018-02-24 15:23:39,0.00058344,170.00000000
2018-02-24 15:23:39,0.00058340,51.00000000
2018-02-24 15:23:39,0.00058338,23.00000000
2018-02-24 15:23:39,0.00058338,153.00000000
2018-02-24 15:23:39,0.00058340,141.00000000
2018-02-24 15:23:39,0.00058340,17.00000000
2018-02-24 15:23:39,0.00058340,193.00000000
2018-02-24 15:23:39,0.00058340,7.00000000
2018-02-24 15:23:39,0.00058460,5.00000000
2018-02-24 15:23:40,0.00058459,10.00000000
2018-02-24 15:23:40,0.00058460,294.00000000
2018-02-24 15:23:41,0.00058460,45.00000000
2018-02-24 15:23:42,0.00058461,294.00000000
2018-02-24 15:23:42,0.00058461,16.00000000
2018-02-24 15:23:47,0.00058461,194.00000000
2018-02-24 15:23:57,0.00058476,10.00000000
2018-02-24 15:23:57,0.00058473,51.00000000
2018-02-24 15:23:57,0.00058467,72.00000000
2018-02-24 15:23:58,0.00058592,189.00000000
2018-02-24 15:23:58,0.00058595,3.00000000
2018-02-24 15:23:59,0.00058592,4.00000000
2018-02-24 15:24:00,0.00058594,11.00000000
2018-02-24 15:24:10,0.00058592,6.00000000
2018-02-24 15:24:12,0.00058592,230.00000000
2018-02-24 15:24:14,0.00058592,6.00000000
2018-02-24 15:24:14,0.00058472,47.00000000
2018-02-24 15:24:16,0.00058590,3.00000000
2018-02-24 15:24:16,0.00058592,27.00000000
2018-02-24 15:24:18,0.00058590,4.00000000
2018-02-24 15:24:18,0.00058500,53.00000000
2018-02-24 15:24:27,0.00058587,42.00000000
2018-02-24 15:24:27,0.00058500,15.00000000
2018-02-24 15:24:28,0.00058473,20.00000000
2018-02-24 15:24:36,0.00058500,7.00000000
2018-02-24 15:24:46,0.00058500,272.00000000
2018-02-24 15:24:48,0.00058500,221.00000000
2018-02-24 15:24:50,0.00058500,4.00000000
2018-02-24 15:24:50,0.00058500,28.00000000
2018-02-24 15:24:53,0.00058500,2.00000000
2018-02-24 15:24:57,0.00058474,58.00000000
2018-02-24 15:24:58,0.00058473,73.00000000
2018-02-24 15:24:58,0.00058472,16.00000000
2018-02-24 15:24:59,0.00058473,10.00000000
2018-02-24 15:25:00,0.00058473,6.00000000
2018-02-24 15:25:00,0.00058461,54.00000000
2018-02-24 15:25:02,0.00058461,25.00000000
2018-02-24 15:25:02,0.00058382,5.00000000
2018-02-24 15:25:02,0.00058473,4.00000000
2018-02-24 15:25:02,0.00058473,53.00000000
2018-02-24 15:25:03,0.00058500,1.00000000
2018-02-24 15:25:03,0.00058582,7.00000000
2018-02-24 15:25:03,0.00058385,2.00000000
2018-02-24 15:25:04,0.00058388,4.00000000
2018-02-24 15:25:05,0.00058391,6.00000000
2018-02-24 15:25:05,0.00058389,62.00000000
2018-02-24 15:25:05,0.00058393,4.00000000
2018-02-24 15:25:07,0.00058577,4.00000000
2018-02-24 15:25:09,0.00058499,5.00000000
2018-02-24 15:25:09,0.00058400,16.00000000
2018-02-24 15:25:10,0.00058498,66.00000000
2018-02-24 15:25:10,0.00058499,4.00000000
2018-02-24 15:25:11,0.00058500,31.00000000
2018-02-24 15:25:11,0.00058461,164.00000000
2018-02-24 15:25:11,0.00058500,171.00000000
2018-02-24 15:25:11,0.00058500,198.00000000
2018-02-24 15:25:11,0.00058500,294.00000000
2018-02-24 15:25:11,0.00058498,4.00000000
2018-02-24 15:25:12,0.00058461,7.00000000
2018-02-24 15:25:12,0.00058461,4.00000000
2018-02-24 15:25:13,0.00058461,66.00000000
2018-02-24 15:25:16,0.00058461,5.00000000
2018-02-24 15:25:18,0.00058461,14.00000000
2018-02-24 15:25:20,0.00058461,362.00000000
2018-02-24 15:25:20,0.00058461,65.00000000
2018-02-24 15:25:20,0.00058461,10.00000000
2018-02-24 15:25:21,0.00058460,20.00000000
2018-02-24 15:25:21,0.00058461,151.00000000
2018-02-24 15:25:21,0.00058461,174.00000000
2018-02-24 15:25:23,0.00058459,11.00000000
2018-02-24 15:25:23,0.00058460,47.00000000
2018-02-24 15:25:23,0.00058461,100.00000000
2018-02-24 15:25:23,0.00058345,8.00000000
2018-02-24 15:25:25,0.00058355,2.00000000
2018-02-24 15:25:26,0.00058500,29.00000000
2018-02-24 15:25:27,0.00058499,15.00000000
2018-02-24 15:25:27,0.00058499,5.00000000
2018-02-24 15:25:29,0.00058498,15.00000000
2018-02-24 15:25:29,0.00058500,582.00000000
2018-02-24 15:25:29,0.00058504,30.00000000
2018-02-24 15:25:29,0.00058583,72.00000000
2018-02-24 15:25:29,0.00058584,5.00000000
2018-02-24 15:25:29,0.00058591,92.00000000
2018-02-24 15:25:29,0.00058592,1471.00000000
2018-02-24 15:25:29,0.00058592,14.00000000
2018-02-24 15:25:29,0.00058373,14.00000000
2018-02-24 15:25:31,0.00058593,4.00000000
2018-02-24 15:25:31,0.00058593,4.00000000
2018-02-24 15:25:32,0.00058573,8.00000000
2018-02-24 15:25:32,0.00058591,6.00000000
2018-02-24 15:25:32,0.00058592,15.00000000
2018-02-24 15:25:32,0.00058594,106.00000000
2018-02-24 15:25:32,0.00058595,10.00000000
2018-02-24 15:25:35,0.00058595,40.00000000
2018-02-24 15:25:35,0.00058600,1576.00000000
2018-02-24 15:25:35,0.00058600,105.00000000
2018-02-24 15:25:35,0.00058600,21.00000000
2018-02-24 15:25:35,0.00058430,126.00000000
2018-02-24 15:25:46,0.00058491,10.00000000
2018-02-24 15:25:46,0.00058490,40.00000000
2018-02-24 15:25:46,0.00058459,25.00000000
2018-02-24 15:25:46,0.00058459,101.00000000
2018-02-24 15:25:46,0.00058461,81.00000000
2018-02-24 15:25:46,0.00058531,60.00000000
2018-02-24 15:25:50,0.00058530,10.00000000
2018-02-24 15:25:50,0.00058531,66.00000000
2018-02-24 15:25:50,0.00058578,8.00000000
2018-02-24 15:25:50,0.00058592,105.00000000
2018-02-24 15:25:52,0.00058599,6.00000000
2018-02-24 15:25:52,0.00058470,14.00000000
2018-02-24 15:25:55,0.00058482,4.00000000
2018-02-24 15:25:56,0.00058482,3.00000000
2018-02-24 15:25:56,0.00058482,6.00000000
2018-02-24 15:25:56,0.00058487,6.00000000
2018-02-24 15:25:58,0.00058594,1.00000000
2018-02-24 15:25:59,0.00058462,8.00000000
2018-02-24 15:26:06,0.00058462,6.00000000
2018-02-24 15:26:07,0.00058462,1.00000000
2018-02-24 15:26:10,0.00058541,4.00000000
2018-02-24 15:26:12,0.00058517,8.00000000
2018-02-24 15:26:19,0.00058467,3.00000000
2018-02-24 15:26:20,0.00058526,4.00000000
2018-02-24 15:26:22,0.00058467,1.00000000
2018-02-24 15:26:22,0.00058463,74.00000000
2018-02-24 15:26:22,0.00058462,117.00000000
2018-02-24 15:26:33,0.00058526,4.00000000
2018-02-24 15:26:33,0.00058527,10.00000000
2018-02-24 15:26:33,0.00058578,6.00000000
2018-02-24 15:26:33,0.00058585,8.00000000
2018-02-24 15:26:33,0.00058595,233.00000000
2018-02-24 15:26:33,0.00058500,61.00000000
2018-02-24 15:26:33,0.00058500,16.00000000
2018-02-24 15:26:34,0.00058500,2.00000000
2018-02-24 15:26:47,0.00058477,10.00000000
2018-02-24 15:26:47,0.00058500,16.00000000
2018-02-24 15:26:47,0.00058476,4.00000000
2018-02-24 15:26:48,0.00058473,30.00000000
2018-02-24 15:26:49,0.00058478,4.00000000
2018-02-24 15:26:49,0.00058471,50.00000000
2018-02-24 15:26:51,0.00058473,4.00000000
2018-02-24 15:26:54,0.00058473,2.00000000
2018-02-24 15:26:54,0.00058473,2.00000000
2018-02-24 15:26:57,0.00058475,30.00000000
2018-02-24 15:26:57,0.00058477,12.00000000
2018-02-24 15:26:57,0.00058468,7.00000000
2018-02-24 15:26:58,0.00058561,4.00000000
2018-02-24 15:26:58,0.00058565,20.00000000
2018-02-24 15:26:58,0.00058571,4.00000000
2018-02-24 15:26:58,0.00058583,4.00000000
2018-02-24 15:26:58,0.00058584,25.00000000
2018-02-24 15:26:58,0.00058469,20.00000000
2018-02-24 15:26:58,0.00058468,46.00000000
2018-02-24 15:26:58,0.00058464,34.00000000
2018-02-24 15:27:00,0.00058578,20.00000000
2018-02-24 15:27:00,0.00058579,4.00000000
2018-02-24 15:27:00,0.00058584,26.00000000
2018-02-24 15:27:01,0.00058470,3.00000000
2018-02-24 15:27:02,0.00058573,34.00000000
2018-02-24 15:27:02,0.00058575,3.00000000
2018-02-24 15:27:02,0.00058588,81.00000000
2018-02-24 15:27:02,0.00058590,4.00000000
2018-02-24 15:27:02,0.00058595,67.00000000
2018-02-24 15:27:02,0.00058598,11.00000000
2018-02-24 15:27:08,0.00058477,20.00000000
2018-02-24 15:27:17,0.00058597,20.00000000
2018-02-24 15:27:17,0.00058598,227.00000000
2018-02-24 15:27:21,0.00058598,9.00000000
2018-02-24 15:27:21,0.00058599,41.00000000
2018-02-24 15:27:21,0.00058483,17.00000000
2018-02-24 15:27:21,0.00058483,17.00000000
2018-02-24 15:27:22,0.00058484,20.00000000
2018-02-24 15:27:22,0.00058480,2.00000000
2018-02-24 15:27:22,0.00058480,14.00000000
2018-02-24 15:27:23,0.00058479,2.00000000
2018-02-24 15:27:24,0.00058479,47.00000000
2018-02-24 15:27:24,0.00058477,2.00000000
2018-02-24 15:27:26,0.00058477,26.00000000
2018-02-24 15:27:26,0.00058482,27.00000000
2018-02-24 15:27:26,0.00058477,27.00000000
2018-02-24 15:27:26,0.00058477,30.00000000
2018-02-24 15:27:36,0.00058477,69.00000000
2018-02-24 15:27:36,0.00058469,4.00000000
2018-02-24 15:27:36,0.00058464,2.00000000
2018-02-24 15:27:38,0.00058482,7.00000000
2018-02-24 15:27:38,0.00058484,20.00000000
2018-02-24 15:27:38,0.00058586,8.00000000
2018-02-24 15:27:38,0.00058598,116.00000000
2018-02-24 15:27:38,0.00058598,1049.00000000
2018-02-24 15:27:38,0.00058596,607.00000000
2018-02-24 15:27:38,0.00058599,406.00000000
2018-02-24 15:27:40,0.00058467,2.00000000
2018-02-24 15:27:40,0.00058466,88.00000000
2018-02-24 15:27:40,0.00058595,20.00000000
2018-02-24 15:27:40,0.00058596,49.00000000
2018-02-24 15:27:40,0.00058598,93.00000000
2018-02-24 15:27:40,0.00058599,39.00000000
2018-02-24 15:27:41,0.00058477,42.00000000
2018-02-24 15:27:42,0.00058480,10.00000000
2018-02-24 15:27:45,0.00058487,12.00000000
2018-02-24 15:27:51,0.00058571,98.00000000
2018-02-24 15:28:04,0.00058581,2.00000000
2018-02-24 15:28:04,0.00058582,3.00000000
2018-02-24 15:28:04,0.00058594,2.00000000
2018-02-24 15:28:05,0.00058487,274.00000000
2018-02-24 15:28:09,0.00058571,3.00000000
2018-02-24 15:28:10,0.00058571,14.00000000
2018-02-24 15:28:10,0.00058571,10.00000000
2018-02-24 15:28:10,0.00058571,2.00000000
2018-02-24 15:28:11,0.00058571,17.00000000
2018-02-24 15:28:13,0.00058571,6.00000000
2018-02-24 15:28:32,0.00058580,10.00000000
2018-02-24 15:28:32,0.00058594,102.00000000
2018-02-24 15:28:35,0.00058594,8.00000000
2018-02-24 15:28:36,0.00058594,12.00000000
2018-02-24 15:28:37,0.00058594,3.00000000
2018-02-24 15:28:40,0.00058594,313.00000000
2018-02-24 15:28:46,0.00058598,132.00000000
2018-02-24 15:28:46,0.00058599,13.00000000
2018-02-24 15:28:47,0.00058594,100.00000000
2018-02-24 15:28:51,0.00058594,162.00000000
2018-02-24 15:28:51,0.00058594,159.00000000
2018-02-24 15:28:52,0.00058594,27.00000000
2018-02-24 15:28:52,0.00058571,5.00000000
2018-02-24 15:28:52,0.00058500,16.00000000
2018-02-24 15:28:52,0.00058571,9.00000000
2018-02-24 15:28:52,0.00058571,6.00000000
2018-02-24 15:28:55,0.00058594,13.00000000
2018-02-24 15:29:00,0.00058594,25.00000000
2018-02-24 15:29:14,0.00058594,36.00000000
2018-02-24 15:29:15,0.00058594,22.00000000
2018-02-24 15:29:16,0.00058599,10.00000000
2018-02-24 15:29:16,0.00058600,249.00000000
2018-02-24 15:29:16,0.00058594,98.00000000
2018-02-24 15:29:20,0.00058594,74.00000000
2018-02-24 15:29:20,0.00058600,13.00000000
2018-02-24 15:29:28,0.00058600,27.00000000
2018-02-24 15:29:30,0.00058604,40.00000000
2018-02-24 15:29:30,0.00058615,54.00000000
2018-02-24 15:29:30,0.00058617,2.00000000
2018-02-24 15:29:30,0.00058624,3.00000000
2018-02-24 15:29:30,0.00058629,2.00000000
2018-02-24 15:29:30,0.00058631,6.00000000
2018-02-24 15:29:30,0.00058633,356.00000000
2018-02-24 15:29:30,0.00058638,4.00000000
2018-02-24 15:29:30,0.00058649,5.00000000
2018-02-24 15:29:30,0.00058650,231.00000000
2018-02-24 15:29:30,0.00058668,44.00000000
2018-02-24 15:29:30,0.00058670,74.00000000
2018-02-24 15:29:30,0.00058684,2.00000000
2018-02-24 15:29:30,0.00058690,505.00000000
2018-02-24 15:29:30,0.00058697,58.00000000
2018-02-24 15:29:30,0.00058698,15.00000000
2018-02-24 15:29:30,0.00058700,5430.00000000
2018-02-24 15:29:30,0.00058700,27.00000000
2018-02-24 15:29:30,0.00058603,14.00000000
2018-02-24 15:29:31,0.00058606,19.00000000
2018-02-24 15:29:32,0.00058608,7.00000000
2018-02-24 15:29:34,0.00058611,14.00000000
2018-02-24 15:29:34,0.00058611,3.00000000
2018-02-24 15:29:35,0.00058611,57.00000000
2018-02-24 15:29:36,0.00058611,94.00000000
2018-02-24 15:29:36,0.00058609,37.00000000
2018-02-24 15:29:36,0.00058606,30.00000000
2018-02-24 15:29:36,0.00058605,30.00000000
2018-02-24 15:29:36,0.00058603,30.00000000
2018-02-24 15:29:37,0.00058602,30.00000000
2018-02-24 15:29:37,0.00058600,10.00000000
2018-02-24 15:29:38,0.00058600,17.00000000
2018-02-24 15:29:38,0.00058600,2.00000000
2018-02-24 15:29:38,0.00058601,18.00000000
2018-02-24 15:29:39,0.00058601,157.00000000
2018-02-24 15:29:39,0.00058603,104.00000000
2018-02-24 15:29:40,0.00058600,101.00000000
2018-02-24 15:29:40,0.00058600,14.00000000
2018-02-24 15:29:40,0.00058600,466.00000000
2018-02-24 15:29:43,0.00058603,13.00000000
2018-02-24 15:29:45,0.00058603,12.00000000
2018-02-24 15:29:50,0.00058603,60.00000000
2018-02-24 15:30:00,0.00058603,31.00000000
2018-02-24 15:30:04,0.00058606,21.00000000
2018-02-24 15:30:16,0.00058606,67.00000000
2018-02-24 15:30:16,0.00058606,59.00000000
2018-02-24 15:30:17,0.00058606,67.00000000
2018-02-24 15:30:18,0.00058606,42.00000000
2018-02-24 15:30:18,0.00058604,25.00000000
2018-02-24 15:30:18,0.00058603,26.00000000
2018-02-24 15:30:18,0.00058600,23.00000000
2018-02-24 15:30:18,0.00058571,79.00000000
2018-02-24 15:30:18,0.00058516,52.00000000
2018-02-24 15:30:23,0.00058643,15.00000000
2018-02-24 15:30:27,0.00058642,4.00000000
2018-02-24 15:30:27,0.00058643,4.00000000
2018-02-24 15:30:28,0.00058609,59.00000000
2018-02-24 15:30:28,0.00058600,213.00000000
2018-02-24 15:30:28,0.00058513,129.00000000
2018-02-24 15:30:28,0.00058500,45.00000000
2018-02-24 15:30:28,0.00058485,4.00000000
2018-02-24 15:30:28,0.00058479,40.00000000
2018-02-24 15:30:28,0.00058477,210.00000000
2018-02-24 15:30:28,0.00058475,300.00000000
2018-02-24 15:30:28,0.00058464,2.00000000
2018-02-24 15:30:32,0.00058639,20.00000000
2018-02-24 15:30:33,0.00058494,30.00000000
2018-02-24 15:30:33,0.00058494,452.00000000
2018-02-24 15:30:33,0.00058502,10.00000000
2018-02-24 15:30:33,0.00058494,10.00000000
2018-02-24 15:30:33,0.00058633,167.00000000
2018-02-24 15:30:34,0.00058495,10.00000000
2018-02-24 15:30:34,0.00058498,5.00000000
2018-02-24 15:30:34,0.00058499,10.00000000
2018-02-24 15:30:34,0.00058501,4.00000000
2018-02-24 15:30:34,0.00058502,30.00000000
2018-02-24 15:30:35,0.00058603,4.00000000
2018-02-24 15:30:35,0.00058603,14.00000000
2018-02-24 15:30:36,0.00058514,5.00000000
2018-02-24 15:30:36,0.00058514,28.00000000
2018-02-24 15:30:38,0.00058628,7.00000000
2018-02-24 15:30:38,0.00058514,69.00000000
2018-02-24 15:30:43,0.00058628,2.00000000
2018-02-24 15:30:43,0.00058628,11.00000000
2018-02-24 15:30:44,0.00058629,4.00000000
2018-02-24 15:30:44,0.00058633,8.00000000
2018-02-24 15:30:44,0.00058636,170.00000000
2018-02-24 15:30:44,0.00058636,122.00000000
2018-02-24 15:30:44,0.00058636,294.00000000
2018-02-24 15:30:45,0.00058527,10.00000000
2018-02-24 15:30:47,0.00058636,12.00000000
2018-02-24 15:30:49,0.00058643,2.00000000
2018-02-24 15:30:49,0.00058654,31.00000000
2018-02-24 15:30:50,0.00058549,1396.00000000
2018-02-24 15:30:57,0.00058730,21.00000000
2018-02-24 15:30:57,0.00058730,14.00000000
2018-02-24 15:30:57,0.00058730,16.00000000
2018-02-24 15:30:57,0.00058730,16.00000000
2018-02-24 15:30:58,0.00058730,33.00000000
2018-02-24 15:30:58,0.00058615,20.00000000
2018-02-24 15:30:58,0.00058611,49.00000000
2018-02-24 15:31:07,0.00058682,23.00000000
2018-02-24 15:31:08,0.00058627,1395.00000000
2018-02-24 15:31:08,0.00058626,348.00000000
2018-02-24 15:31:08,0.00058611,1683.00000000
2018-02-24 15:31:11,0.00058671,12.00000000
2018-02-24 15:31:11,0.00058666,10.00000000
2018-02-24 15:31:12,0.00058612,12.00000000
2018-02-24 15:31:13,0.00058664,18.00000000
2018-02-24 15:31:13,0.00058700,150.00000000
2018-02-24 15:31:13,0.00058717,2.00000000
2018-02-24 15:31:14,0.00058700,8.00000000
2018-02-24 15:31:14,0.00058699,194.00000000
2018-02-24 15:31:16,0.00058613,8.00000000
2018-02-24 15:31:17,0.00058717,1537.00000000
2018-02-24 15:31:18,0.00058717,6.00000000
2018-02-24 15:31:19,0.00058613,3.00000000
2018-02-24 15:31:20,0.00058613,6.00000000
2018-02-24 15:31:21,0.00058613,5.00000000
2018-02-24 15:31:23,0.00058717,150.00000000
2018-02-24 15:31:25,0.00058717,4.00000000
2018-02-24 15:31:25,0.00058726,29.00000000
2018-02-24 15:31:25,0.00058730,51.00000000
2018-02-24 15:31:25,0.00058740,90.00000000
2018-02-24 15:31:25,0.00058750,18.00000000
2018-02-24 15:31:25,0.00058749,10.00000000
2018-02-24 15:31:25,0.00058750,33.00000000
2018-02-24 15:31:28,0.00058629,168.00000000
2018-02-24 15:31:28,0.00058628,51.00000000
2018-02-24 15:31:28,0.00058627,20.00000000
2018-02-24 15:31:28,0.00058623,28.00000000
2018-02-24 15:31:28,0.00058613,18.00000000
2018-02-24 15:31:28,0.00058612,10.00000000
2018-02-24 15:31:28,0.00058613,16.00000000
2018-02-24 15:31:34,0.00058724,168.00000000
2018-02-24 15:31:36,0.00058710,4.00000000
2018-02-24 15:31:36,0.00058747,121.00000000
2018-02-24 15:31:36,0.00058747,17.00000000
2018-02-24 15:31:37,0.00058747,14.00000000
2018-02-24 15:31:37,0.00058747,55.00000000
2018-02-24 15:31:37,0.00058747,2.00000000
2018-02-24 15:31:38,0.00058747,2.00000000
2018-02-24 15:31:39,0.00058747,38.00000000
2018-02-24 15:31:39,0.00058747,73.00000000
2018-02-24 15:31:42,0.00058750,61.00000000
2018-02-24 15:31:43,0.00058747,34.00000000
2018-02-24 15:31:44,0.00058752,4.00000000
2018-02-24 15:31:48,0.00058752,11.00000000
2018-02-24 15:31:50,0.00058752,10.00000000
2018-02-24 15:31:50,0.00058752,145.00000000
2018-02-24 15:31:51,0.00058752,171.00000000
2018-02-24 15:31:51,0.00058752,14.00000000
2018-02-24 15:31:51,0.00058777,14.00000000
2018-02-24 15:31:52,0.00058752,252.00000000
2018-02-24 15:31:53,0.00058752,8.00000000
2018-02-24 15:31:57,0.00058752,12.00000000
2018-02-24 15:31:57,0.00058752,2.00000000
2018-02-24 15:31:58,0.00058777,84.00000000
2018-02-24 15:31:59,0.00058752,6.00000000
2018-02-24 15:32:00,0.00058778,4.00000000
2018-02-24 15:32:00,0.00058800,122.00000000
2018-02-24 15:32:01,0.00058752,2008.00000000
2018-02-24 15:32:02,0.00058748,7.00000000
2018-02-24 15:32:06,0.00058748,34.00000000
2018-02-24 15:32:09,0.00058748,216.00000000
2018-02-24 15:32:11,0.00058752,3.00000000
2018-02-24 15:32:11,0.00058800,197.00000000
2018-02-24 15:32:11,0.00058803,2.00000000
2018-02-24 15:32:11,0.00058812,4.00000000
2018-02-24 15:32:11,0.00058818,33.00000000
2018-02-24 15:32:11,0.00058820,11.00000000
2018-02-24 15:32:13,0.00058807,34.00000000
2018-02-24 15:32:15,0.00058752,11.00000000
2018-02-24 15:32:17,0.00058748,95.00000000
2018-02-24 15:32:17,0.00058747,172.00000000
2018-02-24 15:32:19,0.00058633,4.00000000
2018-02-24 15:32:19,0.00058633,4.00000000
2018-02-24 15:32:19,0.00058635,42.00000000
2018-02-24 15:32:20,0.00058636,6.00000000
2018-02-24 15:32:20,0.00058636,5.00000000
2018-02-24 15:32:20,0.00058636,2.00000000
2018-02-24 15:32:20,0.00058636,35.00000000
2018-02-24 15:32:21,0.00058636,23.00000000
2018-02-24 15:32:21,0.00058636,20.00000000
2018-02-24 15:32:21,0.00058636,4.00000000
2018-02-24 15:32:22,0.00058636,35.00000000
2018-02-24 15:32:22,0.00058636,5.00000000
2018-02-24 15:32:22,0.00058636,4.00000000
2018-02-24 15:32:22,0.00058636,5.00000000
2018-02-24 15:32:22,0.00058636,24.00000000
2018-02-24 15:32:23,0.00058636,2.00000000
2018-02-24 15:32:23,0.00058636,54.00000000
2018-02-24 15:32:23,0.00058636,12.00000000
2018-02-24 15:32:23,0.00058636,8.00000000
2018-02-24 15:32:24,0.00058636,4.00000000
2018-02-24 15:32:28,0.00058749,42.00000000
2018-02-24 15:32:28,0.00058749,4.00000000
2018-02-24 15:32:32,0.00058751,2.00000000
2018-02-24 15:32:32,0.00058749,212.00000000
2018-02-24 15:32:33,0.00058749,416.00000000
2018-02-24 15:32:46,0.00058751,5.00000000
2018-02-24 15:32:48,0.00058750,10.00000000
2018-02-24 15:32:55,0.00058750,5.00000000
2018-02-24 15:33:00,0.00058750,632.00000000
2018-02-24 15:33:09,0.00058751,2.00000000
2018-02-24 15:33:10,0.00058750,490.00000000
2018-02-24 15:33:17,0.00058751,13.00000000
2018-02-24 15:33:17,0.00058752,7.00000000
2018-02-24 15:33:20,0.00058752,2.00000000
2018-02-24 15:33:20,0.00058752,2.00000000
2018-02-24 15:33:20,0.00058752,2.00000000
2018-02-24 15:33:23,0.00058750,90.00000000
2018-02-24 15:33:25,0.00058750,21.00000000
2018-02-24 15:33:26,0.00058750,240.00000000
2018-02-24 15:33:29,0.00058750,7.00000000
2018-02-24 15:33:31,0.00058750,24.00000000
2018-02-24 15:33:43,0.00058750,51.00000000
2018-02-24 15:33:44,0.00058750,38.00000000
2018-02-24 15:33:44,0.00058752,4.00000000
2018-02-24 15:33:44,0.00058819,5.00000000
2018-02-24 15:33:46,0.00058818,4.00000000
2018-02-24 15:33:50,0.00058817,25.00000000
2018-02-24 15:33:51,0.00058816,30.00000000
2018-02-24 15:33:51,0.00058817,31.00000000
2018-02-24 15:33:52,0.00058750,6.00000000
2018-02-24 15:33:52,0.00058649,82.00000000
2018-02-24 15:33:52,0.00058646,33.00000000
2018-02-24 15:33:52,0.00058640,258.00000000
2018-02-24 15:33:52,0.00058639,179.00000000
2018-02-24 15:33:52,0.00058815,96.00000000
2018-02-24 15:33:52,0.00058820,2.00000000
2018-02-24 15:33:53,0.00058820,50.00000000
2018-02-24 15:33:54,0.00058821,30.00000000
2018-02-24 15:33:54,0.00058821,30.00000000
2018-02-24 15:33:54,0.00058821,30.00000000
2018-02-24 15:33:54,0.00058668,5.00000000
2018-02-24 15:33:55,0.00058821,30.00000000
2018-02-24 15:33:55,0.00058821,30.00000000
2018-02-24 15:33:56,0.00058822,6.00000000
2018-02-24 15:33:57,0.00058698,10.00000000
2018-02-24 15:33:59,0.00058821,238.00000000
2018-02-24 15:34:00,0.00058706,97.00000000
2018-02-24 15:34:01,0.00058707,4.00000000
2018-02-24 15:34:01,0.00058706,6.00000000
2018-02-24 15:34:02,0.00058822,13.00000000
2018-02-24 15:34:09,0.00058785,4.00000000
2018-02-24 15:34:09,0.00058786,12.00000000
2018-02-24 15:34:09,0.00058786,96.00000000
2018-02-24 15:34:09,0.00058789,14.00000000
2018-02-24 15:34:09,0.00058750,23.00000000
2018-02-24 15:34:10,0.00058794,91.00000000
2018-02-24 15:34:11,0.00058751,379.00000000
2018-02-24 15:34:12,0.00058750,35.00000000
2018-02-24 15:34:12,0.00058750,15.00000000
2018-02-24 15:34:15,0.00058798,31.00000000
2018-02-24 15:34:15,0.00058798,19.00000000
2018-02-24 15:34:21,0.00058750,28.00000000
2018-02-24 15:34:22,0.00058798,20.00000000
2018-02-24 15:34:22,0.00058750,82.00000000
2018-02-24 15:34:23,0.00058799,115.00000000
2018-02-24 15:34:23,0.00058800,96.00000000
2018-02-24 15:34:26,0.00058800,171.00000000
2018-02-24 15:34:26,0.00058815,205.00000000
2018-02-24 15:34:26,0.00058822,120.00000000
2018-02-24 15:34:26,0.00058824,50.00000000
2018-02-24 15:34:26,0.00058829,8.00000000
2018-02-24 15:34:26,0.00058842,418.00000000
2018-02-24 15:34:26,0.00058849,202.00000000
2018-02-24 15:34:26,0.00058850,177.00000000
2018-02-24 15:34:27,0.00058751,9.00000000
2018-02-24 15:34:27,0.00058750,170.00000000
2018-02-24 15:34:27,0.00058707,7.00000000
2018-02-24 15:34:27,0.00058706,204.00000000
2018-02-24 15:34:27,0.00058698,10.00000000
2018-02-24 15:34:27,0.00058685,51.00000000
2018-02-24 15:34:27,0.00058669,4.00000000
2018-02-24 15:34:27,0.00058666,30.00000000
2018-02-24 15:34:27,0.00058648,80.00000000
2018-02-24 15:34:28,0.00058800,60.00000000
2018-02-24 15:34:31,0.00058848,337.00000000
2018-02-24 15:34:32,0.00058761,5.00000000
2018-02-24 15:34:33,0.00058761,4.00000000
2018-02-24 15:34:34,0.00058760,35.00000000
2018-02-24 15:34:34,0.00058760,53.00000000
2018-02-24 15:34:36,0.00058760,15.00000000
2018-02-24 15:34:38,0.00058761,76.00000000
2018-02-24 15:34:39,0.00058849,8.00000000
2018-02-24 15:34:39,0.00058850,1664.00000000
2018-02-24 15:34:39,0.00058850,35.00000000
2018-02-24 15:34:39,0.00058850,1650.00000000
2018-02-24 15:34:40,0.00058848,184.00000000
2018-02-24 15:34:44,0.00058848,484.00000000
2018-02-24 15:34:44,0.00058848,25.00000000
2018-02-24 15:34:44,0.00058848,14.00000000
2018-02-24 15:34:44,0.00058848,77.00000000
2018-02-24 15:34:44,0.00058848,15.00000000
2018-02-24 15:34:45,0.00058761,187.00000000
2018-02-24 15:34:51,0.00058762,4.00000000
2018-02-24 15:34:53,0.00058770,10.00000000
2018-02-24 15:34:53,0.00058770,118.00000000
2018-02-24 15:34:54,0.00058770,101.00000000
2018-02-24 15:34:54,0.00058845,6.00000000
2018-02-24 15:34:55,0.00058762,500.00000000
2018-02-24 15:34:58,0.00058762,14.00000000
2018-02-24 15:34:58,0.00058762,154.00000000
2018-02-24 15:35:07,0.00058843,20.00000000
2018-02-24 15:35:10,0.00058762,2.00000000
2018-02-24 15:35:11,0.00058762,4.00000000
2018-02-24 15:35:16,0.00058800,10.00000000
2018-02-24 15:35:17,0.00058762,6.00000000
2018-02-24 15:35:17,0.00058762,22.00000000
2018-02-24 15:35:20,0.00058762,531.00000000
2018-02-24 15:35:24,0.00058764,10.00000000
2018-02-24 15:35:25,0.00058762,198.00000000
2018-02-24 15:35:25,0.00058762,137.00000000
2018-02-24 15:35:26,0.00058762,20.00000000
2018-02-24 15:35:28,0.00058762,2055.00000000
2018-02-24 15:35:28,0.00058762,160.00000000
2018-02-24 15:35:30,0.00058762,23.00000000
2018-02-24 15:35:31,0.00058761,175.00000000
2018-02-24 15:35:32,0.00058762,26.00000000
2018-02-24 15:35:32,0.00058761,520.00000000
2018-02-24 15:35:33,0.00058762,683.00000000
2018-02-24 15:35:34,0.00058762,49.00000000
2018-02-24 15:35:38,0.00058761,18.00000000
2018-02-24 15:35:39,0.00058761,34.00000000
2018-02-24 15:35:43,0.00058761,42.00000000
2018-02-24 15:35:48,0.00058762,127.00000000
2018-02-24 15:35:52,0.00058794,10.00000000
2018-02-24 15:35:53,0.00058794,2.00000000
2018-02-24 15:35:54,0.00058794,18.00000000
2018-02-24 15:35:59,0.00058799,4.00000000
2018-02-24 15:35:59,0.00058800,42.00000000
2018-02-24 15:36:03,0.00058794,28.00000000
2018-02-24 15:36:03,0.00058843,33.00000000
2018-02-24 15:36:03,0.00058845,42.00000000
2018-02-24 15:36:04,0.00058794,15.00000000
2018-02-24 15:36:06,0.00058794,7.00000000
2018-02-24 15:36:08,0.00058794,66.00000000
2018-02-24 15:36:09,0.00058794,9.00000000
2018-02-24 15:36:11,0.00058841,10.00000000
2018-02-24 15:36:11,0.00058841,2.00000000
2018-02-24 15:36:19,0.00058845,35.00000000
2018-02-24 15:36:24,0.00058845,8.00000000
2018-02-24 15:36:25,0.00058794,174.00000000
2018-02-24 15:36:26,0.00058845,74.00000000
2018-02-24 15:36:27,0.00058845,4.00000000
2018-02-24 15:36:29,0.00058845,97.00000000
2018-02-24 15:36:31,0.00058845,108.00000000
2018-02-24 15:36:41,0.00058840,8.00000000
2018-02-24 15:36:41,0.00058845,94.00000000
2018-02-24 15:36:43,0.00058796,180.00000000
2018-02-24 15:36:43,0.00058795,321.00000000
2018-02-24 15:36:43,0.00058840,205.00000000
2018-02-24 15:36:43,0.00058845,38.00000000
2018-02-24 15:36:43,0.00058845,2.00000000
2018-02-24 15:36:44,0.00058845,38.00000000
2018-02-24 15:36:44,0.00058845,21.00000000
2018-02-24 15:36:45,0.00058845,10.00000000
2018-02-24 15:36:46,0.00058795,39.00000000
2018-02-24 15:36:47,0.00058845,2.00000000
2018-02-24 15:36:47,0.00058845,8.00000000
2018-02-24 15:36:48,0.00058845,58.00000000
2018-02-24 15:36:48,0.00058795,14.00000000
2018-02-24 15:36:50,0.00058845,4274.00000000
2018-02-24 15:36:58,0.00058794,69.00000000
2018-02-24 15:37:00,0.00058844,1.00000000
2018-02-24 15:37:07,0.00058843,3.00000000
2018-02-24 15:37:09,0.00058762,225.00000000
2018-02-24 15:37:10,0.00058843,228.00000000
2018-02-24 15:37:12,0.00058842,24.00000000
2018-02-24 15:37:19,0.00058842,115.00000000
2018-02-24 15:37:19,0.00058842,8.00000000
2018-02-24 15:37:19,0.00058842,24.00000000
2018-02-24 15:37:24,0.00058842,33.00000000
2018-02-24 15:37:27,0.00058840,50.00000000
2018-02-24 15:37:27,0.00058840,3.00000000
2018-02-24 15:37:27,0.00058840,13.00000000
2018-02-24 15:37:27,0.00058840,37.00000000
2018-02-24 15:37:29,0.00058794,41.00000000
2018-02-24 15:37:29,0.00058794,50.00000000
2018-02-24 15:37:35,0.00058762,32.00000000
2018-02-24 15:37:37,0.00058800,21.00000000
2018-02-24 15:37:43,0.00058762,79.00000000
2018-02-24 15:37:45,0.00058762,4.00000000
2018-02-24 15:37:46,0.00058762,153.00000000
2018-02-24 15:37:47,0.00058762,161.00000000
2018-02-24 15:37:47,0.00058800,138.00000000
2018-02-24 15:37:47,0.00058838,698.00000000
2018-02-24 15:37:47,0.00058840,65.00000000
2018-02-24 15:37:48,0.00058661,5.00000000
2018-02-24 15:37:49,0.00058661,20.00000000
2018-02-24 15:37:49,0.00058661,2.00000000
2018-02-24 15:37:49,0.00058661,10.00000000
2018-02-24 15:37:49,0.00058661,7.00000000
2018-02-24 15:37:50,0.00058676,121.00000000
2018-02-24 15:37:50,0.00058799,25.00000000
2018-02-24 15:37:50,0.00058676,2.00000000
2018-02-24 15:37:50,0.00058674,22.00000000
2018-02-24 15:37:50,0.00058674,1.00000000
2018-02-24 15:37:50,0.00058661,30.00000000
2018-02-24 15:37:51,0.00058662,7.00000000
2018-02-24 15:37:51,0.00058662,2.00000000
2018-02-24 15:37:52,0.00058659,8.00000000
2018-02-24 15:37:52,0.00058688,7.00000000
2018-02-24 15:37:52,0.00058672,1.00000000
2018-02-24 15:37:53,0.00058672,13.00000000
2018-02-24 15:37:53,0.00058791,52.00000000
2018-02-24 15:37:53,0.00058791,6.00000000
2018-02-24 15:37:53,0.00058679,17.00000000
2018-02-24 15:37:54,0.00058788,2.00000000
2018-02-24 15:37:56,0.00058649,9.00000000
2018-02-24 15:37:57,0.00058673,8.00000000
2018-02-24 15:37:58,0.00058673,1.00000000
2018-02-24 15:37:58,0.00058649,15.00000000
2018-02-24 15:37:58,0.00058649,7.00000000
2018-02-24 15:38:00,0.00058649,53.00000000
2018-02-24 15:38:00,0.00058649,7.00000000
2018-02-24 15:38:01,0.00058662,4.00000000
2018-02-24 15:38:02,0.00058662,4.00000000
2018-02-24 15:38:04,0.00058660,9.00000000
2018-02-24 15:38:04,0.00058648,16.00000000
2018-02-24 15:38:04,0.00058648,3.00000000
2018-02-24 15:38:07,0.00058646,292.00000000
2018-02-24 15:38:09,0.00058646,25.00000000
2018-02-24 15:38:09,0.00058646,4.00000000
2018-02-24 15:38:09,0.00058646,3.00000000
2018-02-24 15:38:09,0.00058646,3.00000000
2018-02-24 15:38:09,0.00058646,14.00000000
2018-02-24 15:38:10,0.00058646,17.00000000
2018-02-24 15:38:10,0.00058646,11.00000000
2018-02-24 15:38:11,0.00058640,34.00000000
2018-02-24 15:38:11,0.00058623,10.00000000
2018-02-24 15:38:11,0.00058612,33.00000000
2018-02-24 15:38:11,0.00058611,162.00000000
2018-02-24 15:38:11,0.00058600,37.00000000
2018-02-24 15:38:11,0.00058600,3.00000000
2018-02-24 15:38:11,0.00058598,2.00000000
2018-02-24 15:38:11,0.00058598,28.00000000
2018-02-24 15:38:11,0.00058600,85.00000000
2018-02-24 15:38:11,0.00058600,133.00000000
2018-02-24 15:38:12,0.00058645,72.00000000
2018-02-24 15:38:12,0.00058648,34.00000000
2018-02-24 15:38:12,0.00058649,2.00000000
2018-02-24 15:38:13,0.00058649,4.00000000
2018-02-24 15:38:13,0.00058649,3.00000000
2018-02-24 15:38:13,0.00058649,172.00000000
2018-02-24 15:38:15,0.00058649,72.00000000
2018-02-24 15:38:16,0.00058649,97.00000000
2018-02-24 15:38:17,0.00058649,18.00000000
2018-02-24 15:38:17,0.00058649,8.00000000
2018-02-24 15:38:18,0.00058649,3.00000000
2018-02-24 15:38:19,0.00058649,23.00000000
2018-02-24 15:38:19,0.00058537,9.00000000
2018-02-24 15:38:19,0.00058537,2.00000000
2018-02-24 15:38:20,0.00058600,4.00000000
2018-02-24 15:38:20,0.00058537,2.00000000
2018-02-24 15:38:23,0.00058649,3.00000000
2018-02-24 15:38:23,0.00058660,26.00000000
2018-02-24 15:38:23,0.00058661,110.00000000
2018-02-24 15:38:23,0.00058661,16.00000000
2018-02-24 15:38:23,0.00058661,50.00000000
2018-02-24 15:38:23,0.00058661,2.00000000
2018-02-24 15:38:23,0.00058540,45.00000000
2018-02-24 15:38:24,0.00058661,12.00000000
2018-02-24 15:38:25,0.00058543,3.00000000
2018-02-24 15:38:25,0.00058543,6.00000000
2018-02-24 15:38:25,0.00058649,16.00000000
2018-02-24 15:38:26,0.00058649,2.00000000
2018-02-24 15:38:26,0.00058659,9.00000000
2018-02-24 15:38:27,0.00058649,53.00000000
2018-02-24 15:38:28,0.00058649,2.00000000
2018-02-24 15:38:28,0.00058649,100.00000000
2018-02-24 15:38:28,0.00058659,8.00000000
2018-02-24 15:38:29,0.00058659,8.00000000
2018-02-24 15:38:30,0.00058649,367.00000000
2018-02-24 15:38:30,0.00058659,8.00000000
2018-02-24 15:38:33,0.00058649,4.00000000
2018-02-24 15:38:33,0.00058649,2.00000000
2018-02-24 15:38:33,0.00058649,551.00000000
2018-02-24 15:38:36,0.00058650,9.00000000
2018-02-24 15:38:36,0.00058649,240.00000000
2018-02-24 15:38:38,0.00058650,500.00000000
2018-02-24 15:38:42,0.00058651,41.00000000
2018-02-24 15:38:42,0.00058650,500.00000000
2018-02-24 15:38:42,0.00058649,21.00000000
2018-02-24 15:38:46,0.00058649,247.00000000
2018-02-24 15:38:50,0.00058649,18.00000000
2018-02-24 15:38:53,0.00058649,322.00000000
2018-02-24 15:38:53,0.00058650,11.00000000
2018-02-24 15:38:53,0.00058659,307.00000000
2018-02-24 15:38:53,0.00058661,210.00000000
2018-02-24 15:39:09,0.00058661,1084.00000000
2018-02-24 15:39:09,0.00058661,22.00000000
2018-02-24 15:39:10,0.00058662,3.00000000
2018-02-24 15:39:10,0.00058750,19.00000000
2018-02-24 15:39:14,0.00058750,212.00000000
2018-02-24 15:39:15,0.00058762,10.00000000
2018-02-24 15:39:15,0.00058762,1.00000000
2018-02-24 15:39:15,0.00058794,6.00000000
2018-02-24 15:39:15,0.00058794,13.00000000
2018-02-24 15:39:15,0.00058794,20.00000000
2018-02-24 15:39:15,0.00058794,13.00000000
2018-02-24 15:39:16,0.00058794,5.00000000
2018-02-24 15:39:16,0.00058794,19.00000000
2018-02-24 15:39:16,0.00058794,35.00000000
2018-02-24 15:39:19,0.00058794,275.00000000
2018-02-24 15:39:19,0.00058796,4.00000000
2018-02-24 15:39:19,0.00058794,2.00000000
2018-02-24 15:39:19,0.00058796,135.00000000
2018-02-24 15:39:30,0.00058797,2.00000000
2018-02-24 15:39:30,0.00058797,3.00000000
2018-02-24 15:39:39,0.00058800,11.00000000
2018-02-24 15:39:45,0.00058807,6.00000000
2018-02-24 15:39:46,0.00058807,4.00000000
2018-02-24 15:39:47,0.00058807,4.00000000
2018-02-24 15:39:48,0.00058807,283.00000000
2018-02-24 15:39:48,0.00058800,152.00000000
2018-02-24 15:39:48,0.00058797,53.00000000
2018-02-24 15:39:48,0.00058835,5.00000000
2018-02-24 15:39:48,0.00058838,277.00000000
2018-02-24 15:39:55,0.00058835,10.00000000
2018-02-24 15:39:58,0.00058835,42.00000000
2018-02-24 15:40:08,0.00058834,18.00000000
2018-02-24 15:40:08,0.00058835,21.00000000
2018-02-24 15:40:10,0.00058807,3.00000000
2018-02-24 15:40:14,0.00058807,49.00000000
2018-02-24 15:40:27,0.00058808,450.00000000
2018-02-24 15:40:27,0.00058807,104.00000000
2018-02-24 15:40:27,0.00058802,19.00000000
2018-02-24 15:40:31,0.00058808,1.00000000
2018-02-24 15:40:32,0.00058802,181.00000000
2018-02-24 15:40:32,0.00058800,165.00000000
2018-02-24 15:40:32,0.00058799,3.00000000
2018-02-24 15:40:32,0.00058797,27.00000000
2018-02-24 15:40:32,0.00058794,121.00000000
2018-02-24 15:40:32,0.00058750,69.00000000
2018-02-24 15:40:32,0.00058671,33.00000000
2018-02-24 15:40:32,0.00058670,3.00000000
2018-02-24 15:40:34,0.00058807,35.00000000
2018-02-24 15:40:35,0.00058807,7.00000000
2018-02-24 15:40:36,0.00058808,10.00000000
2018-02-24 15:40:36,0.00058807,16.00000000
2018-02-24 15:40:36,0.00058807,232.00000000
2018-02-24 15:40:37,0.00058681,12.00000000
2018-02-24 15:40:37,0.00058681,18.00000000
2018-02-24 15:40:37,0.00058682,4.00000000
2018-02-24 15:40:40,0.00058798,26.00000000
2018-02-24 15:40:40,0.00058798,4.00000000
2018-02-24 15:40:40,0.00058800,53.00000000
2018-02-24 15:40:41,0.00058802,188.00000000
2018-02-24 15:40:41,0.00058802,38.00000000
2018-02-24 15:40:45,0.00058688,9.00000000
2018-02-24 15:40:46,0.00058689,9.00000000
2018-02-24 15:40:46,0.00058688,128.00000000
2018-02-24 15:40:46,0.00058802,42.00000000
2018-02-24 15:40:46,0.00058804,4.00000000
2018-02-24 15:40:46,0.00058805,7.00000000
2018-02-24 15:40:49,0.00058808,156.00000000
2018-02-24 15:40:50,0.00058840,875.00000000
2018-02-24 15:40:53,0.00058840,43.00000000
2018-02-24 15:40:55,0.00058840,17.00000000
2018-02-24 15:40:58,0.00058808,171.00000000
2018-02-24 15:40:58,0.00058802,45.00000000
2018-02-24 15:40:58,0.00058800,375.00000000
2018-02-24 15:40:59,0.00058800,100.00000000
2018-02-24 15:41:01,0.00058691,24.00000000
2018-02-24 15:41:01,0.00058691,10.00000000
2018-02-24 15:41:01,0.00058800,89.00000000
2018-02-24 15:41:03,0.00058800,281.00000000
2018-02-24 15:41:05,0.00058800,4.00000000
2018-02-24 15:41:07,0.00058800,9.00000000
2018-02-24 15:41:07,0.00058800,1.00000000
2018-02-24 15:41:09,0.00058800,35.00000000
2018-02-24 15:41:16,0.00058808,10.00000000
2018-02-24 15:41:23,0.00058835,13.00000000
2018-02-24 15:41:28,0.00058835,38.00000000
2018-02-24 15:41:28,0.00058840,200.00000000
2018-02-24 15:41:32,0.00058840,3.00000000
2018-02-24 15:41:33,0.00058842,24.00000000
2018-02-24 15:41:36,0.00058842,50.00000000
2018-02-24 15:41:36,0.00058842,175.00000000
2018-02-24 15:41:38,0.00058842,185.00000000
2018-02-24 15:41:39,0.00058842,5.00000000
2018-02-24 15:41:40,0.00058840,10.00000000
2018-02-24 15:41:41,0.00058840,422.00000000
2018-02-24 15:41:41,0.00058808,90.00000000
2018-02-24 15:41:41,0.00058800,84.00000000
2018-02-24 15:41:41,0.00058690,500.00000000
2018-02-24 15:41:41,0.00058687,4.00000000
2018-02-24 15:41:41,0.00058683,199.00000000
2018-02-24 15:41:41,0.00058682,675.00000000
2018-02-24 15:41:41,0.00058669,20.00000000
2018-02-24 15:41:41,0.00058662,30.00000000
2018-02-24 15:41:41,0.00058649,332.00000000
2018-02-24 15:41:45,0.00058676,8.00000000
2018-02-24 15:41:46,0.00058679,167.00000000
2018-02-24 15:41:46,0.00058677,19.00000000
2018-02-24 15:41:46,0.00058676,16.00000000
2018-02-24 15:41:46,0.00058675,4.00000000
2018-02-24 15:41:46,0.00058674,30.00000000
2018-02-24 15:41:46,0.00058649,15.00000000
2018-02-24 15:41:46,0.00058608,205.00000000
2018-02-24 15:41:46,0.00058549,800.00000000
2018-02-24 15:41:46,0.00058546,939.00000000
2018-02-24 15:41:46,0.00058537,15.00000000
2018-02-24 15:41:46,0.00058514,35.00000000
2018-02-24 15:41:46,0.00058510,4.00000000
2018-02-24 15:41:46,0.00058503,8.00000000
2018-02-24 15:41:46,0.00058502,60.00000000
2018-02-24 15:41:46,0.00058501,40.00000000
2018-02-24 15:41:46,0.00058604,25.00000000
2018-02-24 15:41:49,0.00058655,10.00000000
2018-02-24 15:41:49,0.00058654,4.00000000
2018-02-24 15:41:49,0.00058671,13.00000000
2018-02-24 15:41:49,0.00058650,4.00000000
2018-02-24 15:41:50,0.00058650,26.00000000
2018-02-24 15:41:50,0.00058649,280.00000000
2018-02-24 15:41:50,0.00058606,25.00000000
2018-02-24 15:41:50,0.00058604,25.00000000
2018-02-24 15:41:50,0.00058549,205.00000000
2018-02-24 15:41:50,0.00058501,226.00000000
2018-02-24 15:41:50,0.00058500,1027.00000000
2018-02-24 15:41:50,0.00058500,68.00000000
2018-02-24 15:41:50,0.00058655,4.00000000
2018-02-24 15:41:51,0.00058651,5.00000000
2018-02-24 15:41:51,0.00058685,9.00000000
2018-02-24 15:41:53,0.00058690,4.00000000
2018-02-24 15:41:53,0.00058501,13.00000000
2018-02-24 15:41:53,0.00058501,17.00000000
2018-02-24 15:41:55,0.00058666,10.00000000
2018-02-24 15:41:57,0.00058678,25.00000000
2018-02-24 15:41:57,0.00058671,4.00000000
2018-02-24 15:41:57,0.00058666,33.00000000
2018-02-24 15:41:57,0.00058549,502.00000000
2018-02-24 15:41:57,0.00058545,17.00000000
2018-02-24 15:41:57,0.00058530,12.00000000
2018-02-24 15:41:57,0.00058501,5.00000000
2018-02-24 15:41:57,0.00058500,471.00000000
2018-02-24 15:41:58,0.00058778,9.00000000
2018-02-24 15:41:58,0.00058664,5.00000000
2018-02-24 15:41:58,0.00058664,15.00000000
2018-02-24 15:41:58,0.00058664,18.00000000
2018-02-24 15:41:58,0.00058663,28.00000000
2018-02-24 15:41:59,0.00058661,128.00000000
2018-02-24 15:41:59,0.00058663,2.00000000
2018-02-24 15:41:59,0.00058665,5.00000000
2018-02-24 15:41:59,0.00058666,30.00000000
2018-02-24 15:41:59,0.00058666,30.00000000
2018-02-24 15:41:59,0.00058666,5.00000000
2018-02-24 15:41:59,0.00058563,4.00000000
2018-02-24 15:41:59,0.00058542,2.00000000
2018-02-24 15:42:03,0.00058605,4.00000000
2018-02-24 15:42:10,0.00058604,7.00000000
2018-02-24 15:42:10,0.00058589,17.00000000
2018-02-24 15:42:10,0.00058577,16.00000000
2018-02-24 15:42:10,0.00058553,33.00000000
2018-02-24 15:42:10,0.00058542,7.00000000
2018-02-24 15:42:10,0.00058500,321.00000000
2018-02-24 15:42:10,0.00058477,205.00000000
2018-02-24 15:42:10,0.00058464,216.00000000
2018-02-24 15:42:10,0.00058462,54.00000000
2018-02-24 15:42:10,0.00058458,7.00000000
2018-02-24 15:42:10,0.00058454,7.00000000
2018-02-24 15:42:10,0.00058450,25.00000000
2018-02-24 15:42:10,0.00058442,725.00000000
2018-02-24 15:42:10,0.00058441,2017.00000000
2018-02-24 15:42:10,0.00058420,1305.00000000
2018-02-24 15:42:10,0.00058413,20.00000000
2018-02-24 15:42:10,0.00058409,4009.00000000
2018-02-24 15:42:12,0.00058491,6.00000000
2018-02-24 15:42:13,0.00058496,4.00000000
2018-02-24 15:42:15,0.00058515,3.00000000
2018-02-24 15:42:15,0.00058515,2.00000000
2018-02-24 15:42:16,0.00058515,38.00000000
2018-02-24 15:42:17,0.00058644,51.00000000
2018-02-24 15:42:17,0.00058645,30.00000000
2018-02-24 15:42:17,0.00058646,4.00000000
2018-02-24 15:42:17,0.00058648,4.00000000
2018-02-24 15:42:17,0.00058650,16.00000000
2018-02-24 15:42:17,0.00058657,30.00000000
2018-02-24 15:42:17,0.00058658,4.00000000
2018-02-24 15:42:17,0.00058666,30.00000000
2018-02-24 15:42:17,0.00058666,30.00000000
2018-02-24 15:42:17,0.00058666,1.00000000
2018-02-24 15:42:17,0.00058515,19.00000000
2018-02-24 15:42:20,0.00058524,20.00000000
2018-02-24 15:42:21,0.00058522,3.00000000
2018-02-24 15:42:22,0.00058522,63.00000000
2018-02-24 15:42:22,0.00058524,263.00000000
2018-02-24 15:42:22,0.00058524,13.00000000
2018-02-24 15:42:22,0.00058524,291.00000000
2018-02-24 15:42:22,0.00058524,85.00000000
2018-02-24 15:42:22,0.00058524,2.00000000
2018-02-24 15:42:22,0.00058524,26.00000000
2018-02-24 15:42:26,0.00058524,4.00000000
2018-02-24 15:42:26,0.00058524,52.00000000
2018-02-24 15:42:26,0.00058524,70.00000000
2018-02-24 15:42:26,0.00058524,29.00000000
2018-02-24 15:42:26,0.00058524,30.00000000
2018-02-24 15:42:26,0.00058524,43.00000000
2018-02-24 15:42:28,0.00058605,4.00000000
2018-02-24 15:42:30,0.00058605,9.00000000
2018-02-24 15:42:30,0.00058524,66.00000000
2018-02-24 15:42:31,0.00058520,13.00000000
2018-02-24 15:42:31,0.00058516,10.00000000
2018-02-24 15:42:35,0.00058520,18.00000000
2018-02-24 15:42:35,0.00058520,82.00000000
2018-02-24 15:42:40,0.00058551,6.00000000
2018-02-24 15:42:41,0.00058629,11.00000000
2018-02-24 15:42:49,0.00058558,3.00000000
2018-02-24 15:42:49,0.00058551,70.00000000
2018-02-24 15:42:49,0.00058629,108.00000000
2018-02-24 15:42:49,0.00058630,4.00000000
2018-02-24 15:42:49,0.00058638,4.00000000
2018-02-24 15:42:49,0.00058734,85.00000000
2018-02-24 15:42:56,0.00058725,10.00000000
2018-02-24 15:42:56,0.00058726,16.00000000
2018-02-24 15:42:56,0.00058728,41.00000000
2018-02-24 15:43:10,0.00058726,100.00000000
2018-02-24 15:43:10,0.00058727,30.00000000
2018-02-24 15:43:14,0.00058751,10.00000000
2018-02-24 15:43:17,0.00058782,2.00000000
2018-02-24 15:43:21,0.00058782,100.00000000
2018-02-24 15:43:24,0.00058751,14.00000000
2018-02-24 15:43:26,0.00058751,8.00000000
2018-02-24 15:43:29,0.00058778,630.00000000
2018-02-24 15:43:29,0.00058782,6.00000000
2018-02-24 15:43:30,0.00058782,18.00000000
2018-02-24 15:43:30,0.00058782,4.00000000
2018-02-24 15:43:30,0.00058782,4.00000000
2018-02-24 15:43:31,0.00058782,13.00000000
2018-02-24 15:43:31,0.00058799,25.00000000
2018-02-24 15:43:31,0.00058800,138.00000000
2018-02-24 15:43:32,0.00058782,6.00000000
2018-02-24 15:43:36,0.00058782,17.00000000
2018-02-24 15:43:37,0.00058782,25.00000000
2018-02-24 15:43:39,0.00058782,14.00000000
2018-02-24 15:43:40,0.00058782,5.00000000
2018-02-24 15:43:40,0.00058782,12.00000000
2018-02-24 15:43:41,0.00058782,11.00000000
2018-02-24 15:43:42,0.00058782,317.00000000
2018-02-24 15:43:43,0.00058782,6.00000000
2018-02-24 15:43:45,0.00058782,3.00000000
2018-02-24 15:43:47,0.00058782,5.00000000
2018-02-24 15:43:47,0.00058782,10.00000000
2018-02-24 15:43:47,0.00058782,22.00000000
2018-02-24 15:43:48,0.00058788,20.00000000
2018-02-24 15:43:55,0.00058790,45.00000000
2018-02-24 15:43:56,0.00058790,6.00000000
2018-02-24 15:43:57,0.00058790,20.00000000
2018-02-24 15:44:00,0.00058790,3.00000000
2018-02-24 15:44:00,0.00058790,5.00000000
