DATE,PRICE,VOLUME
2018-02-28 20:00:07,0.00045321,30.00000000
2018-02-28 20:00:17,0.00045322,80.00000000
2018-02-28 20:00:39,0.00045320,33.00000000
2018-02-28 20:00:40,0.00045374,7.00000000
2018-02-28 20:00:43,0.00045322,18.00000000
2018-02-28 20:00:44,0.00045374,3.00000000
2018-02-28 20:00:50,0.00045368,4.00000000
2018-02-28 20:00:52,0.00045368,36.00000000
2018-02-28 20:00:53,0.00045374,117.00000000
2018-02-28 20:00:59,0.00045421,6.00000000
2018-02-28 20:01:02,0.00045421,30.00000000
2018-02-28 20:01:04,0.00045374,7.00000000
2018-02-28 20:01:05,0.00045332,130.00000000
2018-02-28 20:01:06,0.00045418,22.00000000
2018-02-28 20:01:13,0.00045331,3.00000000
2018-02-28 20:01:14,0.00045401,108.00000000
2018-02-28 20:01:14,0.00045403,17.00000000
2018-02-28 20:01:15,0.00045404,167.00000000
2018-02-28 20:01:18,0.00045416,10.00000000
2018-02-28 20:01:18,0.00045417,40.00000000
2018-02-28 20:01:18,0.00045421,13.00000000
2018-02-28 20:01:18,0.00045421,8.00000000
2018-02-28 20:01:19,0.00045421,15.00000000
2018-02-28 20:01:19,0.00045421,98.00000000
2018-02-28 20:01:27,0.00045400,4.00000000
2018-02-28 20:01:27,0.00045400,27.00000000
2018-02-28 20:01:28,0.00045400,119.00000000
2018-02-28 20:01:30,0.00045420,4.00000000
2018-02-28 20:01:37,0.00045421,25.00000000
2018-02-28 20:01:37,0.00045376,6.00000000
2018-02-28 20:01:38,0.00045421,4.00000000
2018-02-28 20:01:48,0.00045376,20.00000000
2018-02-28 20:01:48,0.00045375,10.00000000
2018-02-28 20:01:48,0.00045374,10.00000000
2018-02-28 20:01:48,0.00045374,8.00000000
2018-02-28 20:01:49,0.00045400,3.00000000
2018-02-28 20:01:50,0.00045400,3.00000000
2018-02-28 20:02:15,0.00045400,22.00000000
2018-02-28 20:02:20,0.00045400,13.00000000
2018-02-28 20:02:21,0.00045332,19.00000000
2018-02-28 20:02:21,0.00045331,64.00000000
2018-02-28 20:02:21,0.00045330,62.00000000
2018-02-28 20:02:21,0.00045325,221.00000000
2018-02-28 20:02:21,0.00045322,163.00000000
2018-02-28 20:02:21,0.00045320,1267.00000000
2018-02-28 20:02:23,0.00045399,330.00000000
2018-02-28 20:02:31,0.00045320,35.00000000
2018-02-28 20:02:31,0.00045307,97.00000000
2018-02-28 20:02:34,0.00045321,11.00000000
2018-02-28 20:02:34,0.00045307,25.00000000
2018-02-28 20:02:38,0.00045310,10.00000000
2018-02-28 20:02:38,0.00045309,11.00000000
2018-02-28 20:02:38,0.00045307,64.00000000
2018-02-28 20:02:38,0.00045395,10.00000000
2018-02-28 20:02:38,0.00045396,6.00000000
2018-02-28 20:02:42,0.00045396,5.00000000
2018-02-28 20:02:46,0.00045308,14.00000000
2018-02-28 20:02:57,0.00045356,10.00000000
2018-02-28 20:03:01,0.00045309,77.00000000
2018-02-28 20:03:01,0.00045307,136.00000000
2018-02-28 20:03:09,0.00045308,13.00000000
2018-02-28 20:03:11,0.00045308,8.00000000
2018-02-28 20:03:11,0.00045307,12.00000000
2018-02-28 20:03:12,0.00045355,4.00000000
2018-02-28 20:03:12,0.00045356,193.00000000
2018-02-28 20:03:13,0.00045356,171.00000000
2018-02-28 20:03:13,0.00045394,19.00000000
2018-02-28 20:03:14,0.00045308,10.00000000
2018-02-28 20:03:16,0.00045308,134.00000000
2018-02-28 20:03:20,0.00045308,6.00000000
2018-02-28 20:03:26,0.00045393,3.00000000
2018-02-28 20:03:26,0.00045393,3.00000000
2018-02-28 20:03:26,0.00045393,3.00000000
2018-02-28 20:03:27,0.00045393,3.00000000
2018-02-28 20:03:27,0.00045393,3.00000000
2018-02-28 20:03:27,0.00045393,3.00000000
2018-02-28 20:03:28,0.00045393,2.00000000
2018-02-28 20:03:28,0.00045394,1.00000000
2018-02-28 20:03:28,0.00045394,3.00000000
2018-02-28 20:03:28,0.00045394,3.00000000
2018-02-28 20:03:29,0.00045394,3.00000000
2018-02-28 20:03:29,0.00045394,3.00000000
2018-02-28 20:03:29,0.00045395,3.00000000
2018-02-28 20:03:30,0.00045395,3.00000000
2018-02-28 20:03:30,0.00045395,3.00000000
2018-02-28 20:03:30,0.00045395,3.00000000
2018-02-28 20:03:31,0.00045395,3.00000000
2018-02-28 20:03:31,0.00045395,3.00000000
2018-02-28 20:03:36,0.00045392,46.00000000
2018-02-28 20:03:36,0.00045395,169.00000000
2018-02-28 20:03:36,0.00045395,131.00000000
2018-02-28 20:03:40,0.00045395,64.00000000
2018-02-28 20:03:41,0.00045344,3.00000000
2018-02-28 20:03:41,0.00045308,18.00000000
2018-02-28 20:03:41,0.00045308,2.00000000
2018-02-28 20:03:41,0.00045300,3.00000000
2018-02-28 20:03:41,0.00045292,216.00000000
2018-02-28 20:03:41,0.00045290,611.00000000
2018-02-28 20:03:48,0.00045377,80.00000000
2018-02-28 20:04:00,0.00045345,22.00000000
2018-02-28 20:04:02,0.00045338,1.00000000
2018-02-28 20:04:02,0.00045290,664.00000000
2018-02-28 20:04:04,0.00045291,5.00000000
2018-02-28 20:04:08,0.00045322,3.00000000
2018-02-28 20:04:18,0.00045291,503.00000000
2018-02-28 20:04:24,0.00045304,25.00000000
2018-02-28 20:04:24,0.00045304,85.00000000
2018-02-28 20:04:24,0.00045306,10.00000000
2018-02-28 20:04:27,0.00045356,5.00000000
2018-02-28 20:04:28,0.00045356,73.00000000
2018-02-28 20:04:29,0.00045356,5.00000000
2018-02-28 20:04:30,0.00045356,7.00000000
2018-02-28 20:04:32,0.00045356,50.00000000
2018-02-28 20:04:39,0.00045355,74.00000000
2018-02-28 20:04:39,0.00045291,112.00000000
2018-02-28 20:04:45,0.00045354,357.00000000
2018-02-28 20:04:45,0.00045355,5.00000000
2018-02-28 20:04:47,0.00045355,14.00000000
2018-02-28 20:04:51,0.00045291,111.00000000
2018-02-28 20:04:51,0.00045291,30.00000000
2018-02-28 20:04:51,0.00045291,169.00000000
2018-02-28 20:04:56,0.00045291,9.00000000
2018-02-28 20:04:56,0.00045291,95.00000000
2018-02-28 20:05:10,0.00045263,188.00000000
2018-02-28 20:05:12,0.00045351,68.00000000
2018-02-28 20:05:12,0.00045263,8.00000000
2018-02-28 20:05:13,0.00045350,8.00000000
2018-02-28 20:05:13,0.00045351,7.00000000
2018-02-28 20:05:23,0.00045291,65.00000000
2018-02-28 20:05:26,0.00045351,13.00000000
2018-02-28 20:05:27,0.00045351,5.00000000
2018-02-28 20:05:51,0.00045350,48.00000000
2018-02-28 20:05:51,0.00045351,310.00000000
2018-02-28 20:05:51,0.00045354,31.00000000
2018-02-28 20:05:51,0.00045355,772.00000000
2018-02-28 20:05:51,0.00045356,631.00000000
2018-02-28 20:05:59,0.00045351,97.00000000
2018-02-28 20:05:59,0.00045351,3.00000000
2018-02-28 20:06:00,0.00045351,49.00000000
2018-02-28 20:06:07,0.00045332,3.00000000
2018-02-28 20:06:14,0.00045331,93.00000000
2018-02-28 20:06:16,0.00045301,297.00000000
2018-02-28 20:06:27,0.00045356,42.00000000
2018-02-28 20:06:30,0.00045303,28.00000000
2018-02-28 20:06:30,0.00045301,26.00000000
2018-02-28 20:06:35,0.00045351,10.00000000
2018-02-28 20:06:45,0.00045351,3.00000000
2018-02-28 20:06:46,0.00045351,3.00000000
2018-02-28 20:06:46,0.00045344,3.00000000
2018-02-28 20:06:46,0.00045300,142.00000000
2018-02-28 20:06:48,0.00045351,220.00000000
2018-02-28 20:06:48,0.00045351,645.00000000
2018-02-28 20:06:48,0.00045355,146.00000000
2018-02-28 20:06:48,0.00045356,6.00000000
2018-02-28 20:06:51,0.00045350,85.00000000
2018-02-28 20:06:57,0.00045379,21.00000000
2018-02-28 20:07:19,0.00045300,866.00000000
2018-02-28 20:07:21,0.00045378,45.00000000
2018-02-28 20:07:22,0.00045377,10.00000000
2018-02-28 20:07:22,0.00045378,109.00000000
2018-02-28 20:07:23,0.00045378,9.00000000
2018-02-28 20:07:23,0.00045378,3.00000000
2018-02-28 20:07:23,0.00045378,24.00000000
2018-02-28 20:07:23,0.00045378,3.00000000
2018-02-28 20:07:23,0.00045378,3.00000000
2018-02-28 20:07:24,0.00045378,14.00000000
2018-02-28 20:07:30,0.00045378,139.00000000
2018-02-28 20:07:30,0.00045379,46.00000000
2018-02-28 20:07:36,0.00045377,11.00000000
2018-02-28 20:07:36,0.00045378,5.00000000
2018-02-28 20:07:39,0.00045302,10.00000000
2018-02-28 20:07:39,0.00045301,20.00000000
2018-02-28 20:07:44,0.00045301,2.00000000
2018-02-28 20:07:48,0.00045375,5.00000000
2018-02-28 20:07:51,0.00045302,5.00000000
2018-02-28 20:07:51,0.00045301,11.00000000
2018-02-28 20:07:57,0.00045373,20.00000000
2018-02-28 20:07:57,0.00045374,11.00000000
2018-02-28 20:07:57,0.00045375,24.00000000
2018-02-28 20:07:57,0.00045376,7.00000000
2018-02-28 20:08:00,0.00045369,11.00000000
2018-02-28 20:08:00,0.00045370,10.00000000
2018-02-28 20:08:10,0.00045304,20.00000000
2018-02-28 20:08:14,0.00045367,23.00000000
2018-02-28 20:08:17,0.00045303,10.00000000
2018-02-28 20:08:17,0.00045302,40.00000000
2018-02-28 20:08:22,0.00045367,18.00000000
2018-02-28 20:08:23,0.00045368,11.00000000
2018-02-28 20:08:23,0.00045369,134.00000000
2018-02-28 20:08:30,0.00045369,22.00000000
2018-02-28 20:08:30,0.00045367,27.00000000
2018-02-28 20:08:30,0.00045367,9.00000000
2018-02-28 20:08:34,0.00045367,9.00000000
2018-02-28 20:08:34,0.00045369,35.00000000
2018-02-28 20:08:40,0.00045368,18.00000000
2018-02-28 20:08:40,0.00045369,14.00000000
2018-02-28 20:08:41,0.00045369,104.00000000
2018-02-28 20:08:41,0.00045370,1.00000000
2018-02-28 20:08:46,0.00045325,11.00000000
2018-02-28 20:08:46,0.00045320,11.00000000
2018-02-28 20:08:46,0.00045315,11.00000000
2018-02-28 20:08:46,0.00045310,79.00000000
2018-02-28 20:08:46,0.00045305,289.00000000
2018-02-28 20:08:47,0.00045370,20.00000000
2018-02-28 20:08:58,0.00045330,20.00000000
2018-02-28 20:08:58,0.00045329,13.00000000
2018-02-28 20:09:12,0.00045364,10.00000000
2018-02-28 20:09:12,0.00045369,36.00000000
2018-02-28 20:09:12,0.00045370,16.00000000
2018-02-28 20:09:13,0.00045370,4.00000000
2018-02-28 20:09:21,0.00045364,594.00000000
2018-02-28 20:09:21,0.00045365,2167.00000000
2018-02-28 20:09:22,0.00045365,31.00000000
2018-02-28 20:09:26,0.00045370,76.00000000
2018-02-28 20:09:29,0.00045370,275.00000000
2018-02-28 20:09:30,0.00045370,30.00000000
2018-02-28 20:09:31,0.00045370,84.00000000
2018-02-28 20:09:31,0.00045376,93.00000000
2018-02-28 20:09:31,0.00045376,100.00000000
2018-02-28 20:09:31,0.00045376,28.00000000
2018-02-28 20:09:31,0.00045365,199.00000000
2018-02-28 20:09:38,0.00045370,8.00000000
2018-02-28 20:09:39,0.00045370,30.00000000
2018-02-28 20:09:41,0.00045370,20.00000000
2018-02-28 20:09:47,0.00045365,12.00000000
2018-02-28 20:09:49,0.00045365,23.00000000
2018-02-28 20:09:49,0.00045365,19.00000000
2018-02-28 20:09:49,0.00045327,22.00000000
2018-02-28 20:09:49,0.00045326,64.00000000
2018-02-28 20:09:49,0.00045307,88.00000000
2018-02-28 20:09:49,0.00045305,318.00000000
2018-02-28 20:09:52,0.00045366,22.00000000
2018-02-28 20:09:53,0.00045366,3.00000000
2018-02-28 20:09:53,0.00045366,64.00000000
2018-02-28 20:10:00,0.00045366,151.00000000
2018-02-28 20:10:01,0.00045307,18.00000000
2018-02-28 20:10:01,0.00045306,292.00000000
2018-02-28 20:10:01,0.00045305,301.00000000
2018-02-28 20:10:01,0.00045304,276.00000000
2018-02-28 20:10:07,0.00045366,555.00000000
2018-02-28 20:10:07,0.00045304,710.00000000
2018-02-28 20:10:08,0.00045304,37.00000000
2018-02-28 20:10:10,0.00045304,337.00000000
2018-02-28 20:10:11,0.00045304,194.00000000
2018-02-28 20:10:16,0.00045304,133.00000000
2018-02-28 20:10:21,0.00045304,4.00000000
2018-02-28 20:10:22,0.00045304,148.00000000
2018-02-28 20:10:27,0.00045366,450.00000000
2018-02-28 20:10:39,0.00045366,28.00000000
2018-02-28 20:10:40,0.00045366,8.00000000
2018-02-28 20:10:43,0.00045366,2.00000000
2018-02-28 20:10:53,0.00045329,241.00000000
2018-02-28 20:10:54,0.00045329,103.00000000
2018-02-28 20:11:12,0.00045330,36.00000000
2018-02-28 20:11:17,0.00045365,33.00000000
2018-02-28 20:11:17,0.00045365,3.00000000
2018-02-28 20:11:17,0.00045365,33.00000000
2018-02-28 20:11:18,0.00045366,13.00000000
2018-02-28 20:11:18,0.00045366,36.00000000
2018-02-28 20:11:19,0.00045397,272.00000000
2018-02-28 20:11:19,0.00045398,20.00000000
2018-02-28 20:11:19,0.00045413,18.00000000
2018-02-28 20:11:19,0.00045414,182.00000000
2018-02-28 20:11:20,0.00045366,5.00000000
2018-02-28 20:11:21,0.00045366,748.00000000
2018-02-28 20:11:21,0.00045365,3.00000000
2018-02-28 20:11:23,0.00045365,194.00000000
2018-02-28 20:11:28,0.00045365,217.00000000
2018-02-28 20:11:31,0.00045414,9.00000000
2018-02-28 20:11:31,0.00045366,3.00000000
2018-02-28 20:11:32,0.00045366,14.00000000
2018-02-28 20:11:36,0.00045413,11.00000000
2018-02-28 20:11:36,0.00045414,6.00000000
2018-02-28 20:11:40,0.00045366,87.00000000
2018-02-28 20:11:42,0.00045331,215.00000000
2018-02-28 20:11:58,0.00045332,13.00000000
2018-02-28 20:12:01,0.00045333,10.00000000
2018-02-28 20:12:02,0.00045332,4.00000000
2018-02-28 20:12:03,0.00045411,4.00000000
2018-02-28 20:12:03,0.00045412,25.00000000
2018-02-28 20:12:03,0.00045413,11.00000000
2018-02-28 20:12:03,0.00045414,27.00000000
2018-02-28 20:12:03,0.00045419,659.00000000
2018-02-28 20:12:03,0.00045420,196.00000000
2018-02-28 20:12:03,0.00045421,78.00000000
2018-02-28 20:12:07,0.00045421,1.00000000
2018-02-28 20:12:07,0.00045421,1.00000000
2018-02-28 20:12:10,0.00045420,4.00000000
2018-02-28 20:12:10,0.00045420,22.00000000
2018-02-28 20:12:10,0.00045421,246.00000000
2018-02-28 20:12:10,0.00045422,100.00000000
2018-02-28 20:12:10,0.00045488,132.00000000
2018-02-28 20:12:10,0.00045489,900.00000000
2018-02-28 20:12:10,0.00045497,94.00000000
2018-02-28 20:12:11,0.00045497,21.00000000
2018-02-28 20:12:11,0.00045502,14.00000000
2018-02-28 20:12:11,0.00045505,14.00000000
2018-02-28 20:12:11,0.00045509,20.00000000
2018-02-28 20:12:11,0.00045523,13.00000000
2018-02-28 20:12:11,0.00045524,48.00000000
2018-02-28 20:12:11,0.00045524,151.00000000
2018-02-28 20:12:11,0.00045410,4.00000000
2018-02-28 20:12:12,0.00045340,90.00000000
2018-02-28 20:12:12,0.00045339,9.00000000
2018-02-28 20:12:13,0.00045411,20.00000000
2018-02-28 20:12:13,0.00045340,20.00000000
2018-02-28 20:12:13,0.00045340,10.00000000
2018-02-28 20:12:14,0.00045340,30.00000000
2018-02-28 20:12:14,0.00045336,5.00000000
2018-02-28 20:12:14,0.00045340,27.00000000
2018-02-28 20:12:14,0.00045340,3.00000000
2018-02-28 20:12:15,0.00045336,3.00000000
2018-02-28 20:12:16,0.00045336,3.00000000
2018-02-28 20:12:17,0.00045408,9.00000000
2018-02-28 20:12:21,0.00045339,4.00000000
2018-02-28 20:12:21,0.00045333,3.00000000
2018-02-28 20:12:21,0.00045335,3.00000000
2018-02-28 20:12:22,0.00045335,27.00000000
2018-02-28 20:12:23,0.00045335,19.00000000
2018-02-28 20:12:23,0.00045335,3.00000000
2018-02-28 20:12:24,0.00045335,8.00000000
2018-02-28 20:12:25,0.00045418,25.00000000
2018-02-28 20:12:25,0.00045335,30.00000000
2018-02-28 20:12:25,0.00045335,11.00000000
2018-02-28 20:12:25,0.00045334,41.00000000
2018-02-28 20:12:26,0.00045335,619.00000000
2018-02-28 20:12:27,0.00045334,16.00000000
2018-02-28 20:12:27,0.00045334,3.00000000
2018-02-28 20:12:28,0.00045334,6.00000000
2018-02-28 20:12:29,0.00045335,12.00000000
2018-02-28 20:12:29,0.00045334,15.00000000
2018-02-28 20:12:29,0.00045334,26.00000000
2018-02-28 20:12:29,0.00045334,73.00000000
2018-02-28 20:12:32,0.00045336,16.00000000
2018-02-28 20:12:33,0.00045335,192.00000000
2018-02-28 20:12:33,0.00045335,3.00000000
2018-02-28 20:12:35,0.00045336,12.00000000
2018-02-28 20:12:35,0.00045334,3.00000000
2018-02-28 20:12:37,0.00045335,3.00000000
2018-02-28 20:12:37,0.00045335,3.00000000
2018-02-28 20:12:37,0.00045334,3.00000000
2018-02-28 20:12:39,0.00045336,80.00000000
2018-02-28 20:12:39,0.00045336,3.00000000
2018-02-28 20:12:39,0.00045336,250.00000000
2018-02-28 20:12:39,0.00045334,327.00000000
2018-02-28 20:12:40,0.00045333,14.00000000
2018-02-28 20:12:41,0.00045330,3.00000000
2018-02-28 20:12:41,0.00045330,3.00000000
2018-02-28 20:12:43,0.00045330,31.00000000
2018-02-28 20:12:44,0.00045333,11.00000000
2018-02-28 20:12:44,0.00045333,100.00000000
2018-02-28 20:12:45,0.00045333,55.00000000
2018-02-28 20:12:45,0.00045330,3.00000000
2018-02-28 20:12:45,0.00045330,636.00000000
2018-02-28 20:12:45,0.00045329,295.00000000
2018-02-28 20:12:47,0.00045329,103.00000000
2018-02-28 20:12:47,0.00045329,3.00000000
2018-02-28 20:12:47,0.00045329,3.00000000
2018-02-28 20:12:47,0.00045329,141.00000000
2018-02-28 20:12:49,0.00045329,100.00000000
2018-02-28 20:12:49,0.00045329,3.00000000
2018-02-28 20:12:50,0.00045329,235.00000000
2018-02-28 20:12:50,0.00045327,66.00000000
2018-02-28 20:12:51,0.00045334,54.00000000
2018-02-28 20:12:52,0.00045331,3.00000000
2018-02-28 20:12:53,0.00045331,7.00000000
2018-02-28 20:12:53,0.00045335,3.00000000
2018-02-28 20:12:54,0.00045335,9.00000000
2018-02-28 20:12:55,0.00045329,3.00000000
2018-02-28 20:12:55,0.00045329,3.00000000
2018-02-28 20:12:56,0.00045329,4.00000000
2018-02-28 20:13:00,0.00045329,18.00000000
2018-02-28 20:13:02,0.00045329,46.00000000
2018-02-28 20:13:03,0.00045313,49.00000000
2018-02-28 20:13:03,0.00045313,171.00000000
2018-02-28 20:13:05,0.00045311,20.00000000
2018-02-28 20:13:05,0.00045310,3.00000000
2018-02-28 20:13:08,0.00045314,48.00000000
2018-02-28 20:13:08,0.00045314,41.00000000
2018-02-28 20:13:09,0.00045314,32.00000000
2018-02-28 20:13:10,0.00045314,132.00000000
2018-02-28 20:13:11,0.00045314,132.00000000
2018-02-28 20:13:11,0.00045311,83.00000000
2018-02-28 20:13:11,0.00045310,57.00000000
2018-02-28 20:13:11,0.00045310,57.00000000
2018-02-28 20:13:12,0.00045305,92.00000000
2018-02-28 20:13:12,0.00045304,154.00000000
2018-02-28 20:13:13,0.00045304,5.00000000
2018-02-28 20:13:13,0.00045304,7.00000000
2018-02-28 20:13:13,0.00045304,29.00000000
2018-02-28 20:13:13,0.00045304,31.00000000
2018-02-28 20:13:13,0.00045309,20.00000000
2018-02-28 20:13:14,0.00045304,8.00000000
2018-02-28 20:13:14,0.00045304,19.00000000
2018-02-28 20:13:15,0.00045304,74.00000000
2018-02-28 20:13:15,0.00045304,35.00000000
2018-02-28 20:13:15,0.00045303,37.00000000
2018-02-28 20:13:16,0.00045303,3.00000000
2018-02-28 20:13:16,0.00045303,4.00000000
2018-02-28 20:13:16,0.00045303,7.00000000
2018-02-28 20:13:16,0.00045303,259.00000000
2018-02-28 20:13:16,0.00045302,7.00000000
2018-02-28 20:13:17,0.00045302,12.00000000
2018-02-28 20:13:17,0.00045302,16.00000000
2018-02-28 20:13:17,0.00045302,100.00000000
2018-02-28 20:13:17,0.00045302,388.00000000
2018-02-28 20:13:18,0.00045302,3.00000000
2018-02-28 20:13:18,0.00045300,33.00000000
2018-02-28 20:13:19,0.00045265,10.00000000
2018-02-28 20:13:22,0.00045250,34.00000000
2018-02-28 20:13:24,0.00045250,5.00000000
2018-02-28 20:13:29,0.00045282,200.00000000
2018-02-28 20:13:29,0.00045284,6.00000000
2018-02-28 20:13:29,0.00045296,24.00000000
2018-02-28 20:13:29,0.00045313,10.00000000
2018-02-28 20:13:38,0.00045283,48.00000000
2018-02-28 20:13:38,0.00045283,171.00000000
2018-02-28 20:13:39,0.00045270,219.00000000
2018-02-28 20:13:39,0.00045271,45.00000000
2018-02-28 20:13:40,0.00045313,7.00000000
2018-02-28 20:13:45,0.00045313,25.00000000
2018-02-28 20:13:45,0.00045282,24.00000000
2018-02-28 20:13:46,0.00045276,26.00000000
2018-02-28 20:13:54,0.00045288,45.00000000
2018-02-28 20:13:54,0.00045288,149.00000000
2018-02-28 20:14:02,0.00045286,126.00000000
2018-02-28 20:14:04,0.00045366,94.00000000
2018-02-28 20:14:10,0.00045300,27.00000000
2018-02-28 20:14:13,0.00045300,9.00000000
2018-02-28 20:14:14,0.00045300,3.00000000
2018-02-28 20:14:15,0.00045300,4.00000000
2018-02-28 20:14:15,0.00045300,3.00000000
2018-02-28 20:14:15,0.00045300,3.00000000
2018-02-28 20:14:17,0.00045300,75.00000000
2018-02-28 20:14:18,0.00045300,830.00000000
2018-02-28 20:14:20,0.00045300,2251.00000000
2018-02-28 20:14:20,0.00045330,40.00000000
2018-02-28 20:14:22,0.00045300,508.00000000
2018-02-28 20:14:26,0.00045318,86.00000000
2018-02-28 20:14:26,0.00045320,195.00000000
2018-02-28 20:14:26,0.00045323,15.00000000
2018-02-28 20:14:26,0.00045330,450.00000000
2018-02-28 20:14:26,0.00045335,24.00000000
2018-02-28 20:14:29,0.00045335,57.00000000
2018-02-28 20:14:32,0.00045365,13.00000000
2018-02-28 20:14:32,0.00045335,51.00000000
2018-02-28 20:14:32,0.00045335,4.00000000
2018-02-28 20:14:33,0.00045366,3.00000000
2018-02-28 20:14:36,0.00045313,17.00000000
2018-02-28 20:14:37,0.00045313,20.00000000
2018-02-28 20:14:37,0.00045313,20.00000000
2018-02-28 20:14:45,0.00045335,20.00000000
2018-02-28 20:14:55,0.00045365,7.00000000
2018-02-28 20:14:57,0.00045335,14.00000000
2018-02-28 20:14:57,0.00045313,100.00000000
2018-02-28 20:15:00,0.00045313,27.00000000
2018-02-28 20:15:02,0.00045335,14.00000000
2018-02-28 20:15:14,0.00045313,9.00000000
2018-02-28 20:15:15,0.00045313,5.00000000
2018-02-28 20:15:23,0.00045349,3.00000000
2018-02-28 20:15:25,0.00045313,78.00000000
2018-02-28 20:15:38,0.00045314,13.00000000
2018-02-28 20:15:38,0.00045313,142.00000000
2018-02-28 20:15:40,0.00045312,14.00000000
2018-02-28 20:15:48,0.00045313,28.00000000
2018-02-28 20:15:50,0.00045304,6.00000000
2018-02-28 20:15:50,0.00045300,468.00000000
2018-02-28 20:15:50,0.00045287,30.00000000
2018-02-28 20:15:50,0.00045286,1.00000000
2018-02-28 20:15:50,0.00045277,149.00000000
2018-02-28 20:15:50,0.00045270,120.00000000
2018-02-28 20:15:56,0.00045312,15.00000000
2018-02-28 20:15:56,0.00045313,709.00000000
2018-02-28 20:15:57,0.00045313,5.00000000
2018-02-28 20:16:05,0.00045270,133.00000000
2018-02-28 20:16:08,0.00045270,282.00000000
2018-02-28 20:16:12,0.00045271,45.00000000
2018-02-28 20:16:21,0.00045311,102.00000000
2018-02-28 20:16:21,0.00045313,351.00000000
2018-02-28 20:16:21,0.00045280,4347.00000000
2018-02-28 20:16:24,0.00045311,52.00000000
2018-02-28 20:16:24,0.00045313,8.00000000
2018-02-28 20:16:25,0.00045271,492.00000000
2018-02-28 20:16:25,0.00045270,428.00000000
2018-02-28 20:16:25,0.00045266,442.00000000
2018-02-28 20:16:32,0.00045312,23.00000000
2018-02-28 20:16:38,0.00045312,114.00000000
2018-02-28 20:16:41,0.00045312,136.00000000
2018-02-28 20:16:44,0.00045312,230.00000000
2018-02-28 20:16:51,0.00045311,102.00000000
2018-02-28 20:16:58,0.00045252,87.00000000
2018-02-28 20:17:00,0.00045310,15.00000000
2018-02-28 20:17:00,0.00045311,85.00000000
2018-02-28 20:17:13,0.00045310,23.00000000
2018-02-28 20:17:14,0.00045310,35.00000000
2018-02-28 20:17:25,0.00045309,28.00000000
2018-02-28 20:17:29,0.00045309,28.00000000
2018-02-28 20:17:35,0.00045290,50.00000000
2018-02-28 20:17:37,0.00045290,243.00000000
2018-02-28 20:17:43,0.00045290,15.00000000
2018-02-28 20:17:44,0.00045290,5.00000000
2018-02-28 20:17:49,0.00045290,138.00000000
2018-02-28 20:17:52,0.00045290,35.00000000
2018-02-28 20:17:52,0.00045290,105.00000000
2018-02-28 20:18:16,0.00045253,10.00000000
2018-02-28 20:18:22,0.00045253,21.00000000
2018-02-28 20:18:33,0.00045252,50.00000000
2018-02-28 20:18:35,0.00045252,62.00000000
2018-02-28 20:18:38,0.00045252,32.00000000
2018-02-28 20:18:38,0.00045252,4.00000000
2018-02-28 20:18:39,0.00045252,22.00000000
2018-02-28 20:18:39,0.00045252,460.00000000
2018-02-28 20:18:39,0.00045252,387.00000000
2018-02-28 20:18:40,0.00045252,170.00000000
2018-02-28 20:18:41,0.00045253,27.00000000
2018-02-28 20:18:41,0.00045253,1125.00000000
2018-02-28 20:18:46,0.00045252,7.00000000
2018-02-28 20:19:03,0.00045253,8.00000000
2018-02-28 20:19:05,0.00045253,146.00000000
2018-02-28 20:19:08,0.00045253,46.00000000
2018-02-28 20:19:09,0.00045288,3.00000000
2018-02-28 20:19:09,0.00045289,3.00000000
2018-02-28 20:19:10,0.00045251,30.00000000
2018-02-28 20:19:10,0.00045250,175.00000000
2018-02-28 20:19:12,0.00045289,81.00000000
2018-02-28 20:19:12,0.00045290,218.00000000
2018-02-28 20:19:13,0.00045290,37.00000000
2018-02-28 20:19:20,0.00045289,277.00000000
2018-02-28 20:19:20,0.00045290,216.00000000
2018-02-28 20:19:22,0.00045290,1.00000000
2018-02-28 20:19:43,0.00045260,64.00000000
2018-02-28 20:19:45,0.00045253,84.00000000
2018-02-28 20:19:51,0.00045252,4.00000000
2018-02-28 20:19:55,0.00045253,15.00000000
2018-02-28 20:20:05,0.00045253,2.00000000
2018-02-28 20:20:07,0.00045260,126.00000000
2018-02-28 20:20:11,0.00045253,93.00000000
2018-02-28 20:20:11,0.00045252,15.00000000
2018-02-28 20:20:11,0.00045250,1672.00000000
2018-02-28 20:20:18,0.00045250,100.00000000
2018-02-28 20:20:19,0.00045250,87.00000000
2018-02-28 20:20:34,0.00045251,26.00000000
2018-02-28 20:20:34,0.00045250,79.00000000
2018-02-28 20:20:39,0.00045250,357.00000000
2018-02-28 20:20:40,0.00045250,1449.00000000
2018-02-28 20:20:41,0.00045250,91.00000000
2018-02-28 20:20:46,0.00045250,313.00000000
2018-02-28 20:20:47,0.00045260,74.00000000
2018-02-28 20:20:49,0.00045290,11.00000000
2018-02-28 20:20:50,0.00045290,53.00000000
2018-02-28 20:20:55,0.00045290,6.00000000
2018-02-28 20:20:55,0.00045308,15.00000000
2018-02-28 20:20:56,0.00045251,13.00000000
2018-02-28 20:20:57,0.00045250,32.00000000
2018-02-28 20:20:57,0.00045307,6.00000000
2018-02-28 20:20:58,0.00045307,9.00000000
2018-02-28 20:20:58,0.00045308,7.00000000
2018-02-28 20:21:00,0.00045306,11.00000000
2018-02-28 20:21:04,0.00045300,10.00000000
2018-02-28 20:21:14,0.00045300,29.00000000
2018-02-28 20:21:15,0.00045260,3.00000000
2018-02-28 20:21:16,0.00045260,5.00000000
2018-02-28 20:21:16,0.00045260,36.00000000
2018-02-28 20:21:17,0.00045260,58.00000000
2018-02-28 20:21:17,0.00045260,4.00000000
2018-02-28 20:21:19,0.00045260,45.00000000
2018-02-28 20:21:20,0.00045260,52.00000000
2018-02-28 20:21:22,0.00045260,18.00000000
2018-02-28 20:21:28,0.00045261,25.00000000
2018-02-28 20:21:30,0.00045261,19.00000000
2018-02-28 20:21:30,0.00045260,500.00000000
2018-02-28 20:21:37,0.00045260,35.00000000
2018-02-28 20:21:46,0.00045299,8.00000000
2018-02-28 20:21:46,0.00045299,3.00000000
2018-02-28 20:21:47,0.00045299,3.00000000
2018-02-28 20:21:50,0.00045300,22.00000000
2018-02-28 20:21:50,0.00045299,2.00000000
2018-02-28 20:21:50,0.00045260,23.00000000
2018-02-28 20:21:50,0.00045260,17.00000000
2018-02-28 20:21:51,0.00045298,8.00000000
2018-02-28 20:21:52,0.00045298,22.00000000
2018-02-28 20:21:53,0.00045298,18.00000000
2018-02-28 20:21:53,0.00045300,15.00000000
2018-02-28 20:21:55,0.00045260,75.00000000
2018-02-28 20:21:55,0.00045253,26.00000000
2018-02-28 20:22:08,0.00045253,1.00000000
2018-02-28 20:22:09,0.00045251,12.00000000
2018-02-28 20:22:10,0.00045251,334.00000000
2018-02-28 20:22:11,0.00045251,125.00000000
2018-02-28 20:22:13,0.00045253,14.00000000
2018-02-28 20:22:15,0.00045253,9.00000000
2018-02-28 20:22:24,0.00045253,10.00000000
2018-02-28 20:22:26,0.00045250,25.00000000
2018-02-28 20:22:26,0.00045211,20.00000000
2018-02-28 20:22:26,0.00045205,195.00000000
2018-02-28 20:22:26,0.00045202,11.00000000
2018-02-28 20:22:26,0.00045201,267.00000000
2018-02-28 20:22:26,0.00045200,150.00000000
2018-02-28 20:22:26,0.00045164,42.00000000
2018-02-28 20:22:26,0.00045155,19.00000000
2018-02-28 20:22:26,0.00045153,359.00000000
2018-02-28 20:22:26,0.00045152,92.00000000
2018-02-28 20:22:34,0.00045200,214.00000000
2018-02-28 20:22:36,0.00045253,221.00000000
2018-02-28 20:22:36,0.00045253,96.00000000
2018-02-28 20:22:39,0.00045253,4.00000000
2018-02-28 20:22:39,0.00045202,26.00000000
2018-02-28 20:22:39,0.00045205,2.00000000
2018-02-28 20:22:48,0.00045284,4.00000000
2018-02-28 20:22:53,0.00045200,443.00000000
2018-02-28 20:22:54,0.00045200,57.00000000
2018-02-28 20:22:58,0.00045281,24.00000000
2018-02-28 20:22:58,0.00045283,104.00000000
2018-02-28 20:22:58,0.00045295,77.00000000
2018-02-28 20:22:58,0.00045298,183.00000000
2018-02-28 20:22:58,0.00045299,190.00000000
2018-02-28 20:22:58,0.00045300,122.00000000
2018-02-28 20:23:01,0.00045300,5.00000000
2018-02-28 20:23:02,0.00045300,52.00000000
2018-02-28 20:23:02,0.00045301,183.00000000
2018-02-28 20:23:02,0.00045304,30.00000000
2018-02-28 20:23:02,0.00045313,320.00000000
2018-02-28 20:23:04,0.00045300,100.00000000
2018-02-28 20:23:04,0.00045312,30.00000000
2018-02-28 20:23:04,0.00045313,45.00000000
2018-02-28 20:23:06,0.00045313,588.00000000
2018-02-28 20:23:06,0.00045313,54.00000000
2018-02-28 20:23:06,0.00045313,14.00000000
2018-02-28 20:23:07,0.00045312,4.00000000
2018-02-28 20:23:14,0.00045312,91.00000000
2018-02-28 20:23:17,0.00045312,34.00000000
2018-02-28 20:23:18,0.00045298,27.00000000
2018-02-28 20:23:24,0.00045298,127.00000000
2018-02-28 20:23:28,0.00045312,9.00000000
2018-02-28 20:23:28,0.00045313,637.00000000
2018-02-28 20:23:30,0.00045365,57.00000000
2018-02-28 20:23:30,0.00045366,450.00000000
2018-02-28 20:23:37,0.00045366,88.00000000
2018-02-28 20:23:41,0.00045366,12.00000000
2018-02-28 20:23:44,0.00045366,9.00000000
2018-02-28 20:23:57,0.00045472,40.00000000
2018-02-28 20:24:02,0.00045472,4.00000000
2018-02-28 20:24:09,0.00045472,19.00000000
2018-02-28 20:24:10,0.00045400,499.00000000
2018-02-28 20:24:10,0.00045400,12.00000000
2018-02-28 20:24:15,0.00045375,14.00000000
2018-02-28 20:24:15,0.00045366,35.00000000
2018-02-28 20:24:15,0.00045356,3.00000000
2018-02-28 20:24:15,0.00045339,3.00000000
2018-02-28 20:24:15,0.00045300,95.00000000
2018-02-28 20:24:17,0.00045400,34.00000000
2018-02-28 20:24:17,0.00045471,107.00000000
2018-02-28 20:24:17,0.00045472,278.00000000
2018-02-28 20:24:17,0.00045472,81.00000000
2018-02-28 20:24:28,0.00045472,14.00000000
2018-02-28 20:24:28,0.00045472,7.00000000
2018-02-28 20:24:28,0.00045472,79.00000000
2018-02-28 20:24:30,0.00045472,163.00000000
2018-02-28 20:24:30,0.00045472,110.00000000
2018-02-28 20:24:31,0.00045472,123.00000000
2018-02-28 20:24:31,0.00045472,184.00000000
2018-02-28 20:24:31,0.00045472,241.00000000
2018-02-28 20:24:31,0.00045472,269.00000000
2018-02-28 20:24:31,0.00045472,256.00000000
2018-02-28 20:24:31,0.00045472,213.00000000
2018-02-28 20:24:31,0.00045472,159.00000000
2018-02-28 20:24:31,0.00045472,110.00000000
2018-02-28 20:24:31,0.00045472,37.00000000
2018-02-28 20:24:33,0.00045472,47.00000000
2018-02-28 20:24:35,0.00045472,529.00000000
2018-02-28 20:24:39,0.00045473,19.00000000
2018-02-28 20:24:39,0.00045500,50.00000000
2018-02-28 20:24:39,0.00045525,105.00000000
2018-02-28 20:24:43,0.00045472,169.00000000
2018-02-28 20:24:44,0.00045472,209.00000000
2018-02-28 20:24:44,0.00045472,145.00000000
2018-02-28 20:24:47,0.00045472,3.00000000
2018-02-28 20:24:50,0.00045523,5.00000000
2018-02-28 20:24:51,0.00045472,57.00000000
2018-02-28 20:24:51,0.00045472,3.00000000
2018-02-28 20:24:51,0.00045472,111.00000000
2018-02-28 20:24:54,0.00045472,3.00000000
2018-02-28 20:24:55,0.00045522,86.00000000
2018-02-28 20:24:56,0.00045472,3.00000000
2018-02-28 20:24:56,0.00045472,57.00000000
2018-02-28 20:24:56,0.00045521,11.00000000
2018-02-28 20:24:56,0.00045522,29.00000000
2018-02-28 20:24:57,0.00045472,3.00000000
2018-02-28 20:24:57,0.00045472,9.00000000
2018-02-28 20:24:57,0.00045472,26.00000000
2018-02-28 20:25:02,0.00045472,125.00000000
2018-02-28 20:25:03,0.00045472,74.00000000
2018-02-28 20:25:04,0.00045472,8.00000000
2018-02-28 20:25:05,0.00045472,169.00000000
2018-02-28 20:25:05,0.00045470,17.00000000
2018-02-28 20:25:06,0.00045470,11.00000000
2018-02-28 20:25:08,0.00045470,65.00000000
2018-02-28 20:25:09,0.00045470,133.00000000
2018-02-28 20:25:09,0.00045520,11.00000000
2018-02-28 20:25:09,0.00045523,111.00000000
2018-02-28 20:25:09,0.00045525,89.00000000
2018-02-28 20:25:09,0.00045545,14.00000000
2018-02-28 20:25:09,0.00045545,223.00000000
2018-02-28 20:25:10,0.00045385,223.00000000
2018-02-28 20:25:10,0.00045385,223.00000000
2018-02-28 20:25:10,0.00045390,43.00000000
2018-02-28 20:25:14,0.00045467,43.00000000
2018-02-28 20:25:14,0.00045469,114.00000000
2018-02-28 20:25:14,0.00045470,3.00000000
2018-02-28 20:25:14,0.00045498,73.00000000
2018-02-28 20:25:19,0.00045408,10.00000000
2018-02-28 20:25:19,0.00045407,12.00000000
2018-02-28 20:25:19,0.00045401,68.00000000
2018-02-28 20:25:30,0.00045401,118.00000000
2018-02-28 20:25:30,0.00045491,10.00000000
2018-02-28 20:25:30,0.00045492,31.00000000
2018-02-28 20:25:31,0.00045402,8.00000000
2018-02-28 20:25:41,0.00045492,10.00000000
2018-02-28 20:25:41,0.00045493,1.00000000
2018-02-28 20:25:41,0.00045407,20.00000000
2018-02-28 20:25:42,0.00045406,10.00000000
2018-02-28 20:25:42,0.00045407,2.00000000
2018-02-28 20:25:48,0.00045407,3.00000000
2018-02-28 20:25:48,0.00045491,20.00000000
2018-02-28 20:25:48,0.00045492,88.00000000
2018-02-28 20:25:48,0.00045493,36.00000000
2018-02-28 20:25:48,0.00045497,223.00000000
2018-02-28 20:25:48,0.00045500,304.00000000
2018-02-28 20:25:49,0.00045407,5.00000000
2018-02-28 20:25:51,0.00045499,10.00000000
2018-02-28 20:25:51,0.00045410,30.00000000
2018-02-28 20:25:51,0.00045407,78.00000000
2018-02-28 20:25:55,0.00045411,12.00000000
2018-02-28 20:25:55,0.00045409,220.00000000
2018-02-28 20:25:55,0.00045407,24.00000000
2018-02-28 20:25:55,0.00045403,30.00000000
2018-02-28 20:25:55,0.00045402,276.00000000
2018-02-28 20:25:55,0.00045401,10.00000000
2018-02-28 20:25:55,0.00045400,163.00000000
2018-02-28 20:25:57,0.00045410,10.00000000
2018-02-28 20:25:58,0.00045409,33.00000000
2018-02-28 20:25:58,0.00045403,37.00000000
2018-02-28 20:26:04,0.00045400,105.00000000
2018-02-28 20:26:04,0.00045400,52.00000000
2018-02-28 20:26:04,0.00045390,41.00000000
2018-02-28 20:26:04,0.00045366,2.00000000
2018-02-28 20:26:05,0.00045467,145.00000000
2018-02-28 20:26:07,0.00045453,80.00000000
2018-02-28 20:26:20,0.00045393,3.00000000
2018-02-28 20:26:20,0.00045395,10.00000000
2018-02-28 20:26:23,0.00045458,5.00000000
2018-02-28 20:26:24,0.00045369,10.00000000
2018-02-28 20:26:25,0.00045369,3.00000000
2018-02-28 20:26:29,0.00045458,9.00000000
2018-02-28 20:26:35,0.00045456,1.00000000
2018-02-28 20:26:39,0.00045455,13.00000000
2018-02-28 20:26:40,0.00045366,17.00000000
2018-02-28 20:26:40,0.00045391,10.00000000
2018-02-28 20:26:41,0.00045391,46.00000000
2018-02-28 20:26:41,0.00045366,225.00000000
2018-02-28 20:26:41,0.00045313,63.00000000
2018-02-28 20:26:50,0.00045447,8.00000000
2018-02-28 20:26:52,0.00045360,7.00000000
2018-02-28 20:26:52,0.00045360,13.00000000
2018-02-28 20:26:53,0.00045358,10.00000000
2018-02-28 20:26:53,0.00045359,13.00000000
2018-02-28 20:26:58,0.00045445,10.00000000
2018-02-28 20:27:00,0.00045359,10.00000000
2018-02-28 20:27:02,0.00045391,56.00000000
2018-02-28 20:27:04,0.00045443,10.00000000
2018-02-28 20:27:09,0.00045446,10.00000000
2018-02-28 20:27:10,0.00045432,17.00000000
2018-02-28 20:27:14,0.00045403,81.00000000
2018-02-28 20:27:14,0.00045441,78.00000000
2018-02-28 20:27:14,0.00045442,30.00000000
2018-02-28 20:27:14,0.00045443,117.00000000
2018-02-28 20:27:14,0.00045451,111.00000000
2018-02-28 20:27:14,0.00045454,11.00000000
2018-02-28 20:27:14,0.00045457,266.00000000
2018-02-28 20:27:14,0.00045458,446.00000000
2018-02-28 20:27:14,0.00045464,121.00000000
2018-02-28 20:27:14,0.00045498,192.00000000
2018-02-28 20:27:14,0.00045500,9.00000000
2018-02-28 20:27:14,0.00045519,20.00000000
2018-02-28 20:27:14,0.00045545,131.00000000
2018-02-28 20:27:18,0.00045386,19.00000000
2018-02-28 20:27:25,0.00045386,5.00000000
2018-02-28 20:27:25,0.00045391,56.00000000
2018-02-28 20:27:25,0.00045443,1015.00000000
2018-02-28 20:27:25,0.00045443,609.00000000
2018-02-28 20:27:27,0.00045444,10.00000000
2018-02-28 20:27:27,0.00045443,222.00000000
2018-02-28 20:27:28,0.00045454,274.00000000
2018-02-28 20:27:30,0.00045443,115.00000000
2018-02-28 20:27:31,0.00045443,15.00000000
2018-02-28 20:27:32,0.00045443,58.00000000
2018-02-28 20:27:32,0.00045443,99.00000000
2018-02-28 20:27:35,0.00045443,855.00000000
2018-02-28 20:27:35,0.00045442,9.00000000
2018-02-28 20:27:36,0.00045443,153.00000000
2018-02-28 20:27:52,0.00045348,20.00000000
2018-02-28 20:27:56,0.00045351,167.00000000
2018-02-28 20:27:56,0.00045351,102.00000000
2018-02-28 20:27:56,0.00045351,39.00000000
2018-02-28 20:27:56,0.00045345,20.00000000
2018-02-28 20:27:56,0.00045339,30.00000000
2018-02-28 20:27:56,0.00045329,27.00000000
2018-02-28 20:27:57,0.00045340,10.00000000
2018-02-28 20:27:57,0.00045317,1.00000000
2018-02-28 20:28:00,0.00045414,88.00000000
2018-02-28 20:28:00,0.00045415,172.00000000
2018-02-28 20:28:00,0.00045415,68.00000000
2018-02-28 20:28:07,0.00045433,1.00000000
2018-02-28 20:28:09,0.00045350,50.00000000
2018-02-28 20:28:09,0.00045330,72.00000000
2018-02-28 20:28:18,0.00045337,5.00000000
2018-02-28 20:28:19,0.00045431,19.00000000
2018-02-28 20:28:20,0.00045431,11.00000000
2018-02-28 20:28:29,0.00045431,56.00000000
2018-02-28 20:28:29,0.00045431,65.00000000
2018-02-28 20:28:29,0.00045431,16.00000000
2018-02-28 20:28:30,0.00045431,34.00000000
2018-02-28 20:28:39,0.00045431,52.00000000
2018-02-28 20:28:43,0.00045431,36.00000000
2018-02-28 20:28:43,0.00045366,4.00000000
2018-02-28 20:28:43,0.00045341,20.00000000
2018-02-28 20:28:43,0.00045340,88.00000000
2018-02-28 20:28:43,0.00045330,25.00000000
2018-02-28 20:28:43,0.00045322,30.00000000
2018-02-28 20:28:43,0.00045317,10.00000000
2018-02-28 20:28:43,0.00045314,433.00000000
2018-02-28 20:28:46,0.00045316,217.00000000
2018-02-28 20:28:57,0.00045402,1.00000000
2018-02-28 20:29:04,0.00045368,219.00000000
2018-02-28 20:29:04,0.00045368,2.00000000
2018-02-28 20:29:04,0.00045370,10.00000000
2018-02-28 20:29:04,0.00045415,16.00000000
2018-02-28 20:29:08,0.00045417,10.00000000
2018-02-28 20:29:08,0.00045418,72.00000000
2018-02-28 20:29:08,0.00045419,14.00000000
2018-02-28 20:29:08,0.00045426,324.00000000
2018-02-28 20:29:08,0.00045427,30.00000000
2018-02-28 20:29:08,0.00045431,35.00000000
2018-02-28 20:29:08,0.00045432,110.00000000
2018-02-28 20:29:08,0.00045437,241.00000000
2018-02-28 20:29:08,0.00045442,112.00000000
2018-02-28 20:29:08,0.00045443,60.00000000
2018-02-28 20:29:08,0.00045488,20.00000000
2018-02-28 20:29:08,0.00045493,6.00000000
2018-02-28 20:29:08,0.00045500,41.00000000
2018-02-28 20:29:08,0.00045534,926.00000000
2018-02-28 20:29:08,0.00045545,362.00000000
2018-02-28 20:29:08,0.00045559,64.00000000
2018-02-28 20:29:08,0.00045322,3.00000000
2018-02-28 20:29:14,0.00045332,14.00000000
2018-02-28 20:29:14,0.00045331,10.00000000
2018-02-28 20:29:14,0.00045330,96.00000000
2018-02-28 20:29:17,0.00045418,18.00000000
2018-02-28 20:29:32,0.00045417,100.00000000
2018-02-28 20:29:32,0.00045418,66.00000000
2018-02-28 20:29:38,0.00045418,201.00000000
2018-02-28 20:29:38,0.00045449,26.00000000
2018-02-28 20:29:38,0.00045559,796.00000000
2018-02-28 20:29:38,0.00045599,277.00000000
2018-02-28 20:29:39,0.00045598,10.00000000
2018-02-28 20:29:39,0.00045599,40.00000000
2018-02-28 20:29:40,0.00045446,3.00000000
2018-02-28 20:29:40,0.00045446,3.00000000
2018-02-28 20:29:40,0.00045447,3.00000000
2018-02-28 20:29:41,0.00045449,3.00000000
2018-02-28 20:29:41,0.00045449,210.00000000
2018-02-28 20:29:41,0.00045447,71.00000000
2018-02-28 20:29:41,0.00045446,12.00000000
2018-02-28 20:29:41,0.00045444,10.00000000
2018-02-28 20:29:42,0.00045444,10.00000000
2018-02-28 20:29:52,0.00045415,50.00000000
2018-02-28 20:29:54,0.00045415,37.00000000
2018-02-28 20:29:54,0.00045398,139.00000000
2018-02-28 20:29:54,0.00045400,3198.00000000
2018-02-28 20:29:59,0.00045400,365.00000000
2018-02-28 20:30:02,0.00045400,2.00000000
2018-02-28 20:30:04,0.00045400,49.00000000
2018-02-28 20:30:08,0.00045400,273.00000000
2018-02-28 20:30:10,0.00045400,778.00000000
2018-02-28 20:30:11,0.00045400,96.00000000
2018-02-28 20:30:19,0.00045445,14.00000000
2018-02-28 20:30:28,0.00045430,24.00000000
2018-02-28 20:30:28,0.00045431,80.00000000
2018-02-28 20:30:28,0.00045444,24.00000000
2018-02-28 20:30:28,0.00045445,38.00000000
2018-02-28 20:30:29,0.00045445,46.00000000
2018-02-28 20:30:30,0.00045402,11.00000000
2018-02-28 20:30:32,0.00045429,94.00000000
2018-02-28 20:30:42,0.00045448,28.00000000
2018-02-28 20:30:42,0.00045448,180.00000000
2018-02-28 20:30:43,0.00045448,177.00000000
2018-02-28 20:30:43,0.00045448,3.00000000
2018-02-28 20:30:46,0.00045448,230.00000000
2018-02-28 20:30:47,0.00045449,52.00000000
2018-02-28 20:30:47,0.00045451,219.00000000
2018-02-28 20:30:47,0.00045449,219.00000000
2018-02-28 20:30:48,0.00045449,27.00000000
2018-02-28 20:30:49,0.00045449,188.00000000
2018-02-28 20:30:50,0.00045449,56.00000000
2018-02-28 20:30:50,0.00045449,3.00000000
2018-02-28 20:30:51,0.00045449,4.00000000
2018-02-28 20:30:51,0.00045449,91.00000000
2018-02-28 20:30:52,0.00045449,161.00000000
2018-02-28 20:30:52,0.00045449,4.00000000
2018-02-28 20:30:53,0.00045449,12.00000000
2018-02-28 20:30:55,0.00045450,9.00000000
2018-02-28 20:30:57,0.00045455,220.00000000
2018-02-28 20:30:57,0.00045454,10.00000000
2018-02-28 20:30:57,0.00045453,88.00000000
2018-02-28 20:30:57,0.00045450,138.00000000
2018-02-28 20:30:57,0.00045449,10.00000000
2018-02-28 20:30:57,0.00045449,35.00000000
2018-02-28 20:30:58,0.00045449,220.00000000
2018-02-28 20:30:58,0.00045449,33.00000000
2018-02-28 20:30:59,0.00045449,1067.00000000
2018-02-28 20:30:59,0.00045450,80.00000000
2018-02-28 20:30:59,0.00045449,3.00000000
2018-02-28 20:31:00,0.00045449,3.00000000
2018-02-28 20:31:02,0.00045449,106.00000000
2018-02-28 20:31:02,0.00045448,119.00000000
2018-02-28 20:31:02,0.00045450,50.00000000
2018-02-28 20:31:02,0.00045448,22.00000000
2018-02-28 20:31:02,0.00045448,23.00000000
2018-02-28 20:31:02,0.00045448,3.00000000
2018-02-28 20:31:03,0.00045450,15.00000000
2018-02-28 20:31:03,0.00045448,64.00000000
2018-02-28 20:31:03,0.00045448,3.00000000
2018-02-28 20:31:04,0.00045448,49.00000000
2018-02-28 20:31:05,0.00045449,14.00000000
2018-02-28 20:31:05,0.00045450,36.00000000
2018-02-28 20:31:05,0.00045448,21.00000000
2018-02-28 20:31:05,0.00045448,10.00000000
2018-02-28 20:31:06,0.00045445,11.00000000
2018-02-28 20:31:07,0.00045445,4.00000000
2018-02-28 20:31:07,0.00045445,102.00000000
2018-02-28 20:31:07,0.00045445,102.00000000
2018-02-28 20:31:07,0.00045445,122.00000000
2018-02-28 20:31:07,0.00045445,177.00000000
2018-02-28 20:31:08,0.00045429,112.00000000
2018-02-28 20:31:16,0.00045402,21.00000000
2018-02-28 20:31:16,0.00045401,471.00000000
2018-02-28 20:31:30,0.00045401,220.00000000
2018-02-28 20:31:30,0.00045401,10.00000000
2018-02-28 20:31:33,0.00045414,145.00000000
2018-02-28 20:31:34,0.00045414,133.00000000
2018-02-28 20:31:35,0.00045446,87.00000000
2018-02-28 20:31:35,0.00045449,95.00000000
2018-02-28 20:31:35,0.00045401,3.00000000
2018-02-28 20:31:35,0.00045401,16.00000000
2018-02-28 20:31:35,0.00045401,16.00000000
2018-02-28 20:31:35,0.00045401,164.00000000
2018-02-28 20:31:35,0.00045400,193.00000000
2018-02-28 20:31:41,0.00045448,45.00000000
2018-02-28 20:31:44,0.00045448,15.00000000
2018-02-28 20:31:45,0.00045448,75.00000000
2018-02-28 20:31:45,0.00045449,297.00000000
2018-02-28 20:31:45,0.00045450,28.00000000
2018-02-28 20:31:56,0.00045429,26.00000000
2018-02-28 20:32:01,0.00045447,1.00000000
2018-02-28 20:32:09,0.00045429,14.00000000
2018-02-28 20:32:14,0.00045446,84.00000000
2018-02-28 20:32:14,0.00045447,85.00000000
2018-02-28 20:32:14,0.00045449,34.00000000
2018-02-28 20:32:15,0.00045449,27.00000000
2018-02-28 20:32:15,0.00045449,20.00000000
2018-02-28 20:32:17,0.00045401,55.00000000
2018-02-28 20:32:18,0.00045401,15.00000000
2018-02-28 20:32:18,0.00045400,117.00000000
2018-02-28 20:32:20,0.00045400,453.00000000
2018-02-28 20:32:28,0.00045400,585.00000000
2018-02-28 20:32:30,0.00045429,187.00000000
2018-02-28 20:32:30,0.00045446,11.00000000
2018-02-28 20:32:30,0.00045449,26.00000000
2018-02-28 20:32:30,0.00045450,483.00000000
2018-02-28 20:32:31,0.00045429,3.00000000
2018-02-28 20:32:33,0.00045448,82.00000000
2018-02-28 20:32:33,0.00045449,55.00000000
2018-02-28 20:32:33,0.00045450,98.00000000
2018-02-28 20:32:35,0.00045450,150.00000000
2018-02-28 20:32:38,0.00045450,694.00000000
2018-02-28 20:32:39,0.00045453,3.00000000
2018-02-28 20:32:40,0.00045456,214.00000000
2018-02-28 20:32:40,0.00045454,10.00000000
2018-02-28 20:32:41,0.00045450,202.00000000
2018-02-28 20:32:41,0.00045450,4.00000000
2018-02-28 20:32:42,0.00045450,3.00000000
2018-02-28 20:32:42,0.00045557,1.00000000
2018-02-28 20:32:43,0.00045450,3.00000000
2018-02-28 20:32:45,0.00045450,280.00000000
2018-02-28 20:32:45,0.00045450,3.00000000
2018-02-28 20:32:45,0.00045450,3.00000000
2018-02-28 20:32:47,0.00045450,109.00000000
2018-02-28 20:32:50,0.00045430,10.00000000
2018-02-28 20:33:03,0.00045430,56.00000000
2018-02-28 20:33:06,0.00045430,10.00000000
2018-02-28 20:33:08,0.00045445,5.00000000
2018-02-28 20:33:09,0.00045445,46.00000000
2018-02-28 20:33:13,0.00045463,74.00000000
2018-02-28 20:33:15,0.00045463,142.00000000
2018-02-28 20:33:15,0.00045465,78.00000000
2018-02-28 20:33:15,0.00045481,14.00000000
2018-02-28 20:33:15,0.00045522,88.00000000
2018-02-28 20:33:15,0.00045537,30.00000000
2018-02-28 20:33:15,0.00045544,12.00000000
2018-02-28 20:33:21,0.00045448,19.00000000
2018-02-28 20:33:21,0.00045448,3.00000000
2018-02-28 20:33:22,0.00045448,9.00000000
2018-02-28 20:33:22,0.00045448,3.00000000
2018-02-28 20:33:23,0.00045543,8.00000000
2018-02-28 20:33:24,0.00045451,141.00000000
2018-02-28 20:33:24,0.00045451,5.00000000
2018-02-28 20:33:24,0.00045451,25.00000000
2018-02-28 20:33:25,0.00045452,14.00000000
2018-02-28 20:33:26,0.00045454,20.00000000
2018-02-28 20:33:26,0.00045454,3.00000000
2018-02-28 20:33:26,0.00045454,16.00000000
2018-02-28 20:33:26,0.00045452,74.00000000
2018-02-28 20:33:27,0.00045451,67.00000000
2018-02-28 20:33:29,0.00045531,51.00000000
2018-02-28 20:33:29,0.00045451,51.00000000
2018-02-28 20:33:29,0.00045451,21.00000000
2018-02-28 20:33:33,0.00045529,3.00000000
2018-02-28 20:33:34,0.00045469,120.00000000
2018-02-28 20:33:34,0.00045469,617.00000000
2018-02-28 20:33:36,0.00045522,32.00000000
2018-02-28 20:33:36,0.00045469,21.00000000
2018-02-28 20:33:36,0.00045469,95.00000000
2018-02-28 20:33:36,0.00045469,865.00000000
2018-02-28 20:33:36,0.00045469,10.00000000
2018-02-28 20:33:37,0.00045469,3.00000000
2018-02-28 20:33:37,0.00045469,38.00000000
2018-02-28 20:33:39,0.00045469,736.00000000
2018-02-28 20:33:39,0.00045451,217.00000000
2018-02-28 20:33:40,0.00045520,241.00000000
2018-02-28 20:33:40,0.00045520,584.00000000
2018-02-28 20:33:47,0.00045451,5.00000000
2018-02-28 20:33:48,0.00045451,478.00000000
2018-02-28 20:33:48,0.00045450,1.00000000
2018-02-28 20:33:48,0.00045519,11.00000000
2018-02-28 20:33:48,0.00045520,12.00000000
2018-02-28 20:33:48,0.00045448,12.00000000
2018-02-28 20:33:49,0.00045452,171.00000000
2018-02-28 20:33:50,0.00045486,27.00000000
2018-02-28 20:33:50,0.00045486,3.00000000
2018-02-28 20:33:51,0.00045486,21.00000000
2018-02-28 20:33:51,0.00045452,17.00000000
2018-02-28 20:33:51,0.00045452,29.00000000
2018-02-28 20:33:52,0.00045521,75.00000000
2018-02-28 20:33:52,0.00045522,26.00000000
2018-02-28 20:33:52,0.00045541,88.00000000
2018-02-28 20:33:52,0.00045543,10.00000000
2018-02-28 20:33:53,0.00045454,8.00000000
2018-02-28 20:34:06,0.00045454,21.00000000
2018-02-28 20:34:06,0.00045476,6.00000000
2018-02-28 20:34:07,0.00045476,7.00000000
2018-02-28 20:34:09,0.00045455,148.00000000
2018-02-28 20:34:10,0.00045454,14.00000000
2018-02-28 20:34:10,0.00045454,22.00000000
2018-02-28 20:34:10,0.00045452,84.00000000
2018-02-28 20:34:12,0.00045452,8.00000000
2018-02-28 20:34:13,0.00045452,133.00000000
2018-02-28 20:34:17,0.00045452,293.00000000
2018-02-28 20:34:22,0.00045452,32.00000000
2018-02-28 20:34:22,0.00045452,31.00000000
2018-02-28 20:34:22,0.00045453,30.00000000
2018-02-28 20:34:23,0.00045453,184.00000000
2018-02-28 20:34:23,0.00045500,108.00000000
2018-02-28 20:34:23,0.00045500,5.00000000
2018-02-28 20:34:24,0.00045500,211.00000000
2018-02-28 20:34:28,0.00045452,37.00000000
2018-02-28 20:34:33,0.00045454,51.00000000
2018-02-28 20:34:33,0.00045452,63.00000000
2018-02-28 20:34:37,0.00045454,102.00000000
2018-02-28 20:34:37,0.00045500,19.00000000
2018-02-28 20:34:37,0.00045542,20.00000000
2018-02-28 20:34:38,0.00045452,4.00000000
2018-02-28 20:34:43,0.00045541,11.00000000
2018-02-28 20:34:43,0.00045542,63.00000000
2018-02-28 20:34:43,0.00045542,10.00000000
2018-02-28 20:34:43,0.00045452,10.00000000
2018-02-28 20:34:49,0.00045452,142.00000000
2018-02-28 20:34:52,0.00045500,334.00000000
2018-02-28 20:34:52,0.00045500,113.00000000
2018-02-28 20:34:53,0.00045500,7.00000000
2018-02-28 20:34:54,0.00045500,3.00000000
2018-02-28 20:34:54,0.00045500,106.00000000
2018-02-28 20:34:54,0.00045531,51.00000000
2018-02-28 20:34:54,0.00045500,113.00000000
2018-02-28 20:34:54,0.00045500,590.00000000
2018-02-28 20:34:55,0.00045500,95.00000000
2018-02-28 20:34:55,0.00045500,166.00000000
2018-02-28 20:35:01,0.00045452,4.00000000
2018-02-28 20:35:01,0.00045452,7.00000000
2018-02-28 20:35:03,0.00045504,8.00000000
2018-02-28 20:35:10,0.00045504,14.00000000
2018-02-28 20:35:10,0.00045530,50.00000000
2018-02-28 20:35:10,0.00045542,33.00000000
2018-02-28 20:35:11,0.00045503,10.00000000
2018-02-28 20:35:12,0.00045503,58.00000000
2018-02-28 20:35:12,0.00045504,10.00000000
2018-02-28 20:35:14,0.00045502,11.00000000
2018-02-28 20:35:14,0.00045542,20.00000000
2018-02-28 20:35:15,0.00045498,50.00000000
2018-02-28 20:35:23,0.00045540,10.00000000
2018-02-28 20:35:31,0.00045539,67.00000000
2018-02-28 20:35:31,0.00045540,11.00000000
2018-02-28 20:35:31,0.00045540,1235.00000000
2018-02-28 20:35:31,0.00045498,1.00000000
2018-02-28 20:35:36,0.00045542,28.00000000
2018-02-28 20:35:36,0.00045543,62.00000000
2018-02-28 20:35:36,0.00045503,51.00000000
2018-02-28 20:35:43,0.00045454,133.00000000
2018-02-28 20:35:51,0.00045454,24.00000000
2018-02-28 20:35:51,0.00045453,8.00000000
2018-02-28 20:36:03,0.00045452,31.00000000
2018-02-28 20:36:06,0.00045451,39.00000000
2018-02-28 20:36:11,0.00045452,64.00000000
2018-02-28 20:36:13,0.00045452,12.00000000
2018-02-28 20:36:21,0.00045452,841.00000000
2018-02-28 20:36:29,0.00045453,45.00000000
2018-02-28 20:36:29,0.00045452,42.00000000
2018-02-28 20:36:31,0.00045452,19.00000000
2018-02-28 20:36:31,0.00045452,63.00000000
2018-02-28 20:36:38,0.00045453,13.00000000
2018-02-28 20:36:40,0.00045531,34.00000000
2018-02-28 20:36:40,0.00045531,10.00000000
2018-02-28 20:36:40,0.00045531,7.00000000
2018-02-28 20:36:40,0.00045454,44.00000000
2018-02-28 20:36:40,0.00045454,21.00000000
2018-02-28 20:36:45,0.00045454,125.00000000
2018-02-28 20:37:04,0.00045522,7.00000000
2018-02-28 20:37:14,0.00045526,60.00000000
2018-02-28 20:37:14,0.00045527,6.00000000
2018-02-28 20:37:14,0.00045528,61.00000000
2018-02-28 20:37:14,0.00045531,4.00000000
2018-02-28 20:37:14,0.00045540,269.00000000
2018-02-28 20:37:18,0.00045522,10.00000000
2018-02-28 20:37:27,0.00045540,7.00000000
2018-02-28 20:37:32,0.00045539,43.00000000
2018-02-28 20:37:32,0.00045539,3.00000000
2018-02-28 20:37:33,0.00045488,17.00000000
2018-02-28 20:37:33,0.00045456,25.00000000
2018-02-28 20:37:33,0.00045455,28.00000000
2018-02-28 20:37:38,0.00045522,24.00000000
2018-02-28 20:37:44,0.00045522,17.00000000
2018-02-28 20:37:45,0.00045455,251.00000000
2018-02-28 20:37:45,0.00045454,2459.00000000
2018-02-28 20:38:02,0.00045457,73.00000000
2018-02-28 20:38:08,0.00045497,43.00000000
2018-02-28 20:38:09,0.00045497,22.00000000
2018-02-28 20:38:17,0.00045497,200.00000000
2018-02-28 20:38:18,0.00045497,30.00000000
2018-02-28 20:38:24,0.00045536,10.00000000
2018-02-28 20:38:27,0.00045536,114.00000000
2018-02-28 20:38:27,0.00045538,86.00000000
2018-02-28 20:38:27,0.00045539,12.00000000
2018-02-28 20:38:27,0.00045540,37.00000000
2018-02-28 20:38:30,0.00045540,147.00000000
2018-02-28 20:38:42,0.00045535,8.00000000
2018-02-28 20:38:51,0.00045509,22.00000000
2018-02-28 20:38:51,0.00045534,5.00000000
2018-02-28 20:38:51,0.00045535,23.00000000
2018-02-28 20:38:53,0.00045471,5.00000000
2018-02-28 20:38:53,0.00045471,7.00000000
2018-02-28 20:38:53,0.00045534,7.00000000
2018-02-28 20:38:53,0.00045534,46.00000000
2018-02-28 20:38:53,0.00045535,24.00000000
2018-02-28 20:38:53,0.00045540,578.00000000
2018-02-28 20:38:53,0.00045540,18.00000000
2018-02-28 20:39:03,0.00045540,100.00000000
2018-02-28 20:39:03,0.00045535,81.00000000
2018-02-28 20:39:11,0.00045527,3.00000000
2018-02-28 20:39:11,0.00045527,13.00000000
2018-02-28 20:39:11,0.00045527,6.00000000
2018-02-28 20:39:12,0.00045539,48.00000000
2018-02-28 20:39:12,0.00045500,169.00000000
2018-02-28 20:39:12,0.00045471,7.00000000
2018-02-28 20:39:12,0.00045465,24.00000000
2018-02-28 20:39:20,0.00045527,40.00000000
2018-02-28 20:39:25,0.00045527,11.00000000
2018-02-28 20:39:27,0.00045488,10.00000000
2018-02-28 20:39:27,0.00045484,10.00000000
2018-02-28 20:39:27,0.00045484,15.00000000
2018-02-28 20:39:27,0.00045484,25.00000000
2018-02-28 20:39:27,0.00045539,4.00000000
2018-02-28 20:39:27,0.00045540,32.00000000
2018-02-28 20:39:27,0.00045541,304.00000000
2018-02-28 20:39:27,0.00045542,984.00000000
2018-02-28 20:39:27,0.00045569,905.00000000
2018-02-28 20:39:27,0.00045576,30.00000000
2018-02-28 20:39:28,0.00045576,30.00000000
2018-02-28 20:39:28,0.00045576,30.00000000
2018-02-28 20:39:29,0.00045599,20.00000000
2018-02-28 20:39:29,0.00045600,44.00000000
2018-02-28 20:39:30,0.00045520,151.00000000
2018-02-28 20:39:30,0.00045526,51.00000000
2018-02-28 20:39:30,0.00045601,51.00000000
2018-02-28 20:39:31,0.00045601,12.00000000
2018-02-28 20:39:32,0.00045546,11.00000000
2018-02-28 20:39:32,0.00045546,11.00000000
2018-02-28 20:39:38,0.00045600,20.00000000
2018-02-28 20:39:44,0.00045588,91.00000000
2018-02-28 20:39:44,0.00045600,25.00000000
2018-02-28 20:39:45,0.00045600,50.00000000
2018-02-28 20:39:49,0.00045611,291.00000000
2018-02-28 20:40:00,0.00045610,8.00000000
2018-02-28 20:40:01,0.00045551,11.00000000
2018-02-28 20:40:01,0.00045550,8.00000000
2018-02-28 20:40:01,0.00045547,9.00000000
2018-02-28 20:40:01,0.00045540,24.00000000
2018-02-28 20:40:01,0.00045610,42.00000000
2018-02-28 20:40:01,0.00045611,14.00000000
2018-02-28 20:40:03,0.00045611,110.00000000
2018-02-28 20:40:05,0.00045611,24.00000000
2018-02-28 20:40:06,0.00045551,85.00000000
2018-02-28 20:40:07,0.00045611,9.00000000
2018-02-28 20:40:15,0.00045610,13.00000000
2018-02-28 20:40:28,0.00045610,3.00000000
2018-02-28 20:40:30,0.00045570,38.00000000
2018-02-28 20:40:31,0.00045600,13.00000000
2018-02-28 20:40:41,0.00045570,13.00000000
2018-02-28 20:40:42,0.00045570,33.00000000
2018-02-28 20:40:43,0.00045600,172.00000000
2018-02-28 20:40:46,0.00045560,7.00000000
2018-02-28 20:40:52,0.00045608,11.00000000
2018-02-28 20:40:52,0.00045609,48.00000000
2018-02-28 20:40:52,0.00045610,33.00000000
2018-02-28 20:40:52,0.00045611,215.00000000
2018-02-28 20:40:52,0.00045611,611.00000000
2018-02-28 20:40:52,0.00045611,362.00000000
2018-02-28 20:40:52,0.00045611,157.00000000
2018-02-28 20:40:56,0.00045607,47.00000000
2018-02-28 20:40:56,0.00045645,394.00000000
2018-02-28 20:40:56,0.00045646,219.00000000
2018-02-28 20:40:56,0.00045648,122.00000000
2018-02-28 20:40:56,0.00045649,81.00000000
2018-02-28 20:40:56,0.00045650,637.00000000
2018-02-28 20:40:58,0.00045645,240.00000000
2018-02-28 20:41:02,0.00045645,11.00000000
2018-02-28 20:41:02,0.00045645,150.00000000
2018-02-28 20:41:03,0.00045644,29.00000000
2018-02-28 20:41:06,0.00045560,42.00000000
2018-02-28 20:41:06,0.00045551,1811.00000000
2018-02-28 20:41:06,0.00045547,35.00000000
2018-02-28 20:41:06,0.00045540,34.00000000
2018-02-28 20:41:06,0.00045505,87.00000000
2018-02-28 20:41:06,0.00045500,26.00000000
2018-02-28 20:41:06,0.00045500,6.00000000
2018-02-28 20:41:06,0.00045500,16.00000000
2018-02-28 20:41:07,0.00045500,38.00000000
2018-02-28 20:41:07,0.00045500,551.00000000
2018-02-28 20:41:10,0.00045499,753.00000000
2018-02-28 20:41:10,0.00045500,592.00000000
2018-02-28 20:41:11,0.00045500,27.00000000
2018-02-28 20:41:13,0.00045500,80.00000000
2018-02-28 20:41:14,0.00045500,1323.00000000
2018-02-28 20:41:15,0.00045500,758.00000000
2018-02-28 20:41:15,0.00045500,308.00000000
2018-02-28 20:41:15,0.00045500,111.00000000
2018-02-28 20:41:17,0.00045500,45.00000000
2018-02-28 20:41:18,0.00045500,100.00000000
2018-02-28 20:41:18,0.00045500,107.00000000
2018-02-28 20:41:22,0.00045484,24.00000000
2018-02-28 20:41:24,0.00045484,26.00000000
2018-02-28 20:41:24,0.00045471,5.00000000
2018-02-28 20:41:24,0.00045500,1235.00000000
2018-02-28 20:41:24,0.00045500,181.00000000
2018-02-28 20:41:25,0.00045462,27.00000000
2018-02-28 20:41:27,0.00045469,80.00000000
2018-02-28 20:41:29,0.00045499,63.00000000
2018-02-28 20:41:29,0.00045500,115.00000000
2018-02-28 20:41:54,0.00045516,10.00000000
2018-02-28 20:41:54,0.00045501,30.00000000
2018-02-28 20:41:54,0.00045500,38.00000000
2018-02-28 20:42:06,0.00045595,5.00000000
2018-02-28 20:42:14,0.00045593,15.00000000
2018-02-28 20:42:14,0.00045594,25.00000000
2018-02-28 20:42:17,0.00045594,18.00000000
2018-02-28 20:42:17,0.00045595,48.00000000
2018-02-28 20:42:22,0.00045587,21.00000000
2018-02-28 20:42:36,0.00045586,42.00000000
2018-02-28 20:42:36,0.00045587,24.00000000
2018-02-28 20:42:36,0.00045593,8.00000000
2018-02-28 20:42:36,0.00045605,16.00000000
2018-02-28 20:42:41,0.00045587,5.00000000
2018-02-28 20:42:48,0.00045587,99.00000000
2018-02-28 20:42:50,0.00045528,10.00000000
2018-02-28 20:42:50,0.00045527,11.00000000
2018-02-28 20:42:50,0.00045523,9.00000000
2018-02-28 20:42:50,0.00045510,43.00000000
2018-02-28 20:42:50,0.00045503,9.00000000
2018-02-28 20:42:50,0.00045500,466.00000000
2018-02-28 20:42:51,0.00045500,11.00000000
2018-02-28 20:42:54,0.00045506,10.00000000
2018-02-28 20:42:54,0.00045505,11.00000000
2018-02-28 20:42:54,0.00045503,22.00000000
2018-02-28 20:42:54,0.00045500,29.00000000
2018-02-28 20:42:54,0.00045500,62.00000000
2018-02-28 20:43:03,0.00045500,10.00000000
2018-02-28 20:43:03,0.00045584,10.00000000
2018-02-28 20:43:04,0.00045585,40.00000000
2018-02-28 20:43:07,0.00045585,2.00000000
2018-02-28 20:43:07,0.00045586,18.00000000
2018-02-28 20:43:07,0.00045586,23.00000000
2018-02-28 20:43:07,0.00045587,104.00000000
2018-02-28 20:43:11,0.00045584,40.00000000
2018-02-28 20:43:15,0.00045587,9.00000000
2018-02-28 20:43:16,0.00045516,11.00000000
2018-02-28 20:43:16,0.00045515,20.00000000
2018-02-28 20:43:16,0.00045514,4.00000000
2018-02-28 20:43:17,0.00045586,20.00000000
2018-02-28 20:43:21,0.00045516,20.00000000
2018-02-28 20:43:21,0.00045515,28.00000000
2018-02-28 20:43:21,0.00045498,15.00000000
2018-02-28 20:43:21,0.00045497,20.00000000
2018-02-28 20:43:21,0.00045496,51.00000000
2018-02-28 20:43:21,0.00045495,4.00000000
2018-02-28 20:43:21,0.00045493,60.00000000
2018-02-28 20:43:21,0.00045491,23.00000000
2018-02-28 20:43:21,0.00045490,279.00000000
2018-02-28 20:43:22,0.00045587,8.00000000
2018-02-28 20:43:23,0.00045586,5.00000000
2018-02-28 20:43:23,0.00045586,15.00000000
2018-02-28 20:43:23,0.00045587,60.00000000
2018-02-28 20:43:23,0.00045600,260.00000000
2018-02-28 20:43:23,0.00045604,99.00000000
2018-02-28 20:43:23,0.00045606,44.00000000
2018-02-28 20:43:23,0.00045624,45.00000000
2018-02-28 20:43:23,0.00045631,30.00000000
2018-02-28 20:43:23,0.00045638,3.00000000
2018-02-28 20:43:23,0.00045643,46.00000000
2018-02-28 20:43:23,0.00045644,69.00000000
2018-02-28 20:43:23,0.00045649,200.00000000
2018-02-28 20:43:23,0.00045650,332.00000000
2018-02-28 20:43:23,0.00045651,3766.00000000
2018-02-28 20:43:33,0.00045629,39.00000000
2018-02-28 20:43:33,0.00045630,87.00000000
2018-02-28 20:43:33,0.00045642,30.00000000
2018-02-28 20:43:33,0.00045651,50.00000000
2018-02-28 20:43:40,0.00045651,6.00000000
2018-02-28 20:43:41,0.00045651,6.00000000
2018-02-28 20:43:43,0.00045630,3.00000000
2018-02-28 20:43:54,0.00045650,38.00000000
2018-02-28 20:43:54,0.00045651,100.00000000
2018-02-28 20:43:56,0.00045548,216.00000000
2018-02-28 20:43:57,0.00045651,1042.00000000
2018-02-28 20:43:59,0.00045650,30.00000000
2018-02-28 20:43:59,0.00045651,38.00000000
2018-02-28 20:44:01,0.00045650,20.00000000
2018-02-28 20:44:01,0.00045651,589.00000000
2018-02-28 20:44:02,0.00045651,22.00000000
2018-02-28 20:44:02,0.00045652,10.00000000
2018-02-28 20:44:02,0.00045651,19.00000000
2018-02-28 20:44:02,0.00045553,25.00000000
2018-02-28 20:44:11,0.00045630,4.00000000
2018-02-28 20:44:14,0.00045649,121.00000000
2018-02-28 20:44:18,0.00045649,95.00000000
2018-02-28 20:44:27,0.00045649,184.00000000
2018-02-28 20:44:28,0.00045630,3.00000000
2018-02-28 20:44:29,0.00045649,20.00000000
2018-02-28 20:44:31,0.00045630,28.00000000
2018-02-28 20:44:34,0.00045649,200.00000000
2018-02-28 20:44:35,0.00045649,638.00000000
2018-02-28 20:44:38,0.00045649,166.00000000
2018-02-28 20:44:38,0.00045635,23.00000000
2018-02-28 20:44:40,0.00045656,2.00000000
2018-02-28 20:44:42,0.00045656,109.00000000
2018-02-28 20:44:42,0.00045656,167.00000000
2018-02-28 20:44:44,0.00045689,36.00000000
2018-02-28 20:44:44,0.00045690,28.00000000
2018-02-28 20:44:53,0.00045657,100.00000000
2018-02-28 20:44:54,0.00045689,36.00000000
2018-02-28 20:44:54,0.00045690,9.00000000
2018-02-28 20:44:54,0.00045699,27.00000000
2018-02-28 20:44:54,0.00045700,12.00000000
2018-02-28 20:44:54,0.00045701,21.00000000
2018-02-28 20:44:54,0.00045702,15.00000000
2018-02-28 20:44:54,0.00045704,19.00000000
2018-02-28 20:44:54,0.00045705,19.00000000
2018-02-28 20:44:57,0.00045746,11.00000000
2018-02-28 20:44:57,0.00045747,9.00000000
2018-02-28 20:45:00,0.00045747,15.00000000
2018-02-28 20:45:00,0.00045747,76.00000000
2018-02-28 20:45:02,0.00045746,11.00000000
2018-02-28 20:45:03,0.00045749,82.00000000
2018-02-28 20:45:03,0.00045760,23.00000000
2018-02-28 20:45:03,0.00045799,9.00000000
2018-02-28 20:45:03,0.00045800,85.00000000
2018-02-28 20:45:03,0.00045808,20.00000000
2018-02-28 20:45:03,0.00045810,30.00000000
2018-02-28 20:45:03,0.00045820,19.00000000
2018-02-28 20:45:03,0.00045821,3.00000000
2018-02-28 20:45:03,0.00045847,20.00000000
2018-02-28 20:45:03,0.00045848,154.00000000
2018-02-28 20:45:03,0.00045848,34.00000000
2018-02-28 20:45:03,0.00045849,64.00000000
2018-02-28 20:45:03,0.00045858,4.00000000
2018-02-28 20:45:03,0.00045860,8.00000000
2018-02-28 20:45:03,0.00045896,148.00000000
2018-02-28 20:45:04,0.00045749,34.00000000
2018-02-28 20:45:04,0.00045667,34.00000000
2018-02-28 20:45:05,0.00045747,6.00000000
2018-02-28 20:45:07,0.00045699,9.00000000
2018-02-28 20:45:08,0.00045702,7.00000000
2018-02-28 20:45:08,0.00045702,3.00000000
2018-02-28 20:45:08,0.00045701,15.00000000
2018-02-28 20:45:10,0.00045724,20.00000000
2018-02-28 20:45:10,0.00045726,168.00000000
2018-02-28 20:45:10,0.00045705,218.00000000
2018-02-28 20:45:10,0.00045893,20.00000000
2018-02-28 20:45:10,0.00045894,11.00000000
2018-02-28 20:45:10,0.00045897,937.00000000
2018-02-28 20:45:10,0.00045897,143.00000000
2018-02-28 20:45:10,0.00045897,147.00000000
2018-02-28 20:45:10,0.00045897,32.00000000
2018-02-28 20:45:10,0.00045897,201.00000000
2018-02-28 20:45:10,0.00045897,1261.00000000
2018-02-28 20:45:12,0.00045889,9.00000000
2018-02-28 20:45:14,0.00045886,208.00000000
2018-02-28 20:45:14,0.00045888,60.00000000
2018-02-28 20:45:15,0.00045888,18.00000000
2018-02-28 20:45:15,0.00045888,140.00000000
2018-02-28 20:45:15,0.00045894,35.00000000
2018-02-28 20:45:15,0.00045897,25.00000000
2018-02-28 20:45:15,0.00045889,510.00000000
2018-02-28 20:45:15,0.00045889,441.00000000
2018-02-28 20:45:15,0.00045889,295.00000000
2018-02-28 20:45:15,0.00045889,166.00000000
2018-02-28 20:45:15,0.00045889,7.00000000
2018-02-28 20:45:16,0.00045890,10.00000000
2018-02-28 20:45:16,0.00045889,952.00000000
2018-02-28 20:45:17,0.00045889,71.00000000
2018-02-28 20:45:18,0.00045889,134.00000000
2018-02-28 20:45:19,0.00045889,11.00000000
2018-02-28 20:45:19,0.00045889,13.00000000
2018-02-28 20:45:19,0.00045889,521.00000000
2018-02-28 20:45:19,0.00045889,850.00000000
2018-02-28 20:45:22,0.00045779,18.00000000
2018-02-28 20:45:23,0.00045782,3.00000000
2018-02-28 20:45:26,0.00045889,8.00000000
2018-02-28 20:45:28,0.00045889,677.00000000
2018-02-28 20:45:33,0.00045785,5.00000000
2018-02-28 20:45:38,0.00045785,27.00000000
2018-02-28 20:45:42,0.00045788,4.00000000
2018-02-28 20:45:43,0.00045788,16.00000000
2018-02-28 20:45:44,0.00045788,4.00000000
2018-02-28 20:45:52,0.00045788,685.00000000
2018-02-28 20:45:53,0.00045874,24.00000000
2018-02-28 20:45:57,0.00045786,34.00000000
2018-02-28 20:45:57,0.00045786,15.00000000
2018-02-28 20:45:59,0.00045786,15.00000000
2018-02-28 20:46:01,0.00045786,261.00000000
2018-02-28 20:46:09,0.00045787,11.00000000
2018-02-28 20:46:09,0.00045786,37.00000000
2018-02-28 20:46:09,0.00045786,59.00000000
2018-02-28 20:46:10,0.00045785,3.00000000
2018-02-28 20:46:10,0.00045784,11.00000000
2018-02-28 20:46:10,0.00045784,22.00000000
2018-02-28 20:46:11,0.00045784,27.00000000
2018-02-28 20:46:13,0.00045784,51.00000000
2018-02-28 20:46:14,0.00045784,76.00000000
2018-02-28 20:46:14,0.00045784,14.00000000
2018-02-28 20:46:14,0.00045784,148.00000000
2018-02-28 20:46:16,0.00045784,61.00000000
2018-02-28 20:46:18,0.00045784,218.00000000
2018-02-28 20:46:18,0.00045786,284.00000000
2018-02-28 20:46:24,0.00045711,10.00000000
2018-02-28 20:46:24,0.00045704,30.00000000
2018-02-28 20:46:24,0.00045703,148.00000000
2018-02-28 20:46:24,0.00045702,11.00000000
2018-02-28 20:46:24,0.00045700,19.00000000
2018-02-28 20:46:24,0.00045699,29.00000000
2018-02-28 20:46:25,0.00045707,10.00000000
2018-02-28 20:46:25,0.00045699,16.00000000
2018-02-28 20:46:25,0.00045673,30.00000000
2018-02-28 20:46:25,0.00045672,161.00000000
2018-02-28 20:46:30,0.00045699,15.00000000
2018-02-28 20:46:30,0.00045688,9.00000000
2018-02-28 20:46:30,0.00045671,30.00000000
2018-02-28 20:46:30,0.00045671,30.00000000
2018-02-28 20:46:30,0.00045671,21.00000000
2018-02-28 20:46:30,0.00045671,27.00000000
2018-02-28 20:46:30,0.00045786,7.00000000
2018-02-28 20:46:32,0.00045699,15.00000000
2018-02-28 20:46:32,0.00045787,11.00000000
2018-02-28 20:46:32,0.00045800,32.00000000
2018-02-28 20:46:34,0.00045800,30.00000000
2018-02-28 20:46:35,0.00045800,56.00000000
2018-02-28 20:46:35,0.00045688,13.00000000
2018-02-28 20:46:37,0.00045696,215.00000000
2018-02-28 20:46:40,0.00045696,65.00000000
2018-02-28 20:46:41,0.00045694,3.00000000
2018-02-28 20:46:41,0.00045694,22.00000000
2018-02-28 20:46:41,0.00045694,180.00000000
2018-02-28 20:46:41,0.00045694,10.00000000
2018-02-28 20:46:41,0.00045696,24.00000000
2018-02-28 20:46:42,0.00045696,13.00000000
2018-02-28 20:46:42,0.00045737,35.00000000
2018-02-28 20:46:44,0.00045697,30.00000000
2018-02-28 20:46:47,0.00045737,22.00000000
2018-02-28 20:46:48,0.00045786,15.00000000
2018-02-28 20:46:48,0.00045786,4.00000000
2018-02-28 20:46:48,0.00045700,218.00000000
2018-02-28 20:46:48,0.00045698,102.00000000
2018-02-28 20:46:48,0.00045697,30.00000000
2018-02-28 20:46:48,0.00045696,52.00000000
2018-02-28 20:46:55,0.00045731,21.00000000
2018-02-28 20:46:59,0.00045728,183.00000000
2018-02-28 20:46:59,0.00045728,14.00000000
2018-02-28 20:46:59,0.00045730,102.00000000
2018-02-28 20:46:59,0.00045736,31.00000000
2018-02-28 20:46:59,0.00045794,125.00000000
2018-02-28 20:46:59,0.00045795,27.00000000
2018-02-28 20:46:59,0.00045795,11.00000000
2018-02-28 20:47:02,0.00045737,4.00000000
2018-02-28 20:47:04,0.00045737,11.00000000
2018-02-28 20:47:07,0.00045737,15.00000000
2018-02-28 20:47:07,0.00045737,27.00000000
2018-02-28 20:47:12,0.00045737,16.00000000
2018-02-28 20:47:12,0.00045737,30.00000000
2018-02-28 20:47:12,0.00045780,7.00000000
2018-02-28 20:47:12,0.00045780,7.00000000
2018-02-28 20:47:15,0.00045737,7.00000000
2018-02-28 20:47:18,0.00045738,5.00000000
2018-02-28 20:47:23,0.00045738,18.00000000
2018-02-28 20:47:31,0.00045738,7.00000000
2018-02-28 20:47:31,0.00045738,6.00000000
2018-02-28 20:47:41,0.00045738,19.00000000
2018-02-28 20:47:42,0.00045738,300.00000000
2018-02-28 20:47:50,0.00045738,150.00000000
2018-02-28 20:47:52,0.00045738,39.00000000
2018-02-28 20:47:53,0.00045738,277.00000000
2018-02-28 20:47:55,0.00045738,421.00000000
2018-02-28 20:48:01,0.00045737,4.00000000
2018-02-28 20:48:02,0.00045737,10.00000000
2018-02-28 20:48:04,0.00045737,228.00000000
2018-02-28 20:48:05,0.00045737,78.00000000
2018-02-28 20:48:06,0.00045737,54.00000000
2018-02-28 20:48:09,0.00045699,9.00000000
2018-02-28 20:48:09,0.00045697,539.00000000
2018-02-28 20:48:11,0.00045736,14.00000000
2018-02-28 20:48:11,0.00045737,186.00000000
2018-02-28 20:48:15,0.00045670,5.00000000
2018-02-28 20:48:15,0.00045656,30.00000000
2018-02-28 20:48:15,0.00045600,56.00000000
2018-02-28 20:48:15,0.00045583,57.00000000
2018-02-28 20:48:15,0.00045582,132.00000000
2018-02-28 20:48:15,0.00045577,262.00000000
2018-02-28 20:48:15,0.00045737,18.00000000
2018-02-28 20:48:15,0.00045758,59.00000000
2018-02-28 20:48:15,0.00045759,97.00000000
2018-02-28 20:48:15,0.00045778,30.00000000
2018-02-28 20:48:15,0.00045788,101.00000000
2018-02-28 20:48:15,0.00045795,455.00000000
2018-02-28 20:48:16,0.00045580,42.00000000
2018-02-28 20:48:17,0.00045584,61.00000000
2018-02-28 20:48:19,0.00045791,10.00000000
2018-02-28 20:48:19,0.00045792,14.00000000
2018-02-28 20:48:19,0.00045793,30.00000000
2018-02-28 20:48:19,0.00045794,145.00000000
2018-02-28 20:48:20,0.00045745,15.00000000
2018-02-28 20:48:20,0.00045788,12.00000000
2018-02-28 20:48:22,0.00045788,54.00000000
2018-02-28 20:48:25,0.00045788,25.00000000
2018-02-28 20:48:26,0.00045680,20.00000000
2018-02-28 20:48:26,0.00045679,177.00000000
2018-02-28 20:48:26,0.00045647,30.00000000
2018-02-28 20:48:26,0.00045625,102.00000000
2018-02-28 20:48:26,0.00045588,11.00000000
2018-02-28 20:48:26,0.00045563,9.00000000
2018-02-28 20:48:31,0.00045661,11.00000000
2018-02-28 20:48:31,0.00045650,128.00000000
2018-02-28 20:48:35,0.00045749,32.00000000
2018-02-28 20:48:43,0.00045692,10.00000000
2018-02-28 20:48:44,0.00045690,32.00000000
2018-02-28 20:48:44,0.00045689,11.00000000
2018-02-28 20:48:44,0.00045690,205.00000000
2018-02-28 20:48:44,0.00045690,11.00000000
2018-02-28 20:48:46,0.00045660,286.00000000
2018-02-28 20:48:50,0.00045728,102.00000000
2018-02-28 20:48:50,0.00045728,13.00000000
2018-02-28 20:48:55,0.00045727,14.00000000
2018-02-28 20:49:00,0.00045727,11.00000000
2018-02-28 20:49:00,0.00045690,40.00000000
2018-02-28 20:49:00,0.00045680,53.00000000
2018-02-28 20:49:00,0.00045670,17.00000000
2018-02-28 20:49:06,0.00045694,216.00000000
2018-02-28 20:49:13,0.00045736,40.00000000
2018-02-28 20:49:13,0.00045670,23.00000000
2018-02-28 20:49:15,0.00045730,16.00000000
2018-02-28 20:49:18,0.00045651,10.00000000
2018-02-28 20:49:19,0.00045692,25.00000000
2018-02-28 20:49:19,0.00045692,22.00000000
2018-02-28 20:49:23,0.00045651,210.00000000
2018-02-28 20:49:24,0.00045692,22.00000000
2018-02-28 20:49:25,0.00045692,91.00000000
2018-02-28 20:49:25,0.00045694,7.00000000
2018-02-28 20:49:25,0.00045694,993.00000000
2018-02-28 20:49:25,0.00045720,33.00000000
2018-02-28 20:49:25,0.00045730,62.00000000
2018-02-28 20:49:27,0.00045738,7.00000000
2018-02-28 20:49:29,0.00045738,521.00000000
2018-02-28 20:49:30,0.00045738,26.00000000
2018-02-28 20:49:50,0.00045775,50.00000000
2018-02-28 20:49:50,0.00045781,14.00000000
2018-02-28 20:49:50,0.00045784,78.00000000
2018-02-28 20:49:50,0.00045775,126.00000000
2018-02-28 20:49:50,0.00045775,9.00000000
2018-02-28 20:49:55,0.00045774,25.00000000
2018-02-28 20:49:55,0.00045784,10.00000000
2018-02-28 20:50:14,0.00045771,5.00000000
2018-02-28 20:50:18,0.00045750,33.00000000
2018-02-28 20:50:22,0.00045771,21.00000000
2018-02-28 20:50:26,0.00045770,18.00000000
2018-02-28 20:50:26,0.00045771,37.00000000
2018-02-28 20:50:26,0.00045772,26.00000000
2018-02-28 20:50:27,0.00045771,7.00000000
2018-02-28 20:50:27,0.00045771,45.00000000
2018-02-28 20:50:35,0.00045751,6.00000000
2018-02-28 20:50:35,0.00045769,24.00000000
2018-02-28 20:50:35,0.00045771,20.00000000
2018-02-28 20:50:35,0.00045771,7.00000000
2018-02-28 20:50:35,0.00045771,26.00000000
2018-02-28 20:50:43,0.00045772,1.00000000
2018-02-28 20:50:50,0.00045771,11.00000000
2018-02-28 20:50:54,0.00045770,75.00000000
2018-02-28 20:50:55,0.00045771,47.00000000
2018-02-28 20:51:05,0.00045771,33.00000000
2018-02-28 20:51:11,0.00045771,23.00000000
2018-02-28 20:51:15,0.00045772,32.00000000
2018-02-28 20:51:16,0.00045771,3.00000000
2018-02-28 20:51:19,0.00045772,5.00000000
2018-02-28 20:51:20,0.00045771,10.00000000
2018-02-28 20:51:21,0.00045771,4.00000000
2018-02-28 20:51:23,0.00045770,32.00000000
2018-02-28 20:51:23,0.00045760,71.00000000
2018-02-28 20:51:25,0.00045760,29.00000000
2018-02-28 20:51:27,0.00045771,7.00000000
2018-02-28 20:51:27,0.00045760,69.00000000
2018-02-28 20:51:28,0.00045760,208.00000000
2018-02-28 20:51:28,0.00045771,5.00000000
2018-02-28 20:51:28,0.00045760,241.00000000
2018-02-28 20:51:29,0.00045751,164.00000000
2018-02-28 20:51:36,0.00045751,13.00000000
2018-02-28 20:51:36,0.00045751,3.00000000
2018-02-28 20:51:36,0.00045751,3.00000000
2018-02-28 20:51:37,0.00045751,3.00000000
2018-02-28 20:51:38,0.00045751,95.00000000
2018-02-28 20:51:38,0.00045751,3.00000000
2018-02-28 20:51:39,0.00045771,44.00000000
2018-02-28 20:51:39,0.00045772,88.00000000
2018-02-28 20:51:39,0.00045772,65.00000000
2018-02-28 20:51:43,0.00045775,2.00000000
2018-02-28 20:51:44,0.00045772,23.00000000
2018-02-28 20:51:44,0.00045772,65.00000000
2018-02-28 20:51:44,0.00045772,99.00000000
2018-02-28 20:51:45,0.00045772,34.00000000
2018-02-28 20:51:45,0.00045752,7.00000000
2018-02-28 20:51:46,0.00045752,280.00000000
2018-02-28 20:51:48,0.00045772,146.00000000
2018-02-28 20:51:49,0.00045772,165.00000000
2018-02-28 20:51:50,0.00045772,8.00000000
2018-02-28 20:51:50,0.00045772,52.00000000
2018-02-28 20:51:55,0.00045772,980.00000000
2018-02-28 20:51:55,0.00045752,280.00000000
2018-02-28 20:51:55,0.00045751,19.00000000
2018-02-28 20:51:55,0.00045738,391.00000000
2018-02-28 20:51:55,0.00045727,19.00000000
2018-02-28 20:51:55,0.00045650,1768.00000000
2018-02-28 20:51:55,0.00045613,30.00000000
2018-02-28 20:51:55,0.00045611,19.00000000
2018-02-28 20:51:55,0.00045600,3.00000000
2018-02-28 20:51:55,0.00045563,18.00000000
2018-02-28 20:51:55,0.00045562,884.00000000
2018-02-28 20:51:55,0.00045549,233.00000000
2018-02-28 20:51:55,0.00045541,263.00000000
2018-02-28 20:51:55,0.00045533,33.00000000
2018-02-28 20:51:55,0.00045532,859.00000000
2018-02-28 20:51:55,0.00045531,125.00000000
2018-02-28 20:51:55,0.00045500,1317.00000000
2018-02-28 20:51:55,0.00045499,278.00000000
2018-02-28 20:51:55,0.00045498,1000.00000000
2018-02-28 20:51:55,0.00045493,87.00000000
2018-02-28 20:51:55,0.00045490,385.00000000
2018-02-28 20:51:55,0.00045471,26.00000000
2018-02-28 20:51:55,0.00045457,77.00000000
2018-02-28 20:51:55,0.00045454,194.00000000
2018-02-28 20:51:55,0.00045452,14.00000000
2018-02-28 20:51:55,0.00045447,4.00000000
2018-02-28 20:51:55,0.00045436,3.00000000
2018-02-28 20:51:55,0.00045433,220.00000000
2018-02-28 20:51:55,0.00045429,15.00000000
2018-02-28 20:51:55,0.00045420,50.00000000
2018-02-28 20:51:55,0.00045400,10.00000000
2018-02-28 20:51:55,0.00045389,212.00000000
2018-02-28 20:51:55,0.00045381,22.00000000
2018-02-28 20:51:55,0.00045352,220.00000000
2018-02-28 20:51:55,0.00045344,3.00000000
2018-02-28 20:51:55,0.00045343,6.00000000
2018-02-28 20:51:55,0.00045326,219.00000000
2018-02-28 20:51:55,0.00045315,29.00000000
2018-02-28 20:51:55,0.00045313,10.00000000
2018-02-28 20:51:55,0.00045311,215.00000000
2018-02-28 20:51:55,0.00045310,740.00000000
2018-02-28 20:51:55,0.00045300,38720.00000000
2018-02-28 20:51:55,0.00045500,33.00000000
2018-02-28 20:51:55,0.00045480,20.00000000
2018-02-28 20:51:55,0.00045480,24.00000000
2018-02-28 20:51:55,0.00045480,214.00000000
2018-02-28 20:51:55,0.00045700,88.00000000
2018-02-28 20:51:55,0.00045774,22.00000000
2018-02-28 20:51:55,0.00045775,148.00000000
2018-02-28 20:51:57,0.00045483,11.00000000
2018-02-28 20:51:57,0.00045484,8.00000000
2018-02-28 20:51:58,0.00045526,6.00000000
2018-02-28 20:52:05,0.00045572,11.00000000
2018-02-28 20:52:05,0.00045574,8.00000000
2018-02-28 20:52:05,0.00045577,172.00000000
2018-02-28 20:52:09,0.00045574,88.00000000
2018-02-28 20:52:11,0.00045527,15.00000000
2018-02-28 20:52:11,0.00045526,52.00000000
2018-02-28 20:52:11,0.00045500,9.00000000
2018-02-28 20:52:11,0.00045487,11.00000000
2018-02-28 20:52:11,0.00045480,360.00000000
2018-02-28 20:52:11,0.00045394,52.00000000
2018-02-28 20:52:15,0.00045550,25.00000000
2018-02-28 20:52:18,0.00045526,3.00000000
2018-02-28 20:52:19,0.00045503,20.00000000
2018-02-28 20:52:20,0.00045501,30.00000000
2018-02-28 20:52:21,0.00045501,8.00000000
2018-02-28 20:52:21,0.00045501,13.00000000
2018-02-28 20:52:21,0.00045439,10.00000000
2018-02-28 20:52:21,0.00045419,11.00000000
2018-02-28 20:52:21,0.00045403,11.00000000
2018-02-28 20:52:21,0.00045384,26.00000000
2018-02-28 20:52:21,0.00045373,19.00000000
2018-02-28 20:52:21,0.00045373,21.00000000
2018-02-28 20:52:21,0.00045373,24.00000000
2018-02-28 20:52:21,0.00045501,9.00000000
2018-02-28 20:52:21,0.00045502,31.00000000
2018-02-28 20:52:23,0.00045430,15.00000000
2018-02-28 20:52:23,0.00045430,268.00000000
2018-02-28 20:52:23,0.00045500,71.00000000
2018-02-28 20:52:23,0.00045500,3.00000000
2018-02-28 20:52:24,0.00045500,13.00000000
2018-02-28 20:52:25,0.00045429,3.00000000
2018-02-28 20:52:25,0.00045429,212.00000000
2018-02-28 20:52:29,0.00045495,26.00000000
2018-02-28 20:52:31,0.00045392,5.00000000
2018-02-28 20:52:31,0.00045494,80.00000000
2018-02-28 20:52:31,0.00045495,119.00000000
2018-02-28 20:52:31,0.00045495,4.00000000
2018-02-28 20:52:32,0.00045496,56.00000000
2018-02-28 20:52:32,0.00045497,10.00000000
2018-02-28 20:52:36,0.00045495,20.00000000
2018-02-28 20:52:49,0.00045501,110.00000000
2018-02-28 20:52:49,0.00045565,48.00000000
2018-02-28 20:52:49,0.00045575,22.00000000
2018-02-28 20:52:49,0.00045581,132.00000000
2018-02-28 20:52:49,0.00045587,30.00000000
2018-02-28 20:52:49,0.00045629,219.00000000
2018-02-28 20:52:49,0.00045635,20.00000000
2018-02-28 20:52:49,0.00045648,26.00000000
2018-02-28 20:52:49,0.00045699,21.00000000
2018-02-28 20:52:49,0.00045700,125.00000000
2018-02-28 20:52:50,0.00045587,21.00000000
2018-02-28 20:52:50,0.00045498,355.00000000
2018-02-28 20:52:51,0.00045503,21.00000000
2018-02-28 20:52:55,0.00045546,21.00000000
2018-02-28 20:52:57,0.00045556,7.00000000
2018-02-28 20:52:58,0.00045556,9.00000000
2018-02-28 20:52:58,0.00045559,118.00000000
2018-02-28 20:52:59,0.00045691,30.00000000
2018-02-28 20:52:59,0.00045692,3.00000000
2018-02-28 20:52:59,0.00045562,63.00000000
2018-02-28 20:52:59,0.00045560,20.00000000
2018-02-28 20:52:59,0.00045559,10.00000000
2018-02-28 20:52:59,0.00045558,7.00000000
2018-02-28 20:53:00,0.00045559,57.00000000
2018-02-28 20:53:00,0.00045558,80.00000000
2018-02-28 20:53:01,0.00045680,68.00000000
2018-02-28 20:53:13,0.00045520,153.00000000
2018-02-28 20:53:14,0.00045502,10.00000000
2018-02-28 20:53:15,0.00045505,23.00000000
2018-02-28 20:53:15,0.00045507,355.00000000
2018-02-28 20:53:15,0.00045510,110.00000000
2018-02-28 20:53:22,0.00045503,11.00000000
2018-02-28 20:53:22,0.00045502,15.00000000
2018-02-28 20:53:22,0.00045495,70.00000000
2018-02-28 20:53:23,0.00045495,15.00000000
2018-02-28 20:53:23,0.00045495,4.00000000
2018-02-28 20:53:23,0.00045494,13.00000000
2018-02-28 20:53:25,0.00045494,11.00000000
2018-02-28 20:53:26,0.00045508,8.00000000
2018-02-28 20:53:30,0.00045545,30.00000000
2018-02-28 20:53:30,0.00045495,15.00000000
2018-02-28 20:53:31,0.00045493,5.00000000
2018-02-28 20:53:31,0.00045545,5.00000000
2018-02-28 20:53:33,0.00045508,49.00000000
2018-02-28 20:53:33,0.00045508,9.00000000
2018-02-28 20:53:33,0.00045545,25.00000000
2018-02-28 20:53:36,0.00045545,26.00000000
2018-02-28 20:53:38,0.00045546,8.00000000
2018-02-28 20:53:41,0.00045546,276.00000000
2018-02-28 20:53:41,0.00045546,78.00000000
2018-02-28 20:53:41,0.00045545,143.00000000
2018-02-28 20:53:45,0.00045545,11.00000000
2018-02-28 20:53:46,0.00045544,28.00000000
2018-02-28 20:53:46,0.00045545,8.00000000
2018-02-28 20:53:49,0.00045545,50.00000000
2018-02-28 20:53:49,0.00045545,745.00000000
2018-02-28 20:53:50,0.00045545,84.00000000
2018-02-28 20:53:50,0.00045545,28.00000000
2018-02-28 20:53:50,0.00045545,11.00000000
2018-02-28 20:53:51,0.00045505,17.00000000
2018-02-28 20:53:51,0.00045501,11.00000000
2018-02-28 20:53:51,0.00045500,58.00000000
2018-02-28 20:53:51,0.00045485,5.00000000
2018-02-28 20:53:51,0.00045484,34.00000000
2018-02-28 20:53:51,0.00045432,49.00000000
2018-02-28 20:53:51,0.00045432,106.00000000
2018-02-28 20:53:51,0.00045432,21.00000000
2018-02-28 20:53:51,0.00045432,71.00000000
2018-02-28 20:53:52,0.00045432,15.00000000
2018-02-28 20:53:52,0.00045432,51.00000000
2018-02-28 20:53:52,0.00045432,15.00000000
2018-02-28 20:53:53,0.00045432,411.00000000
2018-02-28 20:53:53,0.00045432,10.00000000
2018-02-28 20:53:53,0.00045432,7.00000000
2018-02-28 20:53:53,0.00045432,22.00000000
2018-02-28 20:53:53,0.00045432,60.00000000
2018-02-28 20:53:54,0.00045432,5.00000000
2018-02-28 20:53:54,0.00045432,12.00000000
2018-02-28 20:53:56,0.00045432,7.00000000
2018-02-28 20:53:56,0.00045432,22.00000000
2018-02-28 20:53:56,0.00045432,11.00000000
2018-02-28 20:53:57,0.00045432,94.00000000
2018-02-28 20:53:59,0.00045432,736.00000000
2018-02-28 20:54:00,0.00045432,29.00000000
2018-02-28 20:54:00,0.00045431,6.00000000
2018-02-28 20:54:00,0.00045432,18.00000000
2018-02-28 20:54:01,0.00045430,10.00000000
2018-02-28 20:54:01,0.00045411,132.00000000
2018-02-28 20:54:01,0.00045373,19.00000000
2018-02-28 20:54:01,0.00045360,25.00000000
2018-02-28 20:54:01,0.00045358,16.00000000
2018-02-28 20:54:01,0.00045327,303.00000000
2018-02-28 20:54:01,0.00045327,11.00000000
2018-02-28 20:54:01,0.00045400,4.00000000
2018-02-28 20:54:01,0.00045400,4.00000000
2018-02-28 20:54:01,0.00045400,80.00000000
2018-02-28 20:54:01,0.00045432,72.00000000
2018-02-28 20:54:02,0.00045328,216.00000000
2018-02-28 20:54:02,0.00045326,184.00000000
2018-02-28 20:54:04,0.00045424,68.00000000
2018-02-28 20:54:04,0.00045339,11.00000000
2018-02-28 20:54:04,0.00045338,11.00000000
2018-02-28 20:54:04,0.00045326,35.00000000
2018-02-28 20:54:04,0.00045320,8.00000000
2018-02-28 20:54:04,0.00045315,19.00000000
2018-02-28 20:54:04,0.00045301,87.00000000
2018-02-28 20:54:04,0.00045300,819.00000000
2018-02-28 20:54:04,0.00045424,5.00000000
2018-02-28 20:54:07,0.00045424,70.00000000
2018-02-28 20:54:08,0.00045424,7.00000000
2018-02-28 20:54:10,0.00045424,66.00000000
2018-02-28 20:54:12,0.00045423,18.00000000
2018-02-28 20:54:13,0.00045309,218.00000000
2018-02-28 20:54:13,0.00045307,30.00000000
2018-02-28 20:54:13,0.00045304,11.00000000
2018-02-28 20:54:13,0.00045300,931.00000000
2018-02-28 20:54:14,0.00045306,22.00000000
2018-02-28 20:54:14,0.00045306,38.00000000
2018-02-28 20:54:14,0.00045306,103.00000000
2018-02-28 20:54:14,0.00045306,22.00000000
2018-02-28 20:54:14,0.00045306,22.00000000
2018-02-28 20:54:14,0.00045301,22.00000000
2018-02-28 20:54:14,0.00045304,218.00000000
2018-02-28 20:54:14,0.00045306,11.00000000
2018-02-28 20:54:15,0.00045419,87.00000000
2018-02-28 20:54:15,0.00045423,1.00000000
2018-02-28 20:54:15,0.00045424,30.00000000
2018-02-28 20:54:15,0.00045432,90.00000000
2018-02-28 20:54:15,0.00045426,25.00000000
2018-02-28 20:54:15,0.00045432,124.00000000
2018-02-28 20:54:16,0.00045432,106.00000000
2018-02-28 20:54:16,0.00045432,25.00000000
2018-02-28 20:54:21,0.00045357,88.00000000
2018-02-28 20:54:21,0.00045356,30.00000000
2018-02-28 20:54:21,0.00045330,102.00000000
2018-02-28 20:54:26,0.00045370,220.00000000
2018-02-28 20:54:26,0.00045368,30.00000000
2018-02-28 20:54:26,0.00045364,30.00000000
2018-02-28 20:54:26,0.00045364,30.00000000
2018-02-28 20:54:26,0.00045364,30.00000000
2018-02-28 20:54:26,0.00045364,2.00000000
2018-02-28 20:54:27,0.00045323,25.00000000
2018-02-28 20:54:33,0.00045455,28.00000000
2018-02-28 20:54:34,0.00045451,30.00000000
2018-02-28 20:54:35,0.00045446,23.00000000
2018-02-28 20:54:42,0.00045432,131.00000000
2018-02-28 20:54:42,0.00045432,20.00000000
2018-02-28 20:54:43,0.00045437,44.00000000
2018-02-28 20:54:52,0.00045422,3.00000000
2018-02-28 20:54:55,0.00045339,15.00000000
2018-02-28 20:54:55,0.00045338,9.00000000
2018-02-28 20:54:55,0.00045330,42.00000000
2018-02-28 20:54:59,0.00045419,3.00000000
2018-02-28 20:55:00,0.00045419,65.00000000
2018-02-28 20:55:01,0.00045419,84.00000000
2018-02-28 20:55:01,0.00045338,46.00000000
2018-02-28 20:55:02,0.00045419,46.00000000
2018-02-28 20:55:05,0.00045416,11.00000000
2018-02-28 20:55:07,0.00045416,4.00000000
2018-02-28 20:55:09,0.00045388,55.00000000
2018-02-28 20:55:15,0.00045413,11.00000000
2018-02-28 20:55:16,0.00045330,348.00000000
2018-02-28 20:55:16,0.00045305,25.00000000
2018-02-28 20:55:16,0.00045304,86.00000000
2018-02-28 20:55:16,0.00045303,1000.00000000
2018-02-28 20:55:16,0.00045303,629.00000000
2018-02-28 20:55:17,0.00045414,12.00000000
2018-02-28 20:55:18,0.00045414,5.00000000
2018-02-28 20:55:35,0.00045330,11.00000000
2018-02-28 20:55:35,0.00045305,14.00000000
2018-02-28 20:55:35,0.00045304,12.00000000
2018-02-28 20:55:35,0.00045302,18.00000000
2018-02-28 20:55:35,0.00045301,160.00000000
2018-02-28 20:55:35,0.00045300,219.00000000
2018-02-28 20:55:41,0.00045317,220.00000000
2018-02-28 20:55:41,0.00045315,11.00000000
2018-02-28 20:55:41,0.00045312,11.00000000
2018-02-28 20:55:41,0.00045300,5578.00000000
2018-02-28 20:55:41,0.00045300,3488.00000000
2018-02-28 20:55:56,0.00045310,11.00000000
2018-02-28 20:55:56,0.00045309,3.00000000
2018-02-28 20:55:56,0.00045300,129.00000000
2018-02-28 20:55:56,0.00045299,30.00000000
2018-02-28 20:55:56,0.00045290,108.00000000
2018-02-28 20:55:56,0.00045284,27.00000000
2018-02-28 20:55:56,0.00045263,110.00000000
2018-02-28 20:55:56,0.00045225,16.00000000
2018-02-28 20:55:56,0.00045219,55.00000000
2018-02-28 20:56:03,0.00045300,23.00000000
2018-02-28 20:56:04,0.00045298,4.00000000
2018-02-28 20:56:04,0.00045298,9.00000000
2018-02-28 20:56:04,0.00045224,20.00000000
2018-02-28 20:56:04,0.00045220,11.00000000
2018-02-28 20:56:04,0.00045200,68.00000000
2018-02-28 20:56:04,0.00045190,320.00000000
2018-02-28 20:56:04,0.00045179,20.00000000
2018-02-28 20:56:04,0.00045179,428.00000000
2018-02-28 20:56:11,0.00045279,2.00000000
2018-02-28 20:56:14,0.00045255,205.00000000
2018-02-28 20:56:15,0.00045257,20.00000000
2018-02-28 20:56:15,0.00045272,70.00000000
2018-02-28 20:56:16,0.00045182,220.00000000
2018-02-28 20:56:16,0.00045180,11.00000000
2018-02-28 20:56:16,0.00045179,46.00000000
2018-02-28 20:56:16,0.00045178,15.00000000
2018-02-28 20:56:16,0.00045160,221.00000000
2018-02-28 20:56:16,0.00045149,487.00000000
2018-02-28 20:56:17,0.00045267,220.00000000
2018-02-28 20:56:17,0.00045269,30.00000000
2018-02-28 20:56:17,0.00045272,14.00000000
2018-02-28 20:56:17,0.00045279,314.00000000
2018-02-28 20:56:17,0.00045282,52.00000000
2018-02-28 20:56:17,0.00045297,17.00000000
2018-02-28 20:56:17,0.00045331,53.00000000
2018-02-28 20:56:20,0.00045195,217.00000000
2018-02-28 20:56:20,0.00045193,11.00000000
2018-02-28 20:56:26,0.00045328,217.00000000
2018-02-28 20:56:26,0.00045330,30.00000000
2018-02-28 20:56:26,0.00045333,11.00000000
2018-02-28 20:56:26,0.00045350,2693.00000000
2018-02-28 20:56:26,0.00045357,19.00000000
2018-02-28 20:56:26,0.00045371,79.00000000
2018-02-28 20:56:26,0.00045374,2000.00000000
2018-02-28 20:56:26,0.00045374,30.00000000
2018-02-28 20:56:26,0.00045374,30.00000000
2018-02-28 20:56:26,0.00045374,3.00000000
2018-02-28 20:56:26,0.00045374,22.00000000
2018-02-28 20:56:26,0.00045374,27.00000000
2018-02-28 20:56:28,0.00045374,11.00000000
2018-02-28 20:56:28,0.00045374,14.00000000
2018-02-28 20:56:28,0.00045374,18.00000000
2018-02-28 20:56:28,0.00045374,53.00000000
2018-02-28 20:56:30,0.00045394,3.00000000
2018-02-28 20:56:30,0.00045374,16.00000000
2018-02-28 20:56:32,0.00045374,171.00000000
2018-02-28 20:56:38,0.00045374,172.00000000
2018-02-28 20:56:40,0.00045393,65.00000000
2018-02-28 20:56:42,0.00045374,20.00000000
2018-02-28 20:56:43,0.00045374,10.00000000
2018-02-28 20:56:44,0.00045276,27.00000000
2018-02-28 20:56:48,0.00045280,192.00000000
2018-02-28 20:56:48,0.00045279,4.00000000
2018-02-28 20:56:48,0.00045278,114.00000000
2018-02-28 20:56:50,0.00045282,88.00000000
2018-02-28 20:56:50,0.00045281,12.00000000
2018-02-28 20:56:53,0.00045282,133.00000000
2018-02-28 20:56:56,0.00045283,11.00000000
2018-02-28 20:56:57,0.00045281,22.00000000
2018-02-28 20:56:57,0.00045281,22.00000000
2018-02-28 20:56:57,0.00045281,22.00000000
2018-02-28 20:56:57,0.00045281,117.00000000
2018-02-28 20:56:58,0.00045279,19.00000000
2018-02-28 20:56:58,0.00045279,73.00000000
2018-02-28 20:57:01,0.00045279,3.00000000
2018-02-28 20:57:02,0.00045225,15.00000000
2018-02-28 20:57:02,0.00045170,188.00000000
2018-02-28 20:57:02,0.00045170,16.00000000
2018-02-28 20:57:03,0.00045279,39.00000000
2018-02-28 20:57:03,0.00045157,11.00000000
2018-02-28 20:57:03,0.00045150,55.00000000
2018-02-28 20:57:06,0.00045200,22.00000000
2018-02-28 20:57:06,0.00045186,48.00000000
2018-02-28 20:57:06,0.00045169,9.00000000
2018-02-28 20:57:06,0.00045150,203.00000000
2018-02-28 20:57:07,0.00045276,5.00000000
2018-02-28 20:57:07,0.00045200,22.00000000
2018-02-28 20:57:10,0.00045163,11.00000000
2018-02-28 20:57:10,0.00045151,45.00000000
2018-02-28 20:57:10,0.00045151,14.00000000
2018-02-28 20:57:10,0.00045273,14.00000000
2018-02-28 20:57:14,0.00045152,30.00000000
2018-02-28 20:57:15,0.00045152,24.00000000
2018-02-28 20:57:15,0.00045151,193.00000000
2018-02-28 20:57:15,0.00045263,15.00000000
2018-02-28 20:57:16,0.00045152,24.00000000
2018-02-28 20:57:17,0.00045153,15.00000000
2018-02-28 20:57:17,0.00045152,9.00000000
2018-02-28 20:57:17,0.00045151,29.00000000
2018-02-28 20:57:18,0.00045255,59.00000000
2018-02-28 20:57:18,0.00045255,7.00000000
2018-02-28 20:57:18,0.00045257,10.00000000
2018-02-28 20:57:19,0.00045256,24.00000000
2018-02-28 20:57:21,0.00045259,101.00000000
2018-02-28 20:57:22,0.00045168,221.00000000
2018-02-28 20:57:23,0.00045257,27.00000000
2018-02-28 20:57:26,0.00045175,11.00000000
2018-02-28 20:57:26,0.00045174,4.00000000
2018-02-28 20:57:29,0.00045251,194.00000000
2018-02-28 20:57:29,0.00045253,1.00000000
2018-02-28 20:57:29,0.00045253,10.00000000
2018-02-28 20:57:29,0.00045256,50.00000000
2018-02-28 20:57:31,0.00045253,1.00000000
2018-02-28 20:57:34,0.00045181,7.00000000
2018-02-28 20:57:34,0.00045250,90.00000000
2018-02-28 20:57:35,0.00045250,10.00000000
2018-02-28 20:57:35,0.00045253,4.00000000
2018-02-28 20:57:38,0.00045184,7.00000000
2018-02-28 20:57:38,0.00045177,4.00000000
2018-02-28 20:57:38,0.00045166,4.00000000
2018-02-28 20:57:38,0.00045250,4.00000000
2018-02-28 20:57:38,0.00045250,57.00000000
2018-02-28 20:57:40,0.00045250,4.00000000
2018-02-28 20:57:41,0.00045175,132.00000000
2018-02-28 20:57:42,0.00045170,20.00000000
2018-02-28 20:57:42,0.00045160,23.00000000
2018-02-28 20:57:42,0.00045159,88.00000000
2018-02-28 20:57:42,0.00045154,157.00000000
2018-02-28 20:57:42,0.00045153,1712.00000000
2018-02-28 20:57:50,0.00045250,11.00000000
2018-02-28 20:57:55,0.00045249,15.00000000
2018-02-28 20:57:56,0.00045250,11.00000000
2018-02-28 20:57:56,0.00045250,121.00000000
2018-02-28 20:57:56,0.00045253,10.00000000
2018-02-28 20:57:56,0.00045260,88.00000000
2018-02-28 20:57:56,0.00045278,16.00000000
2018-02-28 20:57:56,0.00045282,7.00000000
2018-02-28 20:58:03,0.00045268,33.00000000
2018-02-28 20:58:04,0.00045367,4.00000000
2018-02-28 20:58:04,0.00045367,12.00000000
2018-02-28 20:58:07,0.00045287,184.00000000
2018-02-28 20:58:07,0.00045285,88.00000000
2018-02-28 20:58:07,0.00045282,9.00000000
2018-02-28 20:58:14,0.00045296,12.00000000
2018-02-28 20:58:14,0.00045295,4.00000000
2018-02-28 20:58:14,0.00045291,7.00000000
2018-02-28 20:58:14,0.00045282,57.00000000
2018-02-28 20:58:16,0.00045330,277.00000000
2018-02-28 20:58:16,0.00045330,178.00000000
2018-02-28 20:58:17,0.00045327,12.00000000
2018-02-28 20:58:20,0.00045327,100.00000000
2018-02-28 20:58:20,0.00045327,105.00000000
2018-02-28 20:58:20,0.00045329,3.00000000
2018-02-28 20:58:28,0.00045328,4.00000000
2018-02-28 20:58:30,0.00045328,16.00000000
2018-02-28 20:58:30,0.00045329,80.00000000
2018-02-28 20:58:34,0.00045328,14.00000000
2018-02-28 20:58:34,0.00045329,6.00000000
2018-02-28 20:58:59,0.00045328,980.00000000
2018-02-28 20:59:05,0.00045329,18.00000000
2018-02-28 20:59:05,0.00045328,19.00000000
2018-02-28 20:59:09,0.00045329,159.00000000
2018-02-28 20:59:09,0.00045329,49.00000000
2018-02-28 20:59:10,0.00045329,5.00000000
2018-02-28 20:59:10,0.00045329,39.00000000
2018-02-28 20:59:10,0.00045328,14.00000000
2018-02-28 20:59:10,0.00045300,34.00000000
2018-02-28 20:59:11,0.00045328,62.00000000
2018-02-28 20:59:15,0.00045328,122.00000000
2018-02-28 20:59:15,0.00045328,80.00000000
2018-02-28 20:59:15,0.00045366,14.00000000
2018-02-28 20:59:15,0.00045367,32.00000000
2018-02-28 20:59:15,0.00045374,100.00000000
2018-02-28 20:59:15,0.00045375,15.00000000
2018-02-28 20:59:15,0.00045384,22.00000000
2018-02-28 20:59:15,0.00045385,88.00000000
2018-02-28 20:59:15,0.00045392,16.00000000
2018-02-28 20:59:15,0.00045394,448.00000000
2018-02-28 20:59:22,0.00045394,88.00000000
2018-02-28 20:59:28,0.00045394,2.00000000
2018-02-28 20:59:29,0.00045394,45.00000000
2018-02-28 20:59:32,0.00045304,12.00000000
2018-02-28 20:59:32,0.00045303,88.00000000
2018-02-28 20:59:32,0.00045302,11.00000000
2018-02-28 20:59:32,0.00045301,17.00000000
2018-02-28 20:59:32,0.00045300,63.00000000
2018-02-28 20:59:32,0.00045282,60.00000000
2018-02-28 20:59:32,0.00045250,1749.00000000
2018-02-28 20:59:33,0.00045393,43.00000000
2018-02-28 20:59:33,0.00045394,155.00000000
2018-02-28 20:59:41,0.00045394,280.00000000
2018-02-28 20:59:47,0.00045393,19.00000000
2018-02-28 20:59:47,0.00045394,231.00000000
2018-02-28 20:59:48,0.00045394,234.00000000
2018-02-28 20:59:53,0.00045393,13.00000000
2018-02-28 20:59:53,0.00045408,17.00000000
2018-02-28 20:59:53,0.00045410,20.00000000
2018-02-28 20:59:53,0.00045415,18.00000000
2018-02-28 20:59:53,0.00045416,632.00000000
2018-02-28 20:59:57,0.00045416,13.00000000
