DATE,PRICE,VOLUME
2018-02-26 09:59:59,0.00057215,4.00000000
2018-02-26 10:00:00,0.00057215,31.00000000
2018-02-26 10:00:00,0.00057203,19.00000000
2018-02-26 10:00:01,0.00057201,50.00000000
2018-02-26 10:00:01,0.00057217,67.00000000
2018-02-26 10:00:01,0.00057228,31.00000000
2018-02-26 10:00:01,0.00057258,163.00000000
2018-02-26 10:00:02,0.00057201,30.00000000
2018-02-26 10:00:02,0.00057200,130.00000000
2018-02-26 10:00:02,0.00057181,31.00000000
2018-02-26 10:00:02,0.00057109,324.00000000
2018-02-26 10:00:02,0.00057108,4.00000000
2018-02-26 10:00:02,0.00057104,348.00000000
2018-02-26 10:00:02,0.00057103,100.00000000
2018-02-26 10:00:02,0.00057101,1033.00000000
2018-02-26 10:00:02,0.00057258,4.00000000
2018-02-26 10:00:03,0.00057258,41.00000000
2018-02-26 10:00:03,0.00057295,17.00000000
2018-02-26 10:00:03,0.00057296,24.00000000
2018-02-26 10:00:04,0.00057258,2.00000000
2018-02-26 10:00:04,0.00057295,8.00000000
2018-02-26 10:00:06,0.00057258,123.00000000
2018-02-26 10:00:06,0.00057220,4.00000000
2018-02-26 10:00:06,0.00057202,3.00000000
2018-02-26 10:00:06,0.00057201,30.00000000
2018-02-26 10:00:06,0.00057201,30.00000000
2018-02-26 10:00:06,0.00057201,30.00000000
2018-02-26 10:00:06,0.00057201,30.00000000
2018-02-26 10:00:06,0.00057201,20.00000000
2018-02-26 10:00:06,0.00057201,4.00000000
2018-02-26 10:00:07,0.00057201,62.00000000
2018-02-26 10:00:08,0.00057200,6.00000000
2018-02-26 10:00:08,0.00057294,10.00000000
2018-02-26 10:00:10,0.00057238,3.00000000
2018-02-26 10:00:11,0.00057203,4.00000000
2018-02-26 10:00:15,0.00057294,354.00000000
2018-02-26 10:00:15,0.00057295,5.00000000
2018-02-26 10:00:15,0.00057296,4.00000000
2018-02-26 10:00:15,0.00057314,52.00000000
2018-02-26 10:00:15,0.00057391,26.00000000
2018-02-26 10:00:15,0.00057400,94.00000000
2018-02-26 10:00:16,0.00057400,8.00000000
2018-02-26 10:00:17,0.00057400,2.00000000
2018-02-26 10:00:17,0.00057400,8.00000000
2018-02-26 10:00:17,0.00057400,4.00000000
2018-02-26 10:00:18,0.00057401,647.00000000
2018-02-26 10:00:18,0.00057419,129.00000000
2018-02-26 10:00:18,0.00057400,4443.00000000
2018-02-26 10:00:18,0.00057259,15.00000000
2018-02-26 10:00:18,0.00057203,15.00000000
2018-02-26 10:00:18,0.00057200,1293.00000000
2018-02-26 10:00:18,0.00057150,8.00000000
2018-02-26 10:00:18,0.00057123,12.00000000
2018-02-26 10:00:18,0.00057122,603.00000000
2018-02-26 10:00:18,0.00057114,26.00000000
2018-02-26 10:00:18,0.00057113,175.00000000
2018-02-26 10:00:18,0.00057102,138.00000000
2018-02-26 10:00:18,0.00057101,1079.00000000
2018-02-26 10:00:18,0.00057100,423.00000000
2018-02-26 10:00:18,0.00057069,20.00000000
2018-02-26 10:00:18,0.00057019,28.00000000
2018-02-26 10:00:18,0.00057002,2737.00000000
2018-02-26 10:00:18,0.00057001,7.00000000
2018-02-26 10:00:18,0.00057000,1236.00000000
2018-02-26 10:00:18,0.00057000,175.00000000
2018-02-26 10:00:18,0.00057000,1476.00000000
2018-02-26 10:00:18,0.00057000,61.00000000
2018-02-26 10:00:18,0.00057000,25.00000000
2018-02-26 10:00:18,0.00057100,300.00000000
2018-02-26 10:00:18,0.00057100,51.00000000
2018-02-26 10:00:18,0.00057100,127.00000000
2018-02-26 10:00:18,0.00057100,16.00000000
2018-02-26 10:00:18,0.00057100,127.00000000
2018-02-26 10:00:18,0.00057100,106.00000000
2018-02-26 10:00:18,0.00057100,127.00000000
2018-02-26 10:00:18,0.00057100,53.00000000
2018-02-26 10:00:19,0.00057100,563.00000000
2018-02-26 10:00:19,0.00057190,28.00000000
2018-02-26 10:00:19,0.00057400,33.00000000
2018-02-26 10:00:19,0.00057442,39.00000000
2018-02-26 10:00:19,0.00057442,34.00000000
2018-02-26 10:00:20,0.00057200,10.00000000
2018-02-26 10:00:20,0.00057202,5.00000000
2018-02-26 10:00:20,0.00057202,167.00000000
2018-02-26 10:00:21,0.00057198,42.00000000
2018-02-26 10:00:22,0.00057198,17.00000000
2018-02-26 10:00:22,0.00057198,3.00000000
2018-02-26 10:00:22,0.00057198,110.00000000
2018-02-26 10:00:22,0.00057200,10.00000000
2018-02-26 10:00:22,0.00057200,40.00000000
2018-02-26 10:00:23,0.00057200,34.00000000
2018-02-26 10:00:24,0.00057207,4.00000000
2018-02-26 10:00:24,0.00057205,24.00000000
2018-02-26 10:00:24,0.00057205,148.00000000
2018-02-26 10:00:24,0.00057204,10.00000000
2018-02-26 10:00:24,0.00057203,9.00000000
2018-02-26 10:00:25,0.00057329,45.00000000
2018-02-26 10:00:26,0.00057322,4.00000000
2018-02-26 10:00:29,0.00057207,4.00000000
2018-02-26 10:00:29,0.00057202,43.00000000
2018-02-26 10:00:29,0.00057201,19.00000000
2018-02-26 10:00:29,0.00057200,488.00000000
2018-02-26 10:00:29,0.00057200,200.00000000
2018-02-26 10:00:29,0.00057202,100.00000000
2018-02-26 10:00:29,0.00057200,18.00000000
2018-02-26 10:00:30,0.00057201,103.00000000
2018-02-26 10:00:30,0.00057200,35.00000000
2018-02-26 10:00:30,0.00057200,63.00000000
2018-02-26 10:00:32,0.00057208,8.00000000
2018-02-26 10:00:32,0.00057264,123.00000000
2018-02-26 10:00:32,0.00057266,10.00000000
2018-02-26 10:00:32,0.00057270,8.00000000
2018-02-26 10:00:32,0.00057273,15.00000000
2018-02-26 10:00:32,0.00057204,24.00000000
2018-02-26 10:00:34,0.00057273,13.00000000
2018-02-26 10:00:35,0.00057271,14.00000000
2018-02-26 10:00:36,0.00057271,2.00000000
2018-02-26 10:00:36,0.00057300,110.00000000
2018-02-26 10:00:36,0.00057314,43.00000000
2018-02-26 10:00:36,0.00057319,4.00000000
2018-02-26 10:00:36,0.00057320,603.00000000
2018-02-26 10:00:36,0.00057324,3638.00000000
2018-02-26 10:00:36,0.00057328,9.00000000
2018-02-26 10:00:36,0.00057334,4.00000000
2018-02-26 10:00:36,0.00057339,30.00000000
2018-02-26 10:00:36,0.00057341,300.00000000
2018-02-26 10:00:36,0.00057400,257.00000000
2018-02-26 10:00:37,0.00057223,10.00000000
2018-02-26 10:00:37,0.00057222,4.00000000
2018-02-26 10:00:37,0.00057221,30.00000000
2018-02-26 10:00:37,0.00057218,52.00000000
2018-02-26 10:00:37,0.00057215,416.00000000
2018-02-26 10:00:37,0.00057208,4.00000000
2018-02-26 10:00:37,0.00057201,3023.00000000
2018-02-26 10:00:37,0.00057200,538.00000000
2018-02-26 10:00:37,0.00057123,158.00000000
2018-02-26 10:00:37,0.00057114,26.00000000
2018-02-26 10:00:37,0.00057095,130.00000000
2018-02-26 10:00:37,0.00057035,20.00000000
2018-02-26 10:00:37,0.00057019,28.00000000
2018-02-26 10:00:37,0.00057001,970.00000000
2018-02-26 10:00:37,0.00057000,275.00000000
2018-02-26 10:00:37,0.00057000,175.00000000
2018-02-26 10:00:37,0.00057000,1434.00000000
2018-02-26 10:00:37,0.00057000,480.00000000
2018-02-26 10:00:37,0.00057000,1433.00000000
2018-02-26 10:00:37,0.00057000,1434.00000000
2018-02-26 10:00:37,0.00057000,1614.00000000
2018-02-26 10:00:37,0.00057000,16.00000000
2018-02-26 10:00:37,0.00057000,48.00000000
2018-02-26 10:00:37,0.00057000,17.00000000
2018-02-26 10:00:37,0.00057000,602.00000000
2018-02-26 10:00:37,0.00057000,10.00000000
2018-02-26 10:00:37,0.00057000,12.00000000
2018-02-26 10:00:37,0.00057000,10.00000000
2018-02-26 10:00:37,0.00057000,17.00000000
2018-02-26 10:00:37,0.00057000,70.00000000
2018-02-26 10:00:37,0.00057000,393.00000000
2018-02-26 10:00:37,0.00056984,17.00000000
2018-02-26 10:00:37,0.00057000,17.00000000
2018-02-26 10:00:37,0.00056983,10.00000000
2018-02-26 10:00:37,0.00057000,293.00000000
2018-02-26 10:00:37,0.00056983,10.00000000
2018-02-26 10:00:38,0.00057000,237.00000000
2018-02-26 10:00:38,0.00057107,54.00000000
2018-02-26 10:00:39,0.00057106,97.00000000
2018-02-26 10:00:39,0.00057107,89.00000000
2018-02-26 10:00:40,0.00057102,4.00000000
2018-02-26 10:00:40,0.00057168,4.00000000
2018-02-26 10:00:41,0.00057102,80.00000000
2018-02-26 10:00:42,0.00057082,291.00000000
2018-02-26 10:00:42,0.00057083,243.00000000
2018-02-26 10:00:42,0.00057026,6.00000000
2018-02-26 10:00:43,0.00057079,4.00000000
2018-02-26 10:00:43,0.00057166,25.00000000
2018-02-26 10:00:44,0.00057165,10.00000000
2018-02-26 10:00:44,0.00057166,16.00000000
2018-02-26 10:00:44,0.00057166,41.00000000
2018-02-26 10:00:44,0.00057167,90.00000000
2018-02-26 10:00:45,0.00057010,52.00000000
2018-02-26 10:00:45,0.00057009,171.00000000
2018-02-26 10:00:45,0.00057008,20.00000000
2018-02-26 10:00:45,0.00057007,30.00000000
2018-02-26 10:00:45,0.00057000,321.00000000
2018-02-26 10:00:45,0.00057000,30.00000000
2018-02-26 10:00:45,0.00056998,171.00000000
2018-02-26 10:00:45,0.00057000,357.00000000
2018-02-26 10:00:45,0.00057000,295.00000000
2018-02-26 10:00:45,0.00057000,4.00000000
2018-02-26 10:00:47,0.00056998,274.00000000
2018-02-26 10:00:47,0.00056999,10.00000000
2018-02-26 10:00:47,0.00056998,51.00000000
2018-02-26 10:00:47,0.00057000,179.00000000
2018-02-26 10:00:47,0.00057000,525.00000000
2018-02-26 10:00:47,0.00057000,163.00000000
2018-02-26 10:00:47,0.00057000,15.00000000
2018-02-26 10:00:48,0.00057000,1878.00000000
2018-02-26 10:00:49,0.00057000,2.00000000
2018-02-26 10:00:49,0.00057057,295.00000000
2018-02-26 10:00:49,0.00057002,33.00000000
2018-02-26 10:00:50,0.00057155,4.00000000
2018-02-26 10:00:50,0.00057158,76.00000000
2018-02-26 10:00:53,0.00057152,4.00000000
2018-02-26 10:00:53,0.00057154,10.00000000
2018-02-26 10:00:53,0.00057066,4.00000000
2018-02-26 10:00:53,0.00057061,6.00000000
2018-02-26 10:00:53,0.00057018,52.00000000
2018-02-26 10:00:53,0.00057014,8.00000000
2018-02-26 10:00:53,0.00057010,125.00000000
2018-02-26 10:00:53,0.00057007,4.00000000
2018-02-26 10:00:53,0.00057005,295.00000000
2018-02-26 10:00:53,0.00056998,23.00000000
2018-02-26 10:00:53,0.00057000,35.00000000
2018-02-26 10:00:54,0.00056994,27.00000000
2018-02-26 10:00:54,0.00056993,4.00000000
2018-02-26 10:00:54,0.00056988,4.00000000
2018-02-26 10:00:54,0.00056983,84.00000000
2018-02-26 10:00:54,0.00056983,92.00000000
2018-02-26 10:00:54,0.00056994,12.00000000
2018-02-26 10:00:54,0.00056994,10.00000000
2018-02-26 10:00:55,0.00056994,4.00000000
2018-02-26 10:00:55,0.00056994,3.00000000
2018-02-26 10:00:56,0.00056994,4.00000000
2018-02-26 10:00:56,0.00056994,83.00000000
2018-02-26 10:00:56,0.00057000,259.00000000
2018-02-26 10:00:57,0.00057000,36.00000000
2018-02-26 10:00:58,0.00057000,63.00000000
2018-02-26 10:00:58,0.00057059,295.00000000
2018-02-26 10:00:59,0.00057100,15.00000000
2018-02-26 10:00:59,0.00057100,2000.00000000
2018-02-26 10:01:00,0.00057133,6.00000000
2018-02-26 10:01:00,0.00057150,25.00000000
2018-02-26 10:01:01,0.00057100,58.00000000
2018-02-26 10:01:02,0.00057150,2.00000000
2018-02-26 10:01:02,0.00057100,1648.00000000
2018-02-26 10:01:02,0.00057150,1289.00000000
2018-02-26 10:01:02,0.00057157,39.00000000
2018-02-26 10:01:02,0.00057159,411.00000000
2018-02-26 10:01:03,0.00057144,8.00000000
2018-02-26 10:01:03,0.00057159,6.00000000
2018-02-26 10:01:03,0.00057160,4.00000000
2018-02-26 10:01:03,0.00057165,7.00000000
2018-02-26 10:01:03,0.00057100,17.00000000
2018-02-26 10:01:04,0.00057150,15.00000000
2018-02-26 10:01:04,0.00057100,49.00000000
2018-02-26 10:01:04,0.00057100,7.00000000
2018-02-26 10:01:05,0.00057100,333.00000000
2018-02-26 10:01:07,0.00057150,88.00000000
2018-02-26 10:01:07,0.00057164,8.00000000
2018-02-26 10:01:11,0.00057164,265.00000000
2018-02-26 10:01:11,0.00057164,323.00000000
2018-02-26 10:01:11,0.00057150,697.00000000
2018-02-26 10:01:12,0.00057162,1.00000000
2018-02-26 10:01:12,0.00057190,7.00000000
2018-02-26 10:01:12,0.00057190,15.00000000
2018-02-26 10:01:12,0.00057190,6.00000000
2018-02-26 10:01:12,0.00057198,20.00000000
2018-02-26 10:01:12,0.00057202,1.00000000
2018-02-26 10:01:13,0.00057202,2.00000000
2018-02-26 10:01:13,0.00057202,9.00000000
2018-02-26 10:01:16,0.00057202,5.00000000
2018-02-26 10:01:16,0.00057220,99.00000000
2018-02-26 10:01:16,0.00057154,24.00000000
2018-02-26 10:01:16,0.00057153,476.00000000
2018-02-26 10:01:18,0.00057153,1.00000000
2018-02-26 10:01:19,0.00057151,19.00000000
2018-02-26 10:01:19,0.00057150,655.00000000
2018-02-26 10:01:19,0.00057150,18.00000000
2018-02-26 10:01:20,0.00057184,6.00000000
2018-02-26 10:01:20,0.00057150,215.00000000
2018-02-26 10:01:22,0.00057200,11.00000000
2018-02-26 10:01:22,0.00057153,50.00000000
2018-02-26 10:01:22,0.00057150,151.00000000
2018-02-26 10:01:22,0.00057150,7.00000000
2018-02-26 10:01:22,0.00057150,10.00000000
2018-02-26 10:01:22,0.00057149,8.00000000
2018-02-26 10:01:22,0.00057101,13.00000000
2018-02-26 10:01:22,0.00057100,1.00000000
2018-02-26 10:01:23,0.00057150,23.00000000
2018-02-26 10:01:23,0.00057200,80.00000000
2018-02-26 10:01:23,0.00057220,52.00000000
2018-02-26 10:01:24,0.00057200,25.00000000
2018-02-26 10:01:25,0.00057310,10.00000000
2018-02-26 10:01:25,0.00057311,4.00000000
2018-02-26 10:01:25,0.00057315,3.00000000
2018-02-26 10:01:27,0.00057118,174.00000000
2018-02-26 10:01:27,0.00057116,20.00000000
2018-02-26 10:01:27,0.00057113,299.00000000
2018-02-26 10:01:27,0.00057108,8.00000000
2018-02-26 10:01:27,0.00057107,4.00000000
2018-02-26 10:01:27,0.00057103,76.00000000
2018-02-26 10:01:27,0.00057100,98.00000000
2018-02-26 10:01:27,0.00057303,54.00000000
2018-02-26 10:01:30,0.00057167,17.00000000
2018-02-26 10:01:31,0.00057167,261.00000000
2018-02-26 10:01:31,0.00057165,100.00000000
2018-02-26 10:01:31,0.00057165,20.00000000
2018-02-26 10:01:31,0.00057167,17.00000000
2018-02-26 10:01:31,0.00057291,50.00000000
2018-02-26 10:01:31,0.00057295,15.00000000
2018-02-26 10:01:33,0.00057200,211.00000000
2018-02-26 10:01:33,0.00057288,264.00000000
2018-02-26 10:01:33,0.00057290,4.00000000
2018-02-26 10:01:33,0.00057295,34.00000000
2018-02-26 10:01:33,0.00057296,4.00000000
2018-02-26 10:01:33,0.00057298,30.00000000
2018-02-26 10:01:33,0.00057299,84.00000000
2018-02-26 10:01:33,0.00057200,109.00000000
2018-02-26 10:01:34,0.00057201,10.00000000
2018-02-26 10:01:34,0.00057200,184.00000000
2018-02-26 10:01:35,0.00057205,4.00000000
2018-02-26 10:01:35,0.00057200,156.00000000
2018-02-26 10:01:36,0.00057200,321.00000000
2018-02-26 10:01:36,0.00057200,30.00000000
2018-02-26 10:01:37,0.00057200,4.00000000
2018-02-26 10:01:37,0.00057272,6.00000000
2018-02-26 10:01:37,0.00057293,8.00000000
2018-02-26 10:01:37,0.00057294,4.00000000
2018-02-26 10:01:37,0.00057299,195.00000000
2018-02-26 10:01:38,0.00057200,221.00000000
2018-02-26 10:01:38,0.00057201,30.00000000
2018-02-26 10:01:38,0.00057200,214.00000000
2018-02-26 10:01:39,0.00057205,4.00000000
2018-02-26 10:01:40,0.00057200,8.00000000
2018-02-26 10:01:40,0.00057200,66.00000000
2018-02-26 10:01:40,0.00057200,7.00000000
2018-02-26 10:01:40,0.00057200,669.00000000
2018-02-26 10:01:40,0.00057199,30.00000000
2018-02-26 10:01:40,0.00057185,156.00000000
2018-02-26 10:01:40,0.00057186,3.00000000
2018-02-26 10:01:41,0.00057186,7.00000000
2018-02-26 10:01:41,0.00057190,4.00000000
2018-02-26 10:01:42,0.00057200,7.00000000
2018-02-26 10:01:42,0.00057200,7.00000000
2018-02-26 10:01:42,0.00057200,8.00000000
2018-02-26 10:01:42,0.00057200,149.00000000
2018-02-26 10:01:43,0.00057200,545.00000000
2018-02-26 10:01:43,0.00057185,3.00000000
2018-02-26 10:01:44,0.00057190,2.00000000
2018-02-26 10:01:47,0.00057200,100.00000000
2018-02-26 10:01:48,0.00057200,162.00000000
2018-02-26 10:01:48,0.00057200,75.00000000
2018-02-26 10:01:48,0.00057200,97.00000000
2018-02-26 10:01:49,0.00057200,25.00000000
2018-02-26 10:01:49,0.00057259,20.00000000
2018-02-26 10:01:49,0.00057200,209.00000000
2018-02-26 10:01:51,0.00057190,10.00000000
2018-02-26 10:01:52,0.00057195,41.00000000
2018-02-26 10:01:52,0.00057195,20.00000000
2018-02-26 10:01:54,0.00057195,75.00000000
2018-02-26 10:01:54,0.00057200,949.00000000
2018-02-26 10:01:54,0.00057190,3.00000000
2018-02-26 10:01:55,0.00057190,3.00000000
2018-02-26 10:01:55,0.00057190,49.00000000
2018-02-26 10:01:56,0.00057183,32.00000000
2018-02-26 10:01:56,0.00057179,34.00000000
2018-02-26 10:01:58,0.00057190,74.00000000
2018-02-26 10:01:58,0.00057149,7.00000000
2018-02-26 10:01:58,0.00057114,4.00000000
2018-02-26 10:01:58,0.00057108,20.00000000
2018-02-26 10:01:58,0.00057100,4969.00000000
2018-02-26 10:02:02,0.00057114,12.00000000
2018-02-26 10:02:02,0.00057190,2.00000000
2018-02-26 10:02:02,0.00057200,32.00000000
2018-02-26 10:02:03,0.00057200,3.00000000
2018-02-26 10:02:03,0.00057200,56.00000000
2018-02-26 10:02:03,0.00057274,9.00000000
2018-02-26 10:02:03,0.00057280,75.00000000
2018-02-26 10:02:03,0.00057200,214.00000000
2018-02-26 10:02:03,0.00057200,3.00000000
2018-02-26 10:02:04,0.00057280,75.00000000
2018-02-26 10:02:04,0.00057283,4.00000000
2018-02-26 10:02:04,0.00057294,4.00000000
2018-02-26 10:02:04,0.00057299,4.00000000
2018-02-26 10:02:04,0.00057305,4.00000000
2018-02-26 10:02:04,0.00057314,52.00000000
2018-02-26 10:02:04,0.00057320,7.00000000
2018-02-26 10:02:04,0.00057323,30.00000000
2018-02-26 10:02:04,0.00057334,4.00000000
2018-02-26 10:02:04,0.00057335,15.00000000
2018-02-26 10:02:04,0.00057202,80.00000000
2018-02-26 10:02:05,0.00057207,4.00000000
2018-02-26 10:02:05,0.00057205,92.00000000
2018-02-26 10:02:05,0.00057203,62.00000000
2018-02-26 10:02:05,0.00057200,1164.00000000
2018-02-26 10:02:05,0.00057200,105.00000000
2018-02-26 10:02:05,0.00057195,14.00000000
2018-02-26 10:02:05,0.00057190,8.00000000
2018-02-26 10:02:05,0.00057119,12.00000000
2018-02-26 10:02:05,0.00057119,3.00000000
2018-02-26 10:02:05,0.00057100,38.00000000
2018-02-26 10:02:07,0.00057149,7.00000000
2018-02-26 10:02:07,0.00057100,19.00000000
2018-02-26 10:02:08,0.00057105,4.00000000
2018-02-26 10:02:08,0.00057100,937.00000000
2018-02-26 10:02:09,0.00057098,134.00000000
2018-02-26 10:02:09,0.00057059,21.00000000
2018-02-26 10:02:09,0.00057017,121.00000000
2018-02-26 10:02:10,0.00057098,5.00000000
2018-02-26 10:02:10,0.00057098,5.00000000
2018-02-26 10:02:10,0.00057098,28.00000000
2018-02-26 10:02:10,0.00057100,135.00000000
2018-02-26 10:02:11,0.00057099,10.00000000
2018-02-26 10:02:11,0.00057100,39.00000000
2018-02-26 10:02:11,0.00057100,21.00000000
2018-02-26 10:02:11,0.00057000,2588.00000000
2018-02-26 10:02:11,0.00057100,1329.00000000
2018-02-26 10:02:13,0.00057005,4.00000000
2018-02-26 10:02:13,0.00057000,2.00000000
2018-02-26 10:02:13,0.00057017,4.00000000
2018-02-26 10:02:16,0.00057017,6.00000000
2018-02-26 10:02:17,0.00057017,71.00000000
2018-02-26 10:02:17,0.00057059,8.00000000
2018-02-26 10:02:17,0.00057060,121.00000000
2018-02-26 10:02:17,0.00057094,4.00000000
2018-02-26 10:02:17,0.00057100,867.00000000
2018-02-26 10:02:18,0.00057100,35.00000000
2018-02-26 10:02:20,0.00057100,5.00000000
2018-02-26 10:02:21,0.00057100,611.00000000
2018-02-26 10:02:21,0.00057100,5.00000000
2018-02-26 10:02:21,0.00057030,28.00000000
2018-02-26 10:02:23,0.00057030,3.00000000
2018-02-26 10:02:23,0.00057018,6.00000000
2018-02-26 10:02:23,0.00057018,22.00000000
2018-02-26 10:02:24,0.00057105,153.00000000
2018-02-26 10:02:25,0.00057105,177.00000000
2018-02-26 10:02:25,0.00057105,105.00000000
2018-02-26 10:02:25,0.00057105,25.00000000
2018-02-26 10:02:25,0.00057105,72.00000000
2018-02-26 10:02:26,0.00057105,170.00000000
2018-02-26 10:02:26,0.00057119,52.00000000
2018-02-26 10:02:26,0.00057105,560.00000000
2018-02-26 10:02:27,0.00057105,2.00000000
2018-02-26 10:02:28,0.00057105,600.00000000
2018-02-26 10:02:30,0.00057125,38.00000000
2018-02-26 10:02:30,0.00057193,2.00000000
2018-02-26 10:02:33,0.00057190,3.00000000
2018-02-26 10:02:33,0.00057193,2.00000000
2018-02-26 10:02:33,0.00057200,265.00000000
2018-02-26 10:02:34,0.00057105,19.00000000
2018-02-26 10:02:35,0.00057189,8.00000000
2018-02-26 10:02:36,0.00057105,95.00000000
2018-02-26 10:02:36,0.00057102,30.00000000
2018-02-26 10:02:36,0.00057100,4875.00000000
2018-02-26 10:02:38,0.00057105,90.00000000
2018-02-26 10:02:40,0.00057158,38.00000000
2018-02-26 10:02:40,0.00057189,3.00000000
2018-02-26 10:02:40,0.00057189,51.00000000
2018-02-26 10:02:40,0.00057189,5.00000000
2018-02-26 10:02:41,0.00057189,67.00000000
2018-02-26 10:02:42,0.00057105,19.00000000
2018-02-26 10:02:43,0.00057189,200.00000000
2018-02-26 10:02:44,0.00057189,28.00000000
2018-02-26 10:02:44,0.00057189,143.00000000
2018-02-26 10:02:45,0.00057189,3.00000000
2018-02-26 10:02:45,0.00057189,29.00000000
2018-02-26 10:02:45,0.00057189,46.00000000
2018-02-26 10:02:45,0.00057200,159.00000000
2018-02-26 10:02:45,0.00057275,15.00000000
2018-02-26 10:02:45,0.00057275,22.00000000
2018-02-26 10:02:45,0.00057275,4.00000000
2018-02-26 10:02:45,0.00057189,17.00000000
2018-02-26 10:02:46,0.00057189,39.00000000
2018-02-26 10:02:47,0.00057189,104.00000000
2018-02-26 10:02:47,0.00057273,18.00000000
2018-02-26 10:02:47,0.00057289,5.00000000
2018-02-26 10:02:47,0.00057189,15.00000000
2018-02-26 10:02:47,0.00057189,226.00000000
2018-02-26 10:02:48,0.00057189,6.00000000
2018-02-26 10:02:48,0.00057194,4.00000000
2018-02-26 10:02:48,0.00057191,9.00000000
2018-02-26 10:02:49,0.00057189,103.00000000
2018-02-26 10:02:49,0.00057105,4.00000000
2018-02-26 10:02:49,0.00057191,7.00000000
2018-02-26 10:02:49,0.00057275,193.00000000
2018-02-26 10:02:49,0.00057105,24.00000000
2018-02-26 10:02:49,0.00057107,17.00000000
2018-02-26 10:02:50,0.00057113,4.00000000
2018-02-26 10:02:50,0.00057111,52.00000000
2018-02-26 10:02:50,0.00057110,171.00000000
2018-02-26 10:02:50,0.00057108,10.00000000
2018-02-26 10:02:50,0.00057105,158.00000000
2018-02-26 10:02:50,0.00057100,5.00000000
2018-02-26 10:02:51,0.00057100,58.00000000
2018-02-26 10:02:51,0.00057117,30.00000000
2018-02-26 10:02:52,0.00057100,10.00000000
2018-02-26 10:02:54,0.00057100,58.00000000
2018-02-26 10:02:56,0.00057100,23.00000000
2018-02-26 10:03:02,0.00057105,4.00000000
2018-02-26 10:03:06,0.00057117,14.00000000
2018-02-26 10:03:07,0.00057106,2.00000000
2018-02-26 10:03:07,0.00057105,44.00000000
2018-02-26 10:03:07,0.00057100,29.00000000
2018-02-26 10:03:08,0.00057100,2.00000000
2018-02-26 10:03:08,0.00057117,144.00000000
2018-02-26 10:03:08,0.00057117,37.00000000
2018-02-26 10:03:08,0.00057117,17.00000000
2018-02-26 10:03:08,0.00057117,7.00000000
2018-02-26 10:03:09,0.00057119,48.00000000
2018-02-26 10:03:09,0.00057189,311.00000000
2018-02-26 10:03:09,0.00057253,125.00000000
2018-02-26 10:03:09,0.00057267,4.00000000
2018-02-26 10:03:09,0.00057272,30.00000000
2018-02-26 10:03:09,0.00057273,161.00000000
2018-02-26 10:03:09,0.00057275,52.00000000
2018-02-26 10:03:09,0.00057284,4.00000000
2018-02-26 10:03:09,0.00057319,4.00000000
2018-02-26 10:03:09,0.00057320,91.00000000
2018-02-26 10:03:09,0.00057348,7.00000000
2018-02-26 10:03:09,0.00057350,40.00000000
2018-02-26 10:03:09,0.00057360,20.00000000
2018-02-26 10:03:09,0.00057382,477.00000000
2018-02-26 10:03:09,0.00057385,366.00000000
2018-02-26 10:03:10,0.00057122,5.00000000
2018-02-26 10:03:10,0.00057125,15.00000000
2018-02-26 10:03:11,0.00057126,30.00000000
2018-02-26 10:03:12,0.00057135,10.00000000
2018-02-26 10:03:12,0.00057134,175.00000000
2018-02-26 10:03:12,0.00057133,160.00000000
2018-02-26 10:03:12,0.00057131,7.00000000
2018-02-26 10:03:12,0.00057130,4.00000000
2018-02-26 10:03:12,0.00057126,92.00000000
2018-02-26 10:03:12,0.00057123,8.00000000
2018-02-26 10:03:12,0.00057117,134.00000000
2018-02-26 10:03:12,0.00057111,112.00000000
2018-02-26 10:03:12,0.00057111,19.00000000
2018-02-26 10:03:12,0.00057106,20.00000000
2018-02-26 10:03:12,0.00057376,129.00000000
2018-02-26 10:03:13,0.00057114,12.00000000
2018-02-26 10:03:14,0.00057355,7.00000000
2018-02-26 10:03:14,0.00057353,9.00000000
2018-02-26 10:03:14,0.00057353,5.00000000
2018-02-26 10:03:15,0.00057352,122.00000000
2018-02-26 10:03:15,0.00057355,13.00000000
2018-02-26 10:03:15,0.00057358,19.00000000
2018-02-26 10:03:15,0.00057117,4.00000000
2018-02-26 10:03:15,0.00057121,4.00000000
2018-02-26 10:03:15,0.00057117,17.00000000
2018-02-26 10:03:15,0.00057117,4.00000000
2018-02-26 10:03:15,0.00057333,4.00000000
2018-02-26 10:03:15,0.00057117,17.00000000
2018-02-26 10:03:16,0.00057119,20.00000000
2018-02-26 10:03:16,0.00057118,2.00000000
2018-02-26 10:03:16,0.00057118,28.00000000
2018-02-26 10:03:17,0.00057117,169.00000000
2018-02-26 10:03:18,0.00057124,7.00000000
2018-02-26 10:03:19,0.00057124,45.00000000
2018-02-26 10:03:20,0.00057129,4.00000000
2018-02-26 10:03:20,0.00057124,103.00000000
2018-02-26 10:03:20,0.00057129,103.00000000
2018-02-26 10:03:20,0.00057122,4.00000000
2018-02-26 10:03:20,0.00057114,34.00000000
2018-02-26 10:03:20,0.00057309,3.00000000
2018-02-26 10:03:22,0.00057287,34.00000000
2018-02-26 10:03:22,0.00057289,20.00000000
2018-02-26 10:03:22,0.00057303,8.00000000
2018-02-26 10:03:22,0.00057304,29.00000000
2018-02-26 10:03:22,0.00057305,9.00000000
2018-02-26 10:03:23,0.00057145,52.00000000
2018-02-26 10:03:23,0.00057144,170.00000000
2018-02-26 10:03:24,0.00057145,20.00000000
2018-02-26 10:03:24,0.00057144,1.00000000
2018-02-26 10:03:24,0.00057115,9.00000000
2018-02-26 10:03:24,0.00057114,30.00000000
2018-02-26 10:03:24,0.00057111,135.00000000
2018-02-26 10:03:24,0.00057106,340.00000000
2018-02-26 10:03:24,0.00057150,196.00000000
2018-02-26 10:03:24,0.00057150,10.00000000
2018-02-26 10:03:25,0.00057123,10.00000000
2018-02-26 10:03:25,0.00057124,3.00000000
2018-02-26 10:03:25,0.00057121,171.00000000
2018-02-26 10:03:25,0.00057124,12.00000000
2018-02-26 10:03:25,0.00057267,7.00000000
2018-02-26 10:03:25,0.00057302,46.00000000
2018-02-26 10:03:25,0.00057304,175.00000000
2018-02-26 10:03:25,0.00057305,94.00000000
2018-02-26 10:03:25,0.00057309,30.00000000
2018-02-26 10:03:25,0.00057311,5.00000000
2018-02-26 10:03:27,0.00057298,10.00000000
2018-02-26 10:03:27,0.00057299,10.00000000
2018-02-26 10:03:28,0.00057126,10.00000000
2018-02-26 10:03:29,0.00057289,17.00000000
2018-02-26 10:03:29,0.00057299,42.00000000
2018-02-26 10:03:29,0.00057300,21.00000000
2018-02-26 10:03:29,0.00057304,4.00000000
2018-02-26 10:03:29,0.00057311,15.00000000
2018-02-26 10:03:29,0.00057311,13.00000000
2018-02-26 10:03:29,0.00057311,20.00000000
2018-02-26 10:03:29,0.00057311,666.00000000
2018-02-26 10:03:29,0.00057144,17.00000000
2018-02-26 10:03:30,0.00057309,13.00000000
2018-02-26 10:03:30,0.00057311,7.00000000
2018-02-26 10:03:32,0.00057304,4.00000000
2018-02-26 10:03:32,0.00057305,20.00000000
2018-02-26 10:03:32,0.00057153,20.00000000
2018-02-26 10:03:32,0.00057155,164.00000000
2018-02-26 10:03:32,0.00057156,8.00000000
2018-02-26 10:03:33,0.00057161,4.00000000
2018-02-26 10:03:33,0.00057154,20.00000000
2018-02-26 10:03:33,0.00057153,32.00000000
2018-02-26 10:03:33,0.00057152,8.00000000
2018-02-26 10:03:34,0.00057295,11.00000000
2018-02-26 10:03:34,0.00057152,87.00000000
2018-02-26 10:03:34,0.00057152,225.00000000
2018-02-26 10:03:35,0.00057289,163.00000000
2018-02-26 10:03:35,0.00057290,20.00000000
2018-02-26 10:03:35,0.00057291,30.00000000
2018-02-26 10:03:35,0.00057294,52.00000000
2018-02-26 10:03:35,0.00057300,4.00000000
2018-02-26 10:03:35,0.00057303,9.00000000
2018-02-26 10:03:35,0.00057305,40.00000000
2018-02-26 10:03:35,0.00057309,68.00000000
2018-02-26 10:03:36,0.00057158,102.00000000
2018-02-26 10:03:36,0.00057158,88.00000000
2018-02-26 10:03:36,0.00057157,52.00000000
2018-02-26 10:03:36,0.00057156,30.00000000
2018-02-26 10:03:36,0.00057155,535.00000000
2018-02-26 10:03:36,0.00057154,18.00000000
2018-02-26 10:03:36,0.00057155,30.00000000
2018-02-26 10:03:36,0.00057154,24.00000000
2018-02-26 10:03:39,0.00057271,16.00000000
2018-02-26 10:03:40,0.00057271,154.00000000
2018-02-26 10:03:40,0.00057272,20.00000000
2018-02-26 10:03:41,0.00057200,23.00000000
2018-02-26 10:03:41,0.00057160,20.00000000
2018-02-26 10:03:41,0.00057159,4.00000000
2018-02-26 10:03:41,0.00057156,7.00000000
2018-02-26 10:03:44,0.00057163,103.00000000
2018-02-26 10:03:44,0.00057273,81.00000000
2018-02-26 10:03:45,0.00057161,104.00000000
2018-02-26 10:03:45,0.00057161,85.00000000
2018-02-26 10:03:46,0.00057161,67.00000000
2018-02-26 10:03:47,0.00057161,179.00000000
2018-02-26 10:03:48,0.00057161,191.00000000
2018-02-26 10:03:49,0.00057251,2.00000000
2018-02-26 10:03:51,0.00057165,9.00000000
2018-02-26 10:03:51,0.00057242,8.00000000
2018-02-26 10:03:51,0.00057165,71.00000000
2018-02-26 10:03:51,0.00057165,7.00000000
2018-02-26 10:03:52,0.00057238,11.00000000
2018-02-26 10:03:52,0.00057165,598.00000000
2018-02-26 10:03:53,0.00057233,4.00000000
2018-02-26 10:03:53,0.00057165,474.00000000
2018-02-26 10:03:53,0.00057162,26.00000000
2018-02-26 10:03:53,0.00057161,71.00000000
2018-02-26 10:03:53,0.00057161,54.00000000
2018-02-26 10:03:54,0.00057221,3.00000000
2018-02-26 10:03:54,0.00057221,8.00000000
2018-02-26 10:03:54,0.00057221,4.00000000
2018-02-26 10:03:55,0.00057208,76.00000000
2018-02-26 10:03:55,0.00057210,6.00000000
2018-02-26 10:03:55,0.00057275,320.00000000
2018-02-26 10:03:55,0.00057276,174.00000000
2018-02-26 10:03:55,0.00057276,8.00000000
2018-02-26 10:03:55,0.00057276,16.00000000
2018-02-26 10:03:56,0.00057276,2.00000000
2018-02-26 10:03:59,0.00057277,30.00000000
2018-02-26 10:03:59,0.00057164,172.00000000
2018-02-26 10:03:59,0.00057162,70.00000000
2018-02-26 10:03:59,0.00057161,127.00000000
2018-02-26 10:03:59,0.00057154,1073.00000000
2018-02-26 10:04:00,0.00057221,111.00000000
2018-02-26 10:04:05,0.00057273,2.00000000
2018-02-26 10:04:05,0.00057273,4.00000000
2018-02-26 10:04:06,0.00057273,3.00000000
2018-02-26 10:04:07,0.00057222,139.00000000
2018-02-26 10:04:07,0.00057270,1.00000000
2018-02-26 10:04:10,0.00057270,30.00000000
2018-02-26 10:04:11,0.00057270,132.00000000
2018-02-26 10:04:11,0.00057271,21.00000000
2018-02-26 10:04:11,0.00057272,6.00000000
2018-02-26 10:04:11,0.00057273,27.00000000
2018-02-26 10:04:11,0.00057275,265.00000000
2018-02-26 10:04:11,0.00057278,192.00000000
2018-02-26 10:04:11,0.00057279,8.00000000
2018-02-26 10:04:11,0.00057285,4.00000000
2018-02-26 10:04:11,0.00057287,59.00000000
2018-02-26 10:04:11,0.00057222,10.00000000
2018-02-26 10:04:13,0.00057223,17.00000000
2018-02-26 10:04:14,0.00057222,12.00000000
2018-02-26 10:04:14,0.00057222,15.00000000
2018-02-26 10:04:14,0.00057222,10.00000000
2018-02-26 10:04:15,0.00057287,249.00000000
2018-02-26 10:04:15,0.00057290,188.00000000
2018-02-26 10:04:15,0.00057299,813.00000000
2018-02-26 10:04:15,0.00057299,437.00000000
2018-02-26 10:04:15,0.00057299,89.00000000
2018-02-26 10:04:16,0.00057299,223.00000000
2018-02-26 10:04:16,0.00057299,125.00000000
2018-02-26 10:04:16,0.00057299,175.00000000
2018-02-26 10:04:16,0.00057299,15.00000000
2018-02-26 10:04:16,0.00057299,27.00000000
2018-02-26 10:04:17,0.00057299,7.00000000
2018-02-26 10:04:18,0.00057300,285.00000000
2018-02-26 10:04:21,0.00057323,4.00000000
2018-02-26 10:04:21,0.00057336,17.00000000
2018-02-26 10:04:22,0.00057336,35.00000000
2018-02-26 10:04:22,0.00057347,4.00000000
2018-02-26 10:04:22,0.00057371,4.00000000
2018-02-26 10:04:22,0.00057379,4.00000000
2018-02-26 10:04:22,0.00057384,2.00000000
2018-02-26 10:04:24,0.00057384,77.00000000
2018-02-26 10:04:24,0.00057385,45.00000000
2018-02-26 10:04:24,0.00057389,33.00000000
2018-02-26 10:04:24,0.00057390,11.00000000
2018-02-26 10:04:24,0.00057400,707.00000000
2018-02-26 10:04:26,0.00057384,2.00000000
2018-02-26 10:04:26,0.00057384,9.00000000
2018-02-26 10:04:27,0.00057384,40.00000000
2018-02-26 10:04:27,0.00057384,307.00000000
2018-02-26 10:04:27,0.00057399,10.00000000
2018-02-26 10:04:27,0.00057400,2564.00000000
2018-02-26 10:04:27,0.00057419,63.00000000
2018-02-26 10:04:27,0.00057442,727.00000000
2018-02-26 10:04:27,0.00057460,131.00000000
2018-02-26 10:04:27,0.00057478,2.00000000
2018-02-26 10:04:27,0.00057499,749.00000000
2018-02-26 10:04:27,0.00057500,1506.00000000
2018-02-26 10:04:27,0.00057500,54.00000000
2018-02-26 10:04:27,0.00057500,53.00000000
2018-02-26 10:04:27,0.00057500,14.00000000
2018-02-26 10:04:27,0.00057500,54.00000000
2018-02-26 10:04:28,0.00057500,4.00000000
2018-02-26 10:04:28,0.00057500,2972.00000000
2018-02-26 10:04:28,0.00057500,17.00000000
2018-02-26 10:04:28,0.00057500,13.00000000
2018-02-26 10:04:28,0.00057500,370.00000000
2018-02-26 10:04:28,0.00057500,43.00000000
2018-02-26 10:04:28,0.00057500,13.00000000
2018-02-26 10:04:28,0.00057500,17.00000000
2018-02-26 10:04:28,0.00057500,4.00000000
2018-02-26 10:04:28,0.00057500,4.00000000
2018-02-26 10:04:28,0.00057500,43.00000000
2018-02-26 10:04:29,0.00057505,193.00000000
2018-02-26 10:04:31,0.00057507,65.00000000
2018-02-26 10:04:31,0.00057513,7.00000000
2018-02-26 10:04:31,0.00057517,36.00000000
2018-02-26 10:04:31,0.00057549,2.00000000
2018-02-26 10:04:31,0.00057563,193.00000000
2018-02-26 10:04:31,0.00057575,7.00000000
2018-02-26 10:04:31,0.00057500,200.00000000
2018-02-26 10:04:31,0.00057575,1.00000000
2018-02-26 10:04:31,0.00057600,6.00000000
2018-02-26 10:04:31,0.00057513,12.00000000
2018-02-26 10:04:31,0.00057513,83.00000000
2018-02-26 10:04:32,0.00057513,2.00000000
2018-02-26 10:04:32,0.00057513,2.00000000
2018-02-26 10:04:32,0.00057513,117.00000000
2018-02-26 10:04:32,0.00057500,3.00000000
2018-02-26 10:04:32,0.00057500,142.00000000
2018-02-26 10:04:33,0.00057500,19.00000000
2018-02-26 10:04:33,0.00057500,23.00000000
2018-02-26 10:04:33,0.00057512,6.00000000
2018-02-26 10:04:33,0.00057500,241.00000000
2018-02-26 10:04:33,0.00057500,23.00000000
2018-02-26 10:04:33,0.00057500,2.00000000
2018-02-26 10:04:33,0.00057500,17.00000000
2018-02-26 10:04:33,0.00057500,17.00000000
2018-02-26 10:04:33,0.00057500,18.00000000
2018-02-26 10:04:33,0.00057500,16.00000000
2018-02-26 10:04:34,0.00057500,118.00000000
2018-02-26 10:04:34,0.00057500,24.00000000
2018-02-26 10:04:35,0.00057500,20.00000000
2018-02-26 10:04:36,0.00057512,111.00000000
2018-02-26 10:04:37,0.00057512,15.00000000
2018-02-26 10:04:38,0.00057513,6.00000000
2018-02-26 10:04:38,0.00057513,171.00000000
2018-02-26 10:04:39,0.00057513,14.00000000
2018-02-26 10:04:40,0.00057571,10.00000000
2018-02-26 10:04:42,0.00057513,10.00000000
2018-02-26 10:04:42,0.00057571,161.00000000
2018-02-26 10:04:42,0.00057580,21.00000000
2018-02-26 10:04:42,0.00057580,118.00000000
2018-02-26 10:04:42,0.00057513,3112.00000000
2018-02-26 10:04:42,0.00057513,294.00000000
2018-02-26 10:04:42,0.00057513,17.00000000
2018-02-26 10:04:42,0.00057513,42.00000000
2018-02-26 10:04:42,0.00057513,14.00000000
2018-02-26 10:04:42,0.00057512,2.00000000
2018-02-26 10:04:44,0.00057516,36.00000000
2018-02-26 10:04:44,0.00057600,52.00000000
2018-02-26 10:04:44,0.00057520,21.00000000
2018-02-26 10:04:44,0.00057516,54.00000000
2018-02-26 10:04:45,0.00057600,4.00000000
2018-02-26 10:04:46,0.00057571,98.00000000
2018-02-26 10:04:46,0.00057600,89.00000000
2018-02-26 10:04:46,0.00057600,55.00000000
2018-02-26 10:04:47,0.00057600,21.00000000
2018-02-26 10:04:47,0.00057600,6.00000000
2018-02-26 10:04:47,0.00057600,6.00000000
2018-02-26 10:04:47,0.00057600,10.00000000
2018-02-26 10:04:48,0.00057602,17.00000000
2018-02-26 10:04:48,0.00057600,4.00000000
2018-02-26 10:04:49,0.00057600,69.00000000
2018-02-26 10:04:49,0.00057600,127.00000000
2018-02-26 10:04:49,0.00057600,43.00000000
2018-02-26 10:04:49,0.00057602,53.00000000
2018-02-26 10:04:49,0.00057602,24.00000000
2018-02-26 10:04:49,0.00057600,19.00000000
2018-02-26 10:04:49,0.00057602,22.00000000
2018-02-26 10:04:50,0.00057602,5.00000000
2018-02-26 10:04:50,0.00057602,108.00000000
2018-02-26 10:04:50,0.00057688,141.00000000
2018-02-26 10:04:50,0.00057690,38.00000000
2018-02-26 10:04:50,0.00057700,276.00000000
2018-02-26 10:04:50,0.00057700,108.00000000
2018-02-26 10:04:50,0.00057700,21.00000000
2018-02-26 10:04:50,0.00057700,17.00000000
2018-02-26 10:04:50,0.00057700,95.00000000
2018-02-26 10:04:50,0.00057700,16.00000000
2018-02-26 10:04:50,0.00057700,1.00000000
2018-02-26 10:04:50,0.00057573,17.00000000
2018-02-26 10:04:50,0.00057573,50.00000000
2018-02-26 10:04:50,0.00057600,13.00000000
2018-02-26 10:04:51,0.00057600,19.00000000
2018-02-26 10:04:51,0.00057601,89.00000000
2018-02-26 10:04:51,0.00057601,21.00000000
2018-02-26 10:04:51,0.00057600,81.00000000
2018-02-26 10:04:51,0.00057571,18.00000000
2018-02-26 10:04:51,0.00057555,8.00000000
2018-02-26 10:04:51,0.00057516,257.00000000
2018-02-26 10:04:51,0.00057512,3.00000000
2018-02-26 10:04:51,0.00057512,8.00000000
2018-02-26 10:04:51,0.00057505,46.00000000
2018-02-26 10:04:52,0.00057695,67.00000000
2018-02-26 10:04:52,0.00057697,70.00000000
2018-02-26 10:04:52,0.00057697,40.00000000
2018-02-26 10:04:52,0.00057572,34.00000000
2018-02-26 10:04:53,0.00057560,12.00000000
2018-02-26 10:04:53,0.00057510,143.00000000
2018-02-26 10:04:53,0.00057510,211.00000000
2018-02-26 10:04:53,0.00057507,336.00000000
2018-02-26 10:04:53,0.00057600,289.00000000
2018-02-26 10:04:54,0.00057607,3.00000000
2018-02-26 10:04:54,0.00057602,6.00000000
2018-02-26 10:04:54,0.00057602,3.00000000
2018-02-26 10:04:54,0.00057602,5.00000000
2018-02-26 10:04:56,0.00057600,4.00000000
2018-02-26 10:04:56,0.00057689,336.00000000
2018-02-26 10:04:56,0.00057690,4.00000000
2018-02-26 10:04:56,0.00057696,10.00000000
2018-02-26 10:04:56,0.00057700,15.00000000
2018-02-26 10:04:56,0.00057704,15.00000000
2018-02-26 10:04:56,0.00057707,30.00000000
2018-02-26 10:04:56,0.00057710,138.00000000
2018-02-26 10:04:56,0.00057739,4.00000000
2018-02-26 10:04:56,0.00057754,55.00000000
2018-02-26 10:04:56,0.00057756,1200.00000000
2018-02-26 10:04:58,0.00057574,25.00000000
2018-02-26 10:04:58,0.00057574,30.00000000
2018-02-26 10:04:58,0.00057574,2.00000000
2018-02-26 10:04:58,0.00057600,5.00000000
2018-02-26 10:04:59,0.00057600,47.00000000
2018-02-26 10:04:59,0.00057600,47.00000000
2018-02-26 10:04:59,0.00057705,141.00000000
2018-02-26 10:04:59,0.00057706,5.00000000
2018-02-26 10:04:59,0.00057755,30.00000000
2018-02-26 10:04:59,0.00057756,363.00000000
2018-02-26 10:04:59,0.00057600,15.00000000
2018-02-26 10:05:01,0.00057605,4.00000000
2018-02-26 10:05:01,0.00057600,196.00000000
2018-02-26 10:05:01,0.00057600,9.00000000
2018-02-26 10:05:01,0.00057695,57.00000000
2018-02-26 10:05:01,0.00057697,8.00000000
2018-02-26 10:05:01,0.00057697,84.00000000
2018-02-26 10:05:02,0.00057697,24.00000000
2018-02-26 10:05:02,0.00057697,5.00000000
2018-02-26 10:05:02,0.00057697,28.00000000
2018-02-26 10:05:02,0.00057697,18.00000000
2018-02-26 10:05:02,0.00057697,15.00000000
2018-02-26 10:05:02,0.00057697,18.00000000
2018-02-26 10:05:02,0.00057697,73.00000000
2018-02-26 10:05:02,0.00057700,4.00000000
2018-02-26 10:05:03,0.00057700,119.00000000
2018-02-26 10:05:03,0.00057700,2.00000000
2018-02-26 10:05:04,0.00057700,73.00000000
2018-02-26 10:05:04,0.00057697,67.00000000
2018-02-26 10:05:04,0.00057756,1917.00000000
2018-02-26 10:05:04,0.00057772,8.00000000
2018-02-26 10:05:04,0.00057785,442.00000000
2018-02-26 10:05:04,0.00057800,481.00000000
2018-02-26 10:05:04,0.00057705,21.00000000
2018-02-26 10:05:04,0.00057705,168.00000000
2018-02-26 10:05:04,0.00057697,6.00000000
2018-02-26 10:05:05,0.00057795,4.00000000
2018-02-26 10:05:05,0.00057800,117.00000000
2018-02-26 10:05:07,0.00057755,34.00000000
2018-02-26 10:05:07,0.00057755,225.00000000
2018-02-26 10:05:07,0.00057799,10.00000000
2018-02-26 10:05:07,0.00057800,606.00000000
2018-02-26 10:05:07,0.00057807,15.00000000
2018-02-26 10:05:07,0.00057810,115.00000000
2018-02-26 10:05:07,0.00057702,4.00000000
2018-02-26 10:05:08,0.00057807,185.00000000
2018-02-26 10:05:08,0.00057807,138.00000000
2018-02-26 10:05:08,0.00057702,4.00000000
2018-02-26 10:05:08,0.00057697,45.00000000
2018-02-26 10:05:10,0.00057755,42.00000000
2018-02-26 10:05:10,0.00057755,217.00000000
2018-02-26 10:05:10,0.00057804,10.00000000
2018-02-26 10:05:10,0.00057805,88.00000000
2018-02-26 10:05:10,0.00057810,254.00000000
2018-02-26 10:05:10,0.00057827,4.00000000
2018-02-26 10:05:10,0.00057860,74.00000000
2018-02-26 10:05:10,0.00057890,291.00000000
2018-02-26 10:05:10,0.00057894,4.00000000
2018-02-26 10:05:10,0.00057896,30.00000000
2018-02-26 10:05:10,0.00057920,4.00000000
2018-02-26 10:05:10,0.00057925,311.00000000
2018-02-26 10:05:11,0.00057924,30.00000000
2018-02-26 10:05:11,0.00057925,4.00000000
2018-02-26 10:05:11,0.00057712,10.00000000
2018-02-26 10:05:11,0.00057709,49.00000000
2018-02-26 10:05:11,0.00057708,4.00000000
2018-02-26 10:05:11,0.00057706,30.00000000
2018-02-26 10:05:11,0.00057703,42.00000000
2018-02-26 10:05:11,0.00057697,153.00000000
2018-02-26 10:05:12,0.00057799,4.00000000
2018-02-26 10:05:12,0.00057924,102.00000000
2018-02-26 10:05:12,0.00057706,30.00000000
2018-02-26 10:05:12,0.00057702,181.00000000
2018-02-26 10:05:12,0.00057697,199.00000000
2018-02-26 10:05:12,0.00057684,52.00000000
2018-02-26 10:05:12,0.00057620,173.00000000
2018-02-26 10:05:12,0.00057600,515.00000000
2018-02-26 10:05:12,0.00057922,20.00000000
2018-02-26 10:05:12,0.00057923,30.00000000
2018-02-26 10:05:12,0.00057924,125.00000000
2018-02-26 10:05:12,0.00057923,30.00000000
2018-02-26 10:05:12,0.00057924,202.00000000
2018-02-26 10:05:12,0.00057925,88.00000000
2018-02-26 10:05:13,0.00057923,30.00000000
2018-02-26 10:05:13,0.00057925,8.00000000
2018-02-26 10:05:13,0.00057950,937.00000000
2018-02-26 10:05:14,0.00057800,16.00000000
2018-02-26 10:05:14,0.00057901,52.00000000
2018-02-26 10:05:14,0.00057902,13.00000000
2018-02-26 10:05:14,0.00057927,17.00000000
2018-02-26 10:05:14,0.00057949,7.00000000
2018-02-26 10:05:15,0.00057800,10.00000000
2018-02-26 10:05:15,0.00057949,3.00000000
2018-02-26 10:05:15,0.00057950,1.00000000
2018-02-26 10:05:15,0.00057950,3.00000000
2018-02-26 10:05:16,0.00057902,10.00000000
2018-02-26 10:05:16,0.00057902,13.00000000
2018-02-26 10:05:16,0.00057902,22.00000000
2018-02-26 10:05:16,0.00057902,22.00000000
2018-02-26 10:05:16,0.00057902,31.00000000
2018-02-26 10:05:16,0.00057902,17.00000000
2018-02-26 10:05:16,0.00057902,99.00000000
2018-02-26 10:05:16,0.00057902,17.00000000
2018-02-26 10:05:17,0.00057902,3.00000000
2018-02-26 10:05:17,0.00057902,17.00000000
2018-02-26 10:05:17,0.00057902,17.00000000
2018-02-26 10:05:17,0.00057902,146.00000000
2018-02-26 10:05:17,0.00057902,44.00000000
2018-02-26 10:05:17,0.00057902,623.00000000
2018-02-26 10:05:17,0.00057902,24.00000000
2018-02-26 10:05:17,0.00057900,52.00000000
2018-02-26 10:05:17,0.00057724,202.00000000
2018-02-26 10:05:17,0.00057721,51.00000000
2018-02-26 10:05:17,0.00057716,16.00000000
2018-02-26 10:05:17,0.00057710,8.00000000
2018-02-26 10:05:17,0.00057709,30.00000000
2018-02-26 10:05:17,0.00057706,63.00000000
2018-02-26 10:05:17,0.00057703,6.00000000
2018-02-26 10:05:17,0.00057671,3.00000000
2018-02-26 10:05:17,0.00057948,10.00000000
2018-02-26 10:05:17,0.00057726,173.00000000
2018-02-26 10:05:17,0.00057725,51.00000000
2018-02-26 10:05:17,0.00057724,30.00000000
2018-02-26 10:05:17,0.00057671,127.00000000
2018-02-26 10:05:17,0.00057669,219.00000000
2018-02-26 10:05:17,0.00057724,10.00000000
2018-02-26 10:05:18,0.00057879,2.00000000
2018-02-26 10:05:18,0.00057879,5.00000000
2018-02-26 10:05:19,0.00057795,173.00000000
2018-02-26 10:05:19,0.00057797,30.00000000
2018-02-26 10:05:19,0.00057800,8.00000000
2018-02-26 10:05:19,0.00057800,30.00000000
2018-02-26 10:05:19,0.00057800,30.00000000
2018-02-26 10:05:19,0.00057800,23.00000000
2018-02-26 10:05:20,0.00057846,60.00000000
2018-02-26 10:05:20,0.00057800,10.00000000
2018-02-26 10:05:21,0.00057800,257.00000000
2018-02-26 10:05:22,0.00057834,1.00000000
2018-02-26 10:05:23,0.00057801,9.00000000
2018-02-26 10:05:23,0.00057800,57.00000000
2018-02-26 10:05:23,0.00057833,8.00000000
2018-02-26 10:05:23,0.00057834,52.00000000
2018-02-26 10:05:23,0.00057834,75.00000000
2018-02-26 10:05:24,0.00057800,50.00000000
2018-02-26 10:05:24,0.00057834,91.00000000
2018-02-26 10:05:24,0.00057882,30.00000000
2018-02-26 10:05:25,0.00057810,2.00000000
2018-02-26 10:05:25,0.00057810,3.00000000
2018-02-26 10:05:25,0.00057810,4.00000000
2018-02-26 10:05:26,0.00057810,49.00000000
2018-02-26 10:05:26,0.00057810,10.00000000
2018-02-26 10:05:27,0.00057834,157.00000000
2018-02-26 10:05:27,0.00057902,415.00000000
2018-02-26 10:05:27,0.00057902,85.00000000
2018-02-26 10:05:27,0.00057915,42.00000000
2018-02-26 10:05:27,0.00057943,4.00000000
2018-02-26 10:05:27,0.00057945,130.00000000
2018-02-26 10:05:27,0.00057948,162.00000000
2018-02-26 10:05:27,0.00057950,59.00000000
2018-02-26 10:05:27,0.00057980,8.00000000
2018-02-26 10:05:27,0.00057997,221.00000000
2018-02-26 10:05:27,0.00057999,224.00000000
2018-02-26 10:05:27,0.00058000,1780.00000000
2018-02-26 10:05:28,0.00058004,24.00000000
2018-02-26 10:05:28,0.00058000,38.00000000
2018-02-26 10:05:28,0.00058000,10.00000000
2018-02-26 10:05:29,0.00058000,9.00000000
2018-02-26 10:05:30,0.00058000,23.00000000
2018-02-26 10:05:30,0.00058000,32.00000000
2018-02-26 10:05:30,0.00058000,138.00000000
2018-02-26 10:05:30,0.00058000,292.00000000
2018-02-26 10:05:33,0.00058000,217.00000000
2018-02-26 10:05:34,0.00058030,112.00000000
2018-02-26 10:05:34,0.00058001,9.00000000
2018-02-26 10:05:34,0.00058000,1543.00000000
2018-02-26 10:05:35,0.00058000,367.00000000
2018-02-26 10:05:35,0.00058000,68.00000000
2018-02-26 10:05:35,0.00058030,547.00000000
2018-02-26 10:05:35,0.00058036,8.00000000
2018-02-26 10:05:35,0.00058050,103.00000000
2018-02-26 10:05:35,0.00058058,15.00000000
2018-02-26 10:05:35,0.00058060,80.00000000
2018-02-26 10:05:36,0.00058030,87.00000000
2018-02-26 10:05:38,0.00058030,144.00000000
2018-02-26 10:05:39,0.00058030,490.00000000
2018-02-26 10:05:40,0.00058030,368.00000000
2018-02-26 10:05:40,0.00058060,14.00000000
2018-02-26 10:05:40,0.00058083,26.00000000
2018-02-26 10:05:40,0.00058095,20.00000000
2018-02-26 10:05:40,0.00058099,116.00000000
2018-02-26 10:05:40,0.00058100,517.00000000
2018-02-26 10:05:40,0.00058030,3.00000000
2018-02-26 10:05:41,0.00058100,591.00000000
2018-02-26 10:05:41,0.00058100,30.00000000
2018-02-26 10:05:41,0.00058099,9.00000000
2018-02-26 10:05:42,0.00058099,123.00000000
2018-02-26 10:05:42,0.00058100,128.00000000
2018-02-26 10:05:44,0.00058100,50.00000000
2018-02-26 10:05:44,0.00058100,20.00000000
2018-02-26 10:05:44,0.00058102,3.00000000
2018-02-26 10:05:45,0.00058102,10.00000000
2018-02-26 10:05:46,0.00058102,9.00000000
2018-02-26 10:05:46,0.00058128,70.00000000
2018-02-26 10:05:46,0.00058131,74.00000000
2018-02-26 10:05:46,0.00058181,4.00000000
2018-02-26 10:05:46,0.00058181,13.00000000
2018-02-26 10:05:46,0.00058186,158.00000000
2018-02-26 10:05:47,0.00058102,62.00000000
2018-02-26 10:05:47,0.00058100,133.00000000
2018-02-26 10:05:47,0.00058102,1.00000000
2018-02-26 10:05:48,0.00058102,14.00000000
2018-02-26 10:05:49,0.00058100,52.00000000
2018-02-26 10:05:49,0.00058181,58.00000000
2018-02-26 10:05:49,0.00058100,6.00000000
2018-02-26 10:05:49,0.00058102,13.00000000
2018-02-26 10:05:49,0.00058181,336.00000000
2018-02-26 10:05:50,0.00058102,88.00000000
2018-02-26 10:05:50,0.00058181,179.00000000
2018-02-26 10:05:51,0.00058181,96.00000000
2018-02-26 10:05:51,0.00058181,100.00000000
2018-02-26 10:05:52,0.00058181,6.00000000
2018-02-26 10:05:52,0.00058186,12.00000000
2018-02-26 10:05:52,0.00058186,2.00000000
2018-02-26 10:05:52,0.00058186,2.00000000
2018-02-26 10:05:52,0.00058186,32.00000000
2018-02-26 10:05:53,0.00058181,1.00000000
2018-02-26 10:05:53,0.00058110,9.00000000
2018-02-26 10:05:53,0.00058186,515.00000000
2018-02-26 10:05:53,0.00058196,2.00000000
2018-02-26 10:05:53,0.00058200,90.00000000
2018-02-26 10:05:53,0.00058208,85.00000000
2018-02-26 10:05:53,0.00058250,1028.00000000
2018-02-26 10:05:53,0.00058256,15.00000000
2018-02-26 10:05:53,0.00058262,40.00000000
2018-02-26 10:05:53,0.00058270,74.00000000
2018-02-26 10:05:53,0.00058300,81.00000000
2018-02-26 10:05:53,0.00058301,166.00000000
2018-02-26 10:05:53,0.00058250,22.00000000
2018-02-26 10:05:53,0.00058250,15.00000000
2018-02-26 10:05:54,0.00058250,47.00000000
2018-02-26 10:05:55,0.00058250,18.00000000
2018-02-26 10:05:55,0.00058250,23.00000000
2018-02-26 10:05:55,0.00058250,38.00000000
2018-02-26 10:05:55,0.00058250,97.00000000
2018-02-26 10:05:56,0.00058250,17.00000000
2018-02-26 10:05:56,0.00058300,82.00000000
2018-02-26 10:05:57,0.00058301,27.00000000
2018-02-26 10:05:57,0.00058301,272.00000000
2018-02-26 10:05:57,0.00058308,63.00000000
2018-02-26 10:05:57,0.00058324,245.00000000
2018-02-26 10:05:57,0.00058300,7.00000000
2018-02-26 10:05:57,0.00058300,72.00000000
2018-02-26 10:05:58,0.00058324,9.00000000
2018-02-26 10:05:58,0.00058301,14.00000000
2018-02-26 10:05:58,0.00058301,75.00000000
2018-02-26 10:05:58,0.00058300,19.00000000
2018-02-26 10:05:58,0.00058251,27.00000000
2018-02-26 10:05:58,0.00058251,20.00000000
2018-02-26 10:05:59,0.00058301,17.00000000
2018-02-26 10:05:59,0.00058301,4.00000000
2018-02-26 10:05:59,0.00058251,20.00000000
2018-02-26 10:05:59,0.00058301,33.00000000
2018-02-26 10:05:59,0.00058324,259.00000000
2018-02-26 10:05:59,0.00058325,538.00000000
2018-02-26 10:05:59,0.00058251,16.00000000
2018-02-26 10:05:59,0.00058250,51.00000000
2018-02-26 10:06:00,0.00058325,462.00000000
2018-02-26 10:06:00,0.00058328,10.00000000
2018-02-26 10:06:00,0.00058331,18.00000000
2018-02-26 10:06:00,0.00058331,6.00000000
2018-02-26 10:06:00,0.00058331,156.00000000
2018-02-26 10:06:01,0.00058331,112.00000000
2018-02-26 10:06:01,0.00058325,16.00000000
2018-02-26 10:06:01,0.00058325,18.00000000
2018-02-26 10:06:01,0.00058331,20.00000000
2018-02-26 10:06:01,0.00058398,29.00000000
2018-02-26 10:06:01,0.00058325,60.00000000
2018-02-26 10:06:01,0.00058325,25.00000000
2018-02-26 10:06:02,0.00058325,97.00000000
2018-02-26 10:06:02,0.00058398,49.00000000
2018-02-26 10:06:02,0.00058325,200.00000000
2018-02-26 10:06:03,0.00058398,52.00000000
2018-02-26 10:06:03,0.00058325,16.00000000
2018-02-26 10:06:03,0.00058326,30.00000000
2018-02-26 10:06:03,0.00058325,36.00000000
2018-02-26 10:06:03,0.00058398,17.00000000
2018-02-26 10:06:03,0.00058326,30.00000000
2018-02-26 10:06:03,0.00058325,90.00000000
2018-02-26 10:06:03,0.00058344,49.00000000
2018-02-26 10:06:04,0.00058398,49.00000000
2018-02-26 10:06:04,0.00058398,69.00000000
2018-02-26 10:06:04,0.00058344,35.00000000
2018-02-26 10:06:04,0.00058444,10.00000000
2018-02-26 10:06:04,0.00058470,7.00000000
2018-02-26 10:06:04,0.00058470,67.00000000
2018-02-26 10:06:04,0.00058472,96.00000000
2018-02-26 10:06:04,0.00058472,138.00000000
2018-02-26 10:06:04,0.00058486,16.00000000
2018-02-26 10:06:05,0.00058444,16.00000000
2018-02-26 10:06:05,0.00058444,10.00000000
2018-02-26 10:06:05,0.00058444,2.00000000
2018-02-26 10:06:05,0.00058444,22.00000000
2018-02-26 10:06:05,0.00058457,2.00000000
2018-02-26 10:06:05,0.00058485,251.00000000
2018-02-26 10:06:05,0.00058486,8.00000000
2018-02-26 10:06:05,0.00058490,50.00000000
2018-02-26 10:06:05,0.00058491,214.00000000
2018-02-26 10:06:05,0.00058444,91.00000000
2018-02-26 10:06:05,0.00058491,85.00000000
2018-02-26 10:06:05,0.00058497,29.00000000
2018-02-26 10:06:06,0.00058497,3.00000000
2018-02-26 10:06:06,0.00058497,11.00000000
2018-02-26 10:06:06,0.00058497,50.00000000
2018-02-26 10:06:06,0.00058444,40.00000000
2018-02-26 10:06:06,0.00058444,27.00000000
2018-02-26 10:06:06,0.00058486,4.00000000
2018-02-26 10:06:06,0.00058497,364.00000000
2018-02-26 10:06:06,0.00058486,6.00000000
2018-02-26 10:06:06,0.00058486,5.00000000
2018-02-26 10:06:06,0.00058486,10.00000000
2018-02-26 10:06:06,0.00058497,6.00000000
2018-02-26 10:06:06,0.00058486,172.00000000
2018-02-26 10:06:06,0.00058398,19.00000000
2018-02-26 10:06:06,0.00058350,9.00000000
2018-02-26 10:06:06,0.00058350,49.00000000
2018-02-26 10:06:06,0.00058350,49.00000000
2018-02-26 10:06:06,0.00058350,28.00000000
2018-02-26 10:06:07,0.00058485,55.00000000
2018-02-26 10:06:07,0.00058485,29.00000000
2018-02-26 10:06:07,0.00058486,87.00000000
2018-02-26 10:06:07,0.00058497,50.00000000
2018-02-26 10:06:07,0.00058498,30.00000000
2018-02-26 10:06:07,0.00058500,689.00000000
2018-02-26 10:06:07,0.00058355,7.00000000
2018-02-26 10:06:08,0.00058499,300.00000000
2018-02-26 10:06:08,0.00058500,551.00000000
2018-02-26 10:06:08,0.00058495,4.00000000
2018-02-26 10:06:08,0.00058360,4.00000000
2018-02-26 10:06:08,0.00058358,143.00000000
2018-02-26 10:06:08,0.00058500,100.00000000
2018-02-26 10:06:08,0.00058361,169.00000000
2018-02-26 10:06:08,0.00058359,51.00000000
2018-02-26 10:06:08,0.00058356,30.00000000
2018-02-26 10:06:08,0.00058350,1445.00000000
2018-02-26 10:06:08,0.00058339,8.00000000
2018-02-26 10:06:08,0.00058325,813.00000000
2018-02-26 10:06:08,0.00058325,30.00000000
2018-02-26 10:06:08,0.00058325,30.00000000
2018-02-26 10:06:09,0.00058325,917.00000000
2018-02-26 10:06:09,0.00058325,10.00000000
2018-02-26 10:06:09,0.00058352,30.00000000
2018-02-26 10:06:09,0.00058323,289.00000000
2018-02-26 10:06:09,0.00058500,116.00000000
2018-02-26 10:06:09,0.00058400,4.00000000
2018-02-26 10:06:09,0.00058500,327.00000000
2018-02-26 10:06:09,0.00058500,173.00000000
2018-02-26 10:06:09,0.00058500,4050.00000000
2018-02-26 10:06:10,0.00058400,1500.00000000
2018-02-26 10:06:10,0.00058400,90.00000000
2018-02-26 10:06:10,0.00058349,30.00000000
2018-02-26 10:06:10,0.00058300,434.00000000
2018-02-26 10:06:10,0.00058250,14.00000000
2018-02-26 10:06:10,0.00058219,130.00000000
2018-02-26 10:06:10,0.00058349,10.00000000
2018-02-26 10:06:10,0.00058214,23.00000000
2018-02-26 10:06:10,0.00058111,11.00000000
2018-02-26 10:06:10,0.00058498,10.00000000
2018-02-26 10:06:10,0.00058499,30.00000000
2018-02-26 10:06:10,0.00058500,41.00000000
2018-02-26 10:06:10,0.00058500,732.00000000
2018-02-26 10:06:10,0.00058498,6.00000000
2018-02-26 10:06:11,0.00058117,52.00000000
2018-02-26 10:06:11,0.00058118,22.00000000
2018-02-26 10:06:11,0.00058323,6.00000000
2018-02-26 10:06:11,0.00058486,13.00000000
2018-02-26 10:06:11,0.00058497,10.00000000
2018-02-26 10:06:11,0.00058498,45.00000000
2018-02-26 10:06:11,0.00058499,30.00000000
2018-02-26 10:06:11,0.00058500,111.00000000
2018-02-26 10:06:11,0.00058352,9.00000000
2018-02-26 10:06:11,0.00058323,11.00000000
2018-02-26 10:06:11,0.00058323,4.00000000
2018-02-26 10:06:11,0.00058323,22.00000000
2018-02-26 10:06:11,0.00058121,16.00000000
2018-02-26 10:06:11,0.00058121,36.00000000
2018-02-26 10:06:11,0.00058121,9.00000000
2018-02-26 10:06:11,0.00058121,34.00000000
2018-02-26 10:06:11,0.00058121,3.00000000
2018-02-26 10:06:11,0.00058121,8.00000000
2018-02-26 10:06:12,0.00058121,44.00000000
2018-02-26 10:06:12,0.00058121,13.00000000
2018-02-26 10:06:12,0.00058122,14.00000000
2018-02-26 10:06:12,0.00058122,11.00000000
2018-02-26 10:06:12,0.00058148,4.00000000
2018-02-26 10:06:12,0.00058499,234.00000000
2018-02-26 10:06:12,0.00058148,4.00000000
2018-02-26 10:06:12,0.00058150,15.00000000
2018-02-26 10:06:12,0.00058150,2.00000000
2018-02-26 10:06:12,0.00058151,17.00000000
2018-02-26 10:06:12,0.00058151,3.00000000
2018-02-26 10:06:12,0.00058150,47.00000000
2018-02-26 10:06:12,0.00058148,9.00000000
2018-02-26 10:06:12,0.00058123,14.00000000
2018-02-26 10:06:12,0.00058123,10.00000000
2018-02-26 10:06:12,0.00058151,5.00000000
2018-02-26 10:06:12,0.00058151,87.00000000
2018-02-26 10:06:12,0.00058151,3.00000000
2018-02-26 10:06:12,0.00058151,39.00000000
2018-02-26 10:06:12,0.00058123,6.00000000
2018-02-26 10:06:12,0.00058122,13.00000000
2018-02-26 10:06:12,0.00058123,17.00000000
2018-02-26 10:06:12,0.00058123,6.00000000
2018-02-26 10:06:12,0.00058123,9.00000000
2018-02-26 10:06:12,0.00058123,4.00000000
2018-02-26 10:06:12,0.00058123,6.00000000
2018-02-26 10:06:12,0.00058153,4.00000000
2018-02-26 10:06:12,0.00058123,6.00000000
2018-02-26 10:06:12,0.00058490,11.00000000
2018-02-26 10:06:12,0.00058151,14.00000000
2018-02-26 10:06:12,0.00058151,5.00000000
2018-02-26 10:06:12,0.00058151,8.00000000
2018-02-26 10:06:12,0.00058151,2.00000000
2018-02-26 10:06:12,0.00058151,8.00000000
2018-02-26 10:06:12,0.00058151,52.00000000
2018-02-26 10:06:13,0.00058151,2.00000000
2018-02-26 10:06:13,0.00058124,14.00000000
2018-02-26 10:06:13,0.00058124,7.00000000
2018-02-26 10:06:13,0.00058124,12.00000000
2018-02-26 10:06:13,0.00058124,4.00000000
2018-02-26 10:06:13,0.00058124,9.00000000
2018-02-26 10:06:13,0.00058124,5.00000000
2018-02-26 10:06:13,0.00058123,7.00000000
2018-02-26 10:06:13,0.00058488,227.00000000
2018-02-26 10:06:13,0.00058490,11.00000000
2018-02-26 10:06:13,0.00058491,180.00000000
2018-02-26 10:06:13,0.00058494,4.00000000
2018-02-26 10:06:13,0.00058498,324.00000000
2018-02-26 10:06:13,0.00058499,238.00000000
2018-02-26 10:06:13,0.00058500,4016.00000000
2018-02-26 10:06:13,0.00058120,18.00000000
2018-02-26 10:06:13,0.00058121,10.00000000
2018-02-26 10:06:13,0.00058121,7.00000000
2018-02-26 10:06:13,0.00058121,6.00000000
2018-02-26 10:06:13,0.00058121,7.00000000
2018-02-26 10:06:13,0.00058121,4.00000000
2018-02-26 10:06:13,0.00058121,16.00000000
2018-02-26 10:06:13,0.00058122,6.00000000
2018-02-26 10:06:13,0.00058122,7.00000000
2018-02-26 10:06:13,0.00058158,2.00000000
2018-02-26 10:06:13,0.00058158,6.00000000
2018-02-26 10:06:13,0.00058158,9.00000000
2018-02-26 10:06:13,0.00058122,7.00000000
2018-02-26 10:06:13,0.00058122,41.00000000
2018-02-26 10:06:13,0.00058124,38.00000000
2018-02-26 10:06:13,0.00058124,10.00000000
2018-02-26 10:06:13,0.00058124,55.00000000
2018-02-26 10:06:13,0.00058124,5.00000000
2018-02-26 10:06:13,0.00058124,61.00000000
2018-02-26 10:06:13,0.00058122,93.00000000
2018-02-26 10:06:13,0.00058121,15.00000000
2018-02-26 10:06:13,0.00058122,93.00000000
2018-02-26 10:06:13,0.00058122,44.00000000
2018-02-26 10:06:13,0.00058121,4.00000000
2018-02-26 10:06:14,0.00058121,5.00000000
2018-02-26 10:06:14,0.00058121,5.00000000
2018-02-26 10:06:14,0.00058445,11.00000000
2018-02-26 10:06:14,0.00058121,21.00000000
2018-02-26 10:06:14,0.00058121,4.00000000
2018-02-26 10:06:14,0.00058121,2.00000000
2018-02-26 10:06:14,0.00058121,4.00000000
2018-02-26 10:06:14,0.00058121,21.00000000
2018-02-26 10:06:14,0.00058141,4.00000000
2018-02-26 10:06:14,0.00058141,49.00000000
2018-02-26 10:06:14,0.00058141,4.00000000
2018-02-26 10:06:14,0.00058141,8.00000000
2018-02-26 10:06:14,0.00058141,6.00000000
2018-02-26 10:06:14,0.00058141,14.00000000
2018-02-26 10:06:14,0.00058141,9.00000000
2018-02-26 10:06:14,0.00058141,10.00000000
2018-02-26 10:06:14,0.00058141,9.00000000
2018-02-26 10:06:14,0.00058121,15.00000000
2018-02-26 10:06:14,0.00058121,13.00000000
2018-02-26 10:06:14,0.00058121,4.00000000
2018-02-26 10:06:14,0.00058481,51.00000000
2018-02-26 10:06:14,0.00058482,189.00000000
2018-02-26 10:06:14,0.00058483,134.00000000
2018-02-26 10:06:14,0.00058484,130.00000000
2018-02-26 10:06:14,0.00058486,154.00000000
2018-02-26 10:06:14,0.00058500,2058.00000000
2018-02-26 10:06:14,0.00058122,5.00000000
2018-02-26 10:06:14,0.00058122,10.00000000
2018-02-26 10:06:14,0.00058122,68.00000000
2018-02-26 10:06:15,0.00058122,4.00000000
2018-02-26 10:06:15,0.00058122,3.00000000
2018-02-26 10:06:15,0.00058122,9.00000000
2018-02-26 10:06:15,0.00058123,4.00000000
2018-02-26 10:06:15,0.00058124,4.00000000
2018-02-26 10:06:15,0.00058127,4.00000000
2018-02-26 10:06:15,0.00058125,4.00000000
2018-02-26 10:06:15,0.00058483,30.00000000
2018-02-26 10:06:15,0.00058484,73.00000000
2018-02-26 10:06:15,0.00058125,4.00000000
2018-02-26 10:06:15,0.00058125,26.00000000
2018-02-26 10:06:15,0.00058125,4.00000000
2018-02-26 10:06:15,0.00058125,13.00000000
2018-02-26 10:06:15,0.00058125,9.00000000
2018-02-26 10:06:15,0.00058125,10.00000000
2018-02-26 10:06:15,0.00058125,15.00000000
2018-02-26 10:06:15,0.00058125,6.00000000
2018-02-26 10:06:15,0.00058125,5.00000000
2018-02-26 10:06:15,0.00058126,4.00000000
2018-02-26 10:06:15,0.00058126,4.00000000
2018-02-26 10:06:15,0.00058126,7.00000000
2018-02-26 10:06:16,0.00058126,4.00000000
2018-02-26 10:06:16,0.00058129,7.00000000
2018-02-26 10:06:16,0.00058129,2.00000000
2018-02-26 10:06:16,0.00058353,26.00000000
2018-02-26 10:06:16,0.00058353,16.00000000
2018-02-26 10:06:16,0.00058353,8.00000000
2018-02-26 10:06:16,0.00058129,18.00000000
2018-02-26 10:06:16,0.00058129,3.00000000
2018-02-26 10:06:16,0.00058129,48.00000000
2018-02-26 10:06:16,0.00058129,18.00000000
2018-02-26 10:06:16,0.00058129,57.00000000
2018-02-26 10:06:16,0.00058130,5.00000000
2018-02-26 10:06:16,0.00058132,50.00000000
2018-02-26 10:06:16,0.00058132,4.00000000
2018-02-26 10:06:16,0.00058132,44.00000000
2018-02-26 10:06:16,0.00058130,15.00000000
2018-02-26 10:06:16,0.00058126,72.00000000
2018-02-26 10:06:16,0.00058124,338.00000000
2018-02-26 10:06:16,0.00058123,949.00000000
2018-02-26 10:06:16,0.00058122,102.00000000
2018-02-26 10:06:16,0.00058121,124.00000000
2018-02-26 10:06:16,0.00058121,42.00000000
2018-02-26 10:06:16,0.00058300,196.00000000
2018-02-26 10:06:16,0.00058299,67.00000000
2018-02-26 10:06:16,0.00058299,130.00000000
2018-02-26 10:06:16,0.00058123,10.00000000
2018-02-26 10:06:17,0.00058297,38.00000000
2018-02-26 10:06:17,0.00058123,4.00000000
2018-02-26 10:06:17,0.00058123,8.00000000
2018-02-26 10:06:17,0.00058127,3.00000000
2018-02-26 10:06:17,0.00058127,64.00000000
2018-02-26 10:06:17,0.00058293,156.00000000
2018-02-26 10:06:17,0.00058295,20.00000000
2018-02-26 10:06:17,0.00058296,7.00000000
2018-02-26 10:06:18,0.00058181,12.00000000
2018-02-26 10:06:18,0.00058181,15.00000000
2018-02-26 10:06:18,0.00058181,5.00000000
2018-02-26 10:06:18,0.00058182,4.00000000
2018-02-26 10:06:18,0.00058182,6.00000000
2018-02-26 10:06:18,0.00058181,58.00000000
2018-02-26 10:06:18,0.00058181,13.00000000
2018-02-26 10:06:18,0.00058181,4.00000000
2018-02-26 10:06:19,0.00058181,5.00000000
2018-02-26 10:06:19,0.00058181,2.00000000
2018-02-26 10:06:19,0.00058181,5.00000000
2018-02-26 10:06:19,0.00058290,91.00000000
2018-02-26 10:06:19,0.00058291,4.00000000
2018-02-26 10:06:19,0.00058292,8.00000000
2018-02-26 10:06:19,0.00058296,13.00000000
2018-02-26 10:06:19,0.00058297,132.00000000
2018-02-26 10:06:19,0.00058181,30.00000000
2018-02-26 10:06:19,0.00058181,24.00000000
2018-02-26 10:06:19,0.00058181,10.00000000
2018-02-26 10:06:20,0.00058181,35.00000000
2018-02-26 10:06:20,0.00058181,4.00000000
2018-02-26 10:06:20,0.00058290,86.00000000
2018-02-26 10:06:20,0.00058290,9.00000000
2018-02-26 10:06:20,0.00058181,16.00000000
2018-02-26 10:06:21,0.00058186,4.00000000
2018-02-26 10:06:21,0.00058181,3.00000000
2018-02-26 10:06:21,0.00058181,39.00000000
2018-02-26 10:06:21,0.00058181,715.00000000
2018-02-26 10:06:21,0.00058181,57.00000000
2018-02-26 10:06:21,0.00058181,8.00000000
2018-02-26 10:06:22,0.00058128,4.00000000
2018-02-26 10:06:22,0.00058124,14.00000000
2018-02-26 10:06:22,0.00058180,17.00000000
2018-02-26 10:06:22,0.00058180,20.00000000
2018-02-26 10:06:22,0.00058180,20.00000000
2018-02-26 10:06:22,0.00058180,5.00000000
2018-02-26 10:06:22,0.00058180,20.00000000
2018-02-26 10:06:22,0.00058180,17.00000000
2018-02-26 10:06:22,0.00058124,5.00000000
2018-02-26 10:06:22,0.00058180,9.00000000
2018-02-26 10:06:22,0.00058180,20.00000000
2018-02-26 10:06:22,0.00058180,17.00000000
2018-02-26 10:06:22,0.00058181,3.00000000
2018-02-26 10:06:23,0.00058181,17.00000000
2018-02-26 10:06:23,0.00058124,1.00000000
2018-02-26 10:06:23,0.00058123,19.00000000
2018-02-26 10:06:23,0.00058181,5.00000000
2018-02-26 10:06:23,0.00058124,68.00000000
2018-02-26 10:06:23,0.00058124,47.00000000
2018-02-26 10:06:24,0.00058124,53.00000000
2018-02-26 10:06:24,0.00058181,15.00000000
2018-02-26 10:06:24,0.00058123,5.00000000
2018-02-26 10:06:24,0.00058123,2.00000000
2018-02-26 10:06:24,0.00058123,387.00000000
2018-02-26 10:06:24,0.00058110,2.00000000
2018-02-26 10:06:24,0.00058101,12.00000000
2018-02-26 10:06:24,0.00058100,4.00000000
2018-02-26 10:06:24,0.00058090,63.00000000
2018-02-26 10:06:25,0.00058083,259.00000000
2018-02-26 10:06:25,0.00058083,100.00000000
2018-02-26 10:06:25,0.00058083,4.00000000
2018-02-26 10:06:25,0.00058039,21.00000000
2018-02-26 10:06:26,0.00058039,3.00000000
2018-02-26 10:06:26,0.00058083,9.00000000
2018-02-26 10:06:26,0.00058082,268.00000000
2018-02-26 10:06:26,0.00058043,2.00000000
2018-02-26 10:06:26,0.00058039,7.00000000
2018-02-26 10:06:26,0.00058039,12.00000000
2018-02-26 10:06:27,0.00058039,8.00000000
2018-02-26 10:06:27,0.00058039,37.00000000
2018-02-26 10:06:27,0.00058082,8.00000000
2018-02-26 10:06:27,0.00058025,15.00000000
2018-02-26 10:06:27,0.00058011,457.00000000
2018-02-26 10:06:27,0.00058001,51.00000000
2018-02-26 10:06:27,0.00058000,570.00000000
2018-02-26 10:06:27,0.00058000,3.00000000
2018-02-26 10:06:27,0.00058000,237.00000000
2018-02-26 10:06:27,0.00058000,3.00000000
2018-02-26 10:06:27,0.00058000,14.00000000
2018-02-26 10:06:28,0.00057975,7.00000000
2018-02-26 10:06:28,0.00057975,40.00000000
2018-02-26 10:06:28,0.00057975,31.00000000
2018-02-26 10:06:28,0.00057975,17.00000000
2018-02-26 10:06:28,0.00057975,489.00000000
2018-02-26 10:06:28,0.00058000,238.00000000
2018-02-26 10:06:28,0.00058000,12.00000000
2018-02-26 10:06:28,0.00057999,30.00000000
2018-02-26 10:06:28,0.00057999,30.00000000
2018-02-26 10:06:28,0.00057976,9.00000000
2018-02-26 10:06:28,0.00057999,30.00000000
2018-02-26 10:06:29,0.00057999,30.00000000
2018-02-26 10:06:29,0.00057998,6.00000000
2018-02-26 10:06:29,0.00057977,8.00000000
2018-02-26 10:06:30,0.00057923,30.00000000
2018-02-26 10:06:30,0.00057909,4.00000000
2018-02-26 10:06:30,0.00057884,55.00000000
2018-02-26 10:06:30,0.00057884,84.00000000
2018-02-26 10:06:30,0.00057857,204.00000000
2018-02-26 10:06:30,0.00057998,33.00000000
2018-02-26 10:06:30,0.00057999,30.00000000
2018-02-26 10:06:30,0.00058000,287.00000000
2018-02-26 10:06:30,0.00057998,14.00000000
2018-02-26 10:06:31,0.00057998,4.00000000
2018-02-26 10:06:31,0.00057998,4.00000000
2018-02-26 10:06:31,0.00057998,58.00000000
2018-02-26 10:06:31,0.00057862,4.00000000
2018-02-26 10:06:31,0.00057856,168.00000000
2018-02-26 10:06:31,0.00057854,8.00000000
2018-02-26 10:06:31,0.00057813,21.00000000
2018-02-26 10:06:32,0.00057993,3.00000000
2018-02-26 10:06:32,0.00057991,19.00000000
2018-02-26 10:06:32,0.00057816,10.00000000
2018-02-26 10:06:32,0.00057815,30.00000000
2018-02-26 10:06:32,0.00057813,17.00000000
2018-02-26 10:06:32,0.00057811,19.00000000
2018-02-26 10:06:32,0.00057808,2.00000000
2018-02-26 10:06:32,0.00057750,591.00000000
2018-02-26 10:06:32,0.00057749,88.00000000
2018-02-26 10:06:32,0.00057748,24.00000000
2018-02-26 10:06:32,0.00057731,4.00000000
2018-02-26 10:06:32,0.00057711,4.00000000
2018-02-26 10:06:32,0.00057700,30.00000000
2018-02-26 10:06:32,0.00057700,30.00000000
2018-02-26 10:06:32,0.00057700,1999.00000000
2018-02-26 10:06:32,0.00057989,10.00000000
2018-02-26 10:06:32,0.00057990,3.00000000
2018-02-26 10:06:32,0.00057990,27.00000000
2018-02-26 10:06:32,0.00057991,16.00000000
2018-02-26 10:06:32,0.00057815,30.00000000
2018-02-26 10:06:32,0.00057693,7.00000000
2018-02-26 10:06:32,0.00057677,40.00000000
2018-02-26 10:06:32,0.00057676,76.00000000
2018-02-26 10:06:33,0.00057884,14.00000000
2018-02-26 10:06:33,0.00057815,30.00000000
2018-02-26 10:06:33,0.00057700,17.00000000
2018-02-26 10:06:33,0.00057646,171.00000000
2018-02-26 10:06:33,0.00057988,11.00000000
2018-02-26 10:06:33,0.00057986,10.00000000
2018-02-26 10:06:33,0.00057987,30.00000000
2018-02-26 10:06:33,0.00057993,1.00000000
2018-02-26 10:06:33,0.00057999,16.00000000
2018-02-26 10:06:33,0.00057814,299.00000000
2018-02-26 10:06:33,0.00057814,17.00000000
2018-02-26 10:06:33,0.00057814,1266.00000000
2018-02-26 10:06:33,0.00057814,249.00000000
2018-02-26 10:06:33,0.00057814,31.00000000
2018-02-26 10:06:34,0.00057814,200.00000000
2018-02-26 10:06:34,0.00057814,933.00000000
2018-02-26 10:06:34,0.00057984,30.00000000
2018-02-26 10:06:34,0.00057985,14.00000000
2018-02-26 10:06:35,0.00057814,813.00000000
2018-02-26 10:06:35,0.00057707,4.00000000
2018-02-26 10:06:35,0.00057704,9.00000000
2018-02-26 10:06:35,0.00057978,75.00000000
2018-02-26 10:06:36,0.00057706,50.00000000
2018-02-26 10:06:36,0.00057705,173.00000000
2018-02-26 10:06:36,0.00057647,9.00000000
2018-02-26 10:06:36,0.00057633,27.00000000
2018-02-26 10:06:36,0.00057973,108.00000000
2018-02-26 10:06:36,0.00057974,469.00000000
2018-02-26 10:06:37,0.00057707,16.00000000
2018-02-26 10:06:37,0.00057784,171.00000000
2018-02-26 10:06:37,0.00057707,6.00000000
2018-02-26 10:06:37,0.00057884,17.00000000
2018-02-26 10:06:37,0.00057884,19.00000000
2018-02-26 10:06:37,0.00057884,19.00000000
2018-02-26 10:06:37,0.00057885,5.00000000
2018-02-26 10:06:37,0.00057885,5.00000000
2018-02-26 10:06:37,0.00057884,9.00000000
2018-02-26 10:06:37,0.00057884,18.00000000
2018-02-26 10:06:37,0.00057884,4.00000000
2018-02-26 10:06:38,0.00057884,22.00000000
2018-02-26 10:06:38,0.00057972,6.00000000
2018-02-26 10:06:39,0.00057713,4.00000000
2018-02-26 10:06:39,0.00057971,18.00000000
2018-02-26 10:06:39,0.00057944,4.00000000
2018-02-26 10:06:39,0.00057970,10.00000000
2018-02-26 10:06:39,0.00057971,33.00000000
2018-02-26 10:06:39,0.00057972,3.00000000
2018-02-26 10:06:39,0.00057972,3.00000000
2018-02-26 10:06:39,0.00057730,3.00000000
2018-02-26 10:06:40,0.00057943,25.00000000
2018-02-26 10:06:40,0.00057966,4.00000000
2018-02-26 10:06:40,0.00057971,30.00000000
2018-02-26 10:06:40,0.00057974,86.00000000
2018-02-26 10:06:40,0.00057733,77.00000000
2018-02-26 10:06:40,0.00057739,2.00000000
2018-02-26 10:06:41,0.00057739,3.00000000
2018-02-26 10:06:42,0.00057740,5.00000000
2018-02-26 10:06:42,0.00057839,10.00000000
2018-02-26 10:06:43,0.00057837,3.00000000
2018-02-26 10:06:43,0.00057832,4.00000000
2018-02-26 10:06:43,0.00057834,45.00000000
2018-02-26 10:06:44,0.00057834,20.00000000
2018-02-26 10:06:44,0.00057746,4.00000000
2018-02-26 10:06:44,0.00057834,13.00000000
2018-02-26 10:06:44,0.00057745,4.00000000
2018-02-26 10:06:45,0.00057833,76.00000000
2018-02-26 10:06:45,0.00057834,3.00000000
2018-02-26 10:06:45,0.00057834,8.00000000
2018-02-26 10:06:45,0.00057836,17.00000000
2018-02-26 10:06:45,0.00057836,148.00000000
2018-02-26 10:06:45,0.00057836,8.00000000
2018-02-26 10:06:45,0.00057839,17.00000000
2018-02-26 10:06:45,0.00057839,23.00000000
2018-02-26 10:06:45,0.00057839,17.00000000
2018-02-26 10:06:46,0.00057899,16.00000000
2018-02-26 10:06:46,0.00057834,2.00000000
2018-02-26 10:06:46,0.00057834,17.00000000
2018-02-26 10:06:46,0.00057834,8.00000000
2018-02-26 10:06:47,0.00057834,5.00000000
2018-02-26 10:06:48,0.00057835,13.00000000
2018-02-26 10:06:48,0.00057898,8.00000000
2018-02-26 10:06:48,0.00057899,9.00000000
2018-02-26 10:06:48,0.00057899,10.00000000
2018-02-26 10:06:48,0.00057834,5.00000000
2018-02-26 10:06:49,0.00057899,19.00000000
2018-02-26 10:06:50,0.00057834,8.00000000
2018-02-26 10:06:50,0.00057835,4.00000000
2018-02-26 10:06:50,0.00057835,4.00000000
2018-02-26 10:06:50,0.00057899,5.00000000
2018-02-26 10:06:51,0.00057899,5.00000000
2018-02-26 10:06:51,0.00057899,4.00000000
2018-02-26 10:06:51,0.00057837,25.00000000
2018-02-26 10:06:51,0.00057899,2.00000000
2018-02-26 10:06:52,0.00057837,299.00000000
2018-02-26 10:06:52,0.00057836,201.00000000
2018-02-26 10:06:52,0.00057836,4.00000000
2018-02-26 10:06:52,0.00057899,56.00000000
2018-02-26 10:06:52,0.00057900,287.00000000
2018-02-26 10:06:53,0.00057900,24.00000000
2018-02-26 10:06:53,0.00057900,16.00000000
2018-02-26 10:06:54,0.00057850,12.00000000
2018-02-26 10:06:54,0.00057900,50.00000000
2018-02-26 10:06:54,0.00057900,2.00000000
2018-02-26 10:06:54,0.00057900,9.00000000
2018-02-26 10:06:55,0.00057900,8.00000000
2018-02-26 10:06:55,0.00057900,15.00000000
2018-02-26 10:06:55,0.00057952,5.00000000
2018-02-26 10:06:55,0.00057972,12.00000000
2018-02-26 10:06:55,0.00057979,86.00000000
2018-02-26 10:06:57,0.00057979,28.00000000
2018-02-26 10:06:57,0.00057979,4.00000000
2018-02-26 10:06:57,0.00058000,55.00000000
2018-02-26 10:06:57,0.00058000,604.00000000
2018-02-26 10:06:57,0.00058023,12.00000000
2018-02-26 10:06:58,0.00058000,1.00000000
2018-02-26 10:06:58,0.00057902,27.00000000
2018-02-26 10:06:58,0.00058037,10.00000000
2018-02-26 10:06:59,0.00057907,4.00000000
2018-02-26 10:06:59,0.00057906,51.00000000
2018-02-26 10:06:59,0.00057901,30.00000000
2018-02-26 10:06:59,0.00057900,47.00000000
2018-02-26 10:07:00,0.00058017,27.00000000
2018-02-26 10:07:00,0.00058019,4.00000000
2018-02-26 10:07:00,0.00058036,150.00000000
2018-02-26 10:07:00,0.00058036,9.00000000
2018-02-26 10:07:00,0.00058037,13.00000000
2018-02-26 10:07:01,0.00057980,25.00000000
2018-02-26 10:07:01,0.00058036,4.00000000
2018-02-26 10:07:01,0.00058036,129.00000000
2018-02-26 10:07:01,0.00058036,17.00000000
2018-02-26 10:07:01,0.00058037,1.00000000
2018-02-26 10:07:01,0.00058063,15.00000000
2018-02-26 10:07:01,0.00058084,16.00000000
2018-02-26 10:07:01,0.00058091,3.00000000
2018-02-26 10:07:01,0.00058099,15.00000000
2018-02-26 10:07:01,0.00058036,9.00000000
2018-02-26 10:07:01,0.00057980,7.00000000
2018-02-26 10:07:01,0.00057980,117.00000000
2018-02-26 10:07:01,0.00057980,26.00000000
2018-02-26 10:07:01,0.00057980,25.00000000
2018-02-26 10:07:02,0.00057980,92.00000000
2018-02-26 10:07:02,0.00058034,2.00000000
2018-02-26 10:07:02,0.00057980,457.00000000
2018-02-26 10:07:02,0.00057980,203.00000000
2018-02-26 10:07:02,0.00057979,6.00000000
2018-02-26 10:07:04,0.00058000,4.00000000
2018-02-26 10:07:04,0.00058000,3.00000000
2018-02-26 10:07:04,0.00058000,8.00000000
2018-02-26 10:07:04,0.00058000,3.00000000
2018-02-26 10:07:04,0.00058000,4.00000000
2018-02-26 10:07:04,0.00058028,1.00000000
2018-02-26 10:07:05,0.00058000,60.00000000
2018-02-26 10:07:05,0.00058000,27.00000000
2018-02-26 10:07:05,0.00057998,3.00000000
2018-02-26 10:07:05,0.00057998,13.00000000
2018-02-26 10:07:05,0.00057998,26.00000000
2018-02-26 10:07:05,0.00058027,6.00000000
2018-02-26 10:07:05,0.00058027,10.00000000
2018-02-26 10:07:05,0.00058027,7.00000000
2018-02-26 10:07:05,0.00058027,17.00000000
2018-02-26 10:07:05,0.00057910,4.00000000
2018-02-26 10:07:06,0.00057915,2.00000000
2018-02-26 10:07:06,0.00058022,4.00000000
2018-02-26 10:07:06,0.00058027,11.00000000
2018-02-26 10:07:06,0.00058028,3.00000000
2018-02-26 10:07:06,0.00058033,21.00000000
2018-02-26 10:07:06,0.00058000,61.00000000
2018-02-26 10:07:07,0.00058000,2.00000000
2018-02-26 10:07:07,0.00058000,215.00000000
2018-02-26 10:07:07,0.00057915,2.00000000
2018-02-26 10:07:07,0.00057903,171.00000000
2018-02-26 10:07:07,0.00057901,40.00000000
2018-02-26 10:07:07,0.00057900,157.00000000
2018-02-26 10:07:07,0.00058032,20.00000000
2018-02-26 10:07:07,0.00058033,17.00000000
2018-02-26 10:07:07,0.00058034,20.00000000
2018-02-26 10:07:07,0.00058091,138.00000000
2018-02-26 10:07:07,0.00058098,38.00000000
2018-02-26 10:07:07,0.00058030,6.00000000
2018-02-26 10:07:08,0.00058030,5.00000000
2018-02-26 10:07:08,0.00058030,5.00000000
2018-02-26 10:07:09,0.00057910,5.00000000
2018-02-26 10:07:09,0.00057910,8.00000000
2018-02-26 10:07:09,0.00057910,46.00000000
2018-02-26 10:07:10,0.00057910,138.00000000
2018-02-26 10:07:11,0.00057998,80.00000000
2018-02-26 10:07:11,0.00057998,10.00000000
2018-02-26 10:07:11,0.00057998,41.00000000
2018-02-26 10:07:12,0.00057916,10.00000000
2018-02-26 10:07:12,0.00057923,11.00000000
2018-02-26 10:07:13,0.00057923,13.00000000
2018-02-26 10:07:13,0.00057925,192.00000000
2018-02-26 10:07:13,0.00057925,2.00000000
2018-02-26 10:07:13,0.00057916,1.00000000
2018-02-26 10:07:13,0.00057911,38.00000000
2018-02-26 10:07:13,0.00057910,39.00000000
2018-02-26 10:07:15,0.00057925,5.00000000
2018-02-26 10:07:15,0.00057910,78.00000000
2018-02-26 10:07:15,0.00057925,185.00000000
2018-02-26 10:07:16,0.00057925,17.00000000
2018-02-26 10:07:16,0.00057992,21.00000000
2018-02-26 10:07:16,0.00057997,43.00000000
2018-02-26 10:07:16,0.00058000,102.00000000
2018-02-26 10:07:16,0.00058016,13.00000000
2018-02-26 10:07:16,0.00058025,44.00000000
2018-02-26 10:07:16,0.00058098,288.00000000
2018-02-26 10:07:16,0.00058179,51.00000000
2018-02-26 10:07:16,0.00058181,101.00000000
2018-02-26 10:07:16,0.00058200,41.00000000
2018-02-26 10:07:16,0.00058208,136.00000000
2018-02-26 10:07:17,0.00057927,13.00000000
2018-02-26 10:07:17,0.00058000,4.00000000
2018-02-26 10:07:17,0.00058178,1.00000000
2018-02-26 10:07:18,0.00057937,2.00000000
2018-02-26 10:07:18,0.00057998,13.00000000
2018-02-26 10:07:19,0.00058001,11.00000000
2018-02-26 10:07:19,0.00058000,109.00000000
2018-02-26 10:07:19,0.00058002,172.00000000
2018-02-26 10:07:20,0.00058171,45.00000000
2018-02-26 10:07:20,0.00058170,8.00000000
2018-02-26 10:07:20,0.00058169,5.00000000
2018-02-26 10:07:21,0.00058165,8.00000000
2018-02-26 10:07:21,0.00058009,4.00000000
2018-02-26 10:07:22,0.00058005,5.00000000
2018-02-26 10:07:22,0.00058004,23.00000000
2018-02-26 10:07:22,0.00058160,6.00000000
2018-02-26 10:07:22,0.00058004,6.00000000
2018-02-26 10:07:22,0.00058027,289.00000000
2018-02-26 10:07:22,0.00058005,8.00000000
2018-02-26 10:07:22,0.00058004,22.00000000
2018-02-26 10:07:22,0.00058003,8.00000000
2018-02-26 10:07:22,0.00058001,30.00000000
2018-02-26 10:07:22,0.00058000,1231.00000000
2018-02-26 10:07:22,0.00057950,23.00000000
2018-02-26 10:07:22,0.00057945,4.00000000
2018-02-26 10:07:22,0.00057927,1103.00000000
2018-02-26 10:07:22,0.00057925,12.00000000
2018-02-26 10:07:22,0.00057910,10.00000000
2018-02-26 10:07:22,0.00058099,123.00000000
2018-02-26 10:07:23,0.00058099,166.00000000
2018-02-26 10:07:23,0.00058002,22.00000000
2018-02-26 10:07:23,0.00058001,30.00000000
2018-02-26 10:07:23,0.00057910,71.00000000
2018-02-26 10:07:23,0.00058001,23.00000000
2018-02-26 10:07:23,0.00057910,17.00000000
2018-02-26 10:07:23,0.00058096,3.00000000
2018-02-26 10:07:24,0.00058094,4.00000000
2018-02-26 10:07:24,0.00058094,10.00000000
2018-02-26 10:07:24,0.00058094,4.00000000
2018-02-26 10:07:24,0.00058090,59.00000000
2018-02-26 10:07:24,0.00058004,54.00000000
2018-02-26 10:07:25,0.00058090,44.00000000
2018-02-26 10:07:25,0.00058092,7.00000000
2018-02-26 10:07:25,0.00058099,31.00000000
2018-02-26 10:07:25,0.00058120,44.00000000
2018-02-26 10:07:25,0.00058156,29.00000000
2018-02-26 10:07:25,0.00058159,30.00000000
2018-02-26 10:07:25,0.00058162,4.00000000
2018-02-26 10:07:25,0.00058162,30.00000000
2018-02-26 10:07:25,0.00058162,300.00000000
2018-02-26 10:07:25,0.00058162,5.00000000
2018-02-26 10:07:25,0.00058162,547.00000000
2018-02-26 10:07:25,0.00058000,28.00000000
2018-02-26 10:07:26,0.00058004,3.00000000
2018-02-26 10:07:26,0.00058069,4.00000000
2018-02-26 10:07:26,0.00058004,17.00000000
2018-02-26 10:07:27,0.00058000,36.00000000
2018-02-26 10:07:27,0.00057952,51.00000000
2018-02-26 10:07:27,0.00057910,778.00000000
2018-02-26 10:07:28,0.00058000,2.00000000
2018-02-26 10:07:28,0.00058000,15.00000000
2018-02-26 10:07:28,0.00058000,5.00000000
2018-02-26 10:07:29,0.00058000,98.00000000
2018-02-26 10:07:29,0.00058000,54.00000000
2018-02-26 10:07:30,0.00057916,4.00000000
2018-02-26 10:07:30,0.00057910,4.00000000
2018-02-26 10:07:30,0.00058000,5.00000000
2018-02-26 10:07:31,0.00057910,3.00000000
2018-02-26 10:07:32,0.00057999,8.00000000
2018-02-26 10:07:32,0.00058000,6.00000000
2018-02-26 10:07:32,0.00058000,466.00000000
2018-02-26 10:07:33,0.00058000,35.00000000
2018-02-26 10:07:33,0.00057910,5.00000000
2018-02-26 10:07:33,0.00057987,6.00000000
2018-02-26 10:07:34,0.00057987,16.00000000
2018-02-26 10:07:34,0.00058000,10.00000000
2018-02-26 10:07:34,0.00057987,20.00000000
2018-02-26 10:07:34,0.00058000,4.00000000
2018-02-26 10:07:34,0.00057987,43.00000000
2018-02-26 10:07:34,0.00057913,6.00000000
2018-02-26 10:07:35,0.00057979,19.00000000
2018-02-26 10:07:36,0.00057979,143.00000000
2018-02-26 10:07:36,0.00057979,84.00000000
2018-02-26 10:07:36,0.00058000,1463.00000000
2018-02-26 10:07:36,0.00058000,25.00000000
2018-02-26 10:07:37,0.00058000,10.00000000
2018-02-26 10:07:37,0.00058000,96.00000000
2018-02-26 10:07:37,0.00058000,52.00000000
2018-02-26 10:07:38,0.00058000,29.00000000
2018-02-26 10:07:38,0.00058000,24.00000000
2018-02-26 10:07:40,0.00058000,17.00000000
2018-02-26 10:07:40,0.00058000,63.00000000
2018-02-26 10:07:42,0.00057980,6.00000000
2018-02-26 10:07:42,0.00058000,33.00000000
2018-02-26 10:07:43,0.00057980,233.00000000
2018-02-26 10:07:43,0.00058000,10.00000000
2018-02-26 10:07:43,0.00057980,75.00000000
2018-02-26 10:07:43,0.00057950,88.00000000
2018-02-26 10:07:43,0.00058000,106.00000000
2018-02-26 10:07:44,0.00058000,28.00000000
2018-02-26 10:07:44,0.00057950,12.00000000
2018-02-26 10:07:44,0.00057913,47.00000000
2018-02-26 10:07:44,0.00058000,4.00000000
2018-02-26 10:07:45,0.00058000,4.00000000
2018-02-26 10:07:45,0.00057980,3.00000000
2018-02-26 10:07:45,0.00058000,4.00000000
2018-02-26 10:07:45,0.00057980,8.00000000
2018-02-26 10:07:46,0.00058000,6.00000000
2018-02-26 10:07:46,0.00058000,15.00000000
2018-02-26 10:07:46,0.00058000,2.00000000
2018-02-26 10:07:48,0.00058000,11.00000000
2018-02-26 10:07:48,0.00057950,98.00000000
2018-02-26 10:07:49,0.00058000,10.00000000
2018-02-26 10:07:49,0.00058000,23.00000000
2018-02-26 10:07:49,0.00058000,38.00000000
2018-02-26 10:07:51,0.00057958,23.00000000
2018-02-26 10:07:51,0.00057951,9.00000000
2018-02-26 10:07:51,0.00057950,486.00000000
2018-02-26 10:07:51,0.00057925,62.00000000
2018-02-26 10:07:53,0.00058000,23.00000000
2018-02-26 10:07:54,0.00058000,8.00000000
2018-02-26 10:07:54,0.00057926,5.00000000
2018-02-26 10:07:56,0.00057926,7.00000000
2018-02-26 10:07:56,0.00057925,267.00000000
2018-02-26 10:07:59,0.00057951,80.00000000
2018-02-26 10:07:59,0.00057925,175.00000000
2018-02-26 10:07:59,0.00057913,9.00000000
2018-02-26 10:07:59,0.00057910,16.00000000
2018-02-26 10:07:59,0.00057905,4.00000000
2018-02-26 10:07:59,0.00057901,15.00000000
2018-02-26 10:07:59,0.00057900,270.00000000
2018-02-26 10:07:59,0.00057899,49.00000000
2018-02-26 10:07:59,0.00057999,103.00000000
2018-02-26 10:08:01,0.00057925,39.00000000
2018-02-26 10:08:01,0.00057999,10.00000000
2018-02-26 10:08:01,0.00057925,181.00000000
2018-02-26 10:08:01,0.00057925,132.00000000
2018-02-26 10:08:04,0.00057926,311.00000000
2018-02-26 10:08:04,0.00057899,658.00000000
2018-02-26 10:08:04,0.00057999,12.00000000
2018-02-26 10:08:07,0.00057899,170.00000000
2018-02-26 10:08:07,0.00057899,246.00000000
2018-02-26 10:08:07,0.00057899,181.00000000
2018-02-26 10:08:07,0.00057856,282.00000000
2018-02-26 10:08:07,0.00057855,44.00000000
2018-02-26 10:08:07,0.00057855,112.00000000
2018-02-26 10:08:07,0.00057949,2.00000000
2018-02-26 10:08:08,0.00057904,4.00000000
2018-02-26 10:08:08,0.00057949,5.00000000
2018-02-26 10:08:08,0.00057890,210.00000000
2018-02-26 10:08:09,0.00057890,5.00000000
2018-02-26 10:08:09,0.00057867,5.00000000
2018-02-26 10:08:10,0.00057867,5.00000000
2018-02-26 10:08:11,0.00057867,4.00000000
2018-02-26 10:08:11,0.00057890,2.00000000
2018-02-26 10:08:12,0.00057890,2.00000000
2018-02-26 10:08:12,0.00057890,50.00000000
2018-02-26 10:08:13,0.00057867,16.00000000
2018-02-26 10:08:15,0.00057830,6.00000000
2018-02-26 10:08:16,0.00057867,3.00000000
2018-02-26 10:08:20,0.00057862,4.00000000
2018-02-26 10:08:20,0.00057886,2.00000000
2018-02-26 10:08:20,0.00057887,24.00000000
2018-02-26 10:08:21,0.00057886,10.00000000
2018-02-26 10:08:21,0.00057887,27.00000000
2018-02-26 10:08:21,0.00057888,32.00000000
2018-02-26 10:08:23,0.00057888,17.00000000
2018-02-26 10:08:24,0.00057850,4.00000000
2018-02-26 10:08:28,0.00057850,230.00000000
2018-02-26 10:08:28,0.00057867,8.00000000
2018-02-26 10:08:28,0.00057883,4.00000000
2018-02-26 10:08:28,0.00057888,1149.00000000
2018-02-26 10:08:28,0.00057890,116.00000000
2018-02-26 10:08:28,0.00057947,168.00000000
2018-02-26 10:08:28,0.00057949,23.00000000
2018-02-26 10:08:28,0.00057993,4.00000000
2018-02-26 10:08:28,0.00057998,324.00000000
2018-02-26 10:08:28,0.00057999,131.00000000
2018-02-26 10:08:28,0.00058000,1168.00000000
2018-02-26 10:08:28,0.00058000,30.00000000
2018-02-26 10:08:28,0.00058000,30.00000000
2018-02-26 10:08:28,0.00058000,30.00000000
2018-02-26 10:08:28,0.00058000,16.00000000
2018-02-26 10:08:28,0.00058001,10.00000000
2018-02-26 10:08:28,0.00058031,8.00000000
2018-02-26 10:08:29,0.00058031,35.00000000
2018-02-26 10:08:29,0.00058000,515.00000000
2018-02-26 10:08:29,0.00058064,4.00000000
2018-02-26 10:08:29,0.00058093,6.00000000
2018-02-26 10:08:31,0.00058092,3.00000000
2018-02-26 10:08:31,0.00058092,14.00000000
2018-02-26 10:08:32,0.00058001,324.00000000
2018-02-26 10:08:32,0.00058000,12.00000000
2018-02-26 10:08:32,0.00058092,18.00000000
2018-02-26 10:08:33,0.00058000,108.00000000
2018-02-26 10:08:33,0.00058092,12.00000000
2018-02-26 10:08:33,0.00058092,10.00000000
2018-02-26 10:08:33,0.00058092,297.00000000
2018-02-26 10:08:33,0.00058000,17.00000000
2018-02-26 10:08:34,0.00058099,25.00000000
2018-02-26 10:08:34,0.00058000,164.00000000
2018-02-26 10:08:35,0.00058000,72.00000000
2018-02-26 10:08:36,0.00058000,612.00000000
2018-02-26 10:08:36,0.00058099,5.00000000
2018-02-26 10:08:36,0.00058000,2829.00000000
2018-02-26 10:08:37,0.00058000,28.00000000
2018-02-26 10:08:37,0.00058000,4.00000000
2018-02-26 10:08:37,0.00058000,763.00000000
2018-02-26 10:08:37,0.00058000,6.00000000
2018-02-26 10:08:38,0.00058000,4.00000000
2018-02-26 10:08:38,0.00058000,23.00000000
2018-02-26 10:08:41,0.00057999,72.00000000
2018-02-26 10:08:41,0.00058000,2860.00000000
2018-02-26 10:08:42,0.00057903,72.00000000
2018-02-26 10:08:45,0.00057903,16.00000000
2018-02-26 10:08:45,0.00057999,168.00000000
2018-02-26 10:08:45,0.00058000,1268.00000000
2018-02-26 10:08:46,0.00058000,134.00000000
2018-02-26 10:08:46,0.00057995,4.00000000
2018-02-26 10:08:46,0.00058080,17.00000000
2018-02-26 10:08:46,0.00058080,3.00000000
2018-02-26 10:08:46,0.00058080,2.00000000
2018-02-26 10:08:46,0.00058080,12.00000000
2018-02-26 10:08:47,0.00058080,567.00000000
2018-02-26 10:08:48,0.00058000,3.00000000
2018-02-26 10:08:52,0.00058087,10.00000000
2018-02-26 10:08:52,0.00058088,4.00000000
2018-02-26 10:08:52,0.00058094,14.00000000
2018-02-26 10:08:52,0.00058099,2.00000000
2018-02-26 10:08:52,0.00058008,43.00000000
2018-02-26 10:08:53,0.00058000,4.00000000
2018-02-26 10:08:54,0.00058087,31.00000000
2018-02-26 10:08:54,0.00058087,5.00000000
2018-02-26 10:08:54,0.00058087,1.00000000
2018-02-26 10:08:54,0.00058005,4.00000000
2018-02-26 10:08:54,0.00057955,2.00000000
2018-02-26 10:08:54,0.00058085,3.00000000
2018-02-26 10:08:54,0.00058084,5.00000000
2018-02-26 10:08:55,0.00058084,4.00000000
2018-02-26 10:08:56,0.00058079,4.00000000
2018-02-26 10:08:56,0.00058084,1.00000000
2018-02-26 10:08:56,0.00058085,27.00000000
2018-02-26 10:08:56,0.00058085,38.00000000
2018-02-26 10:08:56,0.00058083,32.00000000
2018-02-26 10:08:56,0.00058088,508.00000000
2018-02-26 10:08:56,0.00058008,3.00000000
2018-02-26 10:08:57,0.00058088,125.00000000
2018-02-26 10:08:59,0.00058079,7.00000000
2018-02-26 10:09:02,0.00058074,2.00000000
2018-02-26 10:09:02,0.00058001,10.00000000
2018-02-26 10:09:02,0.00057999,156.00000000
2018-02-26 10:09:02,0.00057999,127.00000000
2018-02-26 10:09:02,0.00058074,2.00000000
2018-02-26 10:09:03,0.00058074,4.00000000
2018-02-26 10:09:03,0.00058079,186.00000000
2018-02-26 10:09:04,0.00057987,4.00000000
2018-02-26 10:09:04,0.00058050,639.00000000
2018-02-26 10:09:06,0.00058050,5.00000000
2018-02-26 10:09:06,0.00057982,4.00000000
2018-02-26 10:09:06,0.00057977,386.00000000
2018-02-26 10:09:06,0.00057977,151.00000000
2018-02-26 10:09:06,0.00058050,188.00000000
2018-02-26 10:09:09,0.00057977,102.00000000
2018-02-26 10:09:09,0.00058000,13.00000000
2018-02-26 10:09:09,0.00058000,4.00000000
2018-02-26 10:09:10,0.00057982,7.00000000
2018-02-26 10:09:10,0.00057992,6.00000000
2018-02-26 10:09:10,0.00058000,11.00000000
2018-02-26 10:09:12,0.00058000,10.00000000
2018-02-26 10:09:13,0.00058000,258.00000000
2018-02-26 10:09:14,0.00058000,153.00000000
2018-02-26 10:09:15,0.00058000,725.00000000
2018-02-26 10:09:19,0.00058000,4.00000000
2018-02-26 10:09:19,0.00058000,216.00000000
2018-02-26 10:09:20,0.00058000,79.00000000
2018-02-26 10:09:22,0.00058000,939.00000000
2018-02-26 10:09:23,0.00057987,193.00000000
2018-02-26 10:09:23,0.00057983,9.00000000
2018-02-26 10:09:23,0.00057982,38.00000000
2018-02-26 10:09:23,0.00057976,4.00000000
2018-02-26 10:09:27,0.00057976,13.00000000
2018-02-26 10:09:28,0.00057976,37.00000000
2018-02-26 10:09:28,0.00057999,73.00000000
2018-02-26 10:09:29,0.00057966,4.00000000
2018-02-26 10:09:29,0.00057961,111.00000000
2018-02-26 10:09:29,0.00057950,300.00000000
2018-02-26 10:09:29,0.00057950,63.00000000
2018-02-26 10:09:31,0.00057950,4.00000000
2018-02-26 10:09:33,0.00057928,14.00000000
2018-02-26 10:09:33,0.00057926,11.00000000
2018-02-26 10:09:33,0.00057920,28.00000000
2018-02-26 10:09:33,0.00057917,4.00000000
2018-02-26 10:09:33,0.00057908,4.00000000
2018-02-26 10:09:33,0.00057904,37.00000000
2018-02-26 10:09:34,0.00057903,51.00000000
2018-02-26 10:09:34,0.00057902,345.00000000
2018-02-26 10:09:34,0.00057900,140.00000000
2018-02-26 10:09:34,0.00057900,541.00000000
2018-02-26 10:09:34,0.00057900,426.00000000
2018-02-26 10:09:34,0.00057900,14.00000000
2018-02-26 10:09:34,0.00057899,9.00000000
2018-02-26 10:09:35,0.00057899,25.00000000
2018-02-26 10:09:35,0.00057886,30.00000000
2018-02-26 10:09:35,0.00057899,3.00000000
2018-02-26 10:09:35,0.00057899,4.00000000
2018-02-26 10:09:36,0.00057899,30.00000000
2018-02-26 10:09:36,0.00057899,147.00000000
2018-02-26 10:09:36,0.00057899,9.00000000
2018-02-26 10:09:36,0.00057841,4.00000000
2018-02-26 10:09:37,0.00057899,24.00000000
2018-02-26 10:09:38,0.00057899,192.00000000
2018-02-26 10:09:38,0.00057900,113.00000000
2018-02-26 10:09:38,0.00057900,118.00000000
2018-02-26 10:09:38,0.00057900,141.00000000
2018-02-26 10:09:38,0.00057900,141.00000000
2018-02-26 10:09:38,0.00057900,141.00000000
2018-02-26 10:09:40,0.00057810,4.00000000
2018-02-26 10:09:40,0.00057805,4.00000000
2018-02-26 10:09:40,0.00057800,38.00000000
2018-02-26 10:09:42,0.00057809,18.00000000
2018-02-26 10:09:43,0.00057809,8.00000000
2018-02-26 10:09:43,0.00057800,42.00000000
2018-02-26 10:09:43,0.00057895,4.00000000
2018-02-26 10:09:43,0.00057900,1955.00000000
2018-02-26 10:09:44,0.00057807,4.00000000
2018-02-26 10:09:44,0.00057805,138.00000000
2018-02-26 10:09:44,0.00057928,3.00000000
2018-02-26 10:09:45,0.00057927,3.00000000
2018-02-26 10:09:46,0.00057925,32.00000000
2018-02-26 10:09:47,0.00057897,6.00000000
2018-02-26 10:09:47,0.00057897,6.00000000
2018-02-26 10:09:48,0.00057897,6.00000000
2018-02-26 10:09:48,0.00057897,6.00000000
2018-02-26 10:09:48,0.00057897,80.00000000
2018-02-26 10:09:49,0.00057897,4.00000000
2018-02-26 10:09:49,0.00057843,41.00000000
2018-02-26 10:09:49,0.00057843,400.00000000
2018-02-26 10:09:50,0.00057899,149.00000000
2018-02-26 10:09:50,0.00057904,3.00000000
2018-02-26 10:09:50,0.00057904,273.00000000
2018-02-26 10:09:50,0.00057922,3.00000000
2018-02-26 10:09:51,0.00057899,714.00000000
2018-02-26 10:09:52,0.00057900,3.00000000
2018-02-26 10:09:52,0.00057837,9.00000000
2018-02-26 10:09:52,0.00057900,16.00000000
2018-02-26 10:09:54,0.00057922,1.00000000
2018-02-26 10:09:54,0.00057928,1.00000000
2018-02-26 10:09:54,0.00057947,84.00000000
2018-02-26 10:09:56,0.00057945,3.00000000
2018-02-26 10:09:56,0.00057945,9.00000000
2018-02-26 10:09:56,0.00057947,221.00000000
2018-02-26 10:09:56,0.00057947,17.00000000
2018-02-26 10:09:57,0.00057900,500.00000000
2018-02-26 10:09:57,0.00057922,20.00000000
2018-02-26 10:09:58,0.00057947,11.00000000
2018-02-26 10:10:00,0.00057945,17.00000000
2018-02-26 10:10:00,0.00057922,183.00000000
2018-02-26 10:10:01,0.00057947,50.00000000
2018-02-26 10:10:03,0.00057922,40.00000000
2018-02-26 10:10:04,0.00057922,700.00000000
2018-02-26 10:10:05,0.00057922,690.00000000
2018-02-26 10:10:05,0.00057922,135.00000000
2018-02-26 10:10:05,0.00057900,33.00000000
2018-02-26 10:10:05,0.00057900,464.00000000
2018-02-26 10:10:05,0.00057947,64.00000000
2018-02-26 10:10:05,0.00057947,26.00000000
2018-02-26 10:10:05,0.00057945,124.00000000
2018-02-26 10:10:05,0.00057947,755.00000000
2018-02-26 10:10:06,0.00057947,5.00000000
2018-02-26 10:10:06,0.00057947,3.00000000
2018-02-26 10:10:07,0.00057947,23.00000000
2018-02-26 10:10:07,0.00057947,23.00000000
2018-02-26 10:10:08,0.00057947,5.00000000
2018-02-26 10:10:08,0.00057947,3.00000000
2018-02-26 10:10:09,0.00057947,6.00000000
2018-02-26 10:10:09,0.00057946,6.00000000
2018-02-26 10:10:10,0.00057946,7.00000000
2018-02-26 10:10:12,0.00057946,4.00000000
2018-02-26 10:10:12,0.00057946,7.00000000
2018-02-26 10:10:12,0.00057947,132.00000000
2018-02-26 10:10:13,0.00057947,444.00000000
2018-02-26 10:10:13,0.00057947,1225.00000000
2018-02-26 10:10:13,0.00057948,444.00000000
2018-02-26 10:10:14,0.00057948,2895.00000000
2018-02-26 10:10:14,0.00057950,403.00000000
2018-02-26 10:10:15,0.00057950,97.00000000
2018-02-26 10:10:15,0.00057999,249.00000000
2018-02-26 10:10:19,0.00058000,276.00000000
2018-02-26 10:10:19,0.00058000,305.00000000
2018-02-26 10:10:20,0.00058000,103.00000000
2018-02-26 10:10:20,0.00057946,47.00000000
2018-02-26 10:10:24,0.00058050,80.00000000
2018-02-26 10:10:26,0.00058050,5.00000000
2018-02-26 10:10:28,0.00058000,500.00000000
2018-02-26 10:10:29,0.00058050,7.00000000
2018-02-26 10:10:30,0.00058049,4.00000000
2018-02-26 10:10:30,0.00058000,98.00000000
2018-02-26 10:10:30,0.00057999,20.00000000
2018-02-26 10:10:32,0.00058046,345.00000000
2018-02-26 10:10:32,0.00058047,51.00000000
2018-02-26 10:10:32,0.00058048,10.00000000
2018-02-26 10:10:32,0.00058049,84.00000000
2018-02-26 10:10:32,0.00058050,846.00000000
2018-02-26 10:10:34,0.00058000,125.00000000
2018-02-26 10:10:35,0.00058000,9.00000000
2018-02-26 10:10:37,0.00058000,12.00000000
2018-02-26 10:10:40,0.00058000,7.00000000
2018-02-26 10:10:40,0.00058000,1036.00000000
2018-02-26 10:10:40,0.00057999,10.00000000
2018-02-26 10:10:42,0.00058000,306.00000000
2018-02-26 10:10:43,0.00058000,29.00000000
2018-02-26 10:10:44,0.00058000,1166.00000000
2018-02-26 10:10:46,0.00058042,4.00000000
2018-02-26 10:10:46,0.00058046,168.00000000
2018-02-26 10:10:49,0.00058046,2.00000000
2018-02-26 10:10:52,0.00058003,10.00000000
2018-02-26 10:10:52,0.00058002,16.00000000
2018-02-26 10:11:02,0.00058040,300.00000000
2018-02-26 10:11:02,0.00058040,154.00000000
2018-02-26 10:11:02,0.00058046,1325.00000000
2018-02-26 10:11:03,0.00058050,13.00000000
2018-02-26 10:11:03,0.00058046,13.00000000
2018-02-26 10:11:03,0.00058050,119.00000000
2018-02-26 10:11:04,0.00058046,110.00000000
2018-02-26 10:11:05,0.00058046,92.00000000
2018-02-26 10:11:05,0.00058009,9.00000000
2018-02-26 10:11:05,0.00058008,76.00000000
2018-02-26 10:11:05,0.00058002,281.00000000
2018-02-26 10:11:05,0.00058001,324.00000000
2018-02-26 10:11:05,0.00058000,277.00000000
2018-02-26 10:11:06,0.00058050,26.00000000
2018-02-26 10:11:08,0.00058050,69.00000000
2018-02-26 10:11:09,0.00058050,7.00000000
2018-02-26 10:11:10,0.00058002,262.00000000
2018-02-26 10:11:10,0.00058050,24.00000000
2018-02-26 10:11:11,0.00058050,232.00000000
2018-02-26 10:11:12,0.00058050,35.00000000
2018-02-26 10:11:12,0.00058050,65.00000000
2018-02-26 10:11:13,0.00058083,4.00000000
2018-02-26 10:11:13,0.00058088,60.00000000
2018-02-26 10:11:15,0.00058047,8.00000000
2018-02-26 10:11:15,0.00058046,100.00000000
2018-02-26 10:11:16,0.00058046,61.00000000
2018-02-26 10:11:16,0.00058046,231.00000000
2018-02-26 10:11:16,0.00058083,94.00000000
2018-02-26 10:11:16,0.00058083,77.00000000
2018-02-26 10:11:16,0.00058083,26.00000000
2018-02-26 10:11:16,0.00058083,86.00000000
2018-02-26 10:11:18,0.00058088,16.00000000
2018-02-26 10:11:20,0.00058088,5.00000000
2018-02-26 10:11:21,0.00058031,9.00000000
2018-02-26 10:11:21,0.00058022,91.00000000
2018-02-26 10:11:24,0.00058083,24.00000000
2018-02-26 10:11:24,0.00058083,53.00000000
2018-02-26 10:11:24,0.00058088,1475.00000000
2018-02-26 10:11:25,0.00058088,27.00000000
2018-02-26 10:11:26,0.00058032,9.00000000
2018-02-26 10:11:26,0.00058022,65.00000000
2018-02-26 10:11:27,0.00058088,47.00000000
2018-02-26 10:11:28,0.00058022,24.00000000
2018-02-26 10:11:31,0.00058088,5.00000000
2018-02-26 10:11:39,0.00058088,15.00000000
2018-02-26 10:11:39,0.00058088,32.00000000
2018-02-26 10:11:42,0.00058085,25.00000000
2018-02-26 10:11:43,0.00058085,72.00000000
2018-02-26 10:11:45,0.00058085,487.00000000
2018-02-26 10:11:45,0.00058088,105.00000000
2018-02-26 10:11:46,0.00058087,59.00000000
2018-02-26 10:11:46,0.00058087,21.00000000
2018-02-26 10:11:48,0.00058046,17.00000000
2018-02-26 10:11:48,0.00058033,320.00000000
2018-02-26 10:11:48,0.00058030,100.00000000
2018-02-26 10:11:48,0.00058022,77.00000000
2018-02-26 10:11:48,0.00058013,7.00000000
2018-02-26 10:11:48,0.00058008,14.00000000
2018-02-26 10:11:48,0.00058007,14.00000000
2018-02-26 10:11:48,0.00058003,193.00000000
2018-02-26 10:11:48,0.00058002,488.00000000
2018-02-26 10:11:48,0.00058000,770.00000000
2018-02-26 10:11:48,0.00058000,24.00000000
2018-02-26 10:11:50,0.00058087,19.00000000
2018-02-26 10:11:51,0.00058047,4.00000000
2018-02-26 10:11:51,0.00058033,34.00000000
2018-02-26 10:11:51,0.00058000,7760.00000000
2018-02-26 10:11:52,0.00058000,12.00000000
2018-02-26 10:11:54,0.00057999,5.00000000
2018-02-26 10:11:54,0.00057999,3.00000000
2018-02-26 10:11:55,0.00058000,500.00000000
2018-02-26 10:11:56,0.00057999,324.00000000
2018-02-26 10:11:56,0.00058000,72.00000000
2018-02-26 10:11:56,0.00058000,2.00000000
2018-02-26 10:11:57,0.00057972,5.00000000
2018-02-26 10:11:57,0.00057972,34.00000000
2018-02-26 10:11:59,0.00057972,20.00000000
2018-02-26 10:12:00,0.00057980,2.00000000
2018-02-26 10:12:00,0.00057980,14.00000000
2018-02-26 10:12:01,0.00057972,896.00000000
2018-02-26 10:12:01,0.00057912,62.00000000
2018-02-26 10:12:01,0.00057911,4.00000000
2018-02-26 10:12:01,0.00057910,600.00000000
2018-02-26 10:12:01,0.00057905,4202.00000000
2018-02-26 10:12:01,0.00057905,422.00000000
2018-02-26 10:12:01,0.00057905,149.00000000
2018-02-26 10:12:02,0.00057905,5.00000000
2018-02-26 10:12:02,0.00057905,192.00000000
2018-02-26 10:12:03,0.00057905,32.00000000
2018-02-26 10:12:03,0.00057905,36.00000000
2018-02-26 10:12:03,0.00057905,3.00000000
2018-02-26 10:12:04,0.00057905,162.00000000
2018-02-26 10:12:04,0.00057904,13.00000000
2018-02-26 10:12:05,0.00057904,3.00000000
2018-02-26 10:12:06,0.00057904,2.00000000
2018-02-26 10:12:06,0.00057905,111.00000000
2018-02-26 10:12:07,0.00057904,4.00000000
2018-02-26 10:12:07,0.00057904,10.00000000
2018-02-26 10:12:07,0.00057905,206.00000000
2018-02-26 10:12:08,0.00057905,145.00000000
2018-02-26 10:12:08,0.00057905,3.00000000
2018-02-26 10:12:09,0.00057905,39.00000000
2018-02-26 10:12:09,0.00057905,17.00000000
2018-02-26 10:12:10,0.00057905,6.00000000
2018-02-26 10:12:10,0.00057904,11.00000000
2018-02-26 10:12:10,0.00057900,238.00000000
2018-02-26 10:12:10,0.00057925,411.00000000
2018-02-26 10:12:10,0.00057925,60.00000000
2018-02-26 10:12:12,0.00057925,3.00000000
2018-02-26 10:12:12,0.00057925,615.00000000
2018-02-26 10:12:13,0.00057925,18.00000000
2018-02-26 10:12:13,0.00057925,3.00000000
2018-02-26 10:12:13,0.00057905,3.00000000
2018-02-26 10:12:13,0.00057900,15.00000000
2018-02-26 10:12:13,0.00057900,16.00000000
2018-02-26 10:12:13,0.00057900,120.00000000
2018-02-26 10:12:14,0.00057900,272.00000000
2018-02-26 10:12:14,0.00057925,3.00000000
2018-02-26 10:12:14,0.00057925,5.00000000
2018-02-26 10:12:16,0.00057925,40.00000000
2018-02-26 10:12:16,0.00057879,16.00000000
2018-02-26 10:12:18,0.00057879,4.00000000
2018-02-26 10:12:19,0.00057879,309.00000000
2018-02-26 10:12:22,0.00057925,63.00000000
2018-02-26 10:12:22,0.00057925,17.00000000
2018-02-26 10:12:23,0.00057879,121.00000000
2018-02-26 10:12:23,0.00057925,4.00000000
2018-02-26 10:12:28,0.00057925,6.00000000
2018-02-26 10:12:33,0.00057900,2.00000000
2018-02-26 10:12:34,0.00057900,17.00000000
2018-02-26 10:12:38,0.00057900,196.00000000
2018-02-26 10:12:41,0.00057900,8.00000000
2018-02-26 10:12:42,0.00057900,279.00000000
2018-02-26 10:12:43,0.00057925,13.00000000
2018-02-26 10:12:43,0.00057900,30.00000000
2018-02-26 10:12:45,0.00057900,274.00000000
2018-02-26 10:12:45,0.00057897,17.00000000
2018-02-26 10:12:45,0.00057880,360.00000000
2018-02-26 10:12:45,0.00057879,879.00000000
2018-02-26 10:12:45,0.00057850,22.00000000
2018-02-26 10:12:45,0.00057826,4.00000000
2018-02-26 10:12:45,0.00057816,12.00000000
2018-02-26 10:12:45,0.00057801,4.00000000
2018-02-26 10:12:45,0.00057800,1544.00000000
2018-02-26 10:12:45,0.00057925,15.00000000
2018-02-26 10:12:49,0.00057900,8.00000000
2018-02-26 10:12:52,0.00057901,25.00000000
2018-02-26 10:12:52,0.00057900,263.00000000
2018-02-26 10:12:54,0.00057900,741.00000000
2018-02-26 10:12:55,0.00057900,500.00000000
2018-02-26 10:12:56,0.00057920,4.00000000
2018-02-26 10:12:56,0.00057925,6.00000000
2018-02-26 10:12:56,0.00057900,377.00000000
2018-02-26 10:12:59,0.00057925,8.00000000
2018-02-26 10:12:59,0.00057920,41.00000000
2018-02-26 10:13:00,0.00057920,5.00000000
2018-02-26 10:13:01,0.00057920,53.00000000
2018-02-26 10:13:01,0.00057904,62.00000000
2018-02-26 10:13:01,0.00057900,182.00000000
2018-02-26 10:13:01,0.00057900,80.00000000
2018-02-26 10:13:01,0.00057880,288.00000000
2018-02-26 10:13:02,0.00057880,346.00000000
2018-02-26 10:13:02,0.00057880,2.00000000
2018-02-26 10:13:03,0.00057880,46.00000000
2018-02-26 10:13:04,0.00057818,311.00000000
2018-02-26 10:13:07,0.00057850,155.00000000
2018-02-26 10:13:07,0.00057880,13.00000000
2018-02-26 10:13:07,0.00057850,125.00000000
2018-02-26 10:13:08,0.00057880,60.00000000
2018-02-26 10:13:08,0.00057880,44.00000000
2018-02-26 10:13:09,0.00057850,1.00000000
2018-02-26 10:13:10,0.00057880,12.00000000
2018-02-26 10:13:10,0.00057850,62.00000000
