DATE,PRICE,VOLUME
2018-02-25 14:00:00,0.00059948,49.00000000
2018-02-25 14:00:00,0.00059956,44.00000000
2018-02-25 14:00:00,0.00059969,3.00000000
2018-02-25 14:00:00,0.00059972,94.00000000
2018-02-25 14:00:00,0.00059973,10.00000000
2018-02-25 14:00:00,0.00059974,490.00000000
2018-02-25 14:00:00,0.00059975,380.00000000
2018-02-25 14:00:00,0.00059976,62.00000000
2018-02-25 14:00:00,0.00059977,200.00000000
2018-02-25 14:00:00,0.00059978,203.00000000
2018-02-25 14:00:00,0.00059979,421.00000000
2018-02-25 14:00:00,0.00059980,288.00000000
2018-02-25 14:00:00,0.00059981,10.00000000
2018-02-25 14:00:00,0.00059987,400.00000000
2018-02-25 14:00:00,0.00059988,5.00000000
2018-02-25 14:00:00,0.00059989,7.00000000
2018-02-25 14:00:00,0.00059990,1163.00000000
2018-02-25 14:00:00,0.00059991,34.00000000
2018-02-25 14:00:00,0.00059995,1970.00000000
2018-02-25 14:00:00,0.00059996,703.00000000
2018-02-25 14:00:00,0.00059998,367.00000000
2018-02-25 14:00:00,0.00059999,2324.00000000
2018-02-25 14:00:00,0.00060000,21653.00000000
2018-02-25 14:00:00,0.00059979,9.00000000
2018-02-25 14:00:00,0.00060000,2879.00000000
2018-02-25 14:00:00,0.00060000,31.00000000
2018-02-25 14:00:05,0.00059989,9.00000000
2018-02-25 14:00:05,0.00059990,9.00000000
2018-02-25 14:00:05,0.00059999,10.00000000
2018-02-25 14:00:05,0.00060000,579.00000000
2018-02-25 14:00:05,0.00060000,27.00000000
2018-02-25 14:00:06,0.00060000,1614.00000000
2018-02-25 14:00:06,0.00059871,20.00000000
2018-02-25 14:00:06,0.00059870,4.00000000
2018-02-25 14:00:06,0.00059870,7.00000000
2018-02-25 14:00:07,0.00059999,20.00000000
2018-02-25 14:00:07,0.00060000,96.00000000
2018-02-25 14:00:09,0.00059997,11.00000000
2018-02-25 14:00:09,0.00059999,9.00000000
2018-02-25 14:00:09,0.00060000,6125.00000000
2018-02-25 14:00:09,0.00060000,147.00000000
2018-02-25 14:00:09,0.00060000,39.00000000
2018-02-25 14:00:09,0.00060000,100.00000000
2018-02-25 14:00:09,0.00060000,115.00000000
2018-02-25 14:00:09,0.00059904,4.00000000
2018-02-25 14:00:10,0.00060000,732.00000000
2018-02-25 14:00:10,0.00059904,4.00000000
2018-02-25 14:00:11,0.00059911,4.00000000
2018-02-25 14:00:11,0.00060000,36.00000000
2018-02-25 14:00:11,0.00060000,500.00000000
2018-02-25 14:00:11,0.00059911,286.00000000
2018-02-25 14:00:11,0.00059901,44.00000000
2018-02-25 14:00:11,0.00059901,3.00000000
2018-02-25 14:00:11,0.00060000,1207.00000000
2018-02-25 14:00:12,0.00059999,9.00000000
2018-02-25 14:00:12,0.00060000,249.00000000
2018-02-25 14:00:12,0.00060001,13.00000000
2018-02-25 14:00:12,0.00060024,34.00000000
2018-02-25 14:00:12,0.00060034,19.00000000
2018-02-25 14:00:12,0.00060036,2.00000000
2018-02-25 14:00:12,0.00060044,3.00000000
2018-02-25 14:00:12,0.00060046,4.00000000
2018-02-25 14:00:12,0.00060051,7.00000000
2018-02-25 14:00:12,0.00060070,92.00000000
2018-02-25 14:00:12,0.00060070,54.00000000
2018-02-25 14:00:12,0.00060071,46.00000000
2018-02-25 14:00:12,0.00060073,3.00000000
2018-02-25 14:00:12,0.00060080,2.00000000
2018-02-25 14:00:12,0.00060090,74.00000000
2018-02-25 14:00:12,0.00060098,10.00000000
2018-02-25 14:00:12,0.00060098,15.00000000
2018-02-25 14:00:12,0.00060100,352.00000000
2018-02-25 14:00:12,0.00060100,324.00000000
2018-02-25 14:00:12,0.00060100,176.00000000
2018-02-25 14:00:12,0.00060001,64.00000000
2018-02-25 14:00:12,0.00060000,455.00000000
2018-02-25 14:00:12,0.00060000,8.00000000
2018-02-25 14:00:12,0.00060000,193.00000000
2018-02-25 14:00:12,0.00060000,39.00000000
2018-02-25 14:00:12,0.00059999,28.00000000
2018-02-25 14:00:12,0.00059904,82.00000000
2018-02-25 14:00:12,0.00059904,49.00000000
2018-02-25 14:00:12,0.00059904,8.00000000
2018-02-25 14:00:12,0.00059999,52.00000000
2018-02-25 14:00:12,0.00059999,17.00000000
2018-02-25 14:00:13,0.00059950,2.00000000
2018-02-25 14:00:14,0.00059950,2.00000000
2018-02-25 14:00:15,0.00059950,4.00000000
2018-02-25 14:00:15,0.00059950,2.00000000
2018-02-25 14:00:15,0.00059999,9.00000000
2018-02-25 14:00:17,0.00059950,2.00000000
2018-02-25 14:00:17,0.00059950,63.00000000
2018-02-25 14:00:17,0.00059999,225.00000000
2018-02-25 14:00:18,0.00059999,151.00000000
2018-02-25 14:00:18,0.00059950,4.00000000
2018-02-25 14:00:19,0.00059999,546.00000000
2018-02-25 14:00:19,0.00059999,371.00000000
2018-02-25 14:00:19,0.00059999,74.00000000
2018-02-25 14:00:19,0.00059904,50.00000000
2018-02-25 14:00:19,0.00059997,71.00000000
2018-02-25 14:00:20,0.00059950,33.00000000
2018-02-25 14:00:20,0.00059997,631.00000000
2018-02-25 14:00:20,0.00060000,2611.00000000
2018-02-25 14:00:21,0.00059907,4.00000000
2018-02-25 14:00:21,0.00059904,46.00000000
2018-02-25 14:00:21,0.00059981,48.00000000
2018-02-25 14:00:21,0.00059996,9.00000000
2018-02-25 14:00:21,0.00059997,15.00000000
2018-02-25 14:00:21,0.00059997,50.00000000
2018-02-25 14:00:21,0.00059997,388.00000000
2018-02-25 14:00:21,0.00059950,38.00000000
2018-02-25 14:00:21,0.00059995,6.00000000
2018-02-25 14:00:22,0.00059978,4.00000000
2018-02-25 14:00:22,0.00059995,82.00000000
2018-02-25 14:00:24,0.00059995,622.00000000
2018-02-25 14:00:24,0.00059998,176.00000000
2018-02-25 14:00:26,0.00059998,247.00000000
2018-02-25 14:00:26,0.00059998,577.00000000
2018-02-25 14:00:26,0.00059999,10.00000000
2018-02-25 14:00:26,0.00060000,35.00000000
2018-02-25 14:00:26,0.00060100,100.00000000
2018-02-25 14:00:26,0.00060102,402.00000000
2018-02-25 14:00:29,0.00060100,14.00000000
2018-02-25 14:00:29,0.00060101,14.00000000
2018-02-25 14:00:30,0.00060101,96.00000000
2018-02-25 14:00:30,0.00060101,4.00000000
2018-02-25 14:00:30,0.00060100,8.00000000
2018-02-25 14:00:30,0.00060100,167.00000000
2018-02-25 14:00:31,0.00060101,322.00000000
2018-02-25 14:00:31,0.00060101,16.00000000
2018-02-25 14:00:31,0.00060101,399.00000000
2018-02-25 14:00:31,0.00060100,5.00000000
2018-02-25 14:00:31,0.00060100,16.00000000
2018-02-25 14:00:32,0.00060102,757.00000000
2018-02-25 14:00:34,0.00060102,58.00000000
2018-02-25 14:00:34,0.00060102,14.00000000
2018-02-25 14:00:34,0.00060103,17.00000000
2018-02-25 14:00:35,0.00060120,117.00000000
2018-02-25 14:00:36,0.00060103,40.00000000
2018-02-25 14:00:36,0.00060137,17.00000000
2018-02-25 14:00:36,0.00060153,30.00000000
2018-02-25 14:00:37,0.00060153,20.00000000
2018-02-25 14:00:37,0.00060103,76.00000000
2018-02-25 14:00:37,0.00060153,39.00000000
2018-02-25 14:00:37,0.00060153,16.00000000
2018-02-25 14:00:38,0.00060153,7.00000000
2018-02-25 14:00:39,0.00060153,26.00000000
2018-02-25 14:00:40,0.00060153,50.00000000
2018-02-25 14:00:40,0.00060153,48.00000000
2018-02-25 14:00:40,0.00060153,31.00000000
2018-02-25 14:00:40,0.00060153,35.00000000
2018-02-25 14:00:40,0.00060153,34.00000000
2018-02-25 14:00:41,0.00060159,30.00000000
2018-02-25 14:00:41,0.00060160,20.00000000
2018-02-25 14:00:41,0.00060162,2.00000000
2018-02-25 14:00:41,0.00060170,2.00000000
2018-02-25 14:00:41,0.00060173,4.00000000
2018-02-25 14:00:41,0.00060178,10.00000000
2018-02-25 14:00:41,0.00060180,74.00000000
2018-02-25 14:00:41,0.00060186,6.00000000
2018-02-25 14:00:41,0.00060188,4.00000000
2018-02-25 14:00:42,0.00060170,4.00000000
2018-02-25 14:00:42,0.00060170,377.00000000
2018-02-25 14:00:42,0.00060170,5.00000000
2018-02-25 14:00:43,0.00060192,50.00000000
2018-02-25 14:00:43,0.00060198,5.00000000
2018-02-25 14:00:43,0.00060200,14.00000000
2018-02-25 14:00:43,0.00060210,52.00000000
2018-02-25 14:00:43,0.00060221,2.00000000
2018-02-25 14:00:43,0.00060229,164.00000000
2018-02-25 14:00:43,0.00060199,25.00000000
2018-02-25 14:00:45,0.00060199,365.00000000
2018-02-25 14:00:45,0.00060170,87.00000000
2018-02-25 14:00:45,0.00060199,3.00000000
2018-02-25 14:00:46,0.00060199,1511.00000000
2018-02-25 14:00:48,0.00060154,6.00000000
2018-02-25 14:00:48,0.00060170,302.00000000
2018-02-25 14:00:48,0.00060170,32.00000000
2018-02-25 14:00:48,0.00060199,619.00000000
2018-02-25 14:00:48,0.00060199,2008.00000000
2018-02-25 14:00:49,0.00060199,104.00000000
2018-02-25 14:00:50,0.00060199,277.00000000
2018-02-25 14:00:50,0.00060199,100.00000000
2018-02-25 14:00:50,0.00060200,9.00000000
2018-02-25 14:00:50,0.00060223,16.00000000
2018-02-25 14:00:50,0.00060229,398.00000000
2018-02-25 14:00:50,0.00060231,10.00000000
2018-02-25 14:00:50,0.00060243,2.00000000
2018-02-25 14:00:50,0.00060246,6.00000000
2018-02-25 14:00:50,0.00060250,7.00000000
2018-02-25 14:00:50,0.00060199,21.00000000
2018-02-25 14:00:51,0.00060199,6.00000000
2018-02-25 14:00:51,0.00060199,15.00000000
2018-02-25 14:00:51,0.00060250,130.00000000
2018-02-25 14:00:51,0.00060199,18.00000000
2018-02-25 14:00:52,0.00060199,185.00000000
2018-02-25 14:00:52,0.00060199,40.00000000
2018-02-25 14:00:52,0.00060250,47.00000000
2018-02-25 14:00:53,0.00060199,39.00000000
2018-02-25 14:00:54,0.00060199,4.00000000
2018-02-25 14:00:55,0.00060223,16.00000000
2018-02-25 14:00:55,0.00060250,112.00000000
2018-02-25 14:00:55,0.00060255,20.00000000
2018-02-25 14:00:55,0.00060270,200.00000000
2018-02-25 14:00:55,0.00060290,7.00000000
2018-02-25 14:00:55,0.00060300,76.00000000
2018-02-25 14:00:57,0.00060200,30.00000000
2018-02-25 14:00:57,0.00060199,83.00000000
2018-02-25 14:00:57,0.00060255,3.00000000
2018-02-25 14:00:57,0.00060255,65.00000000
2018-02-25 14:00:58,0.00060255,4.00000000
2018-02-25 14:00:58,0.00060200,30.00000000
2018-02-25 14:00:58,0.00060199,14.00000000
2018-02-25 14:00:59,0.00060200,30.00000000
2018-02-25 14:00:59,0.00060200,30.00000000
2018-02-25 14:00:59,0.00060200,20.00000000
2018-02-25 14:00:59,0.00060200,8.00000000
2018-02-25 14:00:59,0.00060200,2.00000000
2018-02-25 14:00:59,0.00060199,8.00000000
2018-02-25 14:00:59,0.00060200,20.00000000
2018-02-25 14:00:59,0.00060199,177.00000000
2018-02-25 14:00:59,0.00060199,6.00000000
2018-02-25 14:01:00,0.00060202,4.00000000
2018-02-25 14:01:00,0.00060200,81.00000000
2018-02-25 14:01:03,0.00060297,4.00000000
2018-02-25 14:01:03,0.00060300,16.00000000
2018-02-25 14:01:03,0.00060358,4.00000000
2018-02-25 14:01:03,0.00060360,14.00000000
2018-02-25 14:01:03,0.00060367,20.00000000
2018-02-25 14:01:03,0.00060370,3.00000000
2018-02-25 14:01:03,0.00060372,4.00000000
2018-02-25 14:01:03,0.00060373,2.00000000
2018-02-25 14:01:03,0.00060377,3.00000000
2018-02-25 14:01:03,0.00060380,23.00000000
2018-02-25 14:01:03,0.00060385,4.00000000
2018-02-25 14:01:03,0.00060388,30.00000000
2018-02-25 14:01:03,0.00060390,74.00000000
2018-02-25 14:01:03,0.00060400,80.00000000
2018-02-25 14:01:03,0.00060400,49.00000000
2018-02-25 14:01:03,0.00060400,307.00000000
2018-02-25 14:01:03,0.00060203,20.00000000
2018-02-25 14:01:03,0.00060300,121.00000000
2018-02-25 14:01:05,0.00060214,30.00000000
2018-02-25 14:01:06,0.00060213,4.00000000
2018-02-25 14:01:06,0.00060211,10.00000000
2018-02-25 14:01:06,0.00060212,16.00000000
2018-02-25 14:01:06,0.00060270,2.00000000
2018-02-25 14:01:06,0.00060205,49.00000000
2018-02-25 14:01:07,0.00060206,4.00000000
2018-02-25 14:01:07,0.00060206,121.00000000
2018-02-25 14:01:08,0.00060386,3.00000000
2018-02-25 14:01:08,0.00060385,40.00000000
2018-02-25 14:01:08,0.00060386,25.00000000
2018-02-25 14:01:09,0.00060213,39.00000000
2018-02-25 14:01:09,0.00060211,10.00000000
2018-02-25 14:01:09,0.00060210,4.00000000
2018-02-25 14:01:09,0.00060368,49.00000000
2018-02-25 14:01:09,0.00060369,18.00000000
2018-02-25 14:01:09,0.00060384,29.00000000
2018-02-25 14:01:09,0.00060383,164.00000000
2018-02-25 14:01:09,0.00060384,1.00000000
2018-02-25 14:01:09,0.00060386,6.00000000
2018-02-25 14:01:10,0.00060384,30.00000000
2018-02-25 14:01:10,0.00060386,86.00000000
2018-02-25 14:01:11,0.00060216,166.00000000
2018-02-25 14:01:11,0.00060214,171.00000000
2018-02-25 14:01:11,0.00060209,301.00000000
2018-02-25 14:01:11,0.00060207,48.00000000
2018-02-25 14:01:11,0.00060206,40.00000000
2018-02-25 14:01:11,0.00060205,49.00000000
2018-02-25 14:01:11,0.00060203,14.00000000
2018-02-25 14:01:11,0.00060201,20.00000000
2018-02-25 14:01:11,0.00060200,1191.00000000
2018-02-25 14:01:12,0.00060360,15.00000000
2018-02-25 14:01:12,0.00060218,4.00000000
2018-02-25 14:01:13,0.00060354,31.00000000
2018-02-25 14:01:14,0.00060250,3.00000000
2018-02-25 14:01:14,0.00060300,155.00000000
2018-02-25 14:01:14,0.00060300,49.00000000
2018-02-25 14:01:14,0.00060300,102.00000000
2018-02-25 14:01:15,0.00060349,156.00000000
2018-02-25 14:01:15,0.00060349,10.00000000
2018-02-25 14:01:15,0.00060351,52.00000000
2018-02-25 14:01:15,0.00060354,1.00000000
2018-02-25 14:01:15,0.00060360,9.00000000
2018-02-25 14:01:15,0.00060370,12.00000000
2018-02-25 14:01:15,0.00060386,8.00000000
2018-02-25 14:01:15,0.00060387,5.00000000
2018-02-25 14:01:15,0.00060399,32.00000000
2018-02-25 14:01:15,0.00060300,159.00000000
2018-02-25 14:01:15,0.00060300,159.00000000
2018-02-25 14:01:15,0.00060300,111.00000000
2018-02-25 14:01:15,0.00060300,56.00000000
2018-02-25 14:01:15,0.00060300,48.00000000
2018-02-25 14:01:15,0.00060300,3.00000000
2018-02-25 14:01:16,0.00060300,7.00000000
2018-02-25 14:01:16,0.00060300,16.00000000
2018-02-25 14:01:17,0.00060350,26.00000000
2018-02-25 14:01:17,0.00060350,33.00000000
2018-02-25 14:01:17,0.00060399,67.00000000
2018-02-25 14:01:20,0.00060360,818.00000000
2018-02-25 14:01:20,0.00060360,100.00000000
2018-02-25 14:01:21,0.00060399,6.00000000
2018-02-25 14:01:21,0.00060360,54.00000000
2018-02-25 14:01:21,0.00060350,10.00000000
2018-02-25 14:01:21,0.00060250,3.00000000
2018-02-25 14:01:22,0.00060250,42.00000000
2018-02-25 14:01:22,0.00060250,50.00000000
2018-02-25 14:01:22,0.00060250,2.00000000
2018-02-25 14:01:23,0.00060250,13.00000000
2018-02-25 14:01:23,0.00060399,42.00000000
2018-02-25 14:01:23,0.00060400,150.00000000
2018-02-25 14:01:23,0.00060399,30.00000000
2018-02-25 14:01:23,0.00060400,153.00000000
2018-02-25 14:01:23,0.00060412,13.00000000
2018-02-25 14:01:23,0.00060416,3.00000000
2018-02-25 14:01:23,0.00060430,15.00000000
2018-02-25 14:01:23,0.00060431,3.00000000
2018-02-25 14:01:23,0.00060448,3.00000000
2018-02-25 14:01:23,0.00060449,107.00000000
2018-02-25 14:01:23,0.00060399,7.00000000
2018-02-25 14:01:23,0.00060253,54.00000000
2018-02-25 14:01:23,0.00060251,2.00000000
2018-02-25 14:01:27,0.00060388,18.00000000
2018-02-25 14:01:28,0.00060388,82.00000000
2018-02-25 14:01:28,0.00060387,2.00000000
2018-02-25 14:01:28,0.00060449,1.00000000
2018-02-25 14:01:28,0.00060385,61.00000000
2018-02-25 14:01:28,0.00060449,10.00000000
2018-02-25 14:01:28,0.00060451,2.00000000
2018-02-25 14:01:28,0.00060460,6.00000000
2018-02-25 14:01:28,0.00060468,26.00000000
2018-02-25 14:01:28,0.00060470,7.00000000
2018-02-25 14:01:28,0.00060474,4.00000000
2018-02-25 14:01:28,0.00060476,12.00000000
2018-02-25 14:01:28,0.00060480,11.00000000
2018-02-25 14:01:28,0.00060481,4.00000000
2018-02-25 14:01:28,0.00060497,40.00000000
2018-02-25 14:01:28,0.00060498,622.00000000
2018-02-25 14:01:29,0.00060399,39.00000000
2018-02-25 14:01:29,0.00060399,236.00000000
2018-02-25 14:01:29,0.00060399,43.00000000
2018-02-25 14:01:29,0.00060399,3.00000000
2018-02-25 14:01:29,0.00060399,113.00000000
2018-02-25 14:01:30,0.00060399,263.00000000
2018-02-25 14:01:31,0.00060498,200.00000000
2018-02-25 14:01:31,0.00060497,9.00000000
2018-02-25 14:01:31,0.00060399,2.00000000
2018-02-25 14:01:32,0.00060399,8.00000000
2018-02-25 14:01:32,0.00060399,2.00000000
2018-02-25 14:01:32,0.00060399,25.00000000
2018-02-25 14:01:33,0.00060402,2.00000000
2018-02-25 14:01:33,0.00060402,2.00000000
2018-02-25 14:01:33,0.00060399,735.00000000
2018-02-25 14:01:33,0.00060399,2.00000000
2018-02-25 14:01:34,0.00060399,69.00000000
2018-02-25 14:01:34,0.00060436,184.00000000
2018-02-25 14:01:34,0.00060450,139.00000000
2018-02-25 14:01:35,0.00060433,4.00000000
2018-02-25 14:01:35,0.00060450,45.00000000
2018-02-25 14:01:35,0.00060399,2.00000000
2018-02-25 14:01:35,0.00060402,2.00000000
2018-02-25 14:01:35,0.00060402,37.00000000
2018-02-25 14:01:35,0.00060402,18.00000000
2018-02-25 14:01:35,0.00060400,638.00000000
2018-02-25 14:01:36,0.00060400,8.00000000
2018-02-25 14:01:36,0.00060400,18.00000000
2018-02-25 14:01:37,0.00060450,276.00000000
2018-02-25 14:01:39,0.00060450,540.00000000
2018-02-25 14:01:39,0.00060450,18.00000000
2018-02-25 14:01:40,0.00060496,49.00000000
2018-02-25 14:01:40,0.00060499,998.00000000
2018-02-25 14:01:40,0.00060450,23.00000000
2018-02-25 14:01:40,0.00060450,1220.00000000
2018-02-25 14:01:41,0.00060400,32.00000000
2018-02-25 14:01:44,0.00060450,49.00000000
2018-02-25 14:01:45,0.00060450,2.00000000
2018-02-25 14:01:45,0.00060499,572.00000000
2018-02-25 14:01:46,0.00060499,15.00000000
2018-02-25 14:01:46,0.00060480,210.00000000
2018-02-25 14:01:46,0.00060400,4790.00000000
2018-02-25 14:01:46,0.00060499,210.00000000
2018-02-25 14:01:47,0.00060480,22.00000000
2018-02-25 14:01:47,0.00060499,259.00000000
2018-02-25 14:01:47,0.00060499,2.00000000
2018-02-25 14:01:47,0.00060500,94.00000000
2018-02-25 14:01:48,0.00060500,3425.00000000
2018-02-25 14:01:49,0.00060500,2.00000000
2018-02-25 14:01:49,0.00060500,3.00000000
2018-02-25 14:01:49,0.00060507,21.00000000
2018-02-25 14:01:49,0.00060518,2.00000000
2018-02-25 14:01:49,0.00060520,25.00000000
2018-02-25 14:01:49,0.00060541,12.00000000
2018-02-25 14:01:49,0.00060542,57.00000000
2018-02-25 14:01:49,0.00060550,186.00000000
2018-02-25 14:01:49,0.00060552,25.00000000
2018-02-25 14:01:49,0.00060559,98.00000000
2018-02-25 14:01:49,0.00060500,191.00000000
2018-02-25 14:01:49,0.00060500,448.00000000
2018-02-25 14:01:49,0.00060500,201.00000000
2018-02-25 14:01:50,0.00060500,34.00000000
2018-02-25 14:01:50,0.00060500,8.00000000
2018-02-25 14:01:51,0.00060500,2.00000000
2018-02-25 14:01:51,0.00060500,113.00000000
2018-02-25 14:01:51,0.00060550,125.00000000
2018-02-25 14:01:51,0.00060559,106.00000000
2018-02-25 14:01:51,0.00060569,27.00000000
2018-02-25 14:01:52,0.00060500,16.00000000
2018-02-25 14:01:52,0.00060500,17.00000000
2018-02-25 14:01:52,0.00060500,209.00000000
2018-02-25 14:01:52,0.00060569,99.00000000
2018-02-25 14:01:53,0.00060500,9.00000000
2018-02-25 14:01:53,0.00060500,12.00000000
2018-02-25 14:01:53,0.00060500,706.00000000
2018-02-25 14:01:54,0.00060500,8.00000000
2018-02-25 14:01:54,0.00060569,62.00000000
2018-02-25 14:01:54,0.00060559,22.00000000
2018-02-25 14:01:54,0.00060559,118.00000000
2018-02-25 14:01:54,0.00060559,1.00000000
2018-02-25 14:01:55,0.00060500,49.00000000
2018-02-25 14:01:56,0.00060500,7.00000000
2018-02-25 14:01:56,0.00060557,20.00000000
2018-02-25 14:01:56,0.00060500,90.00000000
2018-02-25 14:01:57,0.00060557,4.00000000
2018-02-25 14:01:58,0.00060557,31.00000000
2018-02-25 14:01:58,0.00060557,120.00000000
2018-02-25 14:01:59,0.00060568,2.00000000
2018-02-25 14:01:59,0.00060569,86.00000000
2018-02-25 14:01:59,0.00060569,6.00000000
2018-02-25 14:01:59,0.00060569,154.00000000
2018-02-25 14:01:59,0.00060569,5.00000000
2018-02-25 14:01:59,0.00060569,3.00000000
2018-02-25 14:01:59,0.00060569,23.00000000
2018-02-25 14:01:59,0.00060569,21.00000000
2018-02-25 14:02:01,0.00060569,2.00000000
2018-02-25 14:02:02,0.00060569,2.00000000
2018-02-25 14:02:02,0.00060573,97.00000000
2018-02-25 14:02:02,0.00060574,2.00000000
2018-02-25 14:02:02,0.00060589,12.00000000
2018-02-25 14:02:02,0.00060590,74.00000000
2018-02-25 14:02:02,0.00060599,301.00000000
2018-02-25 14:02:03,0.00060599,263.00000000
2018-02-25 14:02:03,0.00060599,365.00000000
2018-02-25 14:02:03,0.00060599,49.00000000
2018-02-25 14:02:05,0.00060600,188.00000000
2018-02-25 14:02:05,0.00060600,557.00000000
2018-02-25 14:02:05,0.00060631,37.00000000
2018-02-25 14:02:05,0.00060632,25.00000000
2018-02-25 14:02:05,0.00060649,2.00000000
2018-02-25 14:02:05,0.00060650,221.00000000
2018-02-25 14:02:05,0.00060656,5.00000000
2018-02-25 14:02:05,0.00060659,2.00000000
2018-02-25 14:02:05,0.00060665,240.00000000
2018-02-25 14:02:05,0.00060670,7.00000000
2018-02-25 14:02:05,0.00060672,16.00000000
2018-02-25 14:02:05,0.00060673,28.00000000
2018-02-25 14:02:05,0.00060680,139.00000000
2018-02-25 14:02:05,0.00060697,189.00000000
2018-02-25 14:02:05,0.00060700,210.00000000
2018-02-25 14:02:05,0.00060707,5.00000000
2018-02-25 14:02:05,0.00060720,9.00000000
2018-02-25 14:02:05,0.00060727,308.00000000
2018-02-25 14:02:08,0.00060727,217.00000000
2018-02-25 14:02:08,0.00060733,301.00000000
2018-02-25 14:02:08,0.00060733,267.00000000
2018-02-25 14:02:08,0.00060727,6.00000000
2018-02-25 14:02:08,0.00060733,20.00000000
2018-02-25 14:02:09,0.00060727,41.00000000
2018-02-25 14:02:10,0.00060733,36.00000000
2018-02-25 14:02:10,0.00060727,10.00000000
2018-02-25 14:02:10,0.00060727,58.00000000
2018-02-25 14:02:10,0.00060727,58.00000000
2018-02-25 14:02:10,0.00060727,80.00000000
2018-02-25 14:02:10,0.00060727,80.00000000
2018-02-25 14:02:11,0.00060727,16.00000000
2018-02-25 14:02:11,0.00060727,12.00000000
2018-02-25 14:02:12,0.00060727,98.00000000
2018-02-25 14:02:12,0.00060602,49.00000000
2018-02-25 14:02:12,0.00060601,49.00000000
2018-02-25 14:02:12,0.00060600,110.00000000
2018-02-25 14:02:12,0.00060602,5.00000000
2018-02-25 14:02:14,0.00060716,16.00000000
2018-02-25 14:02:14,0.00060733,61.00000000
2018-02-25 14:02:15,0.00060727,3.00000000
2018-02-25 14:02:15,0.00060727,84.00000000
2018-02-25 14:02:15,0.00060650,2442.00000000
2018-02-25 14:02:15,0.00060650,85.00000000
2018-02-25 14:02:15,0.00060733,44.00000000
2018-02-25 14:02:15,0.00060650,98.00000000
2018-02-25 14:02:16,0.00060733,91.00000000
2018-02-25 14:02:16,0.00060745,36.00000000
2018-02-25 14:02:16,0.00060751,359.00000000
2018-02-25 14:02:16,0.00060761,1020.00000000
2018-02-25 14:02:16,0.00060772,500.00000000
2018-02-25 14:02:16,0.00060790,74.00000000
2018-02-25 14:02:16,0.00060792,24.00000000
2018-02-25 14:02:16,0.00060796,4.00000000
2018-02-25 14:02:16,0.00060797,54.00000000
2018-02-25 14:02:16,0.00060797,49.00000000
2018-02-25 14:02:16,0.00060797,28.00000000
2018-02-25 14:02:16,0.00060797,121.00000000
2018-02-25 14:02:16,0.00060797,2728.00000000
2018-02-25 14:02:16,0.00060797,1.00000000
2018-02-25 14:02:16,0.00060650,9.00000000
2018-02-25 14:02:16,0.00060652,14.00000000
2018-02-25 14:02:16,0.00060652,16.00000000
2018-02-25 14:02:17,0.00060727,83.00000000
2018-02-25 14:02:17,0.00060652,30.00000000
2018-02-25 14:02:17,0.00060650,91.00000000
2018-02-25 14:02:17,0.00060652,3.00000000
2018-02-25 14:02:18,0.00060650,56.00000000
2018-02-25 14:02:18,0.00060650,3.00000000
2018-02-25 14:02:20,0.00060650,10.00000000
2018-02-25 14:02:20,0.00060650,2.00000000
2018-02-25 14:02:21,0.00060650,15.00000000
2018-02-25 14:02:21,0.00060650,9.00000000
2018-02-25 14:02:21,0.00060650,4.00000000
2018-02-25 14:02:22,0.00060650,16.00000000
2018-02-25 14:02:23,0.00060650,61.00000000
2018-02-25 14:02:23,0.00060650,32.00000000
2018-02-25 14:02:23,0.00060708,35.00000000
2018-02-25 14:02:23,0.00060710,8.00000000
2018-02-25 14:02:23,0.00060730,274.00000000
2018-02-25 14:02:23,0.00060650,8.00000000
2018-02-25 14:02:24,0.00060708,12.00000000
2018-02-25 14:02:24,0.00060708,3.00000000
2018-02-25 14:02:25,0.00060708,45.00000000
2018-02-25 14:02:25,0.00060650,80.00000000
2018-02-25 14:02:25,0.00060650,4.00000000
2018-02-25 14:02:25,0.00060650,21.00000000
2018-02-25 14:02:25,0.00060650,9.00000000
2018-02-25 14:02:25,0.00060730,3.00000000
2018-02-25 14:02:25,0.00060650,25.00000000
2018-02-25 14:02:25,0.00060650,44.00000000
2018-02-25 14:02:27,0.00060650,9.00000000
2018-02-25 14:02:27,0.00060729,1.00000000
2018-02-25 14:02:28,0.00060728,2.00000000
2018-02-25 14:02:28,0.00060729,61.00000000
2018-02-25 14:02:29,0.00060729,24.00000000
2018-02-25 14:02:29,0.00060708,36.00000000
2018-02-25 14:02:30,0.00060728,10.00000000
2018-02-25 14:02:30,0.00060730,48.00000000
2018-02-25 14:02:33,0.00060729,11.00000000
2018-02-25 14:02:33,0.00060708,6.00000000
2018-02-25 14:02:34,0.00060727,11.00000000
2018-02-25 14:02:34,0.00060730,81.00000000
2018-02-25 14:02:34,0.00060733,24.00000000
2018-02-25 14:02:34,0.00060761,118.00000000
2018-02-25 14:02:34,0.00060708,146.00000000
2018-02-25 14:02:34,0.00060666,9.00000000
2018-02-25 14:02:34,0.00060708,6.00000000
2018-02-25 14:02:34,0.00060761,19.00000000
2018-02-25 14:02:36,0.00060730,16.00000000
2018-02-25 14:02:36,0.00060669,4.00000000
2018-02-25 14:02:36,0.00060666,27.00000000
2018-02-25 14:02:37,0.00060708,57.00000000
2018-02-25 14:02:38,0.00060666,164.00000000
2018-02-25 14:02:38,0.00060705,4.00000000
2018-02-25 14:02:38,0.00060708,156.00000000
2018-02-25 14:02:38,0.00060761,319.00000000
2018-02-25 14:02:38,0.00060651,9.00000000
2018-02-25 14:02:40,0.00060730,2.00000000
2018-02-25 14:02:41,0.00060730,66.00000000
2018-02-25 14:02:41,0.00060654,4.00000000
2018-02-25 14:02:41,0.00060651,12.00000000
2018-02-25 14:02:41,0.00060650,282.00000000
2018-02-25 14:02:42,0.00060730,2.00000000
2018-02-25 14:02:42,0.00060761,18.00000000
2018-02-25 14:02:42,0.00060761,301.00000000
2018-02-25 14:02:42,0.00060730,10.00000000
2018-02-25 14:02:42,0.00060730,14.00000000
2018-02-25 14:02:42,0.00060650,51.00000000
2018-02-25 14:02:43,0.00060650,9.00000000
2018-02-25 14:02:44,0.00060650,105.00000000
2018-02-25 14:02:45,0.00060660,69.00000000
2018-02-25 14:02:45,0.00060650,5.00000000
2018-02-25 14:02:45,0.00060650,372.00000000
2018-02-25 14:02:45,0.00060650,10.00000000
2018-02-25 14:02:46,0.00060650,387.00000000
2018-02-25 14:02:46,0.00060648,5.00000000
2018-02-25 14:02:46,0.00060602,4.00000000
2018-02-25 14:02:47,0.00060650,44.00000000
2018-02-25 14:02:48,0.00060602,2.00000000
2018-02-25 14:02:49,0.00060602,5.00000000
2018-02-25 14:02:49,0.00060650,3.00000000
2018-02-25 14:02:49,0.00060602,6.00000000
2018-02-25 14:02:50,0.00060602,10.00000000
2018-02-25 14:02:50,0.00060602,17.00000000
2018-02-25 14:02:50,0.00060649,5.00000000
2018-02-25 14:02:50,0.00060650,61.00000000
2018-02-25 14:02:51,0.00060602,20.00000000
2018-02-25 14:02:51,0.00060602,37.00000000
2018-02-25 14:02:51,0.00060602,19.00000000
2018-02-25 14:02:53,0.00060600,154.00000000
2018-02-25 14:02:53,0.00060600,5.00000000
2018-02-25 14:02:54,0.00060600,21.00000000
2018-02-25 14:02:55,0.00060600,71.00000000
2018-02-25 14:02:55,0.00060647,4.00000000
2018-02-25 14:02:55,0.00060650,32.00000000
2018-02-25 14:02:56,0.00060647,5.00000000
2018-02-25 14:02:56,0.00060650,43.00000000
2018-02-25 14:02:56,0.00060600,59.00000000
2018-02-25 14:02:56,0.00060600,41.00000000
2018-02-25 14:02:56,0.00060599,20.00000000
2018-02-25 14:02:57,0.00060599,44.00000000
2018-02-25 14:02:57,0.00060600,99.00000000
2018-02-25 14:02:58,0.00060599,149.00000000
2018-02-25 14:02:58,0.00060599,552.00000000
2018-02-25 14:02:58,0.00060599,20.00000000
2018-02-25 14:02:58,0.00060600,334.00000000
2018-02-25 14:02:58,0.00060650,281.00000000
2018-02-25 14:02:58,0.00060599,80.00000000
2018-02-25 14:02:59,0.00060599,339.00000000
2018-02-25 14:02:59,0.00060602,420.00000000
2018-02-25 14:02:59,0.00060602,4.00000000
2018-02-25 14:02:59,0.00060602,20.00000000
2018-02-25 14:03:00,0.00060602,126.00000000
2018-02-25 14:03:00,0.00060602,72.00000000
2018-02-25 14:03:00,0.00060599,1215.00000000
2018-02-25 14:03:01,0.00060575,3.00000000
2018-02-25 14:03:01,0.00060574,5.00000000
2018-02-25 14:03:02,0.00060599,132.00000000
2018-02-25 14:03:02,0.00060650,76.00000000
2018-02-25 14:03:02,0.00060660,2.00000000
2018-02-25 14:03:02,0.00060699,405.00000000
2018-02-25 14:03:03,0.00060503,50.00000000
2018-02-25 14:03:03,0.00060503,5.00000000
2018-02-25 14:03:03,0.00060503,3.00000000
2018-02-25 14:03:04,0.00060504,7.00000000
2018-02-25 14:03:04,0.00060504,24.00000000
2018-02-25 14:03:04,0.00060504,25.00000000
2018-02-25 14:03:04,0.00060504,109.00000000
2018-02-25 14:03:04,0.00060503,19.00000000
2018-02-25 14:03:05,0.00060503,22.00000000
2018-02-25 14:03:05,0.00060599,75.00000000
2018-02-25 14:03:05,0.00060503,16.00000000
2018-02-25 14:03:05,0.00060503,9.00000000
2018-02-25 14:03:05,0.00060503,4.00000000
2018-02-25 14:03:06,0.00060503,3.00000000
2018-02-25 14:03:06,0.00060503,24.00000000
2018-02-25 14:03:06,0.00060503,30.00000000
2018-02-25 14:03:06,0.00060599,14.00000000
2018-02-25 14:03:06,0.00060503,8.00000000
2018-02-25 14:03:06,0.00060503,7.00000000
2018-02-25 14:03:07,0.00060598,30.00000000
2018-02-25 14:03:07,0.00060599,786.00000000
2018-02-25 14:03:07,0.00060623,49.00000000
2018-02-25 14:03:07,0.00060699,15.00000000
2018-02-25 14:03:07,0.00060700,11.00000000
2018-02-25 14:03:07,0.00060599,267.00000000
2018-02-25 14:03:07,0.00060599,4.00000000
2018-02-25 14:03:08,0.00060599,8.00000000
2018-02-25 14:03:08,0.00060599,6.00000000
2018-02-25 14:03:08,0.00060599,8.00000000
2018-02-25 14:03:09,0.00060600,14.00000000
2018-02-25 14:03:09,0.00060600,4.00000000
2018-02-25 14:03:10,0.00060600,18.00000000
2018-02-25 14:03:10,0.00060599,655.00000000
2018-02-25 14:03:10,0.00060599,31.00000000
2018-02-25 14:03:10,0.00060578,33.00000000
2018-02-25 14:03:11,0.00060598,9.00000000
2018-02-25 14:03:11,0.00060598,21.00000000
2018-02-25 14:03:11,0.00060599,59.00000000
2018-02-25 14:03:15,0.00060504,30.00000000
2018-02-25 14:03:15,0.00060506,91.00000000
2018-02-25 14:03:15,0.00060504,69.00000000
2018-02-25 14:03:16,0.00060504,878.00000000
2018-02-25 14:03:16,0.00060504,4.00000000
2018-02-25 14:03:16,0.00060504,390.00000000
2018-02-25 14:03:16,0.00060503,2.00000000
2018-02-25 14:03:16,0.00060504,214.00000000
2018-02-25 14:03:16,0.00060504,11.00000000
2018-02-25 14:03:16,0.00060598,363.00000000
2018-02-25 14:03:17,0.00060503,430.00000000
2018-02-25 14:03:17,0.00060503,15.00000000
2018-02-25 14:03:17,0.00060503,39.00000000
2018-02-25 14:03:17,0.00060598,4.00000000
2018-02-25 14:03:17,0.00060503,78.00000000
2018-02-25 14:03:18,0.00060503,43.00000000
2018-02-25 14:03:18,0.00060500,2.00000000
2018-02-25 14:03:18,0.00060500,8.00000000
2018-02-25 14:03:19,0.00060595,4.00000000
2018-02-25 14:03:19,0.00060597,30.00000000
2018-02-25 14:03:19,0.00060598,618.00000000
2018-02-25 14:03:19,0.00060599,1468.00000000
2018-02-25 14:03:19,0.00060610,193.00000000
2018-02-25 14:03:19,0.00060625,33.00000000
2018-02-25 14:03:19,0.00060700,1749.00000000
2018-02-25 14:03:19,0.00060514,57.00000000
2018-02-25 14:03:19,0.00060514,88.00000000
2018-02-25 14:03:20,0.00060594,10.00000000
2018-02-25 14:03:20,0.00060513,16.00000000
2018-02-25 14:03:20,0.00060512,19.00000000
2018-02-25 14:03:20,0.00060504,30.00000000
2018-02-25 14:03:20,0.00060503,214.00000000
2018-02-25 14:03:21,0.00060512,4.00000000
2018-02-25 14:03:21,0.00060504,4.00000000
2018-02-25 14:03:22,0.00060503,12.00000000
2018-02-25 14:03:22,0.00060501,5.00000000
2018-02-25 14:03:22,0.00060501,140.00000000
2018-02-25 14:03:22,0.00060503,216.00000000
2018-02-25 14:03:22,0.00060503,18.00000000
2018-02-25 14:03:23,0.00060503,8.00000000
2018-02-25 14:03:23,0.00060501,4.00000000
2018-02-25 14:03:23,0.00060503,8.00000000
2018-02-25 14:03:24,0.00060503,93.00000000
2018-02-25 14:03:24,0.00060503,137.00000000
2018-02-25 14:03:24,0.00060512,102.00000000
2018-02-25 14:03:24,0.00060513,6.00000000
2018-02-25 14:03:24,0.00060595,6.00000000
2018-02-25 14:03:24,0.00060697,13.00000000
2018-02-25 14:03:24,0.00060700,382.00000000
2018-02-25 14:03:24,0.00060694,217.00000000
2018-02-25 14:03:25,0.00060487,29.00000000
2018-02-25 14:03:27,0.00060510,26.00000000
2018-02-25 14:03:29,0.00060520,6.00000000
2018-02-25 14:03:30,0.00060530,31.00000000
2018-02-25 14:03:30,0.00060540,4.00000000
2018-02-25 14:03:31,0.00060542,130.00000000
2018-02-25 14:03:31,0.00060540,6.00000000
2018-02-25 14:03:31,0.00060531,30.00000000
2018-02-25 14:03:31,0.00060528,17.00000000
2018-02-25 14:03:31,0.00060526,4.00000000
2018-02-25 14:03:31,0.00060507,20.00000000
2018-02-25 14:03:31,0.00060504,125.00000000
2018-02-25 14:03:31,0.00060490,7.00000000
2018-02-25 14:03:31,0.00060484,7.00000000
2018-02-25 14:03:31,0.00060450,8.00000000
2018-02-25 14:03:31,0.00060439,145.00000000
2018-02-25 14:03:31,0.00060435,25.00000000
2018-02-25 14:03:31,0.00060410,75.00000000
2018-02-25 14:03:31,0.00060400,100.00000000
2018-02-25 14:03:31,0.00060385,26.00000000
2018-02-25 14:03:31,0.00060353,40.00000000
2018-02-25 14:03:31,0.00060333,200.00000000
2018-02-25 14:03:31,0.00060332,120.00000000
2018-02-25 14:03:31,0.00060531,30.00000000
2018-02-25 14:03:33,0.00060678,193.00000000
2018-02-25 14:03:33,0.00060680,25.00000000
2018-02-25 14:03:34,0.00060674,14.00000000
2018-02-25 14:03:36,0.00060671,6.00000000
2018-02-25 14:03:36,0.00060672,13.00000000
2018-02-25 14:03:36,0.00060387,5.00000000
2018-02-25 14:03:37,0.00060671,4.00000000
2018-02-25 14:03:38,0.00060397,3.00000000
2018-02-25 14:03:38,0.00060415,9.00000000
2018-02-25 14:03:38,0.00060397,7.00000000
2018-02-25 14:03:38,0.00060398,4.00000000
2018-02-25 14:03:40,0.00060423,6.00000000
2018-02-25 14:03:40,0.00060443,14.00000000
2018-02-25 14:03:40,0.00060446,144.00000000
2018-02-25 14:03:40,0.00060445,20.00000000
2018-02-25 14:03:40,0.00060444,30.00000000
2018-02-25 14:03:40,0.00060441,11.00000000
2018-02-25 14:03:40,0.00060421,9.00000000
2018-02-25 14:03:40,0.00060400,30.00000000
2018-02-25 14:03:40,0.00060400,45.00000000
2018-02-25 14:03:40,0.00060400,49.00000000
2018-02-25 14:03:40,0.00060400,612.00000000
2018-02-25 14:03:40,0.00060400,30.00000000
2018-02-25 14:03:40,0.00060400,47.00000000
2018-02-25 14:03:40,0.00060400,30.00000000
2018-02-25 14:03:40,0.00060400,16.00000000
2018-02-25 14:03:40,0.00060400,142.00000000
2018-02-25 14:03:40,0.00060400,49.00000000
2018-02-25 14:03:40,0.00060400,28.00000000
2018-02-25 14:03:41,0.00060402,49.00000000
2018-02-25 14:03:41,0.00060402,49.00000000
2018-02-25 14:03:41,0.00060421,10.00000000
2018-02-25 14:03:41,0.00060664,20.00000000
2018-02-25 14:03:41,0.00060665,37.00000000
2018-02-25 14:03:41,0.00060666,100.00000000
2018-02-25 14:03:41,0.00060671,25.00000000
2018-02-25 14:03:41,0.00060674,374.00000000
2018-02-25 14:03:41,0.00060674,30.00000000
2018-02-25 14:03:41,0.00060674,30.00000000
2018-02-25 14:03:41,0.00060674,30.00000000
2018-02-25 14:03:41,0.00060674,30.00000000
2018-02-25 14:03:41,0.00060674,47.00000000
2018-02-25 14:03:41,0.00060674,30.00000000
2018-02-25 14:03:41,0.00060674,13.00000000
2018-02-25 14:03:41,0.00060674,179.00000000
2018-02-25 14:03:41,0.00060674,44.00000000
2018-02-25 14:03:41,0.00060444,10.00000000
2018-02-25 14:03:42,0.00060446,4.00000000
2018-02-25 14:03:43,0.00060451,2.00000000
2018-02-25 14:03:45,0.00060457,4.00000000
2018-02-25 14:03:45,0.00060454,1.00000000
2018-02-25 14:03:45,0.00060596,20.00000000
2018-02-25 14:03:45,0.00060597,5.00000000
2018-02-25 14:03:47,0.00060576,24.00000000
2018-02-25 14:03:47,0.00060577,21.00000000
2018-02-25 14:03:49,0.00060459,381.00000000
2018-02-25 14:03:50,0.00060460,4.00000000
2018-02-25 14:03:50,0.00060566,8.00000000
2018-02-25 14:03:50,0.00060576,4.00000000
2018-02-25 14:03:53,0.00060464,16.00000000
2018-02-25 14:03:53,0.00060463,4.00000000
2018-02-25 14:03:53,0.00060459,3.00000000
2018-02-25 14:03:58,0.00060500,9.00000000
2018-02-25 14:03:59,0.00060500,17.00000000
2018-02-25 14:04:00,0.00060505,3.00000000
2018-02-25 14:04:01,0.00060558,10.00000000
2018-02-25 14:04:01,0.00060560,24.00000000
2018-02-25 14:04:03,0.00060505,4.00000000
2018-02-25 14:04:04,0.00060557,4.00000000
2018-02-25 14:04:04,0.00060560,503.00000000
2018-02-25 14:04:04,0.00060560,202.00000000
2018-02-25 14:04:04,0.00060505,2.00000000
2018-02-25 14:04:04,0.00060500,2301.00000000
2018-02-25 14:04:05,0.00060505,16.00000000
2018-02-25 14:04:06,0.00060576,20.00000000
2018-02-25 14:04:08,0.00060560,143.00000000
2018-02-25 14:04:08,0.00060505,265.00000000
2018-02-25 14:04:08,0.00060575,11.00000000
2018-02-25 14:04:10,0.00060560,16.00000000
2018-02-25 14:04:10,0.00060560,84.00000000
2018-02-25 14:04:10,0.00060505,323.00000000
2018-02-25 14:04:10,0.00060500,45.00000000
2018-02-25 14:04:10,0.00060575,16.00000000
2018-02-25 14:04:10,0.00060575,48.00000000
2018-02-25 14:04:10,0.00060575,6.00000000
2018-02-25 14:04:12,0.00060575,6.00000000
2018-02-25 14:04:15,0.00060560,20.00000000
2018-02-25 14:04:15,0.00060573,44.00000000
2018-02-25 14:04:16,0.00060575,58.00000000
2018-02-25 14:04:17,0.00060576,80.00000000
2018-02-25 14:04:17,0.00060599,346.00000000
2018-02-25 14:04:21,0.00060600,10.00000000
2018-02-25 14:04:21,0.00060621,6.00000000
2018-02-25 14:04:25,0.00060650,9.00000000
2018-02-25 14:04:26,0.00060673,49.00000000
2018-02-25 14:04:27,0.00060680,408.00000000
2018-02-25 14:04:28,0.00060680,2.00000000
2018-02-25 14:04:28,0.00060680,3.00000000
2018-02-25 14:04:28,0.00060680,36.00000000
2018-02-25 14:04:29,0.00060680,14.00000000
2018-02-25 14:04:29,0.00060680,13.00000000
2018-02-25 14:04:29,0.00060673,44.00000000
2018-02-25 14:04:29,0.00060650,33.00000000
2018-02-25 14:04:29,0.00060599,1261.00000000
2018-02-25 14:04:31,0.00060689,54.00000000
2018-02-25 14:04:31,0.00060694,29.00000000
2018-02-25 14:04:33,0.00060679,4.00000000
2018-02-25 14:04:36,0.00060679,12.00000000
2018-02-25 14:04:43,0.00060650,16.00000000
2018-02-25 14:04:44,0.00060680,125.00000000
2018-02-25 14:04:44,0.00060694,70.00000000
2018-02-25 14:04:44,0.00060697,206.00000000
2018-02-25 14:04:44,0.00060699,70.00000000
2018-02-25 14:04:44,0.00060700,87.00000000
2018-02-25 14:04:49,0.00060650,12.00000000
2018-02-25 14:04:49,0.00060700,362.00000000
2018-02-25 14:04:49,0.00060700,10.00000000
2018-02-25 14:04:49,0.00060700,194.00000000
2018-02-25 14:04:50,0.00060700,79.00000000
2018-02-25 14:04:50,0.00060700,5.00000000
2018-02-25 14:04:50,0.00060700,50.00000000
2018-02-25 14:04:50,0.00060700,17.00000000
2018-02-25 14:04:51,0.00060700,2.00000000
2018-02-25 14:04:52,0.00060700,2.00000000
2018-02-25 14:04:52,0.00060700,8.00000000
2018-02-25 14:04:53,0.00060730,3.00000000
2018-02-25 14:04:53,0.00060741,10.00000000
2018-02-25 14:04:53,0.00060761,5.00000000
2018-02-25 14:04:54,0.00060700,10.00000000
2018-02-25 14:04:56,0.00060700,10.00000000
2018-02-25 14:04:57,0.00060700,10.00000000
2018-02-25 14:04:58,0.00060700,335.00000000
2018-02-25 14:05:00,0.00060701,4.00000000
2018-02-25 14:05:00,0.00060700,12.00000000
2018-02-25 14:05:00,0.00060700,23.00000000
2018-02-25 14:05:01,0.00060761,11.00000000
2018-02-25 14:05:01,0.00060777,16.00000000
2018-02-25 14:05:01,0.00060786,7.00000000
2018-02-25 14:05:01,0.00060797,40.00000000
2018-02-25 14:05:01,0.00060799,68.00000000
2018-02-25 14:05:01,0.00060799,85.00000000
2018-02-25 14:05:02,0.00060761,19.00000000
2018-02-25 14:05:02,0.00060700,31.00000000
2018-02-25 14:05:03,0.00060700,17.00000000
2018-02-25 14:05:04,0.00060761,6.00000000
2018-02-25 14:05:04,0.00060799,128.00000000
2018-02-25 14:05:04,0.00060799,44.00000000
2018-02-25 14:05:05,0.00060769,5.00000000
2018-02-25 14:05:05,0.00060799,253.00000000
2018-02-25 14:05:06,0.00060798,21.00000000
2018-02-25 14:05:06,0.00060799,1535.00000000
2018-02-25 14:05:06,0.00060799,5.00000000
2018-02-25 14:05:06,0.00060799,125.00000000
2018-02-25 14:05:09,0.00060795,1.00000000
2018-02-25 14:05:09,0.00060795,29.00000000
2018-02-25 14:05:09,0.00060795,26.00000000
2018-02-25 14:05:09,0.00060795,744.00000000
2018-02-25 14:05:09,0.00060797,5.00000000
2018-02-25 14:05:09,0.00060800,235.00000000
2018-02-25 14:05:09,0.00060800,119.00000000
2018-02-25 14:05:09,0.00060703,3.00000000
2018-02-25 14:05:10,0.00060703,10.00000000
2018-02-25 14:05:10,0.00060703,20.00000000
2018-02-25 14:05:10,0.00060703,2.00000000
2018-02-25 14:05:10,0.00060700,471.00000000
2018-02-25 14:05:11,0.00060700,162.00000000
2018-02-25 14:05:11,0.00060799,9.00000000
2018-02-25 14:05:11,0.00060800,60.00000000
2018-02-25 14:05:11,0.00060680,10.00000000
2018-02-25 14:05:14,0.00060697,4.00000000
2018-02-25 14:05:14,0.00060800,185.00000000
2018-02-25 14:05:19,0.00060798,56.00000000
2018-02-25 14:05:20,0.00060703,6.00000000
2018-02-25 14:05:20,0.00060703,4.00000000
2018-02-25 14:05:20,0.00060703,17.00000000
2018-02-25 14:05:22,0.00060700,147.00000000
2018-02-25 14:05:22,0.00060700,4.00000000
2018-02-25 14:05:23,0.00060703,55.00000000
2018-02-25 14:05:23,0.00060798,52.00000000
2018-02-25 14:05:24,0.00060797,30.00000000
2018-02-25 14:05:24,0.00060798,11.00000000
2018-02-25 14:05:25,0.00060798,3.00000000
2018-02-25 14:05:28,0.00060787,33.00000000
2018-02-25 14:05:28,0.00060787,89.00000000
2018-02-25 14:05:32,0.00060703,10.00000000
2018-02-25 14:05:32,0.00060787,12.00000000
2018-02-25 14:05:35,0.00060787,19.00000000
2018-02-25 14:05:35,0.00060787,54.00000000
2018-02-25 14:05:35,0.00060787,27.00000000
2018-02-25 14:05:36,0.00060787,20.00000000
2018-02-25 14:05:39,0.00060787,16.00000000
2018-02-25 14:05:41,0.00060787,16.00000000
2018-02-25 14:05:51,0.00060706,9.00000000
2018-02-25 14:05:51,0.00060705,29.00000000
2018-02-25 14:05:51,0.00060704,50.00000000
2018-02-25 14:05:51,0.00060701,4.00000000
2018-02-25 14:05:51,0.00060700,155.00000000
2018-02-25 14:05:51,0.00060700,13.00000000
2018-02-25 14:05:51,0.00060700,65.00000000
2018-02-25 14:05:52,0.00060700,119.00000000
2018-02-25 14:05:54,0.00060706,27.00000000
2018-02-25 14:05:54,0.00060684,9.00000000
2018-02-25 14:05:54,0.00060683,13.00000000
2018-02-25 14:05:54,0.00060787,21.00000000
2018-02-25 14:05:54,0.00060787,25.00000000
2018-02-25 14:05:56,0.00060706,8.00000000
2018-02-25 14:05:57,0.00060700,452.00000000
2018-02-25 14:05:57,0.00060686,4.00000000
2018-02-25 14:05:57,0.00060683,1263.00000000
2018-02-25 14:05:57,0.00060683,380.00000000
2018-02-25 14:05:57,0.00060706,4.00000000
2018-02-25 14:05:58,0.00060703,4.00000000
2018-02-25 14:05:58,0.00060706,159.00000000
2018-02-25 14:05:59,0.00060700,26.00000000
2018-02-25 14:05:59,0.00060683,48.00000000
2018-02-25 14:05:59,0.00060681,21.00000000
2018-02-25 14:05:59,0.00060680,243.00000000
2018-02-25 14:05:59,0.00060680,380.00000000
2018-02-25 14:06:06,0.00060706,174.00000000
2018-02-25 14:06:06,0.00060684,64.00000000
2018-02-25 14:06:06,0.00060683,909.00000000
2018-02-25 14:06:06,0.00060680,543.00000000
2018-02-25 14:06:07,0.00060680,214.00000000
2018-02-25 14:06:08,0.00060685,9.00000000
2018-02-25 14:06:08,0.00060680,108.00000000
2018-02-25 14:06:08,0.00060680,245.00000000
2018-02-25 14:06:09,0.00060680,25.00000000
2018-02-25 14:06:10,0.00060679,3.00000000
2018-02-25 14:06:11,0.00060679,79.00000000
2018-02-25 14:06:11,0.00060679,30.00000000
2018-02-25 14:06:11,0.00060679,115.00000000
2018-02-25 14:06:13,0.00060679,12.00000000
2018-02-25 14:06:13,0.00060679,32.00000000
2018-02-25 14:06:18,0.00060678,38.00000000
2018-02-25 14:06:20,0.00060678,84.00000000
2018-02-25 14:06:24,0.00060678,43.00000000
2018-02-25 14:06:24,0.00060678,167.00000000
2018-02-25 14:06:24,0.00060679,197.00000000
2018-02-25 14:06:26,0.00060679,240.00000000
2018-02-25 14:06:28,0.00060679,17.00000000
2018-02-25 14:06:29,0.00060678,118.00000000
2018-02-25 14:06:29,0.00060679,40.00000000
2018-02-25 14:06:29,0.00060679,12.00000000
2018-02-25 14:06:32,0.00060679,24.00000000
2018-02-25 14:06:32,0.00060679,47.00000000
2018-02-25 14:06:34,0.00060679,4.00000000
2018-02-25 14:06:35,0.00060679,10.00000000
2018-02-25 14:06:36,0.00060678,72.00000000
2018-02-25 14:06:36,0.00060679,22.00000000
2018-02-25 14:06:40,0.00060678,40.00000000
2018-02-25 14:06:42,0.00060679,271.00000000
2018-02-25 14:06:42,0.00060678,44.00000000
2018-02-25 14:06:42,0.00060650,125.00000000
2018-02-25 14:06:42,0.00060600,13.00000000
2018-02-25 14:06:43,0.00060600,31.00000000
2018-02-25 14:06:44,0.00060600,2.00000000
2018-02-25 14:06:44,0.00060600,517.00000000
2018-02-25 14:06:46,0.00060678,195.00000000
2018-02-25 14:06:46,0.00060599,170.00000000
2018-02-25 14:06:47,0.00060600,105.00000000
2018-02-25 14:06:48,0.00060600,25.00000000
2018-02-25 14:06:48,0.00060600,27.00000000
2018-02-25 14:06:48,0.00060599,33.00000000
2018-02-25 14:06:49,0.00060599,3.00000000
2018-02-25 14:06:49,0.00060600,64.00000000
2018-02-25 14:06:49,0.00060600,64.00000000
2018-02-25 14:06:49,0.00060600,3.00000000
2018-02-25 14:06:49,0.00060600,16.00000000
2018-02-25 14:06:49,0.00060599,4.00000000
2018-02-25 14:06:50,0.00060600,11.00000000
2018-02-25 14:06:52,0.00060600,2.00000000
2018-02-25 14:06:52,0.00060600,9.00000000
2018-02-25 14:06:52,0.00060600,180.00000000
2018-02-25 14:06:52,0.00060599,304.00000000
2018-02-25 14:06:52,0.00060576,206.00000000
2018-02-25 14:06:52,0.00060576,380.00000000
2018-02-25 14:06:53,0.00060600,174.00000000
2018-02-25 14:06:57,0.00060576,925.00000000
2018-02-25 14:06:57,0.00060575,13.00000000
2018-02-25 14:06:59,0.00060599,195.00000000
2018-02-25 14:06:59,0.00060600,1097.00000000
2018-02-25 14:06:59,0.00060600,2.00000000
2018-02-25 14:06:59,0.00060600,483.00000000
2018-02-25 14:07:01,0.00060580,4.00000000
2018-02-25 14:07:01,0.00060577,9.00000000
2018-02-25 14:07:01,0.00060575,8.00000000
2018-02-25 14:07:02,0.00060575,177.00000000
2018-02-25 14:07:02,0.00060600,8.00000000
2018-02-25 14:07:02,0.00060600,14.00000000
2018-02-25 14:07:03,0.00060558,31.00000000
2018-02-25 14:07:03,0.00060557,65.00000000
2018-02-25 14:07:03,0.00060543,330.00000000
2018-02-25 14:07:03,0.00060543,47.00000000
2018-02-25 14:07:03,0.00060543,20.00000000
2018-02-25 14:07:03,0.00060543,359.00000000
2018-02-25 14:07:03,0.00060597,4.00000000
2018-02-25 14:07:03,0.00060600,76.00000000
2018-02-25 14:07:04,0.00060599,2.00000000
2018-02-25 14:07:04,0.00060599,3.00000000
2018-02-25 14:07:05,0.00060599,18.00000000
2018-02-25 14:07:06,0.00060598,2.00000000
2018-02-25 14:07:07,0.00060598,6.00000000
2018-02-25 14:07:07,0.00060599,2.00000000
2018-02-25 14:07:08,0.00060558,15.00000000
2018-02-25 14:07:08,0.00060599,68.00000000
2018-02-25 14:07:08,0.00060599,18.00000000
2018-02-25 14:07:10,0.00060558,31.00000000
2018-02-25 14:07:11,0.00060558,79.00000000
2018-02-25 14:07:11,0.00060543,21.00000000
2018-02-25 14:07:15,0.00060543,3.00000000
2018-02-25 14:07:16,0.00060543,19.00000000
2018-02-25 14:07:16,0.00060501,6.00000000
2018-02-25 14:07:18,0.00060506,9.00000000
2018-02-25 14:07:18,0.00060558,7.00000000
2018-02-25 14:07:18,0.00060599,47.00000000
2018-02-25 14:07:20,0.00060558,7.00000000
2018-02-25 14:07:22,0.00060540,2.00000000
2018-02-25 14:07:23,0.00060506,7.00000000
2018-02-25 14:07:23,0.00060501,37.00000000
2018-02-25 14:07:27,0.00060540,44.00000000
2018-02-25 14:07:27,0.00060540,50.00000000
2018-02-25 14:07:27,0.00060540,53.00000000
2018-02-25 14:07:27,0.00060540,16.00000000
2018-02-25 14:07:27,0.00060540,1.00000000
2018-02-25 14:07:27,0.00060550,3.00000000
2018-02-25 14:07:27,0.00060540,3.00000000
2018-02-25 14:07:27,0.00060501,50.00000000
2018-02-25 14:07:28,0.00060550,9.00000000
2018-02-25 14:07:30,0.00060501,65.00000000
2018-02-25 14:07:30,0.00060500,28.00000000
2018-02-25 14:07:30,0.00060457,7.00000000
2018-02-25 14:07:31,0.00060450,29.00000000
2018-02-25 14:07:31,0.00060450,31.00000000
2018-02-25 14:07:32,0.00060410,105.00000000
2018-02-25 14:07:32,0.00060409,42.00000000
2018-02-25 14:07:32,0.00060409,192.00000000
2018-02-25 14:07:33,0.00060414,12.00000000
2018-02-25 14:07:35,0.00060414,24.00000000
2018-02-25 14:07:35,0.00060410,30.00000000
2018-02-25 14:07:35,0.00060409,8.00000000
2018-02-25 14:07:35,0.00060450,30.00000000
2018-02-25 14:07:36,0.00060417,2.00000000
2018-02-25 14:07:36,0.00060450,3.00000000
2018-02-25 14:07:36,0.00060450,28.00000000
2018-02-25 14:07:36,0.00060457,138.00000000
2018-02-25 14:07:38,0.00060500,974.00000000
2018-02-25 14:07:38,0.00060457,6.00000000
2018-02-25 14:07:38,0.00060409,562.00000000
2018-02-25 14:07:38,0.00060411,69.00000000
2018-02-25 14:07:38,0.00060550,52.00000000
2018-02-25 14:07:38,0.00060597,151.00000000
2018-02-25 14:07:38,0.00060599,92.00000000
2018-02-25 14:07:39,0.00060414,96.00000000
2018-02-25 14:07:39,0.00060412,4.00000000
2018-02-25 14:07:41,0.00060421,6.00000000
2018-02-25 14:07:41,0.00060420,4.00000000
2018-02-25 14:07:41,0.00060416,4.00000000
2018-02-25 14:07:41,0.00060410,30.00000000
2018-02-25 14:07:41,0.00060409,127.00000000
2018-02-25 14:07:46,0.00060437,8.00000000
2018-02-25 14:07:46,0.00060425,4.00000000
2018-02-25 14:07:46,0.00060411,13.00000000
2018-02-25 14:07:48,0.00060425,22.00000000
2018-02-25 14:07:48,0.00060411,42.00000000
2018-02-25 14:07:48,0.00060411,7.00000000
2018-02-25 14:07:48,0.00060411,225.00000000
2018-02-25 14:07:49,0.00060410,168.00000000
2018-02-25 14:07:49,0.00060410,4.00000000
2018-02-25 14:07:51,0.00060410,4.00000000
2018-02-25 14:07:51,0.00060410,99.00000000
2018-02-25 14:07:52,0.00060410,175.00000000
2018-02-25 14:07:52,0.00060409,335.00000000
2018-02-25 14:07:53,0.00060410,29.00000000
2018-02-25 14:07:57,0.00060411,141.00000000
2018-02-25 14:08:00,0.00060419,4.00000000
2018-02-25 14:08:00,0.00060559,3.00000000
2018-02-25 14:08:01,0.00060424,4.00000000
2018-02-25 14:08:01,0.00060419,55.00000000
2018-02-25 14:08:02,0.00060419,1.00000000
2018-02-25 14:08:02,0.00060419,9.00000000
2018-02-25 14:08:06,0.00060422,99.00000000
2018-02-25 14:08:06,0.00060420,30.00000000
2018-02-25 14:08:06,0.00060419,55.00000000
2018-02-25 14:08:08,0.00060419,20.00000000
2018-02-25 14:08:10,0.00060495,10.00000000
2018-02-25 14:08:13,0.00060480,35.00000000
2018-02-25 14:08:14,0.00060421,151.00000000
2018-02-25 14:08:14,0.00060420,33.00000000
2018-02-25 14:08:16,0.00060441,119.00000000
2018-02-25 14:08:16,0.00060443,10.00000000
2018-02-25 14:08:16,0.00060464,4.00000000
2018-02-25 14:08:16,0.00060500,57.00000000
2018-02-25 14:08:19,0.00060422,15.00000000
2018-02-25 14:08:21,0.00060500,81.00000000
2018-02-25 14:08:21,0.00060540,44.00000000
2018-02-25 14:08:21,0.00060553,4.00000000
2018-02-25 14:08:21,0.00060559,7.00000000
2018-02-25 14:08:21,0.00060559,7.00000000
2018-02-25 14:08:21,0.00060559,31.00000000
2018-02-25 14:08:22,0.00060592,10.00000000
2018-02-25 14:08:22,0.00060593,15.00000000
2018-02-25 14:08:27,0.00060588,4.00000000
2018-02-25 14:08:27,0.00060592,9.00000000
2018-02-25 14:08:27,0.00060593,14.00000000
2018-02-25 14:08:27,0.00060598,79.00000000
2018-02-25 14:08:27,0.00060599,232.00000000
2018-02-25 14:08:28,0.00060468,5.00000000
2018-02-25 14:08:29,0.00060599,7.00000000
2018-02-25 14:08:29,0.00060500,35.00000000
2018-02-25 14:08:29,0.00060597,9.00000000
2018-02-25 14:08:29,0.00060599,105.00000000
2018-02-25 14:08:29,0.00060500,39.00000000
2018-02-25 14:08:32,0.00060598,10.00000000
2018-02-25 14:08:32,0.00060599,344.00000000
2018-02-25 14:08:33,0.00060599,2.00000000
2018-02-25 14:08:33,0.00060599,10.00000000
2018-02-25 14:08:33,0.00060600,216.00000000
2018-02-25 14:08:33,0.00060622,5.00000000
2018-02-25 14:08:35,0.00060601,9.00000000
2018-02-25 14:08:35,0.00060600,17.00000000
2018-02-25 14:08:36,0.00060600,125.00000000
2018-02-25 14:08:37,0.00060622,4.00000000
2018-02-25 14:08:37,0.00060622,13.00000000
2018-02-25 14:08:38,0.00060669,17.00000000
2018-02-25 14:08:38,0.00060669,9.00000000
2018-02-25 14:08:41,0.00060698,9.00000000
2018-02-25 14:08:41,0.00060699,2.00000000
2018-02-25 14:08:41,0.00060698,9.00000000
2018-02-25 14:08:41,0.00060699,23.00000000
2018-02-25 14:08:42,0.00060700,73.00000000
2018-02-25 14:08:42,0.00060700,53.00000000
2018-02-25 14:08:44,0.00060699,4.00000000
2018-02-25 14:08:44,0.00060700,152.00000000
2018-02-25 14:08:45,0.00060700,10.00000000
2018-02-25 14:08:45,0.00060700,361.00000000
2018-02-25 14:08:45,0.00060700,169.00000000
2018-02-25 14:08:45,0.00060699,25.00000000
2018-02-25 14:08:48,0.00060700,91.00000000
2018-02-25 14:08:49,0.00060748,25.00000000
2018-02-25 14:08:49,0.00060748,7.00000000
2018-02-25 14:08:50,0.00060748,19.00000000
2018-02-25 14:08:50,0.00060748,98.00000000
2018-02-25 14:08:50,0.00060701,2.00000000
2018-02-25 14:08:52,0.00060750,21.00000000
2018-02-25 14:08:54,0.00060750,636.00000000
2018-02-25 14:08:54,0.00060701,5.00000000
2018-02-25 14:08:54,0.00060700,1788.00000000
2018-02-25 14:08:55,0.00060759,7.00000000
2018-02-25 14:08:56,0.00060759,20.00000000
2018-02-25 14:08:56,0.00060786,154.00000000
2018-02-25 14:09:02,0.00060750,33.00000000
2018-02-25 14:09:03,0.00060759,26.00000000
2018-02-25 14:09:03,0.00060767,112.00000000
2018-02-25 14:09:03,0.00060750,207.00000000
2018-02-25 14:09:03,0.00060767,9.00000000
2018-02-25 14:09:04,0.00060767,289.00000000
2018-02-25 14:09:04,0.00060767,73.00000000
2018-02-25 14:09:04,0.00060779,50.00000000
2018-02-25 14:09:04,0.00060786,40.00000000
2018-02-25 14:09:05,0.00060700,11.00000000
2018-02-25 14:09:06,0.00060750,13.00000000
2018-02-25 14:09:06,0.00060767,3.00000000
2018-02-25 14:09:06,0.00060767,3.00000000
2018-02-25 14:09:09,0.00060767,10.00000000
2018-02-25 14:09:09,0.00060767,6.00000000
2018-02-25 14:09:10,0.00060767,80.00000000
2018-02-25 14:09:10,0.00060767,1487.00000000
2018-02-25 14:09:10,0.00060767,49.00000000
2018-02-25 14:09:10,0.00060767,750.00000000
2018-02-25 14:09:10,0.00060767,2.00000000
2018-02-25 14:09:10,0.00060767,2.00000000
2018-02-25 14:09:10,0.00060767,2.00000000
2018-02-25 14:09:10,0.00060767,101.00000000
2018-02-25 14:09:10,0.00060700,72.00000000
2018-02-25 14:09:10,0.00060700,11.00000000
2018-02-25 14:09:10,0.00060700,29.00000000
2018-02-25 14:09:10,0.00060700,49.00000000
2018-02-25 14:09:10,0.00060700,532.00000000
2018-02-25 14:09:10,0.00060700,49.00000000
2018-02-25 14:09:10,0.00060700,39.00000000
2018-02-25 14:09:10,0.00060767,30.00000000
2018-02-25 14:09:10,0.00060700,9.00000000
2018-02-25 14:09:10,0.00060700,80.00000000
2018-02-25 14:09:10,0.00060700,133.00000000
2018-02-25 14:09:10,0.00060699,77.00000000
2018-02-25 14:09:11,0.00060700,4.00000000
2018-02-25 14:09:11,0.00060748,77.00000000
2018-02-25 14:09:11,0.00060750,700.00000000
2018-02-25 14:09:11,0.00060767,60.00000000
2018-02-25 14:09:11,0.00060786,89.00000000
2018-02-25 14:09:11,0.00060797,527.00000000
2018-02-25 14:09:11,0.00060700,27.00000000
2018-02-25 14:09:11,0.00060700,34.00000000
2018-02-25 14:09:11,0.00060671,34.00000000
2018-02-25 14:09:12,0.00060671,5.00000000
2018-02-25 14:09:12,0.00060710,8.00000000
2018-02-25 14:09:12,0.00060767,50.00000000
2018-02-25 14:09:12,0.00060767,3.00000000
2018-02-25 14:09:12,0.00060767,73.00000000
2018-02-25 14:09:12,0.00060767,11.00000000
2018-02-25 14:09:13,0.00060669,2.00000000
2018-02-25 14:09:13,0.00060766,35.00000000
2018-02-25 14:09:13,0.00060677,4.00000000
2018-02-25 14:09:13,0.00060669,2.00000000
2018-02-25 14:09:14,0.00060765,31.00000000
2018-02-25 14:09:14,0.00060766,4.00000000
2018-02-25 14:09:14,0.00060768,64.00000000
2018-02-25 14:09:14,0.00060797,94.00000000
2018-02-25 14:09:14,0.00060669,8.00000000
2018-02-25 14:09:14,0.00060669,2.00000000
2018-02-25 14:09:15,0.00060767,4.00000000
2018-02-25 14:09:15,0.00060669,4.00000000
2018-02-25 14:09:15,0.00060669,49.00000000
2018-02-25 14:09:15,0.00060669,17.00000000
2018-02-25 14:09:15,0.00060669,25.00000000
2018-02-25 14:09:15,0.00060669,97.00000000
2018-02-25 14:09:17,0.00060679,8.00000000
2018-02-25 14:09:17,0.00060759,16.00000000
2018-02-25 14:09:17,0.00060767,4.00000000
2018-02-25 14:09:17,0.00060785,5.00000000
2018-02-25 14:09:17,0.00060795,11.00000000
2018-02-25 14:09:17,0.00060673,164.00000000
2018-02-25 14:09:19,0.00060750,14.00000000
2018-02-25 14:09:20,0.00060677,4.00000000
2018-02-25 14:09:20,0.00060671,5.00000000
2018-02-25 14:09:22,0.00060700,878.00000000
2018-02-25 14:09:23,0.00060742,84.00000000
2018-02-25 14:09:27,0.00060734,66.00000000
2018-02-25 14:09:27,0.00060736,4.00000000
2018-02-25 14:09:27,0.00060752,5.00000000
2018-02-25 14:09:27,0.00060795,21.00000000
2018-02-25 14:09:27,0.00060797,320.00000000
2018-02-25 14:09:30,0.00060797,558.00000000
2018-02-25 14:09:32,0.00060742,124.00000000
2018-02-25 14:09:34,0.00060742,99.00000000
2018-02-25 14:09:43,0.00060742,5.00000000
2018-02-25 14:09:43,0.00060742,145.00000000
2018-02-25 14:09:43,0.00060742,6.00000000
2018-02-25 14:09:45,0.00060742,95.00000000
2018-02-25 14:09:46,0.00060742,84.00000000
2018-02-25 14:09:48,0.00060742,1643.00000000
2018-02-25 14:09:54,0.00060742,3.00000000
2018-02-25 14:09:54,0.00060721,10.00000000
2018-02-25 14:09:54,0.00060720,7.00000000
2018-02-25 14:09:56,0.00060720,20.00000000
2018-02-25 14:09:59,0.00060790,75.00000000
2018-02-25 14:10:03,0.00060720,38.00000000
2018-02-25 14:10:04,0.00060720,8.00000000
2018-02-25 14:10:11,0.00060720,25.00000000
2018-02-25 14:10:14,0.00060720,45.00000000
2018-02-25 14:10:14,0.00060735,10.00000000
2018-02-25 14:10:14,0.00060790,235.00000000
2018-02-25 14:10:14,0.00060790,114.00000000
2018-02-25 14:10:15,0.00060797,17.00000000
2018-02-25 14:10:15,0.00060790,262.00000000
2018-02-25 14:10:15,0.00060790,104.00000000
2018-02-25 14:10:15,0.00060790,95.00000000
2018-02-25 14:10:16,0.00060790,364.00000000
2018-02-25 14:10:18,0.00060790,96.00000000
2018-02-25 14:10:18,0.00060790,65.00000000
2018-02-25 14:10:18,0.00060790,2.00000000
2018-02-25 14:10:19,0.00060790,135.00000000
2018-02-25 14:10:19,0.00060790,462.00000000
2018-02-25 14:10:19,0.00060797,3.00000000
2018-02-25 14:10:20,0.00060790,42.00000000
2018-02-25 14:10:20,0.00060791,2.00000000
2018-02-25 14:10:20,0.00060797,127.00000000
2018-02-25 14:10:20,0.00060798,18.00000000
2018-02-25 14:10:20,0.00060799,9.00000000
2018-02-25 14:10:20,0.00060800,2127.00000000
2018-02-25 14:10:21,0.00060799,1332.00000000
2018-02-25 14:10:21,0.00060791,14.00000000
2018-02-25 14:10:21,0.00060791,2.00000000
2018-02-25 14:10:21,0.00060790,40.00000000
2018-02-25 14:10:21,0.00060790,99.00000000
2018-02-25 14:10:21,0.00060797,3.00000000
2018-02-25 14:10:23,0.00060797,61.00000000
2018-02-25 14:10:23,0.00060790,239.00000000
2018-02-25 14:10:23,0.00060790,12.00000000
2018-02-25 14:10:25,0.00060791,3.00000000
2018-02-25 14:10:26,0.00060791,18.00000000
2018-02-25 14:10:27,0.00060791,32.00000000
2018-02-25 14:10:27,0.00060790,21.00000000
2018-02-25 14:10:27,0.00060790,36.00000000
2018-02-25 14:10:27,0.00060790,19.00000000
2018-02-25 14:10:28,0.00060790,19.00000000
2018-02-25 14:10:29,0.00060790,2408.00000000
2018-02-25 14:10:32,0.00060790,92.00000000
2018-02-25 14:10:35,0.00060790,313.00000000
2018-02-25 14:10:35,0.00060790,27.00000000
2018-02-25 14:10:39,0.00060799,70.00000000
2018-02-25 14:10:43,0.00060799,181.00000000
2018-02-25 14:10:44,0.00060798,50.00000000
2018-02-25 14:10:44,0.00060799,2320.00000000
2018-02-25 14:10:44,0.00060800,1575.00000000
2018-02-25 14:10:46,0.00060800,2065.00000000
2018-02-25 14:10:46,0.00060800,12.00000000
2018-02-25 14:10:47,0.00060798,185.00000000
2018-02-25 14:10:47,0.00060799,26.00000000
2018-02-25 14:10:47,0.00060799,114.00000000
2018-02-25 14:10:47,0.00060800,33.00000000
2018-02-25 14:10:50,0.00060800,355.00000000
2018-02-25 14:10:51,0.00060800,5.00000000
2018-02-25 14:10:51,0.00060800,2.00000000
2018-02-25 14:10:52,0.00060801,5.00000000
2018-02-25 14:10:52,0.00060815,54.00000000
2018-02-25 14:10:52,0.00060860,917.00000000
2018-02-25 14:10:52,0.00060860,57.00000000
2018-02-25 14:10:53,0.00060820,149.00000000
2018-02-25 14:10:53,0.00060820,39.00000000
2018-02-25 14:10:54,0.00060820,8.00000000
2018-02-25 14:10:54,0.00060820,14.00000000
2018-02-25 14:10:54,0.00060801,362.00000000
2018-02-25 14:10:54,0.00060801,63.00000000
2018-02-25 14:10:54,0.00060801,21.00000000
2018-02-25 14:10:55,0.00060801,43.00000000
2018-02-25 14:10:55,0.00060801,30.00000000
2018-02-25 14:10:56,0.00060801,206.00000000
2018-02-25 14:10:56,0.00060801,21.00000000
2018-02-25 14:10:56,0.00060815,10.00000000
2018-02-25 14:10:56,0.00060860,2.00000000
2018-02-25 14:10:56,0.00060870,1022.00000000
2018-02-25 14:10:56,0.00060801,11.00000000
2018-02-25 14:10:56,0.00060860,2.00000000
2018-02-25 14:10:56,0.00060860,9.00000000
2018-02-25 14:10:57,0.00060820,235.00000000
2018-02-25 14:10:58,0.00060871,1233.00000000
2018-02-25 14:10:58,0.00060820,25.00000000
2018-02-25 14:10:58,0.00060801,458.00000000
2018-02-25 14:10:59,0.00060801,106.00000000
2018-02-25 14:10:59,0.00060800,148.00000000
2018-02-25 14:10:59,0.00060871,248.00000000
2018-02-25 14:10:59,0.00060870,89.00000000
2018-02-25 14:10:59,0.00060870,5.00000000
2018-02-25 14:11:00,0.00060869,5.00000000
2018-02-25 14:11:00,0.00060871,1110.00000000
2018-02-25 14:11:00,0.00060870,127.00000000
2018-02-25 14:11:01,0.00060870,23.00000000
2018-02-25 14:11:01,0.00060870,27.00000000
2018-02-25 14:11:01,0.00060871,526.00000000
2018-02-25 14:11:01,0.00060870,5.00000000
2018-02-25 14:11:01,0.00060871,83.00000000
2018-02-25 14:11:02,0.00060870,109.00000000
2018-02-25 14:11:02,0.00060870,181.00000000
2018-02-25 14:11:02,0.00060871,40.00000000
2018-02-25 14:11:02,0.00060877,2.00000000
2018-02-25 14:11:02,0.00060877,149.00000000
2018-02-25 14:11:02,0.00060877,149.00000000
2018-02-25 14:11:02,0.00060877,8.00000000
2018-02-25 14:11:03,0.00060877,87.00000000
2018-02-25 14:11:03,0.00060877,311.00000000
2018-02-25 14:11:04,0.00060877,127.00000000
2018-02-25 14:11:04,0.00060880,32.00000000
2018-02-25 14:11:04,0.00060880,10.00000000
2018-02-25 14:11:05,0.00060886,88.00000000
2018-02-25 14:11:05,0.00060890,59.00000000
2018-02-25 14:11:05,0.00060898,2.00000000
2018-02-25 14:11:05,0.00060899,1395.00000000
2018-02-25 14:11:06,0.00060880,25.00000000
2018-02-25 14:11:07,0.00060880,34.00000000
2018-02-25 14:11:08,0.00060880,109.00000000
2018-02-25 14:11:08,0.00060899,149.00000000
2018-02-25 14:11:08,0.00060899,71.00000000
2018-02-25 14:11:08,0.00060899,3.00000000
2018-02-25 14:11:08,0.00060900,3724.00000000
2018-02-25 14:11:08,0.00060910,74.00000000
2018-02-25 14:11:08,0.00060915,110.00000000
2018-02-25 14:11:08,0.00060922,25.00000000
2018-02-25 14:11:08,0.00060927,25.00000000
2018-02-25 14:11:08,0.00060928,2.00000000
2018-02-25 14:11:08,0.00060935,7.00000000
2018-02-25 14:11:08,0.00060940,55.00000000
2018-02-25 14:11:08,0.00060944,21.00000000
2018-02-25 14:11:08,0.00060950,100.00000000
2018-02-25 14:11:08,0.00060959,50.00000000
2018-02-25 14:11:08,0.00060969,44.00000000
2018-02-25 14:11:08,0.00060974,90.00000000
2018-02-25 14:11:08,0.00060975,5.00000000
2018-02-25 14:11:08,0.00060978,100.00000000
2018-02-25 14:11:08,0.00060985,60.00000000
2018-02-25 14:11:08,0.00060988,4.00000000
2018-02-25 14:11:08,0.00060989,10.00000000
2018-02-25 14:11:08,0.00060990,419.00000000
2018-02-25 14:11:08,0.00060995,4.00000000
2018-02-25 14:11:08,0.00060999,71.00000000
2018-02-25 14:11:12,0.00060979,9.00000000
2018-02-25 14:11:12,0.00060980,63.00000000
2018-02-25 14:11:12,0.00060999,939.00000000
2018-02-25 14:11:13,0.00060999,50.00000000
2018-02-25 14:11:14,0.00060999,19.00000000
2018-02-25 14:11:15,0.00060999,47.00000000
2018-02-25 14:11:15,0.00060998,9.00000000
2018-02-25 14:11:15,0.00060999,8.00000000
2018-02-25 14:11:15,0.00060999,62.00000000
2018-02-25 14:11:16,0.00060999,580.00000000
2018-02-25 14:11:16,0.00060999,527.00000000
2018-02-25 14:11:16,0.00060999,171.00000000
2018-02-25 14:11:16,0.00061000,15825.00000000
2018-02-25 14:11:16,0.00061000,306.00000000
2018-02-25 14:11:16,0.00061012,10.00000000
2018-02-25 14:11:16,0.00061013,16.00000000
2018-02-25 14:11:16,0.00061013,171.00000000
2018-02-25 14:11:16,0.00061013,100.00000000
2018-02-25 14:11:16,0.00061013,97.00000000
2018-02-25 14:11:16,0.00061034,3.00000000
2018-02-25 14:11:16,0.00061040,50.00000000
2018-02-25 14:11:16,0.00061050,34.00000000
2018-02-25 14:11:16,0.00061065,8.00000000
2018-02-25 14:11:17,0.00060904,121.00000000
2018-02-25 14:11:17,0.00061065,10.00000000
2018-02-25 14:11:17,0.00061066,5.00000000
2018-02-25 14:11:17,0.00061071,17.00000000
2018-02-25 14:11:17,0.00061072,15.00000000
2018-02-25 14:11:17,0.00061076,30.00000000
2018-02-25 14:11:17,0.00061077,67.00000000
2018-02-25 14:11:18,0.00060906,20.00000000
2018-02-25 14:11:18,0.00061000,223.00000000
2018-02-25 14:11:18,0.00061000,451.00000000
2018-02-25 14:11:18,0.00061000,49.00000000
2018-02-25 14:11:18,0.00061000,8.00000000
2018-02-25 14:11:18,0.00061000,49.00000000
2018-02-25 14:11:18,0.00061000,222.00000000
2018-02-25 14:11:18,0.00061000,8.00000000
2018-02-25 14:11:18,0.00061000,49.00000000
2018-02-25 14:11:18,0.00061076,8.00000000
2018-02-25 14:11:18,0.00061000,124.00000000
2018-02-25 14:11:18,0.00061074,2.00000000
2018-02-25 14:11:19,0.00061000,95.00000000
2018-02-25 14:11:19,0.00061000,395.00000000
2018-02-25 14:11:19,0.00061001,6.00000000
2018-02-25 14:11:19,0.00061001,4.00000000
2018-02-25 14:11:19,0.00061000,160.00000000
2018-02-25 14:11:19,0.00061000,30.00000000
2018-02-25 14:11:19,0.00061000,3.00000000
2018-02-25 14:11:19,0.00061000,409.00000000
2018-02-25 14:11:19,0.00060999,26.00000000
2018-02-25 14:11:19,0.00060999,128.00000000
2018-02-25 14:11:20,0.00061071,15.00000000
2018-02-25 14:11:20,0.00060999,223.00000000
2018-02-25 14:11:20,0.00060907,30.00000000
2018-02-25 14:11:20,0.00060903,60.00000000
2018-02-25 14:11:20,0.00061071,3.00000000
2018-02-25 14:11:20,0.00061073,91.00000000
2018-02-25 14:11:20,0.00061075,9.00000000
2018-02-25 14:11:20,0.00061077,120.00000000
2018-02-25 14:11:21,0.00061000,30.00000000
2018-02-25 14:11:21,0.00060998,15.00000000
2018-02-25 14:11:21,0.00061000,145.00000000
2018-02-25 14:11:21,0.00061000,336.00000000
2018-02-25 14:11:21,0.00061000,489.00000000
2018-02-25 14:11:21,0.00060910,19.00000000
2018-02-25 14:11:23,0.00060917,17.00000000
2018-02-25 14:11:24,0.00061074,9.00000000
2018-02-25 14:11:24,0.00061075,10.00000000
2018-02-25 14:11:24,0.00061076,30.00000000
2018-02-25 14:11:24,0.00061077,1.00000000
2018-02-25 14:11:24,0.00061000,49.00000000
2018-02-25 14:11:24,0.00061000,93.00000000
2018-02-25 14:11:24,0.00060920,10.00000000
2018-02-25 14:11:24,0.00060918,2.00000000
2018-02-25 14:11:25,0.00061059,36.00000000
2018-02-25 14:11:25,0.00061061,13.00000000
2018-02-25 14:11:25,0.00061073,8.00000000
2018-02-25 14:11:25,0.00061073,2.00000000
2018-02-25 14:11:25,0.00060919,8.00000000
2018-02-25 14:11:25,0.00060919,10.00000000
2018-02-25 14:11:26,0.00061072,10.00000000
2018-02-25 14:11:26,0.00061073,20.00000000
2018-02-25 14:11:26,0.00061076,30.00000000
2018-02-25 14:11:26,0.00061077,37.00000000
2018-02-25 14:11:26,0.00060925,51.00000000
2018-02-25 14:11:27,0.00060927,20.00000000
2018-02-25 14:11:27,0.00060926,30.00000000
2018-02-25 14:11:27,0.00060925,15.00000000
2018-02-25 14:11:27,0.00060925,27.00000000
2018-02-25 14:11:27,0.00061072,9.00000000
2018-02-25 14:11:27,0.00061075,18.00000000
2018-02-25 14:11:27,0.00061076,35.00000000
2018-02-25 14:11:27,0.00061077,327.00000000
2018-02-25 14:11:27,0.00061076,30.00000000
2018-02-25 14:11:27,0.00061077,19.00000000
2018-02-25 14:11:27,0.00060929,32.00000000
2018-02-25 14:11:29,0.00060930,49.00000000
2018-02-25 14:11:29,0.00060926,30.00000000
2018-02-25 14:11:29,0.00060925,230.00000000
2018-02-25 14:11:29,0.00060923,451.00000000
2018-02-25 14:11:29,0.00060916,8.00000000
2018-02-25 14:11:29,0.00060910,7.00000000
2018-02-25 14:11:29,0.00060903,70.00000000
2018-02-25 14:11:29,0.00060900,53.00000000
2018-02-25 14:11:29,0.00060881,49.00000000
2018-02-25 14:11:29,0.00060880,129.00000000
2018-02-25 14:11:29,0.00060871,164.00000000
2018-02-25 14:11:29,0.00060820,15.00000000
2018-02-25 14:11:29,0.00060816,25.00000000
2018-02-25 14:11:29,0.00060802,20.00000000
2018-02-25 14:11:29,0.00060800,77.00000000
2018-02-25 14:11:29,0.00060799,582.00000000
2018-02-25 14:11:30,0.00061000,10.00000000
2018-02-25 14:11:30,0.00061000,4.00000000
2018-02-25 14:11:30,0.00061000,208.00000000
2018-02-25 14:11:30,0.00060950,37.00000000
2018-02-25 14:11:33,0.00060990,94.00000000
2018-02-25 14:11:33,0.00060992,4.00000000
2018-02-25 14:11:33,0.00061000,792.00000000
2018-02-25 14:11:33,0.00061016,8.00000000
2018-02-25 14:11:33,0.00061022,25.00000000
2018-02-25 14:11:33,0.00061028,49.00000000
2018-02-25 14:11:33,0.00061076,824.00000000
2018-02-25 14:11:33,0.00061077,924.00000000
2018-02-25 14:11:33,0.00061077,2328.00000000
2018-02-25 14:11:33,0.00061077,42.00000000
2018-02-25 14:11:33,0.00061077,82.00000000
2018-02-25 14:11:33,0.00061077,5.00000000
2018-02-25 14:11:33,0.00061077,92.00000000
2018-02-25 14:11:34,0.00061077,10.00000000
2018-02-25 14:11:34,0.00061078,30.00000000
2018-02-25 14:11:34,0.00061079,89.00000000
2018-02-25 14:11:35,0.00060914,21.00000000
2018-02-25 14:11:36,0.00061050,27.00000000
2018-02-25 14:11:38,0.00061049,21.00000000
2018-02-25 14:11:38,0.00061050,15.00000000
2018-02-25 14:11:41,0.00061049,14.00000000
2018-02-25 14:11:41,0.00060932,10.00000000
2018-02-25 14:11:41,0.00060929,8.00000000
2018-02-25 14:11:41,0.00060926,21.00000000
2018-02-25 14:11:41,0.00060924,28.00000000
2018-02-25 14:11:41,0.00060921,9.00000000
2018-02-25 14:11:41,0.00060910,189.00000000
2018-02-25 14:11:41,0.00060908,30.00000000
2018-02-25 14:11:41,0.00060907,405.00000000
2018-02-25 14:11:42,0.00061048,10.00000000
2018-02-25 14:11:42,0.00061049,238.00000000
2018-02-25 14:11:42,0.00061050,104.00000000
2018-02-25 14:11:42,0.00061078,40.00000000
2018-02-25 14:11:42,0.00061079,398.00000000
2018-02-25 14:11:42,0.00060914,3.00000000
2018-02-25 14:11:42,0.00061078,30.00000000
2018-02-25 14:11:42,0.00061079,264.00000000
2018-02-25 14:11:42,0.00061048,75.00000000
2018-02-25 14:11:43,0.00061078,13.00000000
2018-02-25 14:11:43,0.00061050,67.00000000
2018-02-25 14:11:43,0.00061051,10.00000000
2018-02-25 14:11:43,0.00061050,13.00000000
2018-02-25 14:11:43,0.00061078,3.00000000
2018-02-25 14:11:45,0.00061000,5.00000000
2018-02-25 14:11:46,0.00061000,1.00000000
2018-02-25 14:11:47,0.00061000,7.00000000
2018-02-25 14:11:47,0.00061000,56.00000000
2018-02-25 14:11:47,0.00061000,180.00000000
2018-02-25 14:11:48,0.00060950,100.00000000
2018-02-25 14:11:50,0.00061000,45.00000000
2018-02-25 14:11:50,0.00060951,3.00000000
2018-02-25 14:11:52,0.00061000,75.00000000
2018-02-25 14:11:52,0.00060999,89.00000000
2018-02-25 14:11:52,0.00061000,22.00000000
2018-02-25 14:11:54,0.00060951,73.00000000
2018-02-25 14:11:54,0.00060951,98.00000000
2018-02-25 14:11:54,0.00060951,9.00000000
2018-02-25 14:11:55,0.00060951,16.00000000
2018-02-25 14:11:55,0.00060951,19.00000000
2018-02-25 14:11:55,0.00060999,8.00000000
2018-02-25 14:11:55,0.00061000,1572.00000000
2018-02-25 14:11:55,0.00061000,14.00000000
2018-02-25 14:11:55,0.00061000,138.00000000
2018-02-25 14:11:55,0.00061000,73.00000000
2018-02-25 14:11:56,0.00061001,73.00000000
2018-02-25 14:11:57,0.00061001,164.00000000
2018-02-25 14:11:59,0.00061001,87.00000000
2018-02-25 14:11:59,0.00061001,38.00000000
2018-02-25 14:12:00,0.00061076,9.00000000
2018-02-25 14:12:00,0.00061077,14.00000000
2018-02-25 14:12:00,0.00061077,75.00000000
2018-02-25 14:12:00,0.00061000,165.00000000
2018-02-25 14:12:00,0.00061000,10.00000000
2018-02-25 14:12:02,0.00061076,9.00000000
2018-02-25 14:12:02,0.00061077,19.00000000
2018-02-25 14:12:02,0.00061078,247.00000000
2018-02-25 14:12:03,0.00061078,4.00000000
2018-02-25 14:12:03,0.00061078,19.00000000
2018-02-25 14:12:03,0.00061078,35.00000000
2018-02-25 14:12:03,0.00061078,185.00000000
2018-02-25 14:12:04,0.00061078,133.00000000
2018-02-25 14:12:05,0.00061078,22.00000000
2018-02-25 14:12:05,0.00061079,136.00000000
2018-02-25 14:12:06,0.00061079,21.00000000
2018-02-25 14:12:06,0.00061079,31.00000000
2018-02-25 14:12:06,0.00061079,21.00000000
2018-02-25 14:12:07,0.00061079,184.00000000
2018-02-25 14:12:07,0.00061079,105.00000000
2018-02-25 14:12:07,0.00061078,58.00000000
2018-02-25 14:12:08,0.00061078,36.00000000
2018-02-25 14:12:08,0.00061050,11.00000000
2018-02-25 14:12:08,0.00061001,1.00000000
2018-02-25 14:12:09,0.00061079,30.00000000
2018-02-25 14:12:10,0.00061079,78.00000000
2018-02-25 14:12:10,0.00061080,10.00000000
2018-02-25 14:12:10,0.00061089,49.00000000
2018-02-25 14:12:10,0.00061091,258.00000000
2018-02-25 14:12:10,0.00061096,342.00000000
2018-02-25 14:12:10,0.00061100,640.00000000
2018-02-25 14:12:10,0.00061100,38.00000000
2018-02-25 14:12:11,0.00061099,15.00000000
2018-02-25 14:12:11,0.00061100,124.00000000
2018-02-25 14:12:11,0.00061111,1077.00000000
2018-02-25 14:12:11,0.00061111,355.00000000
2018-02-25 14:12:11,0.00061080,2.00000000
2018-02-25 14:12:13,0.00061077,24.00000000
2018-02-25 14:12:13,0.00061077,21.00000000
2018-02-25 14:12:13,0.00061080,38.00000000
2018-02-25 14:12:14,0.00061077,8.00000000
2018-02-25 14:12:14,0.00061077,57.00000000
2018-02-25 14:12:14,0.00061080,81.00000000
2018-02-25 14:12:14,0.00061099,9.00000000
2018-02-25 14:12:14,0.00061130,456.00000000
2018-02-25 14:12:14,0.00061077,129.00000000
2018-02-25 14:12:14,0.00061077,36.00000000
2018-02-25 14:12:15,0.00061077,13.00000000
2018-02-25 14:12:15,0.00061077,43.00000000
2018-02-25 14:12:16,0.00061130,50.00000000
2018-02-25 14:12:16,0.00061077,6.00000000
2018-02-25 14:12:16,0.00061077,11.00000000
2018-02-25 14:12:16,0.00061077,5.00000000
2018-02-25 14:12:17,0.00061129,10.00000000
2018-02-25 14:12:17,0.00061079,38.00000000
2018-02-25 14:12:18,0.00061079,26.00000000
2018-02-25 14:12:19,0.00061013,4.00000000
2018-02-25 14:12:19,0.00061010,75.00000000
2018-02-25 14:12:19,0.00061006,49.00000000
2018-02-25 14:12:19,0.00061003,427.00000000
2018-02-25 14:12:19,0.00061129,2.00000000
2018-02-25 14:12:19,0.00061130,31.00000000
2018-02-25 14:12:19,0.00061130,779.00000000
2018-02-25 14:12:19,0.00061130,1.00000000
2018-02-25 14:12:19,0.00061123,5.00000000
2018-02-25 14:12:19,0.00061123,18.00000000
2018-02-25 14:12:19,0.00061132,103.00000000
2018-02-25 14:12:20,0.00061125,8.00000000
2018-02-25 14:12:20,0.00061127,4.00000000
2018-02-25 14:12:20,0.00061129,32.00000000
2018-02-25 14:12:21,0.00061079,16.00000000
2018-02-25 14:12:22,0.00061100,479.00000000
2018-02-25 14:12:22,0.00061077,41.00000000
2018-02-25 14:12:22,0.00061010,2.00000000
2018-02-25 14:12:23,0.00061050,64.00000000
2018-02-25 14:12:23,0.00061050,97.00000000
2018-02-25 14:12:26,0.00061050,34.00000000
2018-02-25 14:12:26,0.00061100,45.00000000
2018-02-25 14:12:28,0.00061100,406.00000000
2018-02-25 14:12:29,0.00061100,251.00000000
2018-02-25 14:12:30,0.00061077,30.00000000
2018-02-25 14:12:30,0.00061100,8.00000000
2018-02-25 14:12:31,0.00061100,100.00000000
2018-02-25 14:12:33,0.00061077,23.00000000
2018-02-25 14:12:34,0.00061100,166.00000000
2018-02-25 14:12:34,0.00061100,4.00000000
2018-02-25 14:12:34,0.00061100,1103.00000000
2018-02-25 14:12:34,0.00061100,395.00000000
2018-02-25 14:12:35,0.00061100,288.00000000
2018-02-25 14:12:35,0.00061100,40.00000000
2018-02-25 14:12:35,0.00061100,17.00000000
2018-02-25 14:12:35,0.00061100,17.00000000
2018-02-25 14:12:35,0.00061125,8.00000000
2018-02-25 14:12:35,0.00061132,4.00000000
2018-02-25 14:12:35,0.00061138,2.00000000
2018-02-25 14:12:35,0.00061143,65.00000000
2018-02-25 14:12:36,0.00061100,5.00000000
2018-02-25 14:12:37,0.00061125,32.00000000
2018-02-25 14:12:38,0.00061100,556.00000000
2018-02-25 14:12:40,0.00061143,21.00000000
2018-02-25 14:12:40,0.00061100,149.00000000
2018-02-25 14:12:43,0.00061100,28.00000000
2018-02-25 14:12:44,0.00061143,193.00000000
2018-02-25 14:12:44,0.00061144,54.00000000
2018-02-25 14:12:46,0.00061143,25.00000000
2018-02-25 14:12:46,0.00061100,2.00000000
2018-02-25 14:12:47,0.00061100,14.00000000
2018-02-25 14:12:47,0.00061144,40.00000000
2018-02-25 14:12:47,0.00061150,126.00000000
2018-02-25 14:12:47,0.00061100,2.00000000
2018-02-25 14:12:49,0.00061100,9.00000000
2018-02-25 14:12:49,0.00061144,12.00000000
2018-02-25 14:12:49,0.00061150,483.00000000
2018-02-25 14:12:49,0.00061151,18.00000000
2018-02-25 14:12:49,0.00061180,50.00000000
2018-02-25 14:12:49,0.00061182,185.00000000
2018-02-25 14:12:49,0.00061185,50.00000000
2018-02-25 14:12:49,0.00061186,74.00000000
2018-02-25 14:12:49,0.00061193,14.00000000
2018-02-25 14:12:49,0.00061195,21.00000000
2018-02-25 14:12:49,0.00061200,1093.00000000
2018-02-25 14:12:50,0.00061100,1008.00000000
2018-02-25 14:12:51,0.00061100,102.00000000
2018-02-25 14:12:51,0.00061100,472.00000000
2018-02-25 14:12:52,0.00061144,134.00000000
2018-02-25 14:12:52,0.00061199,406.00000000
2018-02-25 14:12:53,0.00061150,9.00000000
2018-02-25 14:12:53,0.00061150,6.00000000
2018-02-25 14:12:55,0.00061180,10.00000000
2018-02-25 14:12:55,0.00061150,16.00000000
2018-02-25 14:12:55,0.00061143,21.00000000
2018-02-25 14:12:55,0.00061143,11.00000000
2018-02-25 14:12:55,0.00061143,38.00000000
2018-02-25 14:12:55,0.00061143,4.00000000
2018-02-25 14:12:55,0.00061101,106.00000000
2018-02-25 14:12:57,0.00061180,40.00000000
2018-02-25 14:12:57,0.00061198,31.00000000
2018-02-25 14:12:57,0.00061199,172.00000000
2018-02-25 14:12:57,0.00061101,44.00000000
2018-02-25 14:12:57,0.00061180,33.00000000
2018-02-25 14:12:58,0.00061101,23.00000000
2018-02-25 14:12:58,0.00061100,5.00000000
2018-02-25 14:12:58,0.00061104,1.00000000
2018-02-25 14:12:59,0.00061179,10.00000000
2018-02-25 14:12:59,0.00061180,21.00000000
2018-02-25 14:13:02,0.00061104,3.00000000
2018-02-25 14:13:03,0.00061179,2.00000000
2018-02-25 14:13:03,0.00061180,3.00000000
2018-02-25 14:13:03,0.00061198,15.00000000
2018-02-25 14:13:03,0.00061199,914.00000000
2018-02-25 14:13:05,0.00061195,3.00000000
2018-02-25 14:13:05,0.00061104,1.00000000
2018-02-25 14:13:05,0.00061195,1.00000000
2018-02-25 14:13:05,0.00061199,1379.00000000
2018-02-25 14:13:09,0.00061198,9.00000000
2018-02-25 14:13:09,0.00061199,66.00000000
2018-02-25 14:13:10,0.00061199,1070.00000000
2018-02-25 14:13:10,0.00061107,4.00000000
2018-02-25 14:13:11,0.00061104,37.00000000
2018-02-25 14:13:11,0.00061196,4.00000000
2018-02-25 14:13:11,0.00061199,1027.00000000
2018-02-25 14:13:11,0.00061200,344.00000000
2018-02-25 14:13:11,0.00061120,29.00000000
2018-02-25 14:13:12,0.00061120,545.00000000
2018-02-25 14:13:13,0.00061198,9.00000000
2018-02-25 14:13:13,0.00061200,2.00000000
2018-02-25 14:13:13,0.00061120,417.00000000
2018-02-25 14:13:13,0.00061200,5.00000000
2018-02-25 14:13:13,0.00061200,1628.00000000
2018-02-25 14:13:13,0.00061107,20.00000000
2018-02-25 14:13:13,0.00061104,40.00000000
2018-02-25 14:13:13,0.00061104,87.00000000
2018-02-25 14:13:14,0.00061198,12.00000000
2018-02-25 14:13:14,0.00061200,116.00000000
2018-02-25 14:13:14,0.00061200,39.00000000
2018-02-25 14:13:14,0.00061173,31.00000000
2018-02-25 14:13:14,0.00061198,33.00000000
2018-02-25 14:13:14,0.00061200,220.00000000
2018-02-25 14:13:14,0.00061200,440.00000000
2018-02-25 14:13:14,0.00061104,39.00000000
2018-02-25 14:13:14,0.00061104,38.00000000
2018-02-25 14:13:15,0.00061198,41.00000000
2018-02-25 14:13:16,0.00061198,69.00000000
2018-02-25 14:13:16,0.00061200,2.00000000
2018-02-25 14:13:16,0.00061200,49.00000000
2018-02-25 14:13:16,0.00061200,5.00000000
2018-02-25 14:13:16,0.00061107,4.00000000
2018-02-25 14:13:16,0.00061104,50.00000000
2018-02-25 14:13:17,0.00061197,9.00000000
2018-02-25 14:13:17,0.00061198,65.00000000
2018-02-25 14:13:17,0.00061109,242.00000000
2018-02-25 14:13:19,0.00061194,9.00000000
2018-02-25 14:13:19,0.00061195,4.00000000
2018-02-25 14:13:19,0.00061198,20.00000000
2018-02-25 14:13:19,0.00061210,14.00000000
2018-02-25 14:13:22,0.00061198,49.00000000
2018-02-25 14:13:22,0.00061198,6.00000000
2018-02-25 14:13:22,0.00061198,18.00000000
2018-02-25 14:13:22,0.00061108,5.00000000
2018-02-25 14:13:22,0.00061108,17.00000000
2018-02-25 14:13:22,0.00061108,23.00000000
2018-02-25 14:13:28,0.00061178,4.00000000
2018-02-25 14:13:28,0.00061190,21.00000000
2018-02-25 14:13:28,0.00061190,3.00000000
2018-02-25 14:13:31,0.00061178,4.00000000
2018-02-25 14:13:35,0.00061189,4.00000000
2018-02-25 14:13:37,0.00061178,74.00000000
2018-02-25 14:13:37,0.00061178,150.00000000
2018-02-25 14:13:38,0.00061189,5.00000000
2018-02-25 14:13:38,0.00061199,199.00000000
2018-02-25 14:13:38,0.00061200,171.00000000
2018-02-25 14:13:38,0.00061200,31.00000000
2018-02-25 14:13:38,0.00061200,564.00000000
2018-02-25 14:13:38,0.00061200,75.00000000
2018-02-25 14:13:38,0.00061200,525.00000000
2018-02-25 14:13:38,0.00061200,26.00000000
2018-02-25 14:13:40,0.00061200,94.00000000
2018-02-25 14:13:40,0.00061209,463.00000000
2018-02-25 14:13:40,0.00061200,80.00000000
2018-02-25 14:13:41,0.00061209,78.00000000
2018-02-25 14:13:41,0.00061200,6.00000000
2018-02-25 14:13:41,0.00061209,58.00000000
2018-02-25 14:13:42,0.00061200,209.00000000
2018-02-25 14:13:42,0.00061209,4.00000000
2018-02-25 14:13:43,0.00061200,236.00000000
2018-02-25 14:13:44,0.00061209,57.00000000
2018-02-25 14:13:44,0.00061210,36.00000000
2018-02-25 14:13:45,0.00061210,361.00000000
2018-02-25 14:13:45,0.00061200,3.00000000
2018-02-25 14:13:45,0.00061200,12.00000000
2018-02-25 14:13:45,0.00061210,404.00000000
2018-02-25 14:13:45,0.00061222,63.00000000
2018-02-25 14:13:46,0.00061209,3.00000000
2018-02-25 14:13:46,0.00061209,53.00000000
2018-02-25 14:13:46,0.00061209,200.00000000
2018-02-25 14:13:47,0.00061222,9.00000000
2018-02-25 14:13:48,0.00061210,4.00000000
2018-02-25 14:13:51,0.00061222,5.00000000
2018-02-25 14:13:51,0.00061222,29.00000000
2018-02-25 14:13:51,0.00061225,47.00000000
2018-02-25 14:13:51,0.00061231,744.00000000
2018-02-25 14:13:51,0.00061231,100.00000000
2018-02-25 14:13:52,0.00061210,3.00000000
2018-02-25 14:13:53,0.00061231,5.00000000
2018-02-25 14:13:53,0.00061232,3.00000000
2018-02-25 14:13:53,0.00061238,9.00000000
2018-02-25 14:13:53,0.00061238,1.00000000
2018-02-25 14:13:53,0.00061240,227.00000000
2018-02-25 14:13:54,0.00061240,28.00000000
2018-02-25 14:13:55,0.00061240,456.00000000
2018-02-25 14:13:55,0.00061240,241.00000000
2018-02-25 14:13:56,0.00061240,248.00000000
2018-02-25 14:13:56,0.00061240,39.00000000
2018-02-25 14:13:57,0.00061240,23.00000000
2018-02-25 14:13:57,0.00061247,84.00000000
2018-02-25 14:13:57,0.00061250,200.00000000
2018-02-25 14:13:57,0.00061258,39.00000000
2018-02-25 14:13:57,0.00061259,11.00000000
2018-02-25 14:13:57,0.00061240,1155.00000000
2018-02-25 14:13:57,0.00061231,43.00000000
2018-02-25 14:13:58,0.00061231,23.00000000
2018-02-25 14:13:59,0.00061270,3.00000000
2018-02-25 14:13:59,0.00061280,17.00000000
2018-02-25 14:13:59,0.00061250,17.00000000
2018-02-25 14:13:59,0.00061250,11.00000000
2018-02-25 14:14:00,0.00061250,1998.00000000
2018-02-25 14:14:00,0.00061280,54.00000000
2018-02-25 14:14:00,0.00061281,257.00000000
2018-02-25 14:14:00,0.00061282,22.00000000
2018-02-25 14:14:01,0.00061250,8.00000000
2018-02-25 14:14:01,0.00061282,234.00000000
2018-02-25 14:14:01,0.00061250,252.00000000
2018-02-25 14:14:02,0.00061282,1.00000000
2018-02-25 14:14:02,0.00061287,500.00000000
2018-02-25 14:14:02,0.00061290,10.00000000
2018-02-25 14:14:02,0.00061297,102.00000000
2018-02-25 14:14:02,0.00061300,348.00000000
2018-02-25 14:14:02,0.00061300,3.00000000
2018-02-25 14:14:03,0.00061250,20.00000000
2018-02-25 14:14:03,0.00061300,765.00000000
2018-02-25 14:14:04,0.00061287,142.00000000
2018-02-25 14:14:04,0.00061287,40.00000000
2018-02-25 14:14:04,0.00061287,70.00000000
2018-02-25 14:14:04,0.00061287,302.00000000
2018-02-25 14:14:04,0.00061282,111.00000000
2018-02-25 14:14:05,0.00061282,85.00000000
2018-02-25 14:14:06,0.00061282,82.00000000
2018-02-25 14:14:06,0.00061282,57.00000000
2018-02-25 14:14:06,0.00061300,4.00000000
2018-02-25 14:14:07,0.00061282,96.00000000
2018-02-25 14:14:07,0.00061282,159.00000000
2018-02-25 14:14:07,0.00061282,18.00000000
2018-02-25 14:14:07,0.00061287,24.00000000
2018-02-25 14:14:08,0.00061300,28.00000000
2018-02-25 14:14:08,0.00061300,64.00000000
2018-02-25 14:14:09,0.00061287,55.00000000
2018-02-25 14:14:09,0.00061287,162.00000000
2018-02-25 14:14:09,0.00061300,39.00000000
2018-02-25 14:14:09,0.00061300,19.00000000
2018-02-25 14:14:10,0.00061300,457.00000000
2018-02-25 14:14:10,0.00061300,245.00000000
2018-02-25 14:14:10,0.00061300,31.00000000
2018-02-25 14:14:10,0.00061308,4.00000000
2018-02-25 14:14:10,0.00061310,74.00000000
2018-02-25 14:14:10,0.00061318,10.00000000
2018-02-25 14:14:12,0.00061300,66.00000000
2018-02-25 14:14:12,0.00061287,1.00000000
2018-02-25 14:14:12,0.00061318,498.00000000
2018-02-25 14:14:13,0.00061287,14.00000000
2018-02-25 14:14:15,0.00061300,66.00000000
2018-02-25 14:14:15,0.00061300,15.00000000
2018-02-25 14:14:15,0.00061300,3.00000000
2018-02-25 14:14:15,0.00061300,3.00000000
2018-02-25 14:14:16,0.00061318,46.00000000
2018-02-25 14:14:17,0.00061300,38.00000000
2018-02-25 14:14:17,0.00061300,78.00000000
2018-02-25 14:14:17,0.00061300,84.00000000
2018-02-25 14:14:19,0.00061318,22.00000000
2018-02-25 14:14:19,0.00061318,126.00000000
2018-02-25 14:14:19,0.00061300,4.00000000
2018-02-25 14:14:19,0.00061318,1.00000000
2018-02-25 14:14:19,0.00061300,130.00000000
2018-02-25 14:14:20,0.00061300,17.00000000
2018-02-25 14:14:20,0.00061318,1381.00000000
2018-02-25 14:14:20,0.00061318,16.00000000
2018-02-25 14:14:20,0.00061329,5.00000000
2018-02-25 14:14:20,0.00061342,50.00000000
2018-02-25 14:14:20,0.00061348,2.00000000
2018-02-25 14:14:20,0.00061350,85.00000000
2018-02-25 14:14:21,0.00061350,17.00000000
2018-02-25 14:14:21,0.00061318,163.00000000
2018-02-25 14:14:22,0.00061318,19.00000000
2018-02-25 14:14:23,0.00061318,197.00000000
2018-02-25 14:14:23,0.00061318,5.00000000
2018-02-25 14:14:24,0.00061318,17.00000000
2018-02-25 14:14:25,0.00061318,11.00000000
2018-02-25 14:14:25,0.00061318,140.00000000
2018-02-25 14:14:26,0.00061318,2.00000000
2018-02-25 14:14:26,0.00061318,11.00000000
2018-02-25 14:14:27,0.00061318,508.00000000
2018-02-25 14:14:27,0.00061350,12.00000000
2018-02-25 14:14:27,0.00061318,10.00000000
2018-02-25 14:14:27,0.00061318,4.00000000
2018-02-25 14:14:27,0.00061362,5.00000000
2018-02-25 14:14:28,0.00061318,2.00000000
2018-02-25 14:14:29,0.00061350,113.00000000
2018-02-25 14:14:29,0.00061350,227.00000000
2018-02-25 14:14:29,0.00061319,208.00000000
2018-02-25 14:14:29,0.00061350,33.00000000
2018-02-25 14:14:30,0.00061350,7.00000000
2018-02-25 14:14:31,0.00061350,91.00000000
2018-02-25 14:14:32,0.00061350,75.00000000
2018-02-25 14:14:33,0.00061350,76.00000000
2018-02-25 14:14:33,0.00061362,20.00000000
2018-02-25 14:14:33,0.00061362,19.00000000
2018-02-25 14:14:33,0.00061368,4.00000000
2018-02-25 14:14:33,0.00061371,103.00000000
2018-02-25 14:14:33,0.00061350,35.00000000
2018-02-25 14:14:35,0.00061350,15.00000000
2018-02-25 14:14:35,0.00061320,205.00000000
2018-02-25 14:14:35,0.00061319,736.00000000
2018-02-25 14:14:35,0.00061318,3703.00000000
2018-02-25 14:14:35,0.00061300,8.00000000
2018-02-25 14:14:37,0.00061300,270.00000000
2018-02-25 14:14:37,0.00061300,2.00000000
2018-02-25 14:14:38,0.00061300,3.00000000
2018-02-25 14:14:38,0.00061300,342.00000000
2018-02-25 14:14:38,0.00061300,45.00000000
2018-02-25 14:14:38,0.00061300,1738.00000000
2018-02-25 14:14:39,0.00061300,21.00000000
2018-02-25 14:14:39,0.00061287,5.00000000
2018-02-25 14:14:39,0.00061300,129.00000000
2018-02-25 14:14:41,0.00061300,140.00000000
2018-02-25 14:14:41,0.00061300,765.00000000
2018-02-25 14:14:42,0.00061300,36.00000000
2018-02-25 14:14:42,0.00061300,86.00000000
2018-02-25 14:14:42,0.00061287,272.00000000
2018-02-25 14:14:42,0.00061275,140.00000000
2018-02-25 14:14:42,0.00061251,2.00000000
2018-02-25 14:14:42,0.00061250,144.00000000
2018-02-25 14:14:42,0.00061300,186.00000000
2018-02-25 14:14:43,0.00061300,85.00000000
2018-02-25 14:14:44,0.00061251,23.00000000
2018-02-25 14:14:44,0.00061300,106.00000000
2018-02-25 14:14:44,0.00061300,16.00000000
2018-02-25 14:14:45,0.00061250,66.00000000
2018-02-25 14:14:45,0.00061231,161.00000000
2018-02-25 14:14:45,0.00061222,17.00000000
2018-02-25 14:14:45,0.00061201,15.00000000
2018-02-25 14:14:45,0.00061200,505.00000000
2018-02-25 14:14:45,0.00061200,75.00000000
2018-02-25 14:14:45,0.00061200,47.00000000
2018-02-25 14:14:45,0.00061240,4.00000000
2018-02-25 14:14:45,0.00061300,24.00000000
2018-02-25 14:14:45,0.00061200,30.00000000
2018-02-25 14:14:46,0.00061287,2.00000000
2018-02-25 14:14:46,0.00061287,48.00000000
2018-02-25 14:14:46,0.00061200,73.00000000
2018-02-25 14:14:47,0.00061300,106.00000000
2018-02-25 14:14:47,0.00061200,101.00000000
2018-02-25 14:14:47,0.00061200,84.00000000
2018-02-25 14:14:48,0.00061200,183.00000000
2018-02-25 14:14:48,0.00061300,100.00000000
2018-02-25 14:14:48,0.00061203,4.00000000
2018-02-25 14:14:48,0.00061200,5.00000000
2018-02-25 14:14:48,0.00061200,4.00000000
2018-02-25 14:14:48,0.00061200,1406.00000000
2018-02-25 14:14:48,0.00061200,6.00000000
2018-02-25 14:14:48,0.00061200,16.00000000
2018-02-25 14:14:48,0.00061200,6.00000000
2018-02-25 14:14:48,0.00061200,16.00000000
2018-02-25 14:14:48,0.00061200,7.00000000
2018-02-25 14:14:48,0.00061200,7.00000000
2018-02-25 14:14:48,0.00061200,8.00000000
2018-02-25 14:14:48,0.00061200,432.00000000
2018-02-25 14:14:48,0.00061300,5.00000000
2018-02-25 14:14:50,0.00061200,73.00000000
2018-02-25 14:14:50,0.00061200,63.00000000
2018-02-25 14:14:50,0.00061200,6.00000000
2018-02-25 14:14:50,0.00061200,3.00000000
2018-02-25 14:14:51,0.00061200,7.00000000
2018-02-25 14:14:51,0.00061178,674.00000000
2018-02-25 14:14:51,0.00061126,19.00000000
2018-02-25 14:14:52,0.00061199,3.00000000
2018-02-25 14:14:53,0.00061199,9.00000000
2018-02-25 14:14:53,0.00061199,10.00000000
2018-02-25 14:14:53,0.00061133,13.00000000
2018-02-25 14:14:53,0.00061113,48.00000000
2018-02-25 14:14:53,0.00061112,21.00000000
2018-02-25 14:14:53,0.00061112,18.00000000
2018-02-25 14:14:53,0.00061112,21.00000000
2018-02-25 14:14:53,0.00061112,21.00000000
2018-02-25 14:14:53,0.00061112,18.00000000
2018-02-25 14:14:53,0.00061112,97.00000000
2018-02-25 14:14:53,0.00061112,20.00000000
2018-02-25 14:14:53,0.00061112,10.00000000
2018-02-25 14:14:53,0.00061112,293.00000000
2018-02-25 14:14:53,0.00061112,17.00000000
2018-02-25 14:14:53,0.00061112,28.00000000
2018-02-25 14:14:53,0.00061112,12.00000000
2018-02-25 14:14:53,0.00061112,5.00000000
2018-02-25 14:14:54,0.00061112,30.00000000
2018-02-25 14:14:54,0.00061109,46.00000000
2018-02-25 14:14:54,0.00061112,109.00000000
2018-02-25 14:14:54,0.00061196,4.00000000
2018-02-25 14:14:54,0.00061199,302.00000000
2018-02-25 14:14:54,0.00061200,1528.00000000
2018-02-25 14:14:54,0.00061109,14.00000000
2018-02-25 14:14:54,0.00061108,2.00000000
2018-02-25 14:14:54,0.00061107,50.00000000
2018-02-25 14:14:55,0.00061107,93.00000000
2018-02-25 14:14:55,0.00061105,572.00000000
2018-02-25 14:14:55,0.00061105,38.00000000
2018-02-25 14:14:55,0.00061133,10.00000000
2018-02-25 14:14:55,0.00061133,3.00000000
2018-02-25 14:14:55,0.00061133,694.00000000
2018-02-25 14:14:55,0.00061105,179.00000000
2018-02-25 14:14:55,0.00061105,87.00000000
2018-02-25 14:14:56,0.00061109,8.00000000
2018-02-25 14:14:56,0.00061104,132.00000000
2018-02-25 14:14:56,0.00061100,39.00000000
2018-02-25 14:14:56,0.00061100,4.00000000
2018-02-25 14:14:56,0.00061100,100.00000000
2018-02-25 14:14:56,0.00061100,595.00000000
2018-02-25 14:14:56,0.00061109,27.00000000
2018-02-25 14:14:56,0.00061113,5.00000000
2018-02-25 14:14:56,0.00061199,59.00000000
2018-02-25 14:14:57,0.00061105,306.00000000
2018-02-25 14:14:57,0.00061108,36.00000000
2018-02-25 14:14:57,0.00061108,666.00000000
2018-02-25 14:14:57,0.00061100,96.00000000
2018-02-25 14:14:57,0.00061100,5.00000000
2018-02-25 14:14:58,0.00061100,75.00000000
2018-02-25 14:14:59,0.00061100,354.00000000
2018-02-25 14:14:59,0.00061100,4.00000000
2018-02-25 14:14:59,0.00061100,4.00000000
2018-02-25 14:14:59,0.00061100,49.00000000
2018-02-25 14:14:59,0.00061100,19.00000000
2018-02-25 14:14:59,0.00061102,4.00000000
2018-02-25 14:14:59,0.00061119,8.00000000
2018-02-25 14:14:59,0.00061088,34.00000000
2018-02-25 14:14:59,0.00061075,7.00000000
2018-02-25 14:15:01,0.00061073,7.00000000
2018-02-25 14:15:01,0.00061061,13.00000000
2018-02-25 14:15:01,0.00061049,31.00000000
2018-02-25 14:15:01,0.00061001,4.00000000
2018-02-25 14:15:01,0.00061000,90.00000000
2018-02-25 14:15:01,0.00061088,526.00000000
2018-02-25 14:15:02,0.00061112,218.00000000
2018-02-25 14:15:02,0.00061131,7.00000000
2018-02-25 14:15:02,0.00061133,8.00000000
2018-02-25 14:15:02,0.00061133,11.00000000
2018-02-25 14:15:02,0.00061112,2.00000000
2018-02-25 14:15:03,0.00061112,306.00000000
2018-02-25 14:15:03,0.00061112,10.00000000
2018-02-25 14:15:04,0.00061112,545.00000000
2018-02-25 14:15:05,0.00061133,1.00000000
2018-02-25 14:15:05,0.00061199,11.00000000
2018-02-25 14:15:05,0.00061199,12.00000000
2018-02-25 14:15:05,0.00061199,13.00000000
2018-02-25 14:15:05,0.00061199,11.00000000
2018-02-25 14:15:05,0.00061199,13.00000000
2018-02-25 14:15:05,0.00061199,16.00000000
2018-02-25 14:15:05,0.00061199,4.00000000
2018-02-25 14:15:05,0.00061199,35.00000000
2018-02-25 14:15:05,0.00061199,16.00000000
2018-02-25 14:15:05,0.00061199,16.00000000
2018-02-25 14:15:05,0.00061199,48.00000000
2018-02-25 14:15:05,0.00061199,49.00000000
2018-02-25 14:15:05,0.00061199,16.00000000
2018-02-25 14:15:05,0.00061199,41.00000000
2018-02-25 14:15:05,0.00061199,11.00000000
2018-02-25 14:15:05,0.00061199,11.00000000
2018-02-25 14:15:05,0.00061199,16.00000000
2018-02-25 14:15:05,0.00061199,11.00000000
2018-02-25 14:15:05,0.00061199,41.00000000
2018-02-25 14:15:05,0.00061112,41.00000000
2018-02-25 14:15:05,0.00061199,4.00000000
2018-02-25 14:15:06,0.00061199,20.00000000
2018-02-25 14:15:06,0.00061199,5.00000000
2018-02-25 14:15:06,0.00061133,3.00000000
2018-02-25 14:15:06,0.00061199,2.00000000
2018-02-25 14:15:06,0.00061112,11.00000000
2018-02-25 14:15:06,0.00061199,86.00000000
2018-02-25 14:15:06,0.00061199,3.00000000
2018-02-25 14:15:06,0.00061180,18.00000000
2018-02-25 14:15:07,0.00061112,155.00000000
2018-02-25 14:15:07,0.00061180,144.00000000
2018-02-25 14:15:08,0.00061112,40.00000000
2018-02-25 14:15:09,0.00061112,249.00000000
2018-02-25 14:15:10,0.00061112,684.00000000
2018-02-25 14:15:11,0.00061112,48.00000000
2018-02-25 14:15:12,0.00061113,9.00000000
2018-02-25 14:15:12,0.00061112,8.00000000
2018-02-25 14:15:12,0.00061133,5.00000000
2018-02-25 14:15:12,0.00061112,755.00000000
2018-02-25 14:15:12,0.00061112,20.00000000
2018-02-25 14:15:13,0.00061112,779.00000000
2018-02-25 14:15:14,0.00061114,24.00000000
2018-02-25 14:15:14,0.00061112,676.00000000
2018-02-25 14:15:14,0.00061112,243.00000000
2018-02-25 14:15:15,0.00061112,665.00000000
2018-02-25 14:15:15,0.00061112,345.00000000
2018-02-25 14:15:15,0.00061112,118.00000000
2018-02-25 14:15:15,0.00061112,98.00000000
2018-02-25 14:15:16,0.00061108,25.00000000
2018-02-25 14:15:16,0.00061087,298.00000000
2018-02-25 14:15:18,0.00061112,9.00000000
2018-02-25 14:15:18,0.00061089,4.00000000
2018-02-25 14:15:19,0.00061089,114.00000000
2018-02-25 14:15:19,0.00061112,795.00000000
2018-02-25 14:15:21,0.00061112,200.00000000
2018-02-25 14:15:21,0.00061089,14.00000000
2018-02-25 14:15:21,0.00061087,3.00000000
2018-02-25 14:15:21,0.00061087,5000.00000000
2018-02-25 14:15:21,0.00061087,10.00000000
2018-02-25 14:15:21,0.00061112,130.00000000
2018-02-25 14:15:22,0.00061089,1.00000000
2018-02-25 14:15:22,0.00061089,288.00000000
2018-02-25 14:15:22,0.00061087,418.00000000
2018-02-25 14:15:23,0.00061112,129.00000000
2018-02-25 14:15:23,0.00061087,845.00000000
2018-02-25 14:15:24,0.00061110,3.00000000
2018-02-25 14:15:24,0.00061112,72.00000000
2018-02-25 14:15:25,0.00061089,13.00000000
2018-02-25 14:15:25,0.00061087,661.00000000
2018-02-25 14:15:25,0.00061087,539.00000000
2018-02-25 14:15:26,0.00061112,17.00000000
2018-02-25 14:15:27,0.00061100,51.00000000
2018-02-25 14:15:27,0.00061087,614.00000000
2018-02-25 14:15:27,0.00061000,522.00000000
2018-02-25 14:15:27,0.00060999,17.00000000
2018-02-25 14:15:27,0.00060993,7.00000000
2018-02-25 14:15:27,0.00060985,197.00000000
2018-02-25 14:15:27,0.00060959,30.00000000
2018-02-25 14:15:27,0.00060951,71.00000000
2018-02-25 14:15:27,0.00060942,5.00000000
2018-02-25 14:15:27,0.00060919,19.00000000
2018-02-25 14:15:27,0.00060879,19.00000000
2018-02-25 14:15:27,0.00060871,271.00000000
2018-02-25 14:15:27,0.00060774,800.00000000
2018-02-25 14:15:27,0.00060773,40.00000000
2018-02-25 14:15:27,0.00060772,164.00000000
2018-02-25 14:15:27,0.00060745,14.00000000
2018-02-25 14:15:27,0.00060900,30.00000000
2018-02-25 14:15:29,0.00061000,192.00000000
2018-02-25 14:15:29,0.00060991,66.00000000
2018-02-25 14:15:29,0.00061100,27.00000000
2018-02-25 14:15:29,0.00060991,3.00000000
2018-02-25 14:15:29,0.00061099,16.00000000
2018-02-25 14:15:29,0.00061100,213.00000000
2018-02-25 14:15:29,0.00061111,20.00000000
2018-02-25 14:15:29,0.00061112,845.00000000
2018-02-25 14:15:30,0.00061112,28.00000000
2018-02-25 14:15:30,0.00061112,301.00000000
2018-02-25 14:15:31,0.00061112,115.00000000
2018-02-25 14:15:33,0.00061125,41.00000000
2018-02-25 14:15:34,0.00061125,44.00000000
2018-02-25 14:15:34,0.00061125,17.00000000
2018-02-25 14:15:34,0.00061112,33.00000000
2018-02-25 14:15:34,0.00061112,263.00000000
2018-02-25 14:15:34,0.00061112,164.00000000
2018-02-25 14:15:34,0.00061112,14.00000000
2018-02-25 14:15:35,0.00061112,8.00000000
2018-02-25 14:15:36,0.00061099,14.00000000
2018-02-25 14:15:36,0.00061099,2.00000000
2018-02-25 14:15:36,0.00061087,15.00000000
2018-02-25 14:15:36,0.00061112,539.00000000
2018-02-25 14:15:36,0.00061132,17.00000000
2018-02-25 14:15:36,0.00061112,206.00000000
2018-02-25 14:15:37,0.00061099,3.00000000
2018-02-25 14:15:37,0.00061112,15.00000000
2018-02-25 14:15:38,0.00061112,16.00000000
2018-02-25 14:15:38,0.00061099,3.00000000
2018-02-25 14:15:39,0.00061099,91.00000000
2018-02-25 14:15:39,0.00061099,298.00000000
2018-02-25 14:15:40,0.00061088,8.00000000
2018-02-25 14:15:40,0.00061087,68.00000000
2018-02-25 14:15:40,0.00061099,57.00000000
2018-02-25 14:15:40,0.00061087,41.00000000
2018-02-25 14:15:40,0.00061000,83.00000000
2018-02-25 14:15:40,0.00061000,72.00000000
2018-02-25 14:15:40,0.00061000,12.00000000
2018-02-25 14:15:40,0.00061000,14.00000000
2018-02-25 14:15:40,0.00061000,14.00000000
2018-02-25 14:15:40,0.00061000,8.00000000
2018-02-25 14:15:40,0.00061000,125.00000000
2018-02-25 14:15:42,0.00060987,10.00000000
2018-02-25 14:15:42,0.00060986,7.00000000
2018-02-25 14:15:42,0.00060986,1.00000000
2018-02-25 14:15:42,0.00060977,4.00000000
2018-02-25 14:15:42,0.00060969,21.00000000
2018-02-25 14:15:42,0.00060966,105.00000000
2018-02-25 14:15:43,0.00060977,100.00000000
2018-02-25 14:15:44,0.00060989,3.00000000
2018-02-25 14:15:46,0.00060986,3.00000000
2018-02-25 14:15:46,0.00060970,9.00000000
2018-02-25 14:15:46,0.00060967,13.00000000
2018-02-25 14:15:47,0.00060987,14.00000000
2018-02-25 14:15:47,0.00060986,49.00000000
2018-02-25 14:15:47,0.00060986,39.00000000
2018-02-25 14:15:47,0.00060969,96.00000000
2018-02-25 14:15:47,0.00060986,79.00000000
2018-02-25 14:15:47,0.00060986,49.00000000
2018-02-25 14:15:47,0.00060986,66.00000000
2018-02-25 14:15:47,0.00060969,12.00000000
2018-02-25 14:15:47,0.00060986,4.00000000
2018-02-25 14:15:47,0.00060986,4.00000000
2018-02-25 14:15:47,0.00060985,4.00000000
2018-02-25 14:15:47,0.00060985,4.00000000
2018-02-25 14:15:47,0.00060985,2.00000000
2018-02-25 14:15:47,0.00060986,14.00000000
2018-02-25 14:15:47,0.00060986,17.00000000
2018-02-25 14:15:47,0.00060986,6.00000000
2018-02-25 14:15:47,0.00060986,22.00000000
2018-02-25 14:15:47,0.00060986,3.00000000
2018-02-25 14:15:47,0.00060986,45.00000000
2018-02-25 14:15:48,0.00060986,6.00000000
2018-02-25 14:15:48,0.00060984,108.00000000
2018-02-25 14:15:49,0.00060974,10.00000000
2018-02-25 14:15:49,0.00060970,7.00000000
2018-02-25 14:15:50,0.00060872,17.00000000
2018-02-25 14:15:50,0.00060872,2.00000000
2018-02-25 14:15:50,0.00060779,15.00000000
2018-02-25 14:15:50,0.00060971,10.00000000
2018-02-25 14:15:50,0.00060787,16.00000000
2018-02-25 14:15:51,0.00060972,30.00000000
2018-02-25 14:15:51,0.00060973,170.00000000
2018-02-25 14:15:51,0.00060972,5.00000000
2018-02-25 14:15:51,0.00060787,17.00000000
2018-02-25 14:15:51,0.00060787,17.00000000
2018-02-25 14:15:51,0.00060788,17.00000000
2018-02-25 14:15:52,0.00060793,16.00000000
2018-02-25 14:15:52,0.00060793,17.00000000
2018-02-25 14:15:52,0.00060971,5.00000000
2018-02-25 14:15:52,0.00060971,14.00000000
2018-02-25 14:15:52,0.00060793,17.00000000
2018-02-25 14:15:52,0.00060972,25.00000000
2018-02-25 14:15:52,0.00060795,17.00000000
2018-02-25 14:15:52,0.00060971,9.00000000
2018-02-25 14:15:53,0.00060796,17.00000000
2018-02-25 14:15:53,0.00060971,21.00000000
2018-02-25 14:15:53,0.00060971,19.00000000
2018-02-25 14:15:53,0.00060972,21.00000000
2018-02-25 14:15:53,0.00060796,16.00000000
2018-02-25 14:15:53,0.00060972,2.00000000
2018-02-25 14:15:53,0.00060972,6.00000000
2018-02-25 14:15:53,0.00060796,9.00000000
2018-02-25 14:15:53,0.00060797,3.00000000
2018-02-25 14:15:53,0.00060796,13.00000000
2018-02-25 14:15:54,0.00060796,17.00000000
2018-02-25 14:15:54,0.00060796,17.00000000
2018-02-25 14:15:54,0.00060796,17.00000000
2018-02-25 14:15:54,0.00060797,16.00000000
2018-02-25 14:15:54,0.00060799,10.00000000
2018-02-25 14:15:55,0.00060800,16.00000000
2018-02-25 14:15:55,0.00060965,17.00000000
2018-02-25 14:15:55,0.00060802,14.00000000
2018-02-25 14:15:55,0.00060800,2.00000000
2018-02-25 14:15:55,0.00060800,17.00000000
2018-02-25 14:15:55,0.00060801,17.00000000
2018-02-25 14:15:55,0.00060963,43.00000000
2018-02-25 14:15:56,0.00060800,14.00000000
2018-02-25 14:15:56,0.00060791,2.00000000
2018-02-25 14:15:56,0.00060820,16.00000000
2018-02-25 14:15:56,0.00060820,16.00000000
2018-02-25 14:15:56,0.00060963,187.00000000
2018-02-25 14:15:56,0.00060822,16.00000000
2018-02-25 14:15:56,0.00060822,16.00000000
2018-02-25 14:15:57,0.00060960,11.00000000
2018-02-25 14:15:57,0.00060822,5.00000000
2018-02-25 14:15:57,0.00060960,38.00000000
2018-02-25 14:15:57,0.00060822,16.00000000
2018-02-25 14:15:57,0.00060822,15.00000000
2018-02-25 14:15:57,0.00060822,16.00000000
2018-02-25 14:15:57,0.00060822,16.00000000
2018-02-25 14:15:57,0.00060961,20.00000000
