DATE,PRICE,VOLUME
2018-02-26 20:00:02,0.00053983,5.00000000
2018-02-26 20:00:03,0.00053982,5.00000000
2018-02-26 20:00:05,0.00053980,67.00000000
2018-02-26 20:00:05,0.00053981,18.00000000
2018-02-26 20:00:05,0.00053983,6.00000000
2018-02-26 20:00:05,0.00053983,301.00000000
2018-02-26 20:00:06,0.00053912,5.00000000
2018-02-26 20:00:07,0.00053912,4.00000000
2018-02-26 20:00:07,0.00053983,7.00000000
2018-02-26 20:00:07,0.00053983,8.00000000
2018-02-26 20:00:07,0.00053983,8.00000000
2018-02-26 20:00:07,0.00053984,3.00000000
2018-02-26 20:00:07,0.00053984,7.00000000
2018-02-26 20:00:07,0.00053983,3.00000000
2018-02-26 20:00:12,0.00053988,10.00000000
2018-02-26 20:00:12,0.00053990,5.00000000
2018-02-26 20:00:12,0.00053992,30.00000000
2018-02-26 20:00:12,0.00053993,253.00000000
2018-02-26 20:00:14,0.00053992,30.00000000
2018-02-26 20:00:14,0.00053993,117.00000000
2018-02-26 20:00:14,0.00053993,9.00000000
2018-02-26 20:00:15,0.00053877,29.00000000
2018-02-26 20:00:15,0.00053876,40.00000000
2018-02-26 20:00:16,0.00053993,10.00000000
2018-02-26 20:00:16,0.00053994,4.00000000
2018-02-26 20:00:16,0.00053996,30.00000000
2018-02-26 20:00:16,0.00053997,477.00000000
2018-02-26 20:00:16,0.00053997,5.00000000
2018-02-26 20:00:16,0.00053997,5.00000000
2018-02-26 20:00:16,0.00053997,6.00000000
2018-02-26 20:00:16,0.00053997,8.00000000
2018-02-26 20:00:16,0.00053997,9.00000000
2018-02-26 20:00:18,0.00053997,105.00000000
2018-02-26 20:00:18,0.00053998,3644.00000000
2018-02-26 20:00:18,0.00053998,2540.00000000
2018-02-26 20:00:18,0.00053999,11.00000000
2018-02-26 20:00:18,0.00054000,419.00000000
2018-02-26 20:00:19,0.00054001,30.00000000
2018-02-26 20:00:19,0.00054019,23.00000000
2018-02-26 20:00:19,0.00054001,30.00000000
2018-02-26 20:00:20,0.00054001,25.00000000
2018-02-26 20:00:21,0.00054001,5.00000000
2018-02-26 20:00:21,0.00054000,88.00000000
2018-02-26 20:00:22,0.00054022,5.00000000
2018-02-26 20:00:24,0.00054046,4.00000000
2018-02-26 20:00:24,0.00054049,5.00000000
2018-02-26 20:00:24,0.00054070,5.00000000
2018-02-26 20:00:25,0.00054002,40.00000000
2018-02-26 20:00:25,0.00054001,151.00000000
2018-02-26 20:00:26,0.00054070,13.00000000
2018-02-26 20:00:26,0.00054076,5.00000000
2018-02-26 20:00:26,0.00054080,6.00000000
2018-02-26 20:00:26,0.00054103,5.00000000
2018-02-26 20:00:26,0.00054109,19.00000000
2018-02-26 20:00:26,0.00054129,19.00000000
2018-02-26 20:00:26,0.00054130,5.00000000
2018-02-26 20:00:26,0.00054154,3.00000000
2018-02-26 20:00:26,0.00054158,5.00000000
2018-02-26 20:00:26,0.00054185,5.00000000
2018-02-26 20:00:26,0.00054200,7.00000000
2018-02-26 20:00:26,0.00054210,62.00000000
2018-02-26 20:00:27,0.00054053,5.00000000
2018-02-26 20:00:27,0.00054004,3.00000000
2018-02-26 20:00:30,0.00054069,3.00000000
2018-02-26 20:00:32,0.00054208,2.00000000
2018-02-26 20:00:35,0.00054209,10.00000000
2018-02-26 20:00:35,0.00054210,47.00000000
2018-02-26 20:00:37,0.00054061,20.00000000
2018-02-26 20:00:37,0.00054060,92.00000000
2018-02-26 20:00:37,0.00054057,39.00000000
2018-02-26 20:00:37,0.00054050,9.00000000
2018-02-26 20:00:37,0.00054049,5.00000000
2018-02-26 20:00:37,0.00054022,5.00000000
2018-02-26 20:00:37,0.00054002,200.00000000
2018-02-26 20:00:37,0.00054210,36.00000000
2018-02-26 20:00:37,0.00054212,5.00000000
2018-02-26 20:00:37,0.00054219,30.00000000
2018-02-26 20:00:37,0.00054220,42.00000000
2018-02-26 20:00:37,0.00054238,125.00000000
2018-02-26 20:00:37,0.00054239,5.00000000
2018-02-26 20:00:37,0.00054266,5.00000000
2018-02-26 20:00:37,0.00054280,129.00000000
2018-02-26 20:00:38,0.00054157,5.00000000
2018-02-26 20:00:39,0.00054183,10.00000000
2018-02-26 20:00:39,0.00054184,5.00000000
2018-02-26 20:00:39,0.00054212,20.00000000
2018-02-26 20:00:39,0.00054212,103.00000000
2018-02-26 20:00:41,0.00054216,9.00000000
2018-02-26 20:00:42,0.00054139,9.00000000
2018-02-26 20:00:44,0.00054146,18.00000000
2018-02-26 20:00:44,0.00054131,5.00000000
2018-02-26 20:00:44,0.00054130,5.00000000
2018-02-26 20:00:44,0.00054104,5.00000000
2018-02-26 20:00:44,0.00054103,5.00000000
2018-02-26 20:00:44,0.00054076,5.00000000
2018-02-26 20:00:44,0.00054048,5.00000000
2018-02-26 20:00:44,0.00054021,5.00000000
2018-02-26 20:00:44,0.00054006,21.00000000
2018-02-26 20:00:44,0.00054216,15.00000000
2018-02-26 20:00:46,0.00054156,5.00000000
2018-02-26 20:00:46,0.00054183,4.00000000
2018-02-26 20:00:48,0.00054047,4.00000000
2018-02-26 20:00:48,0.00054029,2.00000000
2018-02-26 20:00:48,0.00054029,4.00000000
2018-02-26 20:00:48,0.00054182,4.00000000
2018-02-26 20:00:48,0.00054183,1.00000000
2018-02-26 20:00:48,0.00054208,94.00000000
2018-02-26 20:00:48,0.00054209,30.00000000
2018-02-26 20:00:48,0.00054210,9.00000000
2018-02-26 20:00:48,0.00054211,5.00000000
2018-02-26 20:00:48,0.00054238,5.00000000
2018-02-26 20:00:48,0.00054265,5.00000000
2018-02-26 20:00:48,0.00054280,1347.00000000
2018-02-26 20:00:49,0.00054060,9.00000000
2018-02-26 20:00:49,0.00054209,30.00000000
2018-02-26 20:00:49,0.00054280,379.00000000
2018-02-26 20:00:50,0.00054102,2.00000000
2018-02-26 20:00:51,0.00054129,5.00000000
2018-02-26 20:00:51,0.00054102,3.00000000
2018-02-26 20:00:51,0.00054077,73.00000000
2018-02-26 20:00:51,0.00054076,10.00000000
2018-02-26 20:00:51,0.00054075,6.00000000
2018-02-26 20:00:51,0.00054063,47.00000000
2018-02-26 20:00:52,0.00054200,10.00000000
2018-02-26 20:01:00,0.00054210,6.00000000
2018-02-26 20:01:03,0.00054210,12.00000000
2018-02-26 20:01:03,0.00054203,27.00000000
2018-02-26 20:01:03,0.00054200,331.00000000
2018-02-26 20:01:07,0.00054210,368.00000000
2018-02-26 20:01:07,0.00054200,276.00000000
2018-02-26 20:01:09,0.00054131,4.00000000
2018-02-26 20:01:10,0.00054131,14.00000000
2018-02-26 20:01:11,0.00054183,5.00000000
2018-02-26 20:01:13,0.00054200,7.00000000
2018-02-26 20:01:14,0.00054200,7.00000000
2018-02-26 20:01:14,0.00054200,177.00000000
2018-02-26 20:01:15,0.00054200,2.00000000
2018-02-26 20:01:16,0.00054200,3.00000000
2018-02-26 20:01:19,0.00054183,676.00000000
2018-02-26 20:01:21,0.00054200,26.00000000
2018-02-26 20:01:23,0.00054199,8.00000000
2018-02-26 20:01:30,0.00054184,241.00000000
2018-02-26 20:01:30,0.00054183,129.00000000
2018-02-26 20:01:39,0.00054199,33.00000000
2018-02-26 20:01:42,0.00054183,760.00000000
2018-02-26 20:01:43,0.00054183,31.00000000
2018-02-26 20:01:46,0.00054183,53.00000000
2018-02-26 20:01:47,0.00054183,75.00000000
2018-02-26 20:01:48,0.00054199,138.00000000
2018-02-26 20:01:48,0.00054199,181.00000000
2018-02-26 20:01:49,0.00054183,2158.00000000
2018-02-26 20:01:49,0.00054183,113.00000000
2018-02-26 20:01:50,0.00054183,17.00000000
2018-02-26 20:01:51,0.00054199,441.00000000
2018-02-26 20:01:53,0.00054199,5.00000000
2018-02-26 20:01:53,0.00054199,5.00000000
2018-02-26 20:01:53,0.00054199,5.00000000
2018-02-26 20:01:54,0.00054184,9.00000000
2018-02-26 20:01:54,0.00054184,3.00000000
2018-02-26 20:01:54,0.00054183,31.00000000
2018-02-26 20:01:54,0.00054183,86.00000000
2018-02-26 20:01:55,0.00054184,79.00000000
2018-02-26 20:01:56,0.00054184,85.00000000
2018-02-26 20:01:57,0.00054199,15.00000000
2018-02-26 20:01:57,0.00054183,220.00000000
2018-02-26 20:01:57,0.00054199,31.00000000
2018-02-26 20:01:58,0.00054183,144.00000000
2018-02-26 20:01:58,0.00054199,113.00000000
2018-02-26 20:01:58,0.00054199,9.00000000
2018-02-26 20:02:00,0.00054183,175.00000000
2018-02-26 20:02:05,0.00054183,287.00000000
2018-02-26 20:02:06,0.00054184,27.00000000
2018-02-26 20:02:06,0.00054184,10.00000000
2018-02-26 20:02:06,0.00054184,14.00000000
2018-02-26 20:02:06,0.00054184,14.00000000
2018-02-26 20:02:09,0.00054183,1259.00000000
2018-02-26 20:02:10,0.00054184,5.00000000
2018-02-26 20:02:10,0.00054199,302.00000000
2018-02-26 20:02:10,0.00054198,31.00000000
2018-02-26 20:02:10,0.00054183,283.00000000
2018-02-26 20:02:10,0.00054180,38.00000000
2018-02-26 20:02:10,0.00054131,119.00000000
2018-02-26 20:02:10,0.00054197,290.00000000
2018-02-26 20:02:11,0.00054196,9.00000000
2018-02-26 20:02:12,0.00054195,73.00000000
2018-02-26 20:02:12,0.00054197,34.00000000
2018-02-26 20:02:12,0.00054198,52.00000000
2018-02-26 20:02:12,0.00054185,9.00000000
2018-02-26 20:02:12,0.00054184,10.00000000
2018-02-26 20:02:12,0.00054180,454.00000000
2018-02-26 20:02:14,0.00054198,30.00000000
2018-02-26 20:02:14,0.00054198,10.00000000
2018-02-26 20:02:16,0.00054108,18.00000000
2018-02-26 20:02:16,0.00054101,10.00000000
2018-02-26 20:02:16,0.00054098,27.00000000
2018-02-26 20:02:16,0.00054089,73.00000000
2018-02-26 20:02:16,0.00054087,9.00000000
2018-02-26 20:02:16,0.00054075,130.00000000
2018-02-26 20:02:16,0.00054074,6.00000000
2018-02-26 20:02:16,0.00054056,65.00000000
2018-02-26 20:02:17,0.00054180,20.00000000
2018-02-26 20:02:19,0.00054073,6.00000000
2018-02-26 20:02:22,0.00054073,20.00000000
2018-02-26 20:02:22,0.00054072,69.00000000
2018-02-26 20:02:22,0.00054046,8.00000000
2018-02-26 20:02:22,0.00054042,19.00000000
2018-02-26 20:02:22,0.00054032,10.00000000
2018-02-26 20:02:23,0.00054181,3.00000000
2018-02-26 20:02:25,0.00054057,202.00000000
2018-02-26 20:02:25,0.00054177,3.00000000
2018-02-26 20:02:25,0.00054049,3.00000000
2018-02-26 20:02:26,0.00054049,1.00000000
2018-02-26 20:02:26,0.00054048,2.00000000
2018-02-26 20:02:27,0.00054174,10.00000000
2018-02-26 20:02:27,0.00054175,51.00000000
2018-02-26 20:02:29,0.00054172,2.00000000
2018-02-26 20:02:29,0.00054172,20.00000000
2018-02-26 20:02:29,0.00054171,17.00000000
2018-02-26 20:02:30,0.00054072,9.00000000
2018-02-26 20:02:30,0.00054055,3.00000000
2018-02-26 20:02:30,0.00054054,10.00000000
2018-02-26 20:02:30,0.00054046,29.00000000
2018-02-26 20:02:30,0.00054045,3.00000000
2018-02-26 20:02:30,0.00054021,30.00000000
2018-02-26 20:02:30,0.00054020,218.00000000
2018-02-26 20:02:30,0.00054117,7.00000000
2018-02-26 20:02:30,0.00054071,45.00000000
2018-02-26 20:02:30,0.00054020,19.00000000
2018-02-26 20:02:30,0.00054020,341.00000000
2018-02-26 20:02:30,0.00054020,109.00000000
2018-02-26 20:02:30,0.00054180,20.00000000
2018-02-26 20:02:30,0.00054181,1.00000000
2018-02-26 20:02:30,0.00054183,2.00000000
2018-02-26 20:02:30,0.00054197,45.00000000
2018-02-26 20:02:30,0.00054198,273.00000000
2018-02-26 20:02:30,0.00054032,5.00000000
2018-02-26 20:02:31,0.00054155,5.00000000
2018-02-26 20:02:38,0.00054023,10.00000000
2018-02-26 20:02:38,0.00054022,5.00000000
2018-02-26 20:02:39,0.00054022,4.00000000
2018-02-26 20:02:39,0.00054020,196.00000000
2018-02-26 20:02:40,0.00054099,10.00000000
2018-02-26 20:02:40,0.00054100,62.00000000
2018-02-26 20:02:41,0.00054100,19.00000000
2018-02-26 20:02:45,0.00054100,61.00000000
2018-02-26 20:02:45,0.00054020,454.00000000
2018-02-26 20:02:45,0.00054019,6.00000000
2018-02-26 20:02:45,0.00054002,880.00000000
2018-02-26 20:02:48,0.00054011,4.00000000
2018-02-26 20:02:48,0.00054002,1.00000000
2018-02-26 20:02:50,0.00054100,69.00000000
2018-02-26 20:02:52,0.00054100,26.00000000
2018-02-26 20:02:53,0.00054011,3.00000000
2018-02-26 20:02:53,0.00054100,16.00000000
2018-02-26 20:02:54,0.00054011,2.00000000
2018-02-26 20:02:54,0.00054002,184.00000000
2018-02-26 20:02:54,0.00054001,178.00000000
2018-02-26 20:02:54,0.00054000,1346.00000000
2018-02-26 20:02:54,0.00054000,33.00000000
2018-02-26 20:02:54,0.00054000,104.00000000
2018-02-26 20:02:55,0.00054000,1139.00000000
2018-02-26 20:02:55,0.00054000,393.00000000
2018-02-26 20:02:55,0.00054000,52.00000000
2018-02-26 20:02:55,0.00054000,7.00000000
2018-02-26 20:02:58,0.00054000,25.00000000
2018-02-26 20:02:58,0.00054002,14.00000000
2018-02-26 20:02:59,0.00053995,5.00000000
2018-02-26 20:03:00,0.00053995,562.00000000
2018-02-26 20:03:00,0.00054002,397.00000000
2018-02-26 20:03:03,0.00054002,13.00000000
2018-02-26 20:03:05,0.00054002,2.00000000
2018-02-26 20:03:07,0.00054001,2.00000000
2018-02-26 20:03:07,0.00054000,68.00000000
2018-02-26 20:03:10,0.00054002,7.00000000
2018-02-26 20:03:12,0.00054002,7.00000000
2018-02-26 20:03:15,0.00054002,18.00000000
2018-02-26 20:03:15,0.00054002,18.00000000
2018-02-26 20:03:15,0.00054002,34.00000000
2018-02-26 20:03:15,0.00054000,633.00000000
2018-02-26 20:03:16,0.00054000,20.00000000
2018-02-26 20:03:16,0.00054000,3.00000000
2018-02-26 20:03:17,0.00054000,6.00000000
2018-02-26 20:03:18,0.00054000,8.00000000
2018-02-26 20:03:26,0.00054000,3.00000000
2018-02-26 20:03:30,0.00054000,77.00000000
2018-02-26 20:03:31,0.00053987,13.00000000
2018-02-26 20:03:31,0.00053987,4.00000000
2018-02-26 20:03:35,0.00053987,200.00000000
2018-02-26 20:03:35,0.00053994,4.00000000
2018-02-26 20:03:39,0.00053997,10.00000000
2018-02-26 20:03:39,0.00053999,2.00000000
2018-02-26 20:03:39,0.00054000,120.00000000
2018-02-26 20:03:39,0.00054000,18.00000000
2018-02-26 20:03:39,0.00054000,18.00000000
2018-02-26 20:03:39,0.00054000,221.00000000
2018-02-26 20:03:40,0.00054000,18.00000000
2018-02-26 20:03:42,0.00054000,848.00000000
2018-02-26 20:03:47,0.00053988,188.00000000
2018-02-26 20:03:47,0.00053982,5.00000000
2018-02-26 20:03:47,0.00053968,5.00000000
2018-02-26 20:03:47,0.00053941,5.00000000
2018-02-26 20:03:47,0.00053914,5.00000000
2018-02-26 20:03:47,0.00053900,1.00000000
2018-02-26 20:03:47,0.00054000,48.00000000
2018-02-26 20:03:47,0.00054000,48.00000000
2018-02-26 20:03:47,0.00054000,48.00000000
2018-02-26 20:03:47,0.00054000,18.00000000
2018-02-26 20:03:47,0.00054000,48.00000000
2018-02-26 20:03:49,0.00054000,37.00000000
2018-02-26 20:03:52,0.00053995,3.00000000
2018-02-26 20:03:57,0.00053995,1.00000000
2018-02-26 20:03:59,0.00054000,10.00000000
2018-02-26 20:04:08,0.00053999,27.00000000
2018-02-26 20:04:10,0.00053999,3.00000000
2018-02-26 20:04:13,0.00053999,22.00000000
2018-02-26 20:04:14,0.00053995,18.00000000
2018-02-26 20:04:15,0.00053905,4.00000000
2018-02-26 20:04:15,0.00053900,16.00000000
2018-02-26 20:04:18,0.00053906,10.00000000
2018-02-26 20:04:18,0.00053900,27.00000000
2018-02-26 20:04:19,0.00053900,17.00000000
2018-02-26 20:04:24,0.00053898,9.00000000
2018-02-26 20:04:25,0.00053899,36.00000000
2018-02-26 20:04:25,0.00053900,235.00000000
2018-02-26 20:04:25,0.00053900,104.00000000
2018-02-26 20:04:26,0.00053888,10.00000000
2018-02-26 20:04:26,0.00053887,5.00000000
2018-02-26 20:04:26,0.00053876,26.00000000
2018-02-26 20:04:26,0.00053900,8.00000000
2018-02-26 20:04:29,0.00053899,116.00000000
2018-02-26 20:04:29,0.00053900,2916.00000000
2018-02-26 20:04:29,0.00053900,116.00000000
2018-02-26 20:04:33,0.00053883,20.00000000
2018-02-26 20:04:33,0.00053876,75.00000000
2018-02-26 20:04:34,0.00053900,96.00000000
2018-02-26 20:04:34,0.00053900,80.00000000
2018-02-26 20:04:36,0.00053876,190.00000000
2018-02-26 20:04:36,0.00053900,78.00000000
2018-02-26 20:04:36,0.00053900,5.00000000
2018-02-26 20:04:37,0.00053899,9.00000000
2018-02-26 20:04:38,0.00053900,8.00000000
2018-02-26 20:04:40,0.00053876,30.00000000
2018-02-26 20:04:41,0.00053900,1200.00000000
2018-02-26 20:04:43,0.00053903,10.00000000
2018-02-26 20:04:43,0.00053903,9.00000000
2018-02-26 20:04:43,0.00053989,20.00000000
2018-02-26 20:04:44,0.00053990,74.00000000
2018-02-26 20:04:49,0.00053990,4.00000000
2018-02-26 20:04:49,0.00053995,27.00000000
2018-02-26 20:04:49,0.00053995,9.00000000
2018-02-26 20:04:50,0.00053918,18.00000000
2018-02-26 20:04:50,0.00053910,9.00000000
2018-02-26 20:04:50,0.00053906,4.00000000
2018-02-26 20:04:50,0.00053900,11.00000000
2018-02-26 20:04:51,0.00053992,10.00000000
2018-02-26 20:04:51,0.00053995,178.00000000
2018-02-26 20:04:51,0.00054000,437.00000000
2018-02-26 20:04:51,0.00054000,7.00000000
2018-02-26 20:04:51,0.00054002,769.00000000
2018-02-26 20:04:51,0.00054002,24.00000000
2018-02-26 20:04:51,0.00054021,5.00000000
2018-02-26 20:04:52,0.00054001,354.00000000
2018-02-26 20:04:52,0.00054000,1.00000000
2018-02-26 20:04:55,0.00054048,5.00000000
2018-02-26 20:04:55,0.00054075,5.00000000
2018-02-26 20:04:55,0.00054082,18.00000000
2018-02-26 20:04:55,0.00054082,28.00000000
2018-02-26 20:04:55,0.00054082,9.00000000
2018-02-26 20:04:55,0.00054082,10.00000000
2018-02-26 20:04:55,0.00054102,5.00000000
2018-02-26 20:04:55,0.00054129,5.00000000
2018-02-26 20:04:55,0.00054154,6.00000000
2018-02-26 20:04:55,0.00054180,3.00000000
2018-02-26 20:04:55,0.00054196,30.00000000
2018-02-26 20:04:55,0.00054198,27.00000000
2018-02-26 20:04:55,0.00054199,18.00000000
2018-02-26 20:04:55,0.00054200,80.00000000
2018-02-26 20:04:55,0.00054002,10.00000000
2018-02-26 20:04:55,0.00054001,30.00000000
2018-02-26 20:04:55,0.00054000,461.00000000
2018-02-26 20:04:56,0.00054195,2.00000000
2018-02-26 20:05:06,0.00054189,2.00000000
2018-02-26 20:05:08,0.00054088,9.00000000
2018-02-26 20:05:08,0.00054078,12.00000000
2018-02-26 20:05:09,0.00054189,9.00000000
2018-02-26 20:05:11,0.00054189,7.00000000
2018-02-26 20:05:11,0.00054190,4.00000000
2018-02-26 20:05:11,0.00054191,12.00000000
2018-02-26 20:05:11,0.00054195,3.00000000
2018-02-26 20:05:11,0.00054195,273.00000000
2018-02-26 20:05:13,0.00054195,22.00000000
2018-02-26 20:05:15,0.00054200,5.00000000
2018-02-26 20:05:15,0.00054200,5.00000000
2018-02-26 20:05:15,0.00054195,10.00000000
2018-02-26 20:05:19,0.00054200,30.00000000
2018-02-26 20:05:19,0.00054195,14.00000000
2018-02-26 20:05:20,0.00054199,201.00000000
2018-02-26 20:05:20,0.00054200,638.00000000
2018-02-26 20:05:21,0.00054200,42.00000000
2018-02-26 20:05:24,0.00054200,63.00000000
2018-02-26 20:05:26,0.00054200,88.00000000
2018-02-26 20:05:26,0.00054200,10.00000000
2018-02-26 20:05:27,0.00054200,605.00000000
2018-02-26 20:05:28,0.00054199,40.00000000
2018-02-26 20:05:28,0.00054200,460.00000000
2018-02-26 20:05:29,0.00054200,3456.00000000
2018-02-26 20:05:33,0.00054209,6.00000000
2018-02-26 20:05:33,0.00054210,35.00000000
2018-02-26 20:05:33,0.00054220,7.00000000
2018-02-26 20:05:33,0.00054228,19.00000000
2018-02-26 20:05:33,0.00054237,5.00000000
2018-02-26 20:05:33,0.00054264,5.00000000
2018-02-26 20:05:33,0.00054280,15.00000000
2018-02-26 20:05:34,0.00054201,10.00000000
2018-02-26 20:05:34,0.00054200,157.00000000
2018-02-26 20:05:37,0.00054249,8.00000000
2018-02-26 20:05:38,0.00054249,2.00000000
2018-02-26 20:05:42,0.00054249,20.00000000
2018-02-26 20:05:42,0.00054249,2.00000000
2018-02-26 20:05:45,0.00054249,28.00000000
2018-02-26 20:05:45,0.00054249,30.00000000
2018-02-26 20:05:46,0.00054250,14.00000000
2018-02-26 20:05:46,0.00054250,46.00000000
2018-02-26 20:05:46,0.00054249,3.00000000
2018-02-26 20:05:47,0.00054250,62.00000000
2018-02-26 20:05:49,0.00054249,46.00000000
2018-02-26 20:05:49,0.00054249,56.00000000
2018-02-26 20:05:50,0.00054249,98.00000000
2018-02-26 20:05:50,0.00054250,17.00000000
2018-02-26 20:05:50,0.00054280,201.00000000
2018-02-26 20:05:50,0.00054289,6.00000000
2018-02-26 20:05:51,0.00054293,817.00000000
2018-02-26 20:05:55,0.00054293,53.00000000
2018-02-26 20:05:55,0.00054293,19.00000000
2018-02-26 20:05:56,0.00054293,2.00000000
2018-02-26 20:06:00,0.00054293,52.00000000
2018-02-26 20:06:03,0.00054319,20.00000000
2018-02-26 20:06:05,0.00054320,4.00000000
2018-02-26 20:06:09,0.00054293,3.00000000
2018-02-26 20:06:09,0.00054327,2.00000000
2018-02-26 20:06:15,0.00054330,23.00000000
2018-02-26 20:06:15,0.00054344,30.00000000
2018-02-26 20:06:17,0.00054344,30.00000000
2018-02-26 20:06:17,0.00054345,4.00000000
2018-02-26 20:06:17,0.00054347,5.00000000
2018-02-26 20:06:17,0.00054350,8.00000000
2018-02-26 20:06:17,0.00054357,4.00000000
2018-02-26 20:06:17,0.00054362,199.00000000
2018-02-26 20:06:19,0.00054362,205.00000000
2018-02-26 20:06:22,0.00054362,385.00000000
2018-02-26 20:06:25,0.00054362,2350.00000000
2018-02-26 20:06:25,0.00054375,5.00000000
2018-02-26 20:06:28,0.00054392,4.00000000
2018-02-26 20:06:28,0.00054399,37.00000000
2018-02-26 20:06:28,0.00054400,250.00000000
2018-02-26 20:06:28,0.00054402,5.00000000
2018-02-26 20:06:28,0.00054410,40.00000000
2018-02-26 20:06:30,0.00054364,2.00000000
2018-02-26 20:06:30,0.00054400,44.00000000
2018-02-26 20:06:34,0.00054410,10.00000000
2018-02-26 20:06:34,0.00054410,24.00000000
2018-02-26 20:06:34,0.00054364,192.00000000
2018-02-26 20:06:35,0.00054364,23.00000000
2018-02-26 20:06:35,0.00054364,66.00000000
2018-02-26 20:06:36,0.00054428,9.00000000
2018-02-26 20:06:36,0.00054429,5.00000000
2018-02-26 20:06:36,0.00054455,5.00000000
2018-02-26 20:06:36,0.00054465,14.00000000
2018-02-26 20:06:36,0.00054482,20.00000000
2018-02-26 20:06:36,0.00054483,1.00000000
2018-02-26 20:06:37,0.00054483,74.00000000
2018-02-26 20:06:37,0.00054484,12.00000000
2018-02-26 20:06:37,0.00054484,9.00000000
2018-02-26 20:06:41,0.00054410,184.00000000
2018-02-26 20:06:42,0.00054410,517.00000000
2018-02-26 20:06:42,0.00054400,5.00000000
2018-02-26 20:06:44,0.00054484,361.00000000
2018-02-26 20:06:44,0.00054499,44.00000000
2018-02-26 20:06:44,0.00054500,332.00000000
2018-02-26 20:06:47,0.00054500,4.00000000
2018-02-26 20:06:49,0.00054484,4.00000000
2018-02-26 20:06:49,0.00054484,512.00000000
2018-02-26 20:06:49,0.00054402,137.00000000
2018-02-26 20:06:49,0.00054401,65.00000000
2018-02-26 20:06:50,0.00054401,75.00000000
2018-02-26 20:06:52,0.00054495,4.00000000
2018-02-26 20:06:52,0.00054500,84.00000000
2018-02-26 20:06:55,0.00054500,23.00000000
2018-02-26 20:06:57,0.00054484,2.00000000
2018-02-26 20:06:57,0.00054500,52.00000000
2018-02-26 20:06:58,0.00054484,6.00000000
2018-02-26 20:06:59,0.00054484,2.00000000
2018-02-26 20:07:01,0.00054411,13.00000000
2018-02-26 20:07:01,0.00054411,24.00000000
2018-02-26 20:07:02,0.00054410,4.00000000
2018-02-26 20:07:03,0.00054500,94.00000000
2018-02-26 20:07:04,0.00054410,46.00000000
2018-02-26 20:07:04,0.00054410,23.00000000
2018-02-26 20:07:06,0.00054407,37.00000000
2018-02-26 20:07:07,0.00054412,4.00000000
2018-02-26 20:07:07,0.00054410,3.00000000
2018-02-26 20:07:07,0.00054495,4.00000000
2018-02-26 20:07:07,0.00054500,62.00000000
2018-02-26 20:07:09,0.00054410,1.00000000
2018-02-26 20:07:09,0.00054500,61.00000000
2018-02-26 20:07:10,0.00054500,213.00000000
2018-02-26 20:07:11,0.00054500,13.00000000
2018-02-26 20:07:11,0.00054500,54.00000000
2018-02-26 20:07:11,0.00054500,16.00000000
2018-02-26 20:07:15,0.00054413,479.00000000
2018-02-26 20:07:15,0.00054413,5.00000000
2018-02-26 20:07:15,0.00054413,2.00000000
2018-02-26 20:07:16,0.00054413,15.00000000
2018-02-26 20:07:16,0.00054413,36.00000000
2018-02-26 20:07:16,0.00054413,12.00000000
2018-02-26 20:07:17,0.00054500,105.00000000
2018-02-26 20:07:17,0.00054413,22.00000000
2018-02-26 20:07:19,0.00054415,34.00000000
2018-02-26 20:07:21,0.00054415,4.00000000
2018-02-26 20:07:22,0.00054415,12.00000000
2018-02-26 20:07:26,0.00054500,66.00000000
2018-02-26 20:07:27,0.00054415,5.00000000
2018-02-26 20:07:27,0.00054415,42.00000000
2018-02-26 20:07:28,0.00054500,10.00000000
2018-02-26 20:07:28,0.00054500,252.00000000
2018-02-26 20:07:29,0.00054418,9.00000000
2018-02-26 20:07:31,0.00054418,1.00000000
2018-02-26 20:07:31,0.00054446,6.00000000
2018-02-26 20:07:33,0.00054497,9.00000000
2018-02-26 20:07:34,0.00054415,10.00000000
2018-02-26 20:07:35,0.00054497,1.00000000
2018-02-26 20:07:35,0.00054500,8.00000000
2018-02-26 20:07:35,0.00054505,4.00000000
2018-02-26 20:07:35,0.00054511,5.00000000
2018-02-26 20:07:35,0.00054513,4.00000000
2018-02-26 20:07:35,0.00054518,12.00000000
2018-02-26 20:07:35,0.00054518,11.00000000
2018-02-26 20:07:36,0.00054416,30.00000000
2018-02-26 20:07:36,0.00054415,140.00000000
2018-02-26 20:07:37,0.00054500,74.00000000
2018-02-26 20:07:40,0.00054497,60.00000000
2018-02-26 20:07:40,0.00054500,17.00000000
2018-02-26 20:07:40,0.00054497,174.00000000
2018-02-26 20:07:42,0.00054497,16.00000000
2018-02-26 20:07:44,0.00054500,31.00000000
2018-02-26 20:07:44,0.00054423,3.00000000
2018-02-26 20:07:44,0.00054423,4.00000000
2018-02-26 20:07:44,0.00054500,9.00000000
2018-02-26 20:07:45,0.00054423,7.00000000
2018-02-26 20:07:45,0.00054423,2.00000000
2018-02-26 20:07:46,0.00054430,8.00000000
2018-02-26 20:07:46,0.00054430,1.00000000
2018-02-26 20:07:46,0.00054420,6.00000000
2018-02-26 20:07:47,0.00054500,627.00000000
2018-02-26 20:07:49,0.00054500,4.00000000
2018-02-26 20:07:51,0.00054518,9.00000000
2018-02-26 20:07:53,0.00054500,26.00000000
2018-02-26 20:07:56,0.00054423,5.00000000
2018-02-26 20:07:57,0.00054429,5.00000000
2018-02-26 20:07:57,0.00054518,59.00000000
2018-02-26 20:07:57,0.00054522,3.00000000
2018-02-26 20:07:57,0.00054532,5.00000000
2018-02-26 20:07:57,0.00054538,5.00000000
2018-02-26 20:07:57,0.00054550,232.00000000
2018-02-26 20:07:57,0.00054560,41.00000000
2018-02-26 20:07:57,0.00054566,5.00000000
2018-02-26 20:07:57,0.00054590,41.00000000
2018-02-26 20:07:57,0.00054593,252.00000000
2018-02-26 20:07:57,0.00054599,8.00000000
2018-02-26 20:07:57,0.00054600,4.00000000
2018-02-26 20:07:57,0.00054604,93.00000000
2018-02-26 20:07:57,0.00054610,74.00000000
2018-02-26 20:07:57,0.00054620,5.00000000
2018-02-26 20:07:57,0.00054621,11.00000000
2018-02-26 20:07:57,0.00054648,5.00000000
2018-02-26 20:07:57,0.00054649,38.00000000
2018-02-26 20:07:57,0.00054648,9.00000000
2018-02-26 20:07:58,0.00054550,5.00000000
2018-02-26 20:07:58,0.00054648,11.00000000
2018-02-26 20:07:58,0.00054648,6.00000000
2018-02-26 20:07:58,0.00054552,61.00000000
2018-02-26 20:07:58,0.00054550,68.00000000
2018-02-26 20:07:58,0.00054518,25.00000000
2018-02-26 20:07:58,0.00054500,394.00000000
2018-02-26 20:07:58,0.00054500,496.00000000
2018-02-26 20:07:58,0.00054500,394.00000000
2018-02-26 20:07:58,0.00054500,13.00000000
2018-02-26 20:07:58,0.00054500,18.00000000
2018-02-26 20:07:58,0.00054500,55.00000000
2018-02-26 20:07:58,0.00054500,195.00000000
2018-02-26 20:08:01,0.00054513,4.00000000
2018-02-26 20:08:02,0.00054643,10.00000000
2018-02-26 20:08:02,0.00054644,4.00000000
2018-02-26 20:08:03,0.00054518,5.00000000
2018-02-26 20:08:03,0.00054648,4.00000000
2018-02-26 20:08:03,0.00054649,29.00000000
2018-02-26 20:08:03,0.00054518,5.00000000
2018-02-26 20:08:03,0.00054648,10.00000000
2018-02-26 20:08:03,0.00054649,90.00000000
2018-02-26 20:08:07,0.00054649,721.00000000
2018-02-26 20:08:12,0.00054663,2.00000000
2018-02-26 20:08:14,0.00054662,89.00000000
2018-02-26 20:08:16,0.00054662,674.00000000
2018-02-26 20:08:17,0.00054662,20.00000000
2018-02-26 20:08:17,0.00054662,15.00000000
2018-02-26 20:08:17,0.00054662,68.00000000
2018-02-26 20:08:17,0.00054663,8.00000000
2018-02-26 20:08:17,0.00054675,5.00000000
2018-02-26 20:08:17,0.00054685,11.00000000
2018-02-26 20:08:17,0.00054702,5.00000000
2018-02-26 20:08:17,0.00054730,5.00000000
2018-02-26 20:08:17,0.00054735,27.00000000
2018-02-26 20:08:17,0.00054750,10.00000000
2018-02-26 20:08:17,0.00054753,29.00000000
2018-02-26 20:08:18,0.00054663,10.00000000
2018-02-26 20:08:18,0.00054662,47.00000000
2018-02-26 20:08:18,0.00054662,6.00000000
2018-02-26 20:08:19,0.00054662,7.00000000
2018-02-26 20:08:20,0.00054752,7.00000000
2018-02-26 20:08:22,0.00054750,5.00000000
2018-02-26 20:08:22,0.00054752,140.00000000
2018-02-26 20:08:22,0.00054753,35.00000000
2018-02-26 20:08:24,0.00054752,92.00000000
2018-02-26 20:08:28,0.00054737,6.00000000
2018-02-26 20:08:31,0.00054752,26.00000000
2018-02-26 20:08:32,0.00054752,59.00000000
2018-02-26 20:08:34,0.00054665,10.00000000
2018-02-26 20:08:34,0.00054663,9.00000000
2018-02-26 20:08:34,0.00054663,1.00000000
2018-02-26 20:08:34,0.00054662,2.00000000
2018-02-26 20:08:34,0.00054662,107.00000000
2018-02-26 20:08:36,0.00054748,1.00000000
2018-02-26 20:08:37,0.00054748,9.00000000
2018-02-26 20:08:37,0.00054751,30.00000000
2018-02-26 20:08:38,0.00054701,8.00000000
2018-02-26 20:08:42,0.00054701,62.00000000
2018-02-26 20:08:44,0.00054701,5.00000000
2018-02-26 20:08:44,0.00054700,31.00000000
2018-02-26 20:08:44,0.00054662,164.00000000
2018-02-26 20:08:45,0.00054701,36.00000000
2018-02-26 20:08:47,0.00054701,5.00000000
2018-02-26 20:08:49,0.00054701,9.00000000
2018-02-26 20:08:50,0.00054701,25.00000000
2018-02-26 20:08:50,0.00054700,26.00000000
2018-02-26 20:08:52,0.00054662,9.00000000
2018-02-26 20:08:53,0.00054665,5.00000000
2018-02-26 20:08:55,0.00054701,5.00000000
2018-02-26 20:08:55,0.00054701,45.00000000
2018-02-26 20:08:57,0.00054701,24.00000000
2018-02-26 20:08:57,0.00054701,33.00000000
2018-02-26 20:08:57,0.00054701,57.00000000
2018-02-26 20:08:57,0.00054701,44.00000000
2018-02-26 20:08:57,0.00054701,100.00000000
2018-02-26 20:08:58,0.00054701,30.00000000
2018-02-26 20:08:58,0.00054701,12.00000000
2018-02-26 20:09:01,0.00054733,14.00000000
2018-02-26 20:09:02,0.00054733,290.00000000
2018-02-26 20:09:02,0.00054735,147.00000000
2018-02-26 20:09:04,0.00054732,2.00000000
2018-02-26 20:09:06,0.00054732,1.00000000
2018-02-26 20:09:06,0.00054735,488.00000000
2018-02-26 20:09:07,0.00054733,26.00000000
2018-02-26 20:09:09,0.00054732,9.00000000
2018-02-26 20:09:09,0.00054729,7.00000000
2018-02-26 20:09:09,0.00054700,40.00000000
2018-02-26 20:09:09,0.00054675,3.00000000
2018-02-26 20:09:09,0.00054669,9.00000000
2018-02-26 20:09:09,0.00054662,84.00000000
2018-02-26 20:09:13,0.00054727,5.00000000
2018-02-26 20:09:13,0.00054729,4.00000000
2018-02-26 20:09:13,0.00054729,18.00000000
2018-02-26 20:09:16,0.00054668,9.00000000
2018-02-26 20:09:16,0.00054662,31.00000000
2018-02-26 20:09:16,0.00054728,28.00000000
2018-02-26 20:09:17,0.00054728,76.00000000
2018-02-26 20:09:22,0.00054728,361.00000000
2018-02-26 20:09:22,0.00054729,1873.00000000
2018-02-26 20:09:26,0.00054729,44.00000000
2018-02-26 20:09:31,0.00054700,50.00000000
2018-02-26 20:09:33,0.00054700,18.00000000
2018-02-26 20:09:35,0.00054700,50.00000000
2018-02-26 20:09:35,0.00054728,7.00000000
2018-02-26 20:09:37,0.00054728,20.00000000
2018-02-26 20:09:37,0.00054728,4.00000000
2018-02-26 20:09:38,0.00054728,62.00000000
2018-02-26 20:09:43,0.00054673,6.00000000
2018-02-26 20:09:44,0.00054726,2.00000000
2018-02-26 20:09:46,0.00054726,74.00000000
2018-02-26 20:09:48,0.00054726,91.00000000
2018-02-26 20:09:48,0.00054700,2.00000000
2018-02-26 20:09:49,0.00054726,77.00000000
2018-02-26 20:09:49,0.00054728,51.00000000
2018-02-26 20:09:50,0.00054728,26.00000000
2018-02-26 20:09:53,0.00054669,16.00000000
2018-02-26 20:09:57,0.00054670,10.00000000
2018-02-26 20:10:06,0.00054675,11.00000000
2018-02-26 20:10:09,0.00054670,40.00000000
2018-02-26 20:10:10,0.00054670,2.00000000
2018-02-26 20:10:11,0.00054670,24.00000000
2018-02-26 20:10:16,0.00054669,292.00000000
2018-02-26 20:10:16,0.00054669,3.00000000
2018-02-26 20:10:16,0.00054662,45.00000000
2018-02-26 20:10:18,0.00054670,57.00000000
2018-02-26 20:10:19,0.00054670,92.00000000
2018-02-26 20:10:19,0.00054700,608.00000000
2018-02-26 20:10:23,0.00054670,7.00000000
2018-02-26 20:10:23,0.00054670,2.00000000
2018-02-26 20:10:23,0.00054650,40.00000000
2018-02-26 20:10:24,0.00054700,47.00000000
2018-02-26 20:10:24,0.00054670,3.00000000
2018-02-26 20:10:26,0.00054650,22.00000000
2018-02-26 20:10:27,0.00054649,2.00000000
2018-02-26 20:10:28,0.00054622,18.00000000
2018-02-26 20:10:28,0.00054611,16.00000000
2018-02-26 20:10:29,0.00054593,5.00000000
2018-02-26 20:10:29,0.00054650,100.00000000
2018-02-26 20:10:29,0.00054670,90.00000000
2018-02-26 20:10:29,0.00054670,7.00000000
2018-02-26 20:10:30,0.00054670,180.00000000
2018-02-26 20:10:30,0.00054670,6.00000000
2018-02-26 20:10:30,0.00054670,73.00000000
2018-02-26 20:10:30,0.00054670,5.00000000
2018-02-26 20:10:31,0.00054670,21.00000000
2018-02-26 20:10:31,0.00054670,5.00000000
2018-02-26 20:10:31,0.00054670,8.00000000
2018-02-26 20:10:31,0.00054670,17.00000000
2018-02-26 20:10:31,0.00054670,7.00000000
2018-02-26 20:10:32,0.00054670,2.00000000
2018-02-26 20:10:32,0.00054670,4.00000000
2018-02-26 20:10:32,0.00054670,10.00000000
2018-02-26 20:10:32,0.00054670,5.00000000
2018-02-26 20:10:33,0.00054670,13.00000000
2018-02-26 20:10:34,0.00054670,601.00000000
2018-02-26 20:10:35,0.00054670,395.00000000
2018-02-26 20:10:35,0.00054670,415.00000000
2018-02-26 20:10:37,0.00054670,12.00000000
2018-02-26 20:10:37,0.00054670,162.00000000
2018-02-26 20:10:38,0.00054611,17.00000000
2018-02-26 20:10:38,0.00054565,5.00000000
2018-02-26 20:10:38,0.00054563,9.00000000
2018-02-26 20:10:38,0.00054548,116.00000000
2018-02-26 20:10:38,0.00054540,33.00000000
2018-02-26 20:10:39,0.00054600,20.00000000
2018-02-26 20:10:39,0.00054600,3.00000000
2018-02-26 20:10:39,0.00054600,120.00000000
2018-02-26 20:10:41,0.00054540,37.00000000
2018-02-26 20:10:41,0.00054540,3.00000000
2018-02-26 20:10:42,0.00054538,5.00000000
2018-02-26 20:10:42,0.00054600,24.00000000
2018-02-26 20:10:43,0.00054513,6.00000000
2018-02-26 20:10:43,0.00054514,10.00000000
2018-02-26 20:10:43,0.00054513,10.00000000
2018-02-26 20:10:43,0.00054513,1.00000000
2018-02-26 20:10:44,0.00054517,5.00000000
2018-02-26 20:10:44,0.00054517,6.00000000
2018-02-26 20:10:44,0.00054517,5.00000000
2018-02-26 20:10:44,0.00054517,7.00000000
2018-02-26 20:10:44,0.00054517,31.00000000
2018-02-26 20:10:44,0.00054517,3.00000000
2018-02-26 20:10:44,0.00054517,4.00000000
2018-02-26 20:10:44,0.00054517,6.00000000
2018-02-26 20:10:45,0.00054517,6.00000000
2018-02-26 20:10:46,0.00054517,4.00000000
2018-02-26 20:10:46,0.00054518,4.00000000
2018-02-26 20:10:47,0.00054518,6.00000000
2018-02-26 20:10:47,0.00054518,3.00000000
2018-02-26 20:10:47,0.00054643,4.00000000
2018-02-26 20:10:47,0.00054518,17.00000000
2018-02-26 20:10:47,0.00054517,26.00000000
2018-02-26 20:10:47,0.00054517,3.00000000
2018-02-26 20:10:48,0.00054524,4.00000000
2018-02-26 20:10:48,0.00054523,10.00000000
2018-02-26 20:10:48,0.00054518,30.00000000
2018-02-26 20:10:48,0.00054517,98.00000000
2018-02-26 20:10:48,0.00054511,5.00000000
2018-02-26 20:10:48,0.00054500,30.00000000
2018-02-26 20:10:48,0.00054500,9.00000000
2018-02-26 20:10:48,0.00054500,30.00000000
2018-02-26 20:10:48,0.00054500,280.00000000
2018-02-26 20:10:48,0.00054500,108.00000000
2018-02-26 20:10:48,0.00054500,30.00000000
2018-02-26 20:10:48,0.00054500,18.00000000
2018-02-26 20:10:48,0.00054500,30.00000000
2018-02-26 20:10:48,0.00054500,15.00000000
2018-02-26 20:10:48,0.00054500,9.00000000
2018-02-26 20:10:49,0.00054500,31.00000000
2018-02-26 20:10:49,0.00054496,10.00000000
2018-02-26 20:10:50,0.00054600,6.00000000
2018-02-26 20:10:50,0.00054600,5.00000000
2018-02-26 20:10:51,0.00054637,10.00000000
2018-02-26 20:10:52,0.00054600,27.00000000
2018-02-26 20:10:52,0.00054496,2.00000000
2018-02-26 20:10:53,0.00054497,10.00000000
2018-02-26 20:10:53,0.00054496,5.00000000
2018-02-26 20:10:53,0.00054496,3.00000000
2018-02-26 20:10:53,0.00054496,10.00000000
2018-02-26 20:10:53,0.00054496,3.00000000
2018-02-26 20:10:53,0.00054496,2.00000000
2018-02-26 20:10:53,0.00054496,3.00000000
2018-02-26 20:10:53,0.00054496,9.00000000
2018-02-26 20:10:54,0.00054487,5.00000000
2018-02-26 20:10:54,0.00054496,10.00000000
2018-02-26 20:10:54,0.00054487,12.00000000
2018-02-26 20:10:55,0.00054483,5.00000000
2018-02-26 20:10:55,0.00054495,14.00000000
2018-02-26 20:10:55,0.00054496,33.00000000
2018-02-26 20:10:56,0.00054496,32.00000000
2018-02-26 20:10:56,0.00054496,3.00000000
2018-02-26 20:10:56,0.00054456,4.00000000
2018-02-26 20:10:57,0.00054496,3.00000000
2018-02-26 20:10:57,0.00054496,3.00000000
2018-02-26 20:10:57,0.00054456,1.00000000
2018-02-26 20:10:57,0.00054496,27.00000000
2018-02-26 20:10:58,0.00054496,11.00000000
2018-02-26 20:10:58,0.00054592,4.00000000
2018-02-26 20:10:58,0.00054595,6.00000000
2018-02-26 20:10:58,0.00054595,4.00000000
2018-02-26 20:10:58,0.00054599,20.00000000
2018-02-26 20:10:58,0.00054434,4.00000000
2018-02-26 20:10:58,0.00054429,5.00000000
2018-02-26 20:10:58,0.00054421,20.00000000
2018-02-26 20:10:58,0.00054420,107.00000000
2018-02-26 20:10:58,0.00054415,2.00000000
2018-02-26 20:10:58,0.00054410,24.00000000
2018-02-26 20:11:02,0.00054456,5.00000000
2018-02-26 20:11:02,0.00054456,21.00000000
2018-02-26 20:11:02,0.00054456,8.00000000
2018-02-26 20:11:02,0.00054455,4.00000000
2018-02-26 20:11:02,0.00054410,6.00000000
2018-02-26 20:11:02,0.00054401,5.00000000
2018-02-26 20:11:02,0.00054375,5.00000000
2018-02-26 20:11:02,0.00054365,27.00000000
2018-02-26 20:11:02,0.00054364,195.00000000
2018-02-26 20:11:03,0.00054461,4.00000000
2018-02-26 20:11:04,0.00054364,19.00000000
2018-02-26 20:11:05,0.00054458,5.00000000
2018-02-26 20:11:06,0.00054419,5.00000000
2018-02-26 20:11:06,0.00054419,4.00000000
2018-02-26 20:11:06,0.00054383,9.00000000
2018-02-26 20:11:06,0.00054364,87.00000000
2018-02-26 20:11:06,0.00054410,55.00000000
2018-02-26 20:11:06,0.00054410,13.00000000
2018-02-26 20:11:06,0.00054510,5.00000000
2018-02-26 20:11:07,0.00054509,20.00000000
2018-02-26 20:11:07,0.00054458,7.00000000
2018-02-26 20:11:07,0.00054458,81.00000000
2018-02-26 20:11:08,0.00054504,4.00000000
2018-02-26 20:11:08,0.00054381,14.00000000
2018-02-26 20:11:08,0.00054374,5.00000000
2018-02-26 20:11:08,0.00054370,4.00000000
2018-02-26 20:11:08,0.00054365,9.00000000
2018-02-26 20:11:08,0.00054364,4.00000000
2018-02-26 20:11:08,0.00054363,167.00000000
2018-02-26 20:11:08,0.00054363,65.00000000
2018-02-26 20:11:08,0.00054375,3.00000000
2018-02-26 20:11:09,0.00054504,6.00000000
2018-02-26 20:11:09,0.00054375,2.00000000
2018-02-26 20:11:10,0.00054380,4.00000000
2018-02-26 20:11:10,0.00054509,5.00000000
2018-02-26 20:11:10,0.00054504,4.00000000
2018-02-26 20:11:11,0.00054537,5.00000000
2018-02-26 20:11:11,0.00054558,48.00000000
2018-02-26 20:11:11,0.00054376,17.00000000
2018-02-26 20:11:12,0.00054400,5.00000000
2018-02-26 20:11:12,0.00054375,1.00000000
2018-02-26 20:11:12,0.00054500,31.00000000
2018-02-26 20:11:12,0.00054375,3.00000000
2018-02-26 20:11:12,0.00054373,5.00000000
2018-02-26 20:11:12,0.00054362,68.00000000
2018-02-26 20:11:12,0.00054349,38.00000000
2018-02-26 20:11:13,0.00054498,32.00000000
2018-02-26 20:11:13,0.00054349,3.00000000
2018-02-26 20:11:14,0.00054498,9.00000000
2018-02-26 20:11:14,0.00054499,18.00000000
2018-02-26 20:11:19,0.00054390,3.00000000
2018-02-26 20:11:19,0.00054390,261.00000000
2018-02-26 20:11:19,0.00054390,5.00000000
2018-02-26 20:11:19,0.00054490,9.00000000
2018-02-26 20:11:19,0.00054492,4.00000000
2018-02-26 20:11:19,0.00054499,21.00000000
2018-02-26 20:11:19,0.00054390,15.00000000
2018-02-26 20:11:19,0.00054390,13.00000000
2018-02-26 20:11:21,0.00054390,5.00000000
2018-02-26 20:11:21,0.00054390,5.00000000
2018-02-26 20:11:22,0.00054390,11.00000000
2018-02-26 20:11:22,0.00054489,17.00000000
2018-02-26 20:11:22,0.00054390,5.00000000
2018-02-26 20:11:23,0.00054390,3.00000000
2018-02-26 20:11:23,0.00054390,45.00000000
2018-02-26 20:11:24,0.00054391,20.00000000
2018-02-26 20:11:24,0.00054390,60.00000000
2018-02-26 20:11:24,0.00054497,2.00000000
2018-02-26 20:11:27,0.00054449,30.00000000
2018-02-26 20:11:27,0.00054450,5.00000000
2018-02-26 20:11:27,0.00054450,29.00000000
2018-02-26 20:11:27,0.00054450,44.00000000
2018-02-26 20:11:27,0.00054390,8.00000000
2018-02-26 20:11:28,0.00054390,2.00000000
2018-02-26 20:11:28,0.00054449,20.00000000
2018-02-26 20:11:28,0.00054369,4.00000000
2018-02-26 20:11:28,0.00054365,73.00000000
2018-02-26 20:11:28,0.00054364,9.00000000
2018-02-26 20:11:28,0.00054348,5.00000000
2018-02-26 20:11:28,0.00054320,93.00000000
2018-02-26 20:11:29,0.00054450,30.00000000
2018-02-26 20:11:29,0.00054450,20.00000000
2018-02-26 20:11:29,0.00054450,16.00000000
2018-02-26 20:11:29,0.00054450,205.00000000
2018-02-26 20:11:29,0.00054450,26.00000000
2018-02-26 20:11:29,0.00054450,3.00000000
2018-02-26 20:11:30,0.00054325,4.00000000
2018-02-26 20:11:30,0.00054320,605.00000000
2018-02-26 20:11:30,0.00054445,4.00000000
2018-02-26 20:11:30,0.00054449,3.00000000
2018-02-26 20:11:31,0.00054326,9.00000000
2018-02-26 20:11:31,0.00054321,177.00000000
2018-02-26 20:11:31,0.00054321,18.00000000
2018-02-26 20:11:31,0.00054321,30.00000000
2018-02-26 20:11:31,0.00054321,17.00000000
2018-02-26 20:11:32,0.00054400,18.00000000
2018-02-26 20:11:32,0.00054400,18.00000000
2018-02-26 20:11:32,0.00054400,10.00000000
2018-02-26 20:11:32,0.00054390,31.00000000
2018-02-26 20:11:33,0.00054336,3.00000000
2018-02-26 20:11:35,0.00054390,12.00000000
2018-02-26 20:11:37,0.00054390,9.00000000
2018-02-26 20:11:43,0.00054320,189.00000000
2018-02-26 20:11:45,0.00054320,7.00000000
2018-02-26 20:11:49,0.00054320,459.00000000
2018-02-26 20:11:49,0.00054320,18.00000000
2018-02-26 20:11:50,0.00054320,160.00000000
2018-02-26 20:11:52,0.00054385,30.00000000
2018-02-26 20:11:52,0.00054373,30.00000000
2018-02-26 20:11:52,0.00054319,5.00000000
2018-02-26 20:11:53,0.00054300,24.00000000
2018-02-26 20:11:53,0.00054300,26.00000000
2018-02-26 20:11:54,0.00054300,42.00000000
2018-02-26 20:11:54,0.00054300,57.00000000
2018-02-26 20:11:55,0.00054385,61.00000000
2018-02-26 20:11:58,0.00054380,4.00000000
2018-02-26 20:11:58,0.00054384,210.00000000
2018-02-26 20:11:59,0.00054300,46.00000000
2018-02-26 20:12:05,0.00054298,57.00000000
2018-02-26 20:12:05,0.00054298,141.00000000
2018-02-26 20:12:07,0.00054293,5.00000000
2018-02-26 20:12:07,0.00054266,195.00000000
2018-02-26 20:12:08,0.00054350,380.00000000
2018-02-26 20:12:08,0.00054350,175.00000000
2018-02-26 20:12:09,0.00054350,103.00000000
2018-02-26 20:12:10,0.00054379,43.00000000
2018-02-26 20:12:24,0.00054274,20.00000000
2018-02-26 20:12:24,0.00054273,9.00000000
2018-02-26 20:12:24,0.00054272,43.00000000
2018-02-26 20:12:24,0.00054271,4.00000000
2018-02-26 20:12:24,0.00054268,22.00000000
2018-02-26 20:12:24,0.00054266,8.00000000
2018-02-26 20:12:27,0.00054266,390.00000000
2018-02-26 20:12:27,0.00054266,119.00000000
2018-02-26 20:12:28,0.00054266,7.00000000
2018-02-26 20:12:28,0.00054373,20.00000000
2018-02-26 20:12:28,0.00054374,9.00000000
2018-02-26 20:12:28,0.00054374,238.00000000
2018-02-26 20:12:28,0.00054249,25.00000000
2018-02-26 20:12:28,0.00054239,226.00000000
2018-02-26 20:12:28,0.00054238,9.00000000
2018-02-26 20:12:28,0.00054228,3.00000000
2018-02-26 20:12:28,0.00054221,2.00000000
2018-02-26 20:12:28,0.00054211,5.00000000
2018-02-26 20:12:28,0.00054200,88.00000000
2018-02-26 20:12:28,0.00054195,11.00000000
2018-02-26 20:12:28,0.00054189,34.00000000
2018-02-26 20:12:28,0.00054184,4.00000000
2018-02-26 20:12:28,0.00054157,6.00000000
2018-02-26 20:12:28,0.00054154,6.00000000
2018-02-26 20:12:28,0.00054153,7.00000000
2018-02-26 20:12:28,0.00054128,5.00000000
2018-02-26 20:12:28,0.00054127,17.00000000
2018-02-26 20:12:28,0.00054101,5.00000000
2018-02-26 20:12:28,0.00054100,20.00000000
2018-02-26 20:12:28,0.00054073,6.00000000
2018-02-26 20:12:28,0.00054054,21.00000000
2018-02-26 20:12:29,0.00054108,31.00000000
2018-02-26 20:12:29,0.00054056,11.00000000
2018-02-26 20:12:29,0.00054056,154.00000000
2018-02-26 20:12:29,0.00054319,4.00000000
2018-02-26 20:12:30,0.00054263,5.00000000
2018-02-26 20:12:30,0.00054236,2.00000000
2018-02-26 20:12:30,0.00054236,3.00000000
2018-02-26 20:12:30,0.00054266,67.00000000
2018-02-26 20:12:31,0.00054208,5.00000000
2018-02-26 20:12:31,0.00054208,1.00000000
2018-02-26 20:12:31,0.00054266,6.00000000
2018-02-26 20:12:31,0.00054208,4.00000000
2018-02-26 20:12:31,0.00054266,5.00000000
2018-02-26 20:12:33,0.00054265,50.00000000
2018-02-26 20:12:34,0.00054208,1.00000000
2018-02-26 20:12:34,0.00054183,4.00000000
2018-02-26 20:12:34,0.00054127,5.00000000
2018-02-26 20:12:34,0.00054115,4.00000000
2018-02-26 20:12:34,0.00054111,9.00000000
2018-02-26 20:12:34,0.00054100,5.00000000
2018-02-26 20:12:34,0.00054073,30.00000000
2018-02-26 20:12:34,0.00054072,5.00000000
2018-02-26 20:12:34,0.00054056,1.00000000
2018-02-26 20:12:34,0.00054054,693.00000000
2018-02-26 20:12:34,0.00054044,3.00000000
2018-02-26 20:12:34,0.00054034,88.00000000
2018-02-26 20:12:35,0.00054264,9.00000000
2018-02-26 20:12:35,0.00054263,9.00000000
2018-02-26 20:12:35,0.00054264,17.00000000
2018-02-26 20:12:36,0.00054235,2.00000000
2018-02-26 20:12:37,0.00054235,3.00000000
2018-02-26 20:12:37,0.00054262,19.00000000
2018-02-26 20:12:37,0.00054179,3.00000000
2018-02-26 20:12:37,0.00054207,5.00000000
2018-02-26 20:12:37,0.00054257,4.00000000
2018-02-26 20:12:37,0.00054262,62.00000000
2018-02-26 20:12:37,0.00054265,129.00000000
2018-02-26 20:12:38,0.00054083,4.00000000
2018-02-26 20:12:38,0.00054041,7.00000000
2018-02-26 20:12:38,0.00054036,25.00000000
2018-02-26 20:12:38,0.00054264,30.00000000
2018-02-26 20:12:38,0.00054265,70.00000000
2018-02-26 20:12:38,0.00054100,6.00000000
2018-02-26 20:12:38,0.00054100,1.00000000
2018-02-26 20:12:39,0.00054258,11.00000000
2018-02-26 20:12:41,0.00054253,7.00000000
2018-02-26 20:12:41,0.00054258,25.00000000
2018-02-26 20:12:43,0.00054258,24.00000000
2018-02-26 20:12:44,0.00054250,25.00000000
2018-02-26 20:12:45,0.00054258,86.00000000
2018-02-26 20:12:46,0.00054258,33.00000000
2018-02-26 20:12:47,0.00054250,11.00000000
2018-02-26 20:12:55,0.00054250,84.00000000
2018-02-26 20:12:56,0.00054257,586.00000000
2018-02-26 20:12:56,0.00054258,234.00000000
2018-02-26 20:12:56,0.00054292,6.00000000
2018-02-26 20:12:56,0.00054318,4.00000000
2018-02-26 20:12:56,0.00054344,25.00000000
2018-02-26 20:12:56,0.00054346,5.00000000
2018-02-26 20:12:56,0.00054374,5.00000000
2018-02-26 20:12:56,0.00054378,305.00000000
2018-02-26 20:12:56,0.00054379,404.00000000
2018-02-26 20:12:56,0.00054383,281.00000000
2018-02-26 20:12:56,0.00054384,287.00000000
2018-02-26 20:12:56,0.00054385,75.00000000
2018-02-26 20:12:56,0.00054389,116.00000000
2018-02-26 20:12:56,0.00054393,17.00000000
2018-02-26 20:12:56,0.00054400,145.00000000
2018-02-26 20:12:56,0.00054401,5.00000000
2018-02-26 20:12:56,0.00054425,26.00000000
2018-02-26 20:12:56,0.00054428,5.00000000
2018-02-26 20:12:56,0.00054454,5.00000000
2018-02-26 20:12:56,0.00054483,5.00000000
2018-02-26 20:12:56,0.00054490,14.00000000
2018-02-26 20:12:56,0.00054497,65.00000000
2018-02-26 20:12:56,0.00054508,5.00000000
2018-02-26 20:12:56,0.00054535,5.00000000
2018-02-26 20:12:56,0.00054560,4.00000000
2018-02-26 20:12:56,0.00054565,6.00000000
2018-02-26 20:12:56,0.00054569,5.00000000
2018-02-26 20:12:56,0.00054591,4.00000000
2018-02-26 20:12:56,0.00054619,5.00000000
2018-02-26 20:12:56,0.00054647,5.00000000
2018-02-26 20:12:56,0.00054674,5.00000000
2018-02-26 20:12:56,0.00054700,250.00000000
2018-02-26 20:12:56,0.00054701,5.00000000
2018-02-26 20:12:56,0.00054726,115.00000000
2018-02-26 20:12:56,0.00054728,55.00000000
2018-02-26 20:12:56,0.00054729,5.00000000
2018-02-26 20:12:56,0.00054752,217.00000000
2018-02-26 20:12:56,0.00054753,426.00000000
2018-02-26 20:12:56,0.00054757,5.00000000
2018-02-26 20:12:56,0.00054768,206.00000000
2018-02-26 20:12:56,0.00054771,30.00000000
2018-02-26 20:12:56,0.00054780,31.00000000
2018-02-26 20:12:56,0.00054781,4.00000000
2018-02-26 20:12:56,0.00054784,19.00000000
2018-02-26 20:12:56,0.00054800,200.00000000
2018-02-26 20:12:56,0.00054812,5.00000000
2018-02-26 20:12:56,0.00054820,63.00000000
2018-02-26 20:12:56,0.00054600,9.00000000
2018-02-26 20:12:56,0.00054600,90.00000000
2018-02-26 20:13:00,0.00054399,5.00000000
2018-02-26 20:13:00,0.00054372,5.00000000
2018-02-26 20:13:00,0.00054347,5.00000000
2018-02-26 20:13:00,0.00054319,64.00000000
2018-02-26 20:13:01,0.00054482,4.00000000
2018-02-26 20:13:01,0.00054510,5.00000000
2018-02-26 20:13:01,0.00054510,5.00000000
2018-02-26 20:13:01,0.00054537,5.00000000
2018-02-26 20:13:02,0.00054544,5.00000000
2018-02-26 20:13:02,0.00054545,5.00000000
2018-02-26 20:13:02,0.00054545,4.00000000
2018-02-26 20:13:02,0.00054595,1.00000000
2018-02-26 20:13:03,0.00054595,3.00000000
2018-02-26 20:13:03,0.00054600,2.00000000
2018-02-26 20:13:03,0.00054600,5.00000000
2018-02-26 20:13:04,0.00054488,20.00000000
2018-02-26 20:13:04,0.00054487,4.00000000
2018-02-26 20:13:04,0.00054482,1.00000000
2018-02-26 20:13:04,0.00054480,73.00000000
2018-02-26 20:13:04,0.00054454,4.00000000
2018-02-26 20:13:04,0.00054434,30.00000000
2018-02-26 20:13:04,0.00054433,72.00000000
2018-02-26 20:13:04,0.00054518,9.00000000
2018-02-26 20:13:05,0.00054534,5.00000000
2018-02-26 20:13:05,0.00054482,5.00000000
2018-02-26 20:13:05,0.00054507,5.00000000
2018-02-26 20:13:12,0.00054506,30.00000000
2018-02-26 20:13:12,0.00054507,1.00000000
2018-02-26 20:13:16,0.00054450,144.00000000
2018-02-26 20:13:22,0.00054492,6.00000000
2018-02-26 20:13:23,0.00054505,2.00000000
2018-02-26 20:13:27,0.00054501,28.00000000
2018-02-26 20:13:35,0.00054496,18.00000000
2018-02-26 20:13:35,0.00054497,5.00000000
2018-02-26 20:13:35,0.00054499,8.00000000
2018-02-26 20:13:35,0.00054501,33.00000000
2018-02-26 20:13:36,0.00054505,264.00000000
2018-02-26 20:13:36,0.00054505,77.00000000
2018-02-26 20:13:37,0.00054505,18.00000000
2018-02-26 20:13:40,0.00054507,17.00000000
2018-02-26 20:13:43,0.00054507,25.00000000
2018-02-26 20:13:49,0.00054506,86.00000000
2018-02-26 20:13:51,0.00054505,9.00000000
2018-02-26 20:13:53,0.00054505,66.00000000
2018-02-26 20:13:53,0.00054505,508.00000000
2018-02-26 20:13:57,0.00054506,153.00000000
2018-02-26 20:13:59,0.00054505,43.00000000
2018-02-26 20:14:01,0.00054505,12.00000000
2018-02-26 20:14:08,0.00054505,250.00000000
2018-02-26 20:14:11,0.00054505,14.00000000
2018-02-26 20:14:12,0.00054505,15.00000000
2018-02-26 20:14:15,0.00054505,300.00000000
2018-02-26 20:14:16,0.00054505,2.00000000
2018-02-26 20:14:18,0.00054505,28.00000000
2018-02-26 20:14:21,0.00054504,28.00000000
2018-02-26 20:14:21,0.00054505,8.00000000
2018-02-26 20:14:25,0.00054505,9.00000000
2018-02-26 20:14:25,0.00054505,328.00000000
2018-02-26 20:14:25,0.00054502,161.00000000
2018-02-26 20:14:27,0.00054502,37.00000000
2018-02-26 20:14:27,0.00054505,30.00000000
2018-02-26 20:14:30,0.00054505,9.00000000
2018-02-26 20:14:30,0.00054505,6.00000000
2018-02-26 20:14:31,0.00054505,130.00000000
2018-02-26 20:14:34,0.00054505,5.00000000
2018-02-26 20:14:35,0.00054505,5.00000000
2018-02-26 20:14:36,0.00054505,390.00000000
2018-02-26 20:14:40,0.00054505,10.00000000
2018-02-26 20:14:41,0.00054505,33.00000000
2018-02-26 20:14:42,0.00054505,6.00000000
2018-02-26 20:14:45,0.00054505,117.00000000
2018-02-26 20:14:46,0.00054502,9.00000000
2018-02-26 20:14:47,0.00054505,204.00000000
2018-02-26 20:14:47,0.00054502,8.00000000
2018-02-26 20:14:48,0.00054505,22.00000000
2018-02-26 20:14:51,0.00054504,1674.00000000
2018-02-26 20:14:52,0.00054502,52.00000000
2018-02-26 20:14:54,0.00054502,3.00000000
2018-02-26 20:14:54,0.00054501,17.00000000
2018-02-26 20:14:54,0.00054500,58.00000000
2018-02-26 20:15:03,0.00054439,12.00000000
2018-02-26 20:15:03,0.00054428,6.00000000
2018-02-26 20:15:03,0.00054398,5.00000000
2018-02-26 20:15:03,0.00054390,12.00000000
2018-02-26 20:15:06,0.00054398,7.00000000
2018-02-26 20:15:07,0.00054398,3.00000000
2018-02-26 20:15:07,0.00054398,14.00000000
2018-02-26 20:15:07,0.00054390,63.00000000
2018-02-26 20:15:08,0.00054390,4.00000000
2018-02-26 20:15:08,0.00054378,150.00000000
2018-02-26 20:15:11,0.00054378,87.00000000
2018-02-26 20:15:11,0.00054390,24.00000000
2018-02-26 20:15:11,0.00054495,4.00000000
2018-02-26 20:15:11,0.00054499,289.00000000
2018-02-26 20:15:13,0.00054497,21.00000000
2018-02-26 20:15:13,0.00054497,9.00000000
2018-02-26 20:15:13,0.00054498,26.00000000
2018-02-26 20:15:22,0.00054478,5.00000000
2018-02-26 20:15:22,0.00054378,7.00000000
2018-02-26 20:15:34,0.00054378,4.00000000
2018-02-26 20:15:36,0.00054378,1938.00000000
2018-02-26 20:15:37,0.00054378,7.00000000
2018-02-26 20:15:38,0.00054378,9.00000000
2018-02-26 20:15:44,0.00054372,10.00000000
2018-02-26 20:15:44,0.00054371,5.00000000
2018-02-26 20:15:44,0.00054358,5.00000000
2018-02-26 20:15:44,0.00054346,5.00000000
2018-02-26 20:15:44,0.00054326,187.00000000
2018-02-26 20:15:44,0.00054320,8.00000000
2018-02-26 20:15:44,0.00054318,5.00000000
2018-02-26 20:15:44,0.00054292,5.00000000
2018-02-26 20:15:44,0.00054286,30.00000000
2018-02-26 20:15:44,0.00054265,5.00000000
2018-02-26 20:15:44,0.00054256,4.00000000
2018-02-26 20:15:44,0.00054242,9.00000000
2018-02-26 20:15:44,0.00054239,55.00000000
2018-02-26 20:15:44,0.00054260,98.00000000
2018-02-26 20:15:49,0.00054350,142.00000000
2018-02-26 20:15:49,0.00054303,10.00000000
2018-02-26 20:15:49,0.00054296,10.00000000
2018-02-26 20:15:49,0.00054295,20.00000000
2018-02-26 20:15:49,0.00054286,154.00000000
2018-02-26 20:15:51,0.00054295,10.00000000
2018-02-26 20:15:51,0.00054260,211.00000000
2018-02-26 20:15:59,0.00054315,10.00000000
2018-02-26 20:15:59,0.00054309,10.00000000
2018-02-26 20:15:59,0.00054303,10.00000000
2018-02-26 20:15:59,0.00054271,2.00000000
2018-02-26 20:16:19,0.00054368,9.00000000
2018-02-26 20:16:19,0.00054369,20.00000000
2018-02-26 20:16:19,0.00054370,20.00000000
2018-02-26 20:16:19,0.00054371,4.00000000
2018-02-26 20:16:19,0.00054374,82.00000000
2018-02-26 20:16:19,0.00054378,7.00000000
2018-02-26 20:16:19,0.00054378,85.00000000
2018-02-26 20:16:20,0.00054378,400.00000000
2018-02-26 20:16:21,0.00054378,28.00000000
2018-02-26 20:16:21,0.00054378,1140.00000000
2018-02-26 20:16:21,0.00054378,20.00000000
2018-02-26 20:16:22,0.00054378,40.00000000
2018-02-26 20:16:24,0.00054378,50.00000000
2018-02-26 20:16:25,0.00054378,334.00000000
2018-02-26 20:16:25,0.00054400,5.00000000
2018-02-26 20:16:25,0.00054427,5.00000000
2018-02-26 20:16:25,0.00054453,5.00000000
2018-02-26 20:16:25,0.00054481,5.00000000
2018-02-26 20:16:25,0.00054490,66.00000000
2018-02-26 20:16:27,0.00054400,6.00000000
2018-02-26 20:16:27,0.00054379,14.00000000
2018-02-26 20:16:28,0.00054384,4.00000000
2018-02-26 20:16:32,0.00054384,4.00000000
2018-02-26 20:16:32,0.00054379,59.00000000
2018-02-26 20:16:35,0.00054379,61.00000000
2018-02-26 20:16:35,0.00054379,4.00000000
2018-02-26 20:16:40,0.00054379,15.00000000
2018-02-26 20:16:40,0.00054378,4.00000000
2018-02-26 20:16:40,0.00054379,123.00000000
2018-02-26 20:16:48,0.00054378,128.00000000
2018-02-26 20:16:56,0.00054378,40.00000000
2018-02-26 20:16:57,0.00054371,55.00000000
2018-02-26 20:16:57,0.00054371,476.00000000
2018-02-26 20:16:57,0.00054379,65.00000000
2018-02-26 20:16:58,0.00054345,5.00000000
2018-02-26 20:16:58,0.00054317,5.00000000
2018-02-26 20:16:58,0.00054291,5.00000000
2018-02-26 20:16:58,0.00054271,3.00000000
2018-02-26 20:16:58,0.00054264,5.00000000
2018-02-26 20:16:58,0.00054260,97.00000000
2018-02-26 20:17:02,0.00054348,9.00000000
2018-02-26 20:17:02,0.00054348,13.00000000
2018-02-26 20:17:06,0.00054378,4.00000000
2018-02-26 20:17:06,0.00054378,16.00000000
2018-02-26 20:17:06,0.00054286,4.00000000
2018-02-26 20:17:06,0.00054281,12.00000000
2018-02-26 20:17:07,0.00054272,1.00000000
2018-02-26 20:17:08,0.00054379,1202.00000000
2018-02-26 20:17:09,0.00054399,5.00000000
2018-02-26 20:17:10,0.00054379,53.00000000
2018-02-26 20:17:11,0.00054379,6.00000000
2018-02-26 20:17:13,0.00054426,5.00000000
2018-02-26 20:17:14,0.00054452,5.00000000
2018-02-26 20:17:14,0.00054455,55.00000000
2018-02-26 20:17:14,0.00054478,4.00000000
2018-02-26 20:17:14,0.00054480,5.00000000
2018-02-26 20:17:14,0.00054484,4.00000000
2018-02-26 20:17:14,0.00054490,72.00000000
2018-02-26 20:17:14,0.00054492,133.00000000
2018-02-26 20:17:22,0.00054492,11.00000000
2018-02-26 20:17:25,0.00054492,4.00000000
2018-02-26 20:17:30,0.00054403,10.00000000
2018-02-26 20:17:31,0.00054492,93.00000000
2018-02-26 20:17:33,0.00054403,10.00000000
2018-02-26 20:17:37,0.00054487,4.00000000
2018-02-26 20:17:37,0.00054492,12.00000000
2018-02-26 20:17:38,0.00054492,2.00000000
2018-02-26 20:17:40,0.00054423,50.00000000
2018-02-26 20:17:41,0.00054388,4.00000000
2018-02-26 20:17:41,0.00054383,16.00000000
2018-02-26 20:17:46,0.00054403,2.00000000
2018-02-26 20:17:59,0.00054490,85.00000000
2018-02-26 20:17:59,0.00054491,9.00000000
2018-02-26 20:17:59,0.00054492,65.00000000
2018-02-26 20:17:59,0.00054494,8.00000000
2018-02-26 20:17:59,0.00054506,10.00000000
2018-02-26 20:17:59,0.00054533,5.00000000
2018-02-26 20:17:59,0.00054541,72.00000000
2018-02-26 20:18:00,0.00054564,6.00000000
2018-02-26 20:18:01,0.00054584,4.00000000
2018-02-26 20:18:01,0.00054590,14.00000000
2018-02-26 20:18:01,0.00054597,5.00000000
2018-02-26 20:18:01,0.00054491,50.00000000
2018-02-26 20:18:01,0.00054490,238.00000000
2018-02-26 20:18:07,0.00054591,9.00000000
2018-02-26 20:18:07,0.00054592,4.00000000
2018-02-26 20:18:07,0.00054597,11.00000000
2018-02-26 20:18:07,0.00054598,30.00000000
2018-02-26 20:18:07,0.00054599,222.00000000
2018-02-26 20:18:07,0.00054600,329.00000000
2018-02-26 20:18:09,0.00054599,30.00000000
2018-02-26 20:18:09,0.00054600,8.00000000
2018-02-26 20:18:11,0.00054597,85.00000000
2018-02-26 20:18:11,0.00054597,47.00000000
2018-02-26 20:18:11,0.00054597,8.00000000
2018-02-26 20:18:11,0.00054597,18.00000000
2018-02-26 20:18:11,0.00054597,18.00000000
2018-02-26 20:18:12,0.00054597,92.00000000
2018-02-26 20:18:24,0.00054465,103.00000000
2018-02-26 20:18:24,0.00054464,50.00000000
2018-02-26 20:18:24,0.00054461,9.00000000
2018-02-26 20:18:24,0.00054454,59.00000000
2018-02-26 20:18:24,0.00054453,9.00000000
2018-02-26 20:18:24,0.00054427,6.00000000
2018-02-26 20:18:24,0.00054407,389.00000000
2018-02-26 20:18:24,0.00054406,64.00000000
2018-02-26 20:18:24,0.00054405,331.00000000
2018-02-26 20:18:24,0.00054403,223.00000000
2018-02-26 20:18:24,0.00054397,5.00000000
2018-02-26 20:18:24,0.00054394,116.00000000
2018-02-26 20:18:24,0.00054383,2.00000000
2018-02-26 20:18:24,0.00054379,770.00000000
2018-02-26 20:18:24,0.00054370,5.00000000
2018-02-26 20:18:24,0.00054344,5.00000000
2018-02-26 20:18:24,0.00054329,23.00000000
2018-02-26 20:18:24,0.00054316,5.00000000
2018-02-26 20:18:24,0.00054290,5.00000000
2018-02-26 20:18:24,0.00054263,5.00000000
2018-02-26 20:18:24,0.00054243,4.00000000
2018-02-26 20:18:24,0.00054238,5.00000000
2018-02-26 20:18:24,0.00054210,5.00000000
2018-02-26 20:18:24,0.00054200,169.00000000
2018-02-26 20:18:24,0.00054186,184.00000000
2018-02-26 20:18:24,0.00054182,4.00000000
2018-02-26 20:18:24,0.00054171,4.00000000
2018-02-26 20:18:24,0.00054156,6.00000000
2018-02-26 20:18:24,0.00054134,750.00000000
2018-02-26 20:18:24,0.00054133,184.00000000
2018-02-26 20:18:24,0.00054126,5.00000000
2018-02-26 20:18:24,0.00054101,307.00000000
2018-02-26 20:18:24,0.00054100,145.00000000
2018-02-26 20:18:24,0.00054099,6.00000000
2018-02-26 20:18:24,0.00054084,5.00000000
2018-02-26 20:18:24,0.00054071,5.00000000
2018-02-26 20:18:24,0.00054045,70.00000000
2018-02-26 20:18:24,0.00054043,3.00000000
2018-02-26 20:18:24,0.00054018,6.00000000
2018-02-26 20:18:24,0.00054004,20.00000000
2018-02-26 20:18:24,0.00054000,430.00000000
2018-02-26 20:18:24,0.00053994,5.00000000
2018-02-26 20:18:24,0.00053993,277.00000000
2018-02-26 20:18:24,0.00053990,113.00000000
2018-02-26 20:18:24,0.00053987,128.00000000
2018-02-26 20:18:24,0.00053984,84.00000000
2018-02-26 20:18:24,0.00053978,92.00000000
2018-02-26 20:18:24,0.00053967,5.00000000
2018-02-26 20:18:24,0.00053961,87.00000000
2018-02-26 20:18:24,0.00053960,6.00000000
2018-02-26 20:18:24,0.00053957,3.00000000
2018-02-26 20:18:24,0.00053951,9.00000000
2018-02-26 20:18:24,0.00053948,16.00000000
2018-02-26 20:18:24,0.00053947,2.00000000
2018-02-26 20:18:24,0.00053940,5.00000000
2018-02-26 20:18:24,0.00053933,18.00000000
2018-02-26 20:18:24,0.00053914,4.00000000
2018-02-26 20:18:24,0.00053913,5.00000000
2018-02-26 20:18:24,0.00053905,190.00000000
2018-02-26 20:18:24,0.00053904,206.00000000
2018-02-26 20:18:24,0.00053900,4.00000000
2018-02-26 20:18:24,0.00053886,5.00000000
2018-02-26 20:18:24,0.00053880,6.00000000
2018-02-26 20:18:24,0.00053876,55.00000000
2018-02-26 20:18:24,0.00053859,18.00000000
2018-02-26 20:18:24,0.00053858,9.00000000
2018-02-26 20:18:24,0.00053857,9.00000000
2018-02-26 20:18:24,0.00053850,56.00000000
2018-02-26 20:18:24,0.00053848,7.00000000
2018-02-26 20:18:24,0.00053838,37.00000000
2018-02-26 20:18:24,0.00053834,7.00000000
2018-02-26 20:18:24,0.00053817,17.00000000
2018-02-26 20:18:24,0.00053813,5.00000000
2018-02-26 20:18:24,0.00053810,75.00000000
2018-02-26 20:18:24,0.00053805,19.00000000
2018-02-26 20:18:24,0.00053800,17.00000000
2018-02-26 20:18:24,0.00053783,3.00000000
2018-02-26 20:18:24,0.00053780,17.00000000
2018-02-26 20:18:24,0.00053779,5.00000000
2018-02-26 20:18:24,0.00053778,5.00000000
2018-02-26 20:18:24,0.00053776,14.00000000
2018-02-26 20:18:24,0.00053775,95.00000000
2018-02-26 20:18:24,0.00053750,97.00000000
2018-02-26 20:18:24,0.00053747,89.00000000
2018-02-26 20:18:24,0.00053740,9.00000000
2018-02-26 20:18:24,0.00053733,7.00000000
2018-02-26 20:18:24,0.00053729,7.00000000
2018-02-26 20:18:24,0.00053723,46.00000000
2018-02-26 20:18:24,0.00053712,2.00000000
2018-02-26 20:18:24,0.00053711,101.00000000
2018-02-26 20:18:24,0.00053709,75.00000000
2018-02-26 20:18:24,0.00053706,73.00000000
2018-02-26 20:18:24,0.00053704,27.00000000
2018-02-26 20:18:24,0.00053700,97.00000000
2018-02-26 20:18:24,0.00053698,2.00000000
2018-02-26 20:18:24,0.00053696,7.00000000
2018-02-26 20:18:24,0.00053695,99.00000000
2018-02-26 20:18:24,0.00053694,5.00000000
2018-02-26 20:18:24,0.00053690,7.00000000
2018-02-26 20:18:24,0.00053680,12.00000000
2018-02-26 20:18:24,0.00053670,5.00000000
2018-02-26 20:18:24,0.00053667,17.00000000
2018-02-26 20:18:24,0.00053665,56.00000000
2018-02-26 20:18:24,0.00053664,10.00000000
2018-02-26 20:18:24,0.00053656,59.00000000
2018-02-26 20:18:24,0.00053642,4.00000000
2018-02-26 20:18:24,0.00053635,1370.00000000
2018-02-26 20:18:24,0.00053630,7.00000000
2018-02-26 20:18:24,0.00053618,67.00000000
2018-02-26 20:18:24,0.00053650,2.00000000
2018-02-26 20:18:24,0.00054149,28.00000000
2018-02-26 20:18:24,0.00054149,9.00000000
2018-02-26 20:18:24,0.00054149,53.00000000
2018-02-26 20:18:24,0.00054149,9.00000000
2018-02-26 20:18:24,0.00054149,8.00000000
2018-02-26 20:18:24,0.00054149,8.00000000
2018-02-26 20:18:24,0.00054149,9.00000000
2018-02-26 20:18:24,0.00054149,18.00000000
2018-02-26 20:18:24,0.00054149,9.00000000
2018-02-26 20:18:24,0.00054149,55.00000000
2018-02-26 20:18:24,0.00054149,55.00000000
2018-02-26 20:18:24,0.00054149,17.00000000
2018-02-26 20:18:24,0.00054454,13.00000000
2018-02-26 20:18:24,0.00054454,238.00000000
2018-02-26 20:18:24,0.00054361,30.00000000
2018-02-26 20:18:24,0.00054361,7.00000000
2018-02-26 20:18:24,0.00054380,14.00000000
2018-02-26 20:18:24,0.00054383,9.00000000
2018-02-26 20:18:24,0.00054383,19.00000000
2018-02-26 20:18:24,0.00054385,11.00000000
2018-02-26 20:18:25,0.00054103,7.00000000
2018-02-26 20:18:25,0.00054153,9.00000000
2018-02-26 20:18:25,0.00053944,27.00000000
2018-02-26 20:18:25,0.00054151,2.00000000
2018-02-26 20:18:25,0.00054151,2.00000000
2018-02-26 20:18:25,0.00054151,91.00000000
2018-02-26 20:18:25,0.00054154,2.00000000
2018-02-26 20:18:25,0.00054194,17.00000000
2018-02-26 20:18:25,0.00054324,72.00000000
2018-02-26 20:18:25,0.00053949,7.00000000
2018-02-26 20:18:25,0.00054070,5.00000000
2018-02-26 20:18:25,0.00054052,2.00000000
2018-02-26 20:18:25,0.00054133,4.00000000
2018-02-26 20:18:26,0.00054087,5.00000000
2018-02-26 20:18:26,0.00054321,3.00000000
2018-02-26 20:18:27,0.00054082,4.00000000
2018-02-26 20:18:27,0.00054320,50.00000000
2018-02-26 20:18:29,0.00054261,5.00000000
2018-02-26 20:18:30,0.00054206,5.00000000
2018-02-26 20:18:30,0.00054234,4.00000000
2018-02-26 20:18:30,0.00054154,3.00000000
2018-02-26 20:18:30,0.00054154,6.00000000
2018-02-26 20:18:30,0.00054178,2.00000000
2018-02-26 20:18:30,0.00054178,1.00000000
2018-02-26 20:18:31,0.00054153,2.00000000
2018-02-26 20:18:31,0.00054153,4.00000000
2018-02-26 20:18:31,0.00054234,2.00000000
2018-02-26 20:18:31,0.00054128,5.00000000
2018-02-26 20:18:31,0.00054128,5.00000000
2018-02-26 20:18:31,0.00054051,4.00000000
2018-02-26 20:18:31,0.00054050,3.00000000
2018-02-26 20:18:31,0.00054074,5.00000000
2018-02-26 20:18:32,0.00054232,12.00000000
2018-02-26 20:18:32,0.00054050,5.00000000
2018-02-26 20:18:32,0.00054230,59.00000000
2018-02-26 20:18:32,0.00054050,1.00000000
2018-02-26 20:18:32,0.00054044,4.00000000
2018-02-26 20:18:32,0.00054231,70.00000000
2018-02-26 20:18:32,0.00054044,5.00000000
2018-02-26 20:18:33,0.00054044,5.00000000
2018-02-26 20:18:33,0.00054177,2.00000000
2018-02-26 20:18:33,0.00054231,28.00000000
2018-02-26 20:18:33,0.00054045,4.00000000
2018-02-26 20:18:33,0.00054231,2.00000000
2018-02-26 20:18:33,0.00054068,5.00000000
2018-02-26 20:18:33,0.00054231,30.00000000
2018-02-26 20:18:33,0.00054092,7.00000000
2018-02-26 20:18:34,0.00054068,7.00000000
2018-02-26 20:18:34,0.00054231,30.00000000
2018-02-26 20:18:34,0.00054069,5.00000000
2018-02-26 20:18:34,0.00054069,4.00000000
2018-02-26 20:18:35,0.00054177,5.00000000
2018-02-26 20:18:35,0.00054069,26.00000000
2018-02-26 20:18:35,0.00054177,7.00000000
2018-02-26 20:18:35,0.00054177,3.00000000
2018-02-26 20:18:35,0.00054230,28.00000000
2018-02-26 20:18:36,0.00054229,35.00000000
2018-02-26 20:18:36,0.00054230,44.00000000
2018-02-26 20:18:36,0.00054125,5.00000000
2018-02-26 20:18:37,0.00054229,10.00000000
2018-02-26 20:18:37,0.00054229,150.00000000
2018-02-26 20:18:37,0.00054229,24.00000000
2018-02-26 20:18:37,0.00054230,30.00000000
2018-02-26 20:18:37,0.00054229,30.00000000
2018-02-26 20:18:39,0.00054228,30.00000000
2018-02-26 20:18:39,0.00054228,15.00000000
2018-02-26 20:18:39,0.00054228,9.00000000
2018-02-26 20:18:39,0.00054228,4.00000000
2018-02-26 20:18:39,0.00054229,154.00000000
2018-02-26 20:18:40,0.00054231,190.00000000
2018-02-26 20:18:41,0.00054232,8.00000000
2018-02-26 20:18:41,0.00054232,66.00000000
2018-02-26 20:18:42,0.00054232,36.00000000
2018-02-26 20:18:42,0.00054232,80.00000000
2018-02-26 20:18:42,0.00054232,42.00000000
2018-02-26 20:18:42,0.00054231,45.00000000
2018-02-26 20:18:43,0.00054231,9.00000000
2018-02-26 20:18:44,0.00054231,46.00000000
2018-02-26 20:18:44,0.00054231,1036.00000000
2018-02-26 20:18:51,0.00054254,18.00000000
2018-02-26 20:18:51,0.00054255,9.00000000
2018-02-26 20:18:51,0.00054256,4.00000000
2018-02-26 20:18:51,0.00054257,6.00000000
2018-02-26 20:18:51,0.00054260,5.00000000
2018-02-26 20:18:51,0.00054291,6.00000000
2018-02-26 20:18:52,0.00054302,5.00000000
2018-02-26 20:18:52,0.00054232,206.00000000
2018-02-26 20:18:56,0.00054316,3.00000000
2018-02-26 20:19:03,0.00054317,4.00000000
2018-02-26 20:19:03,0.00054323,19.00000000
2018-02-26 20:19:03,0.00054325,55.00000000
2018-02-26 20:19:03,0.00054328,20.00000000
2018-02-26 20:19:04,0.00054345,5.00000000
2018-02-26 20:19:05,0.00054240,73.00000000
2018-02-26 20:19:05,0.00054239,72.00000000
2018-02-26 20:19:05,0.00054238,20.00000000
2018-02-26 20:19:05,0.00054233,30.00000000
2018-02-26 20:19:05,0.00054232,224.00000000
2018-02-26 20:19:05,0.00054316,50.00000000
2018-02-26 20:19:06,0.00054372,10.00000000
2018-02-26 20:19:06,0.00054373,3.00000000
2018-02-26 20:19:11,0.00054370,73.00000000
2018-02-26 20:19:11,0.00054370,52.00000000
2018-02-26 20:19:11,0.00054370,64.00000000
2018-02-26 20:19:12,0.00054371,9.00000000
2018-02-26 20:19:12,0.00054373,1.00000000
2018-02-26 20:19:12,0.00054370,37.00000000
2018-02-26 20:19:17,0.00054373,1.00000000
2018-02-26 20:19:23,0.00054381,4.00000000
2018-02-26 20:19:30,0.00054383,7.00000000
2018-02-26 20:19:30,0.00054398,2.00000000
2018-02-26 20:19:33,0.00054383,30.00000000
2018-02-26 20:19:33,0.00054382,55.00000000
2018-02-26 20:19:38,0.00054382,9.00000000
2018-02-26 20:19:39,0.00054383,17.00000000
2018-02-26 20:19:39,0.00054394,37.00000000
2018-02-26 20:19:39,0.00054398,3.00000000
2018-02-26 20:19:39,0.00054425,5.00000000
2018-02-26 20:19:39,0.00054451,5.00000000
2018-02-26 20:19:39,0.00054462,9.00000000
2018-02-26 20:19:43,0.00054462,4.00000000
2018-02-26 20:19:49,0.00054462,4.00000000
2018-02-26 20:19:49,0.00054479,5.00000000
2018-02-26 20:19:49,0.00054486,2.00000000
2018-02-26 20:19:49,0.00054491,9.00000000
2018-02-26 20:19:53,0.00054493,65.00000000
2018-02-26 20:19:53,0.00054493,7.00000000
2018-02-26 20:19:55,0.00054493,31.00000000
2018-02-26 20:19:55,0.00054493,117.00000000
2018-02-26 20:19:56,0.00054505,5.00000000
2018-02-26 20:19:57,0.00054517,122.00000000
2018-02-26 20:20:01,0.00054517,500.00000000
2018-02-26 20:20:02,0.00054517,55.00000000
2018-02-26 20:20:06,0.00054526,37.00000000
2018-02-26 20:20:06,0.00054527,14.00000000
2018-02-26 20:20:06,0.00054532,5.00000000
2018-02-26 20:20:06,0.00054543,20.00000000
2018-02-26 20:20:10,0.00054543,25.00000000
2018-02-26 20:20:10,0.00054493,34.00000000
2018-02-26 20:20:10,0.00054406,9.00000000
2018-02-26 20:20:10,0.00054396,5.00000000
2018-02-26 20:20:10,0.00054385,30.00000000
2018-02-26 20:20:10,0.00054384,73.00000000
2018-02-26 20:20:10,0.00054383,12.00000000
2018-02-26 20:20:10,0.00054375,40.00000000
2018-02-26 20:20:10,0.00054374,16.00000000
2018-02-26 20:20:10,0.00054373,131.00000000
2018-02-26 20:20:26,0.00054497,5.00000000
2018-02-26 20:20:39,0.00054385,90.00000000
2018-02-26 20:20:40,0.00054385,43.00000000
2018-02-26 20:20:43,0.00054479,9.00000000
2018-02-26 20:20:44,0.00054480,27.00000000
2018-02-26 20:20:44,0.00054482,68.00000000
2018-02-26 20:20:46,0.00054497,5.00000000
2018-02-26 20:20:54,0.00054500,9.00000000
2018-02-26 20:20:59,0.00054500,39.00000000
2018-02-26 20:20:59,0.00054529,73.00000000
2018-02-26 20:20:59,0.00054530,36.00000000
2018-02-26 20:21:01,0.00054499,20.00000000
2018-02-26 20:21:02,0.00054499,50.00000000
2018-02-26 20:21:03,0.00054502,20.00000000
2018-02-26 20:21:04,0.00054522,18.00000000
2018-02-26 20:21:04,0.00054531,5.00000000
2018-02-26 20:21:05,0.00054541,19.00000000
2018-02-26 20:21:05,0.00054543,30.00000000
2018-02-26 20:21:09,0.00054543,28.00000000
2018-02-26 20:21:10,0.00054543,80.00000000
2018-02-26 20:21:10,0.00054543,29.00000000
2018-02-26 20:21:10,0.00054555,5.00000000
2018-02-26 20:21:10,0.00054563,6.00000000
2018-02-26 20:21:10,0.00054582,6.00000000
2018-02-26 20:21:11,0.00054543,4.00000000
2018-02-26 20:21:12,0.00054587,18.00000000
2018-02-26 20:21:16,0.00054502,129.00000000
2018-02-26 20:21:18,0.00054587,4.00000000
2018-02-26 20:21:18,0.00054502,7.00000000
2018-02-26 20:21:24,0.00054580,40.00000000
2018-02-26 20:21:24,0.00054502,135.00000000
2018-02-26 20:21:26,0.00054502,59.00000000
2018-02-26 20:21:28,0.00054579,4.00000000
2018-02-26 20:21:33,0.00054503,3.00000000
2018-02-26 20:21:33,0.00054502,309.00000000
2018-02-26 20:21:36,0.00054578,40.00000000
2018-02-26 20:21:37,0.00054502,115.00000000
2018-02-26 20:21:38,0.00054502,578.00000000
2018-02-26 20:21:41,0.00054502,6.00000000
2018-02-26 20:21:41,0.00054502,50.00000000
2018-02-26 20:21:41,0.00054501,42.00000000
2018-02-26 20:21:41,0.00054501,42.00000000
2018-02-26 20:21:41,0.00054501,6.00000000
2018-02-26 20:21:41,0.00054501,15.00000000
2018-02-26 20:21:41,0.00054498,643.00000000
2018-02-26 20:21:41,0.00054497,844.00000000
2018-02-26 20:21:41,0.00054478,18.00000000
2018-02-26 20:21:41,0.00054478,4.00000000
2018-02-26 20:21:41,0.00054478,51.00000000
2018-02-26 20:21:42,0.00054444,6.00000000
2018-02-26 20:21:43,0.00054444,3.00000000
2018-02-26 20:21:45,0.00054478,6.00000000
2018-02-26 20:21:45,0.00054494,5.00000000
2018-02-26 20:21:47,0.00054494,7.00000000
2018-02-26 20:21:50,0.00054478,8.00000000
2018-02-26 20:21:53,0.00054444,7.00000000
2018-02-26 20:21:53,0.00054426,6.00000000
2018-02-26 20:21:53,0.00054395,1.00000000
2018-02-26 20:21:54,0.00054395,4.00000000
2018-02-26 20:21:54,0.00054385,8.00000000
2018-02-26 20:21:54,0.00054373,15.00000000
2018-02-26 20:21:58,0.00054373,30.00000000
2018-02-26 20:22:05,0.00054439,9.00000000
2018-02-26 20:22:05,0.00054440,6.00000000
2018-02-26 20:22:06,0.00054450,8.00000000
2018-02-26 20:22:12,0.00054450,4.00000000
2018-02-26 20:22:12,0.00054373,4.00000000
2018-02-26 20:22:12,0.00054374,23.00000000
2018-02-26 20:22:12,0.00054374,7.00000000
2018-02-26 20:22:12,0.00054373,23.00000000
2018-02-26 20:22:13,0.00054424,4.00000000
2018-02-26 20:22:13,0.00054450,263.00000000
2018-02-26 20:22:13,0.00054450,326.00000000
2018-02-26 20:22:13,0.00054450,54.00000000
2018-02-26 20:22:13,0.00054450,8.00000000
2018-02-26 20:22:13,0.00054450,55.00000000
2018-02-26 20:22:13,0.00054498,55.00000000
2018-02-26 20:22:15,0.00054493,5.00000000
2018-02-26 20:22:22,0.00054478,25.00000000
2018-02-26 20:22:22,0.00054493,64.00000000
2018-02-26 20:22:28,0.00054493,9.00000000
2018-02-26 20:22:29,0.00054493,52.00000000
2018-02-26 20:22:32,0.00054450,9.00000000
2018-02-26 20:22:36,0.00054489,3.00000000
2018-02-26 20:22:36,0.00054450,35.00000000
2018-02-26 20:22:44,0.00054488,8.00000000
2018-02-26 20:22:46,0.00054488,1.00000000
2018-02-26 20:22:46,0.00054489,6.00000000
2018-02-26 20:22:46,0.00054490,10.00000000
2018-02-26 20:22:50,0.00054450,9.00000000
2018-02-26 20:22:54,0.00054466,18.00000000
2018-02-26 20:22:56,0.00054450,9.00000000
2018-02-26 20:22:56,0.00054450,3.00000000
2018-02-26 20:22:57,0.00054466,249.00000000
2018-02-26 20:22:57,0.00054490,13.00000000
2018-02-26 20:22:57,0.00054492,65.00000000
2018-02-26 20:22:57,0.00054493,302.00000000
2018-02-26 20:23:02,0.00054450,376.00000000
2018-02-26 20:23:03,0.00054493,41.00000000
2018-02-26 20:23:06,0.00054492,15.00000000
2018-02-26 20:23:06,0.00054493,100.00000000
2018-02-26 20:23:15,0.00054450,3.00000000
2018-02-26 20:23:20,0.00054493,7.00000000
2018-02-26 20:23:28,0.00054450,59.00000000
2018-02-26 20:23:31,0.00054493,209.00000000
2018-02-26 20:23:38,0.00054493,127.00000000
2018-02-26 20:23:52,0.00054485,1.00000000
2018-02-26 20:23:58,0.00054485,8.00000000
2018-02-26 20:24:00,0.00054461,1.00000000
2018-02-26 20:24:04,0.00054461,2.00000000
2018-02-26 20:24:08,0.00054461,8.00000000
2018-02-26 20:24:08,0.00054460,1.00000000
2018-02-26 20:24:15,0.00054461,33.00000000
2018-02-26 20:24:22,0.00054485,84.00000000
2018-02-26 20:24:22,0.00054493,368.00000000
2018-02-26 20:24:22,0.00054500,50.00000000
2018-02-26 20:24:32,0.00054530,5.00000000
2018-02-26 20:24:32,0.00054562,14.00000000
2018-02-26 20:24:41,0.00054561,5.00000000
2018-02-26 20:24:42,0.00054561,4.00000000
2018-02-26 20:24:42,0.00054562,52.00000000
2018-02-26 20:24:49,0.00054560,9.00000000
2018-02-26 20:24:49,0.00054560,43.00000000
2018-02-26 20:24:50,0.00054500,439.00000000
2018-02-26 20:24:50,0.00054462,27.00000000
2018-02-26 20:24:50,0.00054461,50.00000000
2018-02-26 20:25:02,0.00054550,1.00000000
2018-02-26 20:25:03,0.00054500,90.00000000
2018-02-26 20:25:10,0.00054500,255.00000000
2018-02-26 20:25:10,0.00054461,3.00000000
2018-02-26 20:25:10,0.00054461,3.00000000
2018-02-26 20:25:12,0.00054550,63.00000000
2018-02-26 20:25:12,0.00054560,29.00000000
2018-02-26 20:25:12,0.00054561,80.00000000
2018-02-26 20:25:12,0.00054562,62.00000000
2018-02-26 20:25:12,0.00054585,8.00000000
2018-02-26 20:25:12,0.00054589,250.00000000
2018-02-26 20:25:12,0.00054590,33.00000000
2018-02-26 20:25:12,0.00054596,35.00000000
2018-02-26 20:25:12,0.00054598,271.00000000
2018-02-26 20:25:12,0.00054600,929.00000000
2018-02-26 20:25:12,0.00054600,2824.00000000
2018-02-26 20:25:12,0.00054600,345.00000000
2018-02-26 20:25:12,0.00054600,69.00000000
2018-02-26 20:25:12,0.00054600,20.00000000
2018-02-26 20:25:13,0.00054600,43.00000000
2018-02-26 20:25:13,0.00054600,183.00000000
2018-02-26 20:25:13,0.00054600,415.00000000
2018-02-26 20:25:13,0.00054600,424.00000000
2018-02-26 20:25:13,0.00054461,342.00000000
2018-02-26 20:25:27,0.00054598,6.00000000
2018-02-26 20:25:27,0.00054598,17.00000000
2018-02-26 20:25:27,0.00054598,8.00000000
2018-02-26 20:25:27,0.00054598,8.00000000
2018-02-26 20:25:27,0.00054598,8.00000000
2018-02-26 20:25:27,0.00054598,75.00000000
2018-02-26 20:25:27,0.00054598,8.00000000
2018-02-26 20:25:27,0.00054598,1.00000000
2018-02-26 20:25:32,0.00054595,143.00000000
2018-02-26 20:25:32,0.00054501,45.00000000
2018-02-26 20:25:33,0.00054595,75.00000000
2018-02-26 20:25:38,0.00054595,25.00000000
2018-02-26 20:25:38,0.00054596,2.00000000
2018-02-26 20:25:38,0.00054501,1.00000000
2018-02-26 20:25:40,0.00054594,68.00000000
2018-02-26 20:25:40,0.00054594,11.00000000
2018-02-26 20:25:40,0.00054594,2.00000000
2018-02-26 20:25:44,0.00054581,11.00000000
2018-02-26 20:25:44,0.00054595,28.00000000
2018-02-26 20:25:44,0.00054595,6.00000000
2018-02-26 20:25:44,0.00054501,4.00000000
2018-02-26 20:25:44,0.00054500,55.00000000
2018-02-26 20:25:44,0.00054500,3.00000000
2018-02-26 20:25:46,0.00054596,7.00000000
2018-02-26 20:25:46,0.00054594,178.00000000
2018-02-26 20:25:46,0.00054594,15.00000000
2018-02-26 20:25:46,0.00054594,17.00000000
2018-02-26 20:25:46,0.00054594,3.00000000
2018-02-26 20:25:47,0.00054594,2.00000000
2018-02-26 20:25:47,0.00054594,84.00000000
2018-02-26 20:25:47,0.00054569,2.00000000
2018-02-26 20:25:47,0.00054596,6.00000000
2018-02-26 20:25:47,0.00054609,72.00000000
2018-02-26 20:25:54,0.00054501,5.00000000
2018-02-26 20:25:56,0.00054594,148.00000000
2018-02-26 20:26:01,0.00054593,9.00000000
2018-02-26 20:26:01,0.00054594,15.00000000
2018-02-26 20:26:05,0.00054594,10.00000000
2018-02-26 20:26:05,0.00054594,20.00000000
2018-02-26 20:26:07,0.00054550,3.00000000
2018-02-26 20:26:07,0.00054550,97.00000000
2018-02-26 20:26:08,0.00054550,34.00000000
2018-02-26 20:26:10,0.00054502,7.00000000
2018-02-26 20:26:11,0.00054594,71.00000000
2018-02-26 20:26:12,0.00054594,5.00000000
2018-02-26 20:26:15,0.00054502,345.00000000
2018-02-26 20:26:15,0.00054594,21.00000000
2018-02-26 20:26:19,0.00054593,14.00000000
2018-02-26 20:26:23,0.00054502,2.00000000
2018-02-26 20:26:26,0.00054502,4.00000000
2018-02-26 20:26:29,0.00054594,140.00000000
2018-02-26 20:26:36,0.00054594,563.00000000
2018-02-26 20:26:36,0.00054600,147.00000000
2018-02-26 20:26:40,0.00054599,10.00000000
2018-02-26 20:26:40,0.00054600,161.00000000
2018-02-26 20:26:43,0.00054600,17.00000000
2018-02-26 20:26:45,0.00054594,8.00000000
2018-02-26 20:26:47,0.00054594,225.00000000
2018-02-26 20:26:54,0.00054508,2.00000000
2018-02-26 20:26:54,0.00054600,100.00000000
2018-02-26 20:26:55,0.00054599,2.00000000
2018-02-26 20:26:55,0.00054600,1.00000000
2018-02-26 20:26:55,0.00054600,18.00000000
2018-02-26 20:26:55,0.00054600,31.00000000
2018-02-26 20:26:55,0.00054600,31.00000000
2018-02-26 20:27:01,0.00054609,1.00000000
2018-02-26 20:27:02,0.00054600,1.00000000
2018-02-26 20:27:09,0.00054594,31.00000000
2018-02-26 20:27:10,0.00054600,37.00000000
2018-02-26 20:27:11,0.00054600,61.00000000
2018-02-26 20:27:11,0.00054600,20.00000000
2018-02-26 20:27:17,0.00054600,4.00000000
2018-02-26 20:27:17,0.00054600,3.00000000
2018-02-26 20:27:17,0.00054600,10.00000000
2018-02-26 20:27:18,0.00054600,14.00000000
2018-02-26 20:27:18,0.00054594,36.00000000
2018-02-26 20:27:20,0.00054594,269.00000000
2018-02-26 20:27:23,0.00054610,74.00000000
2018-02-26 20:27:23,0.00054618,4.00000000
2018-02-26 20:27:23,0.00054646,5.00000000
2018-02-26 20:27:23,0.00054650,7.00000000
2018-02-26 20:27:23,0.00054665,259.00000000
2018-02-26 20:27:34,0.00054610,10.00000000
2018-02-26 20:27:38,0.00054665,23.00000000
2018-02-26 20:27:39,0.00054609,204.00000000
2018-02-26 20:27:51,0.00054665,311.00000000
2018-02-26 20:27:54,0.00054673,2.00000000
2018-02-26 20:27:55,0.00054666,135.00000000
2018-02-26 20:28:00,0.00054666,3.00000000
2018-02-26 20:28:00,0.00054666,8.00000000
2018-02-26 20:28:00,0.00054673,3.00000000
2018-02-26 20:28:06,0.00054692,169.00000000
2018-02-26 20:28:10,0.00054692,4.00000000
2018-02-26 20:28:14,0.00054692,7.00000000
2018-02-26 20:28:14,0.00054692,163.00000000
2018-02-26 20:28:15,0.00054690,15.00000000
2018-02-26 20:28:19,0.00054692,82.00000000
2018-02-26 20:28:24,0.00054699,2.00000000
2018-02-26 20:28:24,0.00054692,278.00000000
2018-02-26 20:28:24,0.00054690,17.00000000
2018-02-26 20:28:24,0.00054673,21.00000000
2018-02-26 20:28:24,0.00054666,20.00000000
2018-02-26 20:28:24,0.00054665,89.00000000
2018-02-26 20:28:24,0.00054610,2.00000000
2018-02-26 20:28:24,0.00054609,243.00000000
2018-02-26 20:28:24,0.00054602,17.00000000
2018-02-26 20:28:24,0.00054595,27.00000000
2018-02-26 20:28:24,0.00054594,440.00000000
2018-02-26 20:28:24,0.00054592,9.00000000
2018-02-26 20:28:24,0.00054536,53.00000000
2018-02-26 20:28:24,0.00054526,17.00000000
2018-02-26 20:28:24,0.00054509,5.00000000
2018-02-26 20:28:24,0.00054507,30.00000000
2018-02-26 20:28:24,0.00054506,275.00000000
2018-02-26 20:28:24,0.00054503,33.00000000
2018-02-26 20:28:24,0.00054502,700.00000000
2018-02-26 20:28:24,0.00054501,744.00000000
2018-02-26 20:28:26,0.00054664,10.00000000
2018-02-26 20:28:26,0.00054665,30.00000000
2018-02-26 20:28:26,0.00054666,275.00000000
2018-02-26 20:28:26,0.00054672,2.00000000
2018-02-26 20:28:26,0.00054692,30.00000000
2018-02-26 20:28:26,0.00054692,30.00000000
2018-02-26 20:28:26,0.00054692,30.00000000
2018-02-26 20:28:26,0.00054692,30.00000000
2018-02-26 20:28:26,0.00054692,3.00000000
2018-02-26 20:28:27,0.00054693,5.00000000
2018-02-26 20:28:27,0.00054693,2.00000000
2018-02-26 20:28:32,0.00054700,3.00000000
2018-02-26 20:28:32,0.00054699,81.00000000
2018-02-26 20:28:32,0.00054699,39.00000000
2018-02-26 20:28:33,0.00054704,4.00000000
2018-02-26 20:28:33,0.00054699,120.00000000
2018-02-26 20:28:38,0.00054728,9.00000000
2018-02-26 20:28:38,0.00054729,4.00000000
2018-02-26 20:28:38,0.00054751,50.00000000
2018-02-26 20:28:38,0.00054783,46.00000000
2018-02-26 20:28:38,0.00054788,59.00000000
2018-02-26 20:28:40,0.00054694,42.00000000
2018-02-26 20:28:40,0.00054693,97.00000000
2018-02-26 20:28:41,0.00054541,196.00000000
2018-02-26 20:28:44,0.00054686,20.00000000
2018-02-26 20:28:44,0.00054687,4.00000000
2018-02-26 20:28:44,0.00054692,19.00000000
2018-02-26 20:28:45,0.00054551,6.00000000
2018-02-26 20:28:48,0.00054691,6.00000000
2018-02-26 20:28:48,0.00054692,54.00000000
2018-02-26 20:28:56,0.00054565,73.00000000
2018-02-26 20:28:56,0.00054564,20.00000000
2018-02-26 20:28:56,0.00054563,36.00000000
2018-02-26 20:28:56,0.00054553,30.00000000
2018-02-26 20:28:56,0.00054550,14.00000000
2018-02-26 20:28:56,0.00054540,4.00000000
2018-02-26 20:28:56,0.00054535,2.00000000
2018-02-26 20:28:56,0.00054504,9.00000000
2018-02-26 20:28:56,0.00054503,59.00000000
2018-02-26 20:28:56,0.00054501,406.00000000
2018-02-26 20:28:59,0.00054543,19.00000000
2018-02-26 20:29:00,0.00054549,4.00000000
2018-02-26 20:29:00,0.00054544,9.00000000
2018-02-26 20:29:00,0.00054543,30.00000000
2018-02-26 20:29:00,0.00054501,122.00000000
2018-02-26 20:29:00,0.00054500,375.00000000
2018-02-26 20:29:00,0.00054481,4.00000000
2018-02-26 20:29:00,0.00054461,242.00000000
2018-02-26 20:29:00,0.00054460,175.00000000
2018-02-26 20:29:02,0.00054613,10.00000000
2018-02-26 20:29:02,0.00054615,73.00000000
2018-02-26 20:29:02,0.00054617,4.00000000
2018-02-26 20:29:02,0.00054665,4.00000000
2018-02-26 20:29:02,0.00054671,2.00000000
2018-02-26 20:29:02,0.00054687,30.00000000
2018-02-26 20:29:02,0.00054690,4.00000000
2018-02-26 20:29:03,0.00054500,10.00000000
2018-02-26 20:29:03,0.00054499,9.00000000
2018-02-26 20:29:03,0.00054498,6.00000000
2018-02-26 20:29:03,0.00054480,4.00000000
2018-02-26 20:29:03,0.00054475,4.00000000
2018-02-26 20:29:06,0.00054535,9.00000000
2018-02-26 20:29:10,0.00054540,30.00000000
2018-02-26 20:29:10,0.00054539,122.00000000
2018-02-26 20:29:10,0.00054534,2.00000000
2018-02-26 20:29:10,0.00054485,73.00000000
2018-02-26 20:29:10,0.00054460,310.00000000
2018-02-26 20:29:13,0.00054547,9.00000000
2018-02-26 20:29:13,0.00054539,9.00000000
2018-02-26 20:29:13,0.00054539,54.00000000
2018-02-26 20:29:14,0.00054538,9.00000000
2018-02-26 20:29:14,0.00054538,1.00000000
2018-02-26 20:29:14,0.00054539,9.00000000
2018-02-26 20:29:14,0.00054539,6.00000000
2018-02-26 20:29:14,0.00054539,9.00000000
2018-02-26 20:29:14,0.00054539,47.00000000
2018-02-26 20:29:19,0.00054540,72.00000000
2018-02-26 20:29:20,0.00054539,71.00000000
2018-02-26 20:29:20,0.00054609,4.00000000
2018-02-26 20:29:20,0.00054615,73.00000000
2018-02-26 20:29:20,0.00054615,5.00000000
2018-02-26 20:29:26,0.00054615,7.00000000
2018-02-26 20:29:28,0.00054615,23.00000000
2018-02-26 20:29:29,0.00054530,1.00000000
2018-02-26 20:29:33,0.00054616,2.00000000
2018-02-26 20:29:35,0.00054616,2.00000000
2018-02-26 20:29:38,0.00054616,4.00000000
2018-02-26 20:29:38,0.00054670,67.00000000
2018-02-26 20:29:48,0.00054670,10.00000000
2018-02-26 20:29:49,0.00054616,4.00000000
2018-02-26 20:29:49,0.00054600,37.00000000
2018-02-26 20:29:49,0.00054600,97.00000000
2018-02-26 20:29:55,0.00054556,10.00000000
2018-02-26 20:29:55,0.00054555,73.00000000
2018-02-26 20:29:55,0.00054550,3.00000000
2018-02-26 20:29:55,0.00054541,9.00000000
2018-02-26 20:29:55,0.00054534,11.00000000
2018-02-26 20:30:04,0.00054665,2.00000000
2018-02-26 20:30:05,0.00054665,49.00000000
2018-02-26 20:30:05,0.00054615,3.00000000
2018-02-26 20:30:05,0.00054615,19.00000000
2018-02-26 20:30:06,0.00054665,30.00000000
2018-02-26 20:30:09,0.00054615,244.00000000
2018-02-26 20:30:12,0.00054615,12.00000000
2018-02-26 20:30:13,0.00054615,22.00000000
2018-02-26 20:30:14,0.00054663,17.00000000
2018-02-26 20:30:18,0.00054616,2.00000000
2018-02-26 20:30:18,0.00054660,73.00000000
2018-02-26 20:30:18,0.00054664,193.00000000
2018-02-26 20:30:21,0.00054553,10.00000000
2018-02-26 20:30:21,0.00054552,73.00000000
2018-02-26 20:30:21,0.00054550,147.00000000
2018-02-26 20:30:21,0.00054550,142.00000000
2018-02-26 20:30:23,0.00054660,20.00000000
2018-02-26 20:30:23,0.00054661,4.00000000
2018-02-26 20:30:27,0.00054550,20.00000000
2018-02-26 20:30:27,0.00054549,23.00000000
2018-02-26 20:30:27,0.00054536,6.00000000
2018-02-26 20:30:27,0.00054659,20.00000000
2018-02-26 20:30:27,0.00054660,77.00000000
2018-02-26 20:30:28,0.00054661,69.00000000
2018-02-26 20:30:28,0.00054664,118.00000000
2018-02-26 20:30:28,0.00054665,584.00000000
2018-02-26 20:30:31,0.00054556,1.00000000
2018-02-26 20:30:32,0.00054665,187.00000000
2018-02-26 20:30:39,0.00054663,74.00000000
2018-02-26 20:30:40,0.00054659,14.00000000
2018-02-26 20:30:43,0.00054575,25.00000000
2018-02-26 20:30:44,0.00054664,307.00000000
2018-02-26 20:30:44,0.00054665,58.00000000
2018-02-26 20:30:45,0.00054665,2126.00000000
2018-02-26 20:30:45,0.00054670,375.00000000
2018-02-26 20:30:45,0.00054680,30.00000000
2018-02-26 20:30:45,0.00054686,77.00000000
2018-02-26 20:30:45,0.00054690,249.00000000
2018-02-26 20:30:45,0.00054692,700.00000000
2018-02-26 20:30:45,0.00054705,20.00000000
2018-02-26 20:30:48,0.00054750,17.00000000
2018-02-26 20:30:48,0.00054787,7.00000000
2018-02-26 20:30:49,0.00054707,9.00000000
2018-02-26 20:30:49,0.00054706,7.00000000
2018-02-26 20:30:51,0.00054744,24.00000000
2018-02-26 20:30:53,0.00054787,20.00000000
2018-02-26 20:30:53,0.00054788,10.00000000
2018-02-26 20:30:53,0.00054789,7.00000000
2018-02-26 20:31:02,0.00054755,52.00000000
2018-02-26 20:31:02,0.00054755,36.00000000
2018-02-26 20:31:08,0.00054755,147.00000000
2018-02-26 20:31:08,0.00054759,17.00000000
2018-02-26 20:31:08,0.00054788,138.00000000
2018-02-26 20:31:08,0.00054789,198.00000000
2018-02-26 20:31:11,0.00054789,175.00000000
2018-02-26 20:31:27,0.00054759,17.00000000
2018-02-26 20:31:37,0.00054705,72.00000000
2018-02-26 20:31:38,0.00054705,627.00000000
2018-02-26 20:31:45,0.00054740,33.00000000
2018-02-26 20:31:48,0.00054759,141.00000000
2018-02-26 20:31:48,0.00054789,98.00000000
2018-02-26 20:31:48,0.00054740,18.00000000
2018-02-26 20:31:50,0.00054740,64.00000000
2018-02-26 20:31:51,0.00054759,23.00000000
2018-02-26 20:31:51,0.00054759,113.00000000
2018-02-26 20:31:54,0.00054789,474.00000000
2018-02-26 20:31:57,0.00054705,16.00000000
2018-02-26 20:31:59,0.00054705,7.00000000
2018-02-26 20:32:00,0.00054705,14.00000000
2018-02-26 20:32:02,0.00054759,12.00000000
2018-02-26 20:32:04,0.00054705,971.00000000
2018-02-26 20:32:04,0.00054655,598.00000000
2018-02-26 20:32:04,0.00054652,9.00000000
2018-02-26 20:32:04,0.00054575,48.00000000
2018-02-26 20:32:04,0.00054558,281.00000000
2018-02-26 20:32:04,0.00054557,1035.00000000
2018-02-26 20:32:07,0.00054581,5.00000000
2018-02-26 20:32:09,0.00054602,76.00000000
2018-02-26 20:32:09,0.00054601,20.00000000
2018-02-26 20:32:09,0.00054600,10.00000000
2018-02-26 20:32:09,0.00054578,9.00000000
2018-02-26 20:32:09,0.00054574,9.00000000
2018-02-26 20:32:11,0.00054754,73.00000000
2018-02-26 20:32:11,0.00054755,9.00000000
2018-02-26 20:32:11,0.00054756,20.00000000
2018-02-26 20:32:11,0.00054759,5.00000000
2018-02-26 20:32:11,0.00054789,54.00000000
2018-02-26 20:32:14,0.00054707,10.00000000
2018-02-26 20:32:21,0.00054753,112.00000000
2018-02-26 20:32:24,0.00054706,44.00000000
2018-02-26 20:32:25,0.00054584,9.00000000
2018-02-26 20:32:25,0.00054750,10.00000000
2018-02-26 20:32:25,0.00054751,26.00000000
2018-02-26 20:32:26,0.00054753,299.00000000
2018-02-26 20:32:27,0.00054749,9.00000000
2018-02-26 20:32:28,0.00054750,2.00000000
2018-02-26 20:32:28,0.00054750,18.00000000
2018-02-26 20:32:28,0.00054754,24.00000000
2018-02-26 20:32:29,0.00054708,5.00000000
2018-02-26 20:32:29,0.00054708,5.00000000
2018-02-26 20:32:29,0.00054707,58.00000000
2018-02-26 20:32:30,0.00054754,12.00000000
2018-02-26 20:32:31,0.00054753,161.00000000
2018-02-26 20:32:34,0.00054754,5.00000000
2018-02-26 20:32:41,0.00054753,254.00000000
2018-02-26 20:32:47,0.00054754,4.00000000
2018-02-26 20:32:50,0.00054754,18.00000000
2018-02-26 20:32:59,0.00054754,557.00000000
2018-02-26 20:33:07,0.00054754,49.00000000
2018-02-26 20:33:09,0.00054754,2.00000000
2018-02-26 20:33:10,0.00054789,178.00000000
2018-02-26 20:33:11,0.00054789,182.00000000
2018-02-26 20:33:12,0.00054789,3.00000000
2018-02-26 20:33:12,0.00054789,64.00000000
2018-02-26 20:33:12,0.00054789,5.00000000
2018-02-26 20:33:13,0.00054755,29.00000000
2018-02-26 20:33:13,0.00054754,25.00000000
2018-02-26 20:33:14,0.00054789,124.00000000
2018-02-26 20:33:15,0.00054789,16.00000000
2018-02-26 20:33:17,0.00054789,31.00000000
2018-02-26 20:33:18,0.00054754,10.00000000
2018-02-26 20:33:19,0.00054789,3.00000000
2018-02-26 20:33:19,0.00054789,8.00000000
2018-02-26 20:33:19,0.00054800,3.00000000
2018-02-26 20:33:22,0.00054800,9.00000000
2018-02-26 20:33:22,0.00054800,3.00000000
2018-02-26 20:33:24,0.00054800,161.00000000
2018-02-26 20:33:24,0.00054815,3.00000000
2018-02-26 20:33:25,0.00054820,3.00000000
2018-02-26 20:33:29,0.00054820,8.00000000
2018-02-26 20:33:31,0.00054761,3.00000000
2018-02-26 20:33:35,0.00054800,28.00000000
2018-02-26 20:33:36,0.00054800,12.00000000
2018-02-26 20:33:39,0.00054800,10.00000000
2018-02-26 20:33:39,0.00054757,10.00000000
2018-02-26 20:33:39,0.00054836,36.00000000
2018-02-26 20:33:41,0.00054757,374.00000000
2018-02-26 20:33:45,0.00054836,15.00000000
2018-02-26 20:33:46,0.00054836,5.00000000
2018-02-26 20:33:46,0.00054838,57.00000000
2018-02-26 20:33:46,0.00054839,5.00000000
2018-02-26 20:33:46,0.00054850,56.00000000
2018-02-26 20:33:51,0.00054850,4.00000000
2018-02-26 20:33:51,0.00054867,2.00000000
2018-02-26 20:33:59,0.00054867,17.00000000
2018-02-26 20:34:00,0.00054867,8.00000000
2018-02-26 20:34:00,0.00054800,1.00000000
2018-02-26 20:34:01,0.00054800,19.00000000
2018-02-26 20:34:02,0.00054870,21.00000000
2018-02-26 20:34:02,0.00054894,5.00000000
2018-02-26 20:34:03,0.00054900,112.00000000
2018-02-26 20:34:04,0.00054900,111.00000000
2018-02-26 20:34:05,0.00054900,58.00000000
2018-02-26 20:34:05,0.00054900,12.00000000
2018-02-26 20:34:07,0.00054908,27.00000000
2018-02-26 20:34:07,0.00054910,136.00000000
2018-02-26 20:34:07,0.00054910,175.00000000
2018-02-26 20:34:07,0.00054911,2.00000000
2018-02-26 20:34:12,0.00054900,30.00000000
2018-02-26 20:34:14,0.00054907,3.00000000
2018-02-26 20:34:14,0.00054911,170.00000000
2018-02-26 20:34:16,0.00054911,1036.00000000
2018-02-26 20:34:16,0.00054913,36.00000000
2018-02-26 20:34:16,0.00054921,5.00000000
2018-02-26 20:34:16,0.00054928,4.00000000
2018-02-26 20:34:16,0.00054949,5.00000000
2018-02-26 20:34:16,0.00054972,48.00000000
2018-02-26 20:34:16,0.00054976,5.00000000
2018-02-26 20:34:16,0.00054979,29.00000000
2018-02-26 20:34:16,0.00054982,400.00000000
2018-02-26 20:34:16,0.00054992,116.00000000
2018-02-26 20:34:16,0.00054999,1104.00000000
2018-02-26 20:34:16,0.00054999,46.00000000
2018-02-26 20:34:18,0.00054999,2.00000000
2018-02-26 20:34:18,0.00054911,12.00000000
2018-02-26 20:34:21,0.00054999,28.00000000
2018-02-26 20:34:25,0.00054999,2.00000000
2018-02-26 20:34:27,0.00054999,25.00000000
2018-02-26 20:34:28,0.00054999,1.00000000
2018-02-26 20:34:31,0.00054999,84.00000000
2018-02-26 20:34:31,0.00055000,2402.00000000
2018-02-26 20:34:32,0.00055000,176.00000000
2018-02-26 20:34:32,0.00054999,38.00000000
2018-02-26 20:34:33,0.00054999,4.00000000
2018-02-26 20:34:34,0.00055000,401.00000000
2018-02-26 20:34:36,0.00055001,10.00000000
2018-02-26 20:34:36,0.00055004,2.00000000
2018-02-26 20:34:39,0.00055004,3.00000000
2018-02-26 20:34:39,0.00055020,27.00000000
2018-02-26 20:34:40,0.00055020,47.00000000
2018-02-26 20:34:40,0.00055031,5.00000000
2018-02-26 20:34:40,0.00055056,9.00000000
2018-02-26 20:34:41,0.00055000,25.00000000
2018-02-26 20:34:42,0.00055031,8.00000000
2018-02-26 20:34:42,0.00055031,2.00000000
2018-02-26 20:34:42,0.00055031,14.00000000
2018-02-26 20:34:45,0.00055011,107.00000000
2018-02-26 20:34:45,0.00055056,91.00000000
2018-02-26 20:34:45,0.00055059,5.00000000
2018-02-26 20:34:45,0.00055086,5.00000000
2018-02-26 20:34:45,0.00055100,17.00000000
2018-02-26 20:34:48,0.00055100,242.00000000
2018-02-26 20:34:51,0.00055100,279.00000000
2018-02-26 20:34:52,0.00055100,32.00000000
2018-02-26 20:34:53,0.00055010,13.00000000
2018-02-26 20:34:53,0.00055007,10.00000000
2018-02-26 20:34:53,0.00055004,212.00000000
2018-02-26 20:34:53,0.00055001,133.00000000
2018-02-26 20:34:53,0.00055100,43.00000000
2018-02-26 20:34:55,0.00055097,10.00000000
2018-02-26 20:34:55,0.00055100,44.00000000
2018-02-26 20:34:55,0.00055100,196.00000000
2018-02-26 20:35:02,0.00055008,15.00000000
2018-02-26 20:35:02,0.00055007,32.00000000
2018-02-26 20:35:07,0.00055068,182.00000000
2018-02-26 20:35:07,0.00055100,118.00000000
2018-02-26 20:35:10,0.00055100,78.00000000
2018-02-26 20:35:20,0.00055100,75.00000000
2018-02-26 20:35:21,0.00055100,200.00000000
2018-02-26 20:35:23,0.00055100,532.00000000
2018-02-26 20:35:26,0.00055028,62.00000000
2018-02-26 20:35:26,0.00055028,53.00000000
2018-02-26 20:35:27,0.00055100,234.00000000
2018-02-26 20:35:31,0.00055100,349.00000000
2018-02-26 20:35:33,0.00055100,367.00000000
2018-02-26 20:35:34,0.00055100,24.00000000
2018-02-26 20:35:36,0.00055100,76.00000000
2018-02-26 20:35:39,0.00055100,382.00000000
2018-02-26 20:35:46,0.00055114,19.00000000
2018-02-26 20:35:46,0.00055123,20.00000000
2018-02-26 20:35:46,0.00055124,5.00000000
2018-02-26 20:35:50,0.00055103,5.00000000
2018-02-26 20:35:50,0.00055124,48.00000000
2018-02-26 20:35:51,0.00055124,349.00000000
2018-02-26 20:35:52,0.00055124,34.00000000
2018-02-26 20:35:55,0.00055124,40.00000000
2018-02-26 20:35:56,0.00055103,122.00000000
2018-02-26 20:35:56,0.00055124,200.00000000
2018-02-26 20:35:57,0.00055124,34.00000000
2018-02-26 20:35:57,0.00055124,81.00000000
2018-02-26 20:35:59,0.00055124,63.00000000
2018-02-26 20:36:01,0.00055124,183.00000000
2018-02-26 20:36:02,0.00055124,2.00000000
2018-02-26 20:36:02,0.00055124,5.00000000
2018-02-26 20:36:03,0.00055124,335.00000000
2018-02-26 20:36:04,0.00055124,582.00000000
2018-02-26 20:36:05,0.00055142,5.00000000
2018-02-26 20:36:05,0.00055150,15.00000000
2018-02-26 20:36:06,0.00055150,10.00000000
2018-02-26 20:36:07,0.00055160,3.00000000
2018-02-26 20:36:07,0.00055152,10.00000000
2018-02-26 20:36:07,0.00055152,70.00000000
2018-02-26 20:36:07,0.00055160,3.00000000
2018-02-26 20:36:08,0.00055160,9.00000000
2018-02-26 20:36:08,0.00055165,10.00000000
2018-02-26 20:36:08,0.00055126,10.00000000
2018-02-26 20:36:10,0.00055126,10.00000000
2018-02-26 20:36:12,0.00055160,10.00000000
2018-02-26 20:36:13,0.00055160,31.00000000
2018-02-26 20:36:14,0.00055160,10.00000000
2018-02-26 20:36:16,0.00055160,10.00000000
2018-02-26 20:36:19,0.00055165,1.00000000
2018-02-26 20:36:19,0.00055165,10.00000000
2018-02-26 20:36:20,0.00055165,68.00000000
2018-02-26 20:36:20,0.00055160,254.00000000
2018-02-26 20:36:20,0.00055128,150.00000000
2018-02-26 20:36:20,0.00055124,362.00000000
2018-02-26 20:36:26,0.00055169,5.00000000
2018-02-26 20:36:26,0.00055197,5.00000000
2018-02-26 20:36:26,0.00055199,20.00000000
2018-02-26 20:36:26,0.00055200,330.00000000
2018-02-26 20:36:26,0.00055200,110.00000000
2018-02-26 20:36:28,0.00055200,100.00000000
2018-02-26 20:36:31,0.00055165,12.00000000
2018-02-26 20:36:35,0.00055165,31.00000000
2018-02-26 20:36:35,0.00055125,32.00000000
2018-02-26 20:36:38,0.00055200,32.00000000
2018-02-26 20:36:41,0.00055200,37.00000000
2018-02-26 20:36:50,0.00055165,4.00000000
2018-02-26 20:36:50,0.00055199,323.00000000
2018-02-26 20:36:50,0.00055200,35.00000000
2018-02-26 20:36:51,0.00055198,52.00000000
2018-02-26 20:36:52,0.00055198,24.00000000
2018-02-26 20:36:52,0.00055200,303.00000000
2018-02-26 20:36:54,0.00055165,25.00000000
2018-02-26 20:36:57,0.00055200,176.00000000
2018-02-26 20:36:59,0.00055200,5.00000000
2018-02-26 20:37:00,0.00055200,3.00000000
2018-02-26 20:37:02,0.00055165,43.00000000
2018-02-26 20:37:02,0.00055200,18.00000000
2018-02-26 20:37:03,0.00055200,6.00000000
2018-02-26 20:37:04,0.00055200,20.00000000
2018-02-26 20:37:05,0.00055200,3.00000000
2018-02-26 20:37:07,0.00055199,260.00000000
2018-02-26 20:37:07,0.00055200,139.00000000
2018-02-26 20:37:09,0.00055199,119.00000000
2018-02-26 20:37:10,0.00055199,70.00000000
2018-02-26 20:37:10,0.00055166,162.00000000
2018-02-26 20:37:12,0.00055199,122.00000000
2018-02-26 20:37:13,0.00055167,9.00000000
2018-02-26 20:37:17,0.00055199,17.00000000
2018-02-26 20:37:17,0.00055199,121.00000000
2018-02-26 20:37:17,0.00055200,4.00000000
2018-02-26 20:37:20,0.00055168,30.00000000
2018-02-26 20:37:27,0.00055176,20.00000000
2018-02-26 20:37:30,0.00055176,8.00000000
2018-02-26 20:37:34,0.00055176,1123.00000000
2018-02-26 20:37:36,0.00055199,3.00000000
2018-02-26 20:37:37,0.00055176,104.00000000
2018-02-26 20:37:37,0.00055170,29.00000000
2018-02-26 20:37:37,0.00055199,19.00000000
2018-02-26 20:37:39,0.00055176,3.00000000
2018-02-26 20:37:40,0.00055199,9.00000000
2018-02-26 20:37:40,0.00055176,28.00000000
2018-02-26 20:37:40,0.00055170,28.00000000
2018-02-26 20:37:40,0.00055170,188.00000000
2018-02-26 20:37:40,0.00055170,10.00000000
2018-02-26 20:37:44,0.00055170,12.00000000
2018-02-26 20:37:45,0.00055170,68.00000000
2018-02-26 20:37:49,0.00055170,174.00000000
2018-02-26 20:37:49,0.00055170,24.00000000
2018-02-26 20:37:49,0.00055170,108.00000000
2018-02-26 20:37:52,0.00055170,3.00000000
2018-02-26 20:37:53,0.00055170,89.00000000
2018-02-26 20:37:54,0.00055170,15.00000000
2018-02-26 20:37:58,0.00055170,5.00000000
2018-02-26 20:38:01,0.00055170,100.00000000
2018-02-26 20:38:06,0.00055190,95.00000000
2018-02-26 20:38:06,0.00055192,10.00000000
2018-02-26 20:38:10,0.00055192,2.00000000
2018-02-26 20:38:10,0.00055198,15.00000000
2018-02-26 20:38:10,0.00055199,26.00000000
2018-02-26 20:38:14,0.00055170,179.00000000
2018-02-26 20:38:14,0.00055168,500.00000000
2018-02-26 20:38:14,0.00055167,82.00000000
2018-02-26 20:38:14,0.00055167,19.00000000
2018-02-26 20:38:14,0.00055166,103.00000000
2018-02-26 20:38:15,0.00055165,18.00000000
2018-02-26 20:38:15,0.00055165,76.00000000
2018-02-26 20:38:17,0.00055165,24.00000000
2018-02-26 20:38:18,0.00055166,34.00000000
2018-02-26 20:38:19,0.00055166,69.00000000
2018-02-26 20:38:19,0.00055170,175.00000000
2018-02-26 20:38:22,0.00055150,15.00000000
2018-02-26 20:38:22,0.00055124,84.00000000
2018-02-26 20:38:22,0.00055125,7.00000000
2018-02-26 20:38:25,0.00055124,225.00000000
2018-02-26 20:38:25,0.00055100,5.00000000
2018-02-26 20:38:25,0.00055070,349.00000000
2018-02-26 20:38:25,0.00055070,51.00000000
2018-02-26 20:38:25,0.00055070,65.00000000
2018-02-26 20:38:26,0.00055061,4.00000000
2018-02-26 20:38:26,0.00055061,22.00000000
2018-02-26 20:38:27,0.00055061,21.00000000
2018-02-26 20:38:27,0.00055059,5.00000000
2018-02-26 20:38:27,0.00055033,32.00000000
2018-02-26 20:38:27,0.00055031,3.00000000
2018-02-26 20:38:27,0.00055061,282.00000000
2018-02-26 20:38:27,0.00055061,565.00000000
2018-02-26 20:38:28,0.00055031,2.00000000
2018-02-26 20:38:29,0.00055031,3.00000000
2018-02-26 20:38:30,0.00055034,6.00000000
2018-02-26 20:38:30,0.00055023,5.00000000
2018-02-26 20:38:30,0.00055023,2.00000000
2018-02-26 20:38:30,0.00055031,3.00000000
2018-02-26 20:38:30,0.00055061,6.00000000
2018-02-26 20:38:31,0.00055004,5.00000000
2018-02-26 20:38:31,0.00055000,95.00000000
2018-02-26 20:38:31,0.00054976,3.00000000
2018-02-26 20:38:32,0.00054976,2.00000000
2018-02-26 20:38:32,0.00054950,72.00000000
2018-02-26 20:38:32,0.00054948,5.00000000
2018-02-26 20:38:32,0.00054923,9.00000000
2018-02-26 20:38:32,0.00054921,4.00000000
2018-02-26 20:38:34,0.00054984,3.00000000
2018-02-26 20:38:34,0.00055058,4.00000000
2018-02-26 20:38:34,0.00055061,13.00000000
2018-02-26 20:38:35,0.00055061,20.00000000
2018-02-26 20:38:36,0.00054984,6.00000000
2018-02-26 20:38:39,0.00054988,6.00000000
2018-02-26 20:38:39,0.00054980,10.00000000
2018-02-26 20:38:40,0.00055058,28.00000000
2018-02-26 20:38:40,0.00055060,9.00000000
2018-02-26 20:38:40,0.00055061,74.00000000
2018-02-26 20:38:41,0.00054988,9.00000000
2018-02-26 20:38:43,0.00054980,5.00000000
2018-02-26 20:38:43,0.00054988,4.00000000
2018-02-26 20:38:44,0.00054988,5.00000000
