DATE,PRICE,VOLUME
2018-03-01 09:00:01,0.00046895,13.00000000
2018-03-01 09:00:01,0.00046895,9.00000000
2018-03-01 09:00:01,0.00046895,13.00000000
2018-03-01 09:00:01,0.00046895,13.00000000
2018-03-01 09:00:03,0.00046883,16.00000000
2018-03-01 09:00:03,0.00046881,627.00000000
2018-03-01 09:00:03,0.00046880,247.00000000
2018-03-01 09:00:03,0.00046761,510.00000000
2018-03-01 09:00:06,0.00046892,73.00000000
2018-03-01 09:00:08,0.00046882,10.00000000
2018-03-01 09:00:08,0.00046882,5.00000000
2018-03-01 09:00:11,0.00046882,6.00000000
2018-03-01 09:00:11,0.00046882,5.00000000
2018-03-01 09:00:11,0.00046882,5.00000000
2018-03-01 09:00:13,0.00046882,502.00000000
2018-03-01 09:00:13,0.00046892,16.00000000
2018-03-01 09:00:15,0.00046892,42.00000000
2018-03-01 09:00:18,0.00046892,145.00000000
2018-03-01 09:00:20,0.00046899,9.00000000
2018-03-01 09:00:20,0.00046900,88.00000000
2018-03-01 09:00:20,0.00046966,71.00000000
2018-03-01 09:00:20,0.00046980,221.00000000
2018-03-01 09:00:20,0.00046980,1.00000000
2018-03-01 09:00:20,0.00046997,223.00000000
2018-03-01 09:00:21,0.00046996,33.00000000
2018-03-01 09:00:22,0.00046997,24.00000000
2018-03-01 09:00:25,0.00046997,143.00000000
2018-03-01 09:00:25,0.00046920,42.00000000
2018-03-01 09:00:28,0.00046997,64.00000000
2018-03-01 09:00:28,0.00046997,33.00000000
2018-03-01 09:00:28,0.00046998,64.00000000
2018-03-01 09:00:29,0.00046998,379.00000000
2018-03-01 09:00:29,0.00046998,8.00000000
2018-03-01 09:00:29,0.00046998,64.00000000
2018-03-01 09:00:29,0.00046998,64.00000000
2018-03-01 09:00:30,0.00046998,64.00000000
2018-03-01 09:00:31,0.00046998,64.00000000
2018-03-01 09:00:31,0.00046998,64.00000000
2018-03-01 09:00:31,0.00046999,2842.00000000
2018-03-01 09:00:32,0.00047000,222.00000000
2018-03-01 09:00:32,0.00046999,54.00000000
2018-03-01 09:00:32,0.00046999,10.00000000
2018-03-01 09:00:32,0.00046999,3.00000000
2018-03-01 09:00:33,0.00046999,32.00000000
2018-03-01 09:00:33,0.00046999,19.00000000
2018-03-01 09:00:33,0.00047000,400.00000000
2018-03-01 09:00:34,0.00047000,143.00000000
2018-03-01 09:00:35,0.00047000,1627.00000000
2018-03-01 09:00:35,0.00047000,14.00000000
2018-03-01 09:00:36,0.00047000,6.00000000
2018-03-01 09:00:36,0.00047000,249.00000000
2018-03-01 09:00:36,0.00047000,3.00000000
2018-03-01 09:00:36,0.00046999,51.00000000
2018-03-01 09:00:37,0.00046999,3.00000000
2018-03-01 09:00:37,0.00046997,1341.00000000
2018-03-01 09:00:37,0.00046934,27.00000000
2018-03-01 09:00:37,0.00046930,61.00000000
2018-03-01 09:00:37,0.00046927,10.00000000
2018-03-01 09:00:37,0.00046915,15.00000000
2018-03-01 09:00:37,0.00046907,13.00000000
2018-03-01 09:00:37,0.00046906,256.00000000
2018-03-01 09:00:37,0.00046903,85.00000000
2018-03-01 09:00:37,0.00046900,164.00000000
2018-03-01 09:00:37,0.00046900,12.00000000
2018-03-01 09:00:37,0.00046900,357.00000000
2018-03-01 09:00:37,0.00046900,360.00000000
2018-03-01 09:00:37,0.00046900,363.00000000
2018-03-01 09:00:37,0.00046900,231.00000000
2018-03-01 09:00:37,0.00046900,21.00000000
2018-03-01 09:00:37,0.00046900,346.00000000
2018-03-01 09:00:37,0.00046900,347.00000000
2018-03-01 09:00:37,0.00046900,33.00000000
2018-03-01 09:00:37,0.00046900,9.00000000
2018-03-01 09:00:37,0.00046900,419.00000000
2018-03-01 09:00:37,0.00046999,26.00000000
2018-03-01 09:00:37,0.00047000,960.00000000
2018-03-01 09:00:37,0.00047011,126.00000000
2018-03-01 09:00:38,0.00047011,6.00000000
2018-03-01 09:00:38,0.00047011,21.00000000
2018-03-01 09:00:41,0.00047011,13.00000000
2018-03-01 09:00:43,0.00047011,11.00000000
2018-03-01 09:00:44,0.00047013,302.00000000
2018-03-01 09:00:48,0.00047013,7.00000000
2018-03-01 09:00:48,0.00047013,49.00000000
2018-03-01 09:00:48,0.00047014,273.00000000
2018-03-01 09:00:49,0.00047014,75.00000000
2018-03-01 09:00:50,0.00047014,64.00000000
2018-03-01 09:00:51,0.00047014,371.00000000
2018-03-01 09:00:51,0.00047021,3.00000000
2018-03-01 09:00:51,0.00047050,13.00000000
2018-03-01 09:00:51,0.00047077,140.00000000
2018-03-01 09:00:51,0.00047087,38.00000000
2018-03-01 09:00:51,0.00047089,19.00000000
2018-03-01 09:00:51,0.00047100,4639.00000000
2018-03-01 09:00:51,0.00047100,3.00000000
2018-03-01 09:00:51,0.00047100,112.00000000
2018-03-01 09:00:51,0.00047100,8.00000000
2018-03-01 09:00:51,0.00047100,155.00000000
2018-03-01 09:00:51,0.00047100,36.00000000
2018-03-01 09:00:52,0.00047100,46.00000000
2018-03-01 09:00:52,0.00047100,13.00000000
2018-03-01 09:00:53,0.00047100,33.00000000
2018-03-01 09:00:53,0.00047100,76.00000000
2018-03-01 09:00:53,0.00047100,55.00000000
2018-03-01 09:00:53,0.00047107,270.00000000
2018-03-01 09:00:54,0.00047100,103.00000000
2018-03-01 09:00:54,0.00047100,33.00000000
2018-03-01 09:00:54,0.00047100,32.00000000
2018-03-01 09:00:54,0.00047100,29.00000000
2018-03-01 09:00:55,0.00047100,48.00000000
2018-03-01 09:00:56,0.00047100,12.00000000
2018-03-01 09:00:57,0.00047100,115.00000000
2018-03-01 09:00:58,0.00047100,54.00000000
2018-03-01 09:00:58,0.00047100,75.00000000
2018-03-01 09:00:58,0.00047100,6.00000000
2018-03-01 09:00:58,0.00047110,714.00000000
2018-03-01 09:00:58,0.00047110,269.00000000
2018-03-01 09:00:59,0.00047125,50.00000000
2018-03-01 09:00:59,0.00047125,21.00000000
2018-03-01 09:00:59,0.00047125,47.00000000
2018-03-01 09:00:59,0.00047125,20.00000000
2018-03-01 09:00:59,0.00047125,21.00000000
2018-03-01 09:00:59,0.00047127,310.00000000
2018-03-01 09:00:59,0.00047130,128.00000000
2018-03-01 09:00:59,0.00047133,468.00000000
2018-03-01 09:00:59,0.00047135,1044.00000000
2018-03-01 09:00:59,0.00047125,5.00000000
2018-03-01 09:00:59,0.00047125,49.00000000
2018-03-01 09:01:00,0.00047125,49.00000000
2018-03-01 09:01:00,0.00047125,21.00000000
2018-03-01 09:01:00,0.00047125,21.00000000
2018-03-01 09:01:00,0.00047125,20.00000000
2018-03-01 09:01:00,0.00047125,21.00000000
2018-03-01 09:01:01,0.00047125,20.00000000
2018-03-01 09:01:01,0.00047135,158.00000000
2018-03-01 09:01:01,0.00047138,6.00000000
2018-03-01 09:01:01,0.00047138,49.00000000
2018-03-01 09:01:01,0.00047138,19.00000000
2018-03-01 09:01:02,0.00047138,3.00000000
2018-03-01 09:01:02,0.00047138,3.00000000
2018-03-01 09:01:02,0.00047138,27.00000000
2018-03-01 09:01:03,0.00047138,32.00000000
2018-03-01 09:01:03,0.00047138,52.00000000
2018-03-01 09:01:04,0.00047150,158.00000000
2018-03-01 09:01:04,0.00047161,19.00000000
2018-03-01 09:01:04,0.00047177,256.00000000
2018-03-01 09:01:04,0.00047180,5.00000000
2018-03-01 09:01:04,0.00047190,262.00000000
2018-03-01 09:01:05,0.00047190,62.00000000
2018-03-01 09:01:06,0.00047190,20.00000000
2018-03-01 09:01:06,0.00047150,27.00000000
2018-03-01 09:01:07,0.00047190,31.00000000
2018-03-01 09:01:08,0.00047150,40.00000000
2018-03-01 09:01:10,0.00047190,8.00000000
2018-03-01 09:01:10,0.00047181,7.00000000
2018-03-01 09:01:10,0.00047181,154.00000000
2018-03-01 09:01:10,0.00047187,16.00000000
2018-03-01 09:01:11,0.00047190,228.00000000
2018-03-01 09:01:11,0.00047190,89.00000000
2018-03-01 09:01:11,0.00047187,3.00000000
2018-03-01 09:01:11,0.00047190,15.00000000
2018-03-01 09:01:11,0.00047190,11.00000000
2018-03-01 09:01:11,0.00047190,648.00000000
2018-03-01 09:01:11,0.00047187,1.00000000
2018-03-01 09:01:11,0.00047181,25.00000000
2018-03-01 09:01:13,0.00047185,12.00000000
2018-03-01 09:01:13,0.00047187,20.00000000
2018-03-01 09:01:13,0.00047190,2.00000000
2018-03-01 09:01:13,0.00047200,79.00000000
2018-03-01 09:01:13,0.00047200,90.00000000
2018-03-01 09:01:15,0.00047190,24.00000000
2018-03-01 09:01:15,0.00047200,216.00000000
2018-03-01 09:01:15,0.00047200,8.00000000
2018-03-01 09:01:16,0.00047200,18.00000000
2018-03-01 09:01:16,0.00047200,28.00000000
2018-03-01 09:01:16,0.00047190,1.00000000
2018-03-01 09:01:16,0.00047181,15.00000000
2018-03-01 09:01:18,0.00047200,10.00000000
2018-03-01 09:01:20,0.00047200,67.00000000
2018-03-01 09:01:20,0.00047200,3.00000000
2018-03-01 09:01:21,0.00047200,2.00000000
2018-03-01 09:01:21,0.00047200,8.00000000
2018-03-01 09:01:21,0.00047187,132.00000000
2018-03-01 09:01:21,0.00047187,90.00000000
2018-03-01 09:01:21,0.00047181,85.00000000
2018-03-01 09:01:22,0.00047200,249.00000000
2018-03-01 09:01:23,0.00047199,42.00000000
2018-03-01 09:01:23,0.00047181,268.00000000
2018-03-01 09:01:24,0.00047199,4.00000000
2018-03-01 09:01:25,0.00047199,200.00000000
2018-03-01 09:01:25,0.00047199,3.00000000
2018-03-01 09:01:25,0.00047181,32.00000000
2018-03-01 09:01:25,0.00047199,114.00000000
2018-03-01 09:01:26,0.00047200,564.00000000
2018-03-01 09:01:27,0.00047200,144.00000000
2018-03-01 09:01:27,0.00047200,150.00000000
2018-03-01 09:01:27,0.00047200,268.00000000
2018-03-01 09:01:28,0.00047200,6.00000000
2018-03-01 09:01:28,0.00047200,9.00000000
2018-03-01 09:01:29,0.00047181,3.00000000
2018-03-01 09:01:30,0.00047181,8.00000000
2018-03-01 09:01:30,0.00047200,70.00000000
2018-03-01 09:01:31,0.00047200,39.00000000
2018-03-01 09:01:31,0.00047200,209.00000000
2018-03-01 09:01:31,0.00047200,2.00000000
2018-03-01 09:01:32,0.00047190,7.00000000
2018-03-01 09:01:32,0.00047190,40.00000000
2018-03-01 09:01:32,0.00047190,18.00000000
2018-03-01 09:01:36,0.00047200,71.00000000
2018-03-01 09:01:36,0.00047213,84.00000000
2018-03-01 09:01:37,0.00047190,172.00000000
2018-03-01 09:01:37,0.00047181,228.00000000
2018-03-01 09:01:39,0.00047213,212.00000000
2018-03-01 09:01:40,0.00047213,117.00000000
2018-03-01 09:01:41,0.00047213,98.00000000
2018-03-01 09:01:41,0.00047213,56.00000000
2018-03-01 09:01:43,0.00047221,24.00000000
2018-03-01 09:01:44,0.00047221,56.00000000
2018-03-01 09:01:44,0.00047221,18.00000000
2018-03-01 09:01:45,0.00047221,2.00000000
2018-03-01 09:01:45,0.00047221,11.00000000
2018-03-01 09:01:45,0.00047244,25.00000000
2018-03-01 09:01:47,0.00047250,161.00000000
2018-03-01 09:01:49,0.00047221,7.00000000
2018-03-01 09:01:49,0.00047213,19.00000000
2018-03-01 09:01:51,0.00047250,100.00000000
2018-03-01 09:01:52,0.00047250,10.00000000
2018-03-01 09:01:53,0.00047250,131.00000000
2018-03-01 09:01:54,0.00047222,89.00000000
2018-03-01 09:01:54,0.00047250,489.00000000
2018-03-01 09:01:54,0.00047250,205.00000000
2018-03-01 09:01:54,0.00047222,197.00000000
2018-03-01 09:01:56,0.00047252,30.00000000
2018-03-01 09:01:56,0.00047265,4.00000000
2018-03-01 09:01:56,0.00047270,25.00000000
2018-03-01 09:01:56,0.00047271,753.00000000
2018-03-01 09:01:56,0.00047277,257.00000000
2018-03-01 09:01:56,0.00047300,9.00000000
2018-03-01 09:01:56,0.00047360,87.00000000
2018-03-01 09:01:56,0.00047361,14.00000000
2018-03-01 09:01:56,0.00047364,893.00000000
2018-03-01 09:02:01,0.00047252,9.00000000
2018-03-01 09:02:01,0.00047320,1.00000000
2018-03-01 09:02:03,0.00047320,99.00000000
2018-03-01 09:02:03,0.00047351,10.00000000
2018-03-01 09:02:04,0.00047351,76.00000000
2018-03-01 09:02:04,0.00047351,17.00000000
2018-03-01 09:02:04,0.00047351,13.00000000
2018-03-01 09:02:04,0.00047351,21.00000000
2018-03-01 09:02:04,0.00047351,21.00000000
2018-03-01 09:02:04,0.00047351,76.00000000
2018-03-01 09:02:04,0.00047351,472.00000000
2018-03-01 09:02:04,0.00047320,1.00000000
2018-03-01 09:02:06,0.00047314,9.00000000
2018-03-01 09:02:06,0.00047326,76.00000000
2018-03-01 09:02:06,0.00047350,33.00000000
2018-03-01 09:02:06,0.00047362,60.00000000
2018-03-01 09:02:06,0.00047364,242.00000000
2018-03-01 09:02:06,0.00047364,208.00000000
2018-03-01 09:02:06,0.00047364,48.00000000
2018-03-01 09:02:06,0.00047273,6.00000000
2018-03-01 09:02:06,0.00047252,42.00000000
2018-03-01 09:02:07,0.00047362,3.00000000
2018-03-01 09:02:07,0.00047257,21.00000000
2018-03-01 09:02:08,0.00047362,61.00000000
2018-03-01 09:02:08,0.00047364,193.00000000
2018-03-01 09:02:08,0.00047314,193.00000000
2018-03-01 09:02:08,0.00047314,29.00000000
2018-03-01 09:02:09,0.00047360,21.00000000
2018-03-01 09:02:09,0.00047362,129.00000000
2018-03-01 09:02:09,0.00047366,6.00000000
2018-03-01 09:02:09,0.00047394,6.00000000
2018-03-01 09:02:09,0.00047399,300.00000000
2018-03-01 09:02:09,0.00047399,158.00000000
2018-03-01 09:02:09,0.00047314,21.00000000
2018-03-01 09:02:10,0.00047314,44.00000000
2018-03-01 09:02:11,0.00047314,22.00000000
2018-03-01 09:02:11,0.00047314,48.00000000
2018-03-01 09:02:11,0.00047314,86.00000000
2018-03-01 09:02:12,0.00047314,104.00000000
2018-03-01 09:02:12,0.00047258,30.00000000
2018-03-01 09:02:12,0.00047255,84.00000000
2018-03-01 09:02:12,0.00047252,532.00000000
2018-03-01 09:02:13,0.00047363,97.00000000
2018-03-01 09:02:13,0.00047351,15.00000000
2018-03-01 09:02:13,0.00047314,16.00000000
2018-03-01 09:02:14,0.00047363,102.00000000
2018-03-01 09:02:14,0.00047314,27.00000000
2018-03-01 09:02:14,0.00047363,69.00000000
2018-03-01 09:02:14,0.00047363,278.00000000
2018-03-01 09:02:15,0.00047314,304.00000000
2018-03-01 09:02:15,0.00047314,61.00000000
2018-03-01 09:02:16,0.00047261,40.00000000
2018-03-01 09:02:16,0.00047261,170.00000000
2018-03-01 09:02:18,0.00047360,210.00000000
2018-03-01 09:02:18,0.00047362,84.00000000
2018-03-01 09:02:18,0.00047363,851.00000000
2018-03-01 09:02:18,0.00047399,1015.00000000
2018-03-01 09:02:18,0.00047256,7.00000000
2018-03-01 09:02:19,0.00047398,40.00000000
2018-03-01 09:02:19,0.00047399,13.00000000
2018-03-01 09:02:19,0.00047259,20.00000000
2018-03-01 09:02:19,0.00047259,160.00000000
2018-03-01 09:02:20,0.00047300,8.00000000
2018-03-01 09:02:20,0.00047308,10.00000000
2018-03-01 09:02:21,0.00047300,76.00000000
2018-03-01 09:02:21,0.00047300,16.00000000
2018-03-01 09:02:23,0.00047300,358.00000000
2018-03-01 09:02:25,0.00047298,117.00000000
2018-03-01 09:02:25,0.00047256,5.00000000
2018-03-01 09:02:26,0.00047298,52.00000000
2018-03-01 09:02:27,0.00047253,84.00000000
2018-03-01 09:02:28,0.00047257,116.00000000
2018-03-01 09:02:28,0.00047256,245.00000000
2018-03-01 09:02:29,0.00047252,198.00000000
2018-03-01 09:02:29,0.00047250,42.00000000
2018-03-01 09:02:29,0.00047221,97.00000000
2018-03-01 09:02:29,0.00047221,33.00000000
2018-03-01 09:02:30,0.00047221,111.00000000
2018-03-01 09:02:31,0.00047220,81.00000000
2018-03-01 09:02:31,0.00047220,3.00000000
2018-03-01 09:02:31,0.00047220,69.00000000
2018-03-01 09:02:31,0.00047200,4.00000000
2018-03-01 09:02:31,0.00047200,95.00000000
2018-03-01 09:02:32,0.00047220,212.00000000
2018-03-01 09:02:32,0.00047221,255.00000000
2018-03-01 09:02:32,0.00047253,827.00000000
2018-03-01 09:02:32,0.00047300,92.00000000
2018-03-01 09:02:32,0.00047307,23.00000000
2018-03-01 09:02:32,0.00047310,3.00000000
2018-03-01 09:02:32,0.00047371,21.00000000
2018-03-01 09:02:32,0.00047398,294.00000000
2018-03-01 09:02:32,0.00047399,1056.00000000
2018-03-01 09:02:32,0.00047400,82.00000000
2018-03-01 09:02:32,0.00047410,12.00000000
2018-03-01 09:02:32,0.00047413,257.00000000
2018-03-01 09:02:32,0.00047419,2.00000000
2018-03-01 09:02:32,0.00047436,614.00000000
2018-03-01 09:02:33,0.00047201,10.00000000
2018-03-01 09:02:33,0.00047200,5.00000000
2018-03-01 09:02:33,0.00047188,30.00000000
2018-03-01 09:02:33,0.00047187,208.00000000
2018-03-01 09:02:33,0.00047185,23.00000000
2018-03-01 09:02:33,0.00047202,712.00000000
2018-03-01 09:02:33,0.00047225,21.00000000
2018-03-01 09:02:33,0.00047202,215.00000000
2018-03-01 09:02:33,0.00047201,28.00000000
2018-03-01 09:02:33,0.00047188,30.00000000
2018-03-01 09:02:33,0.00047185,50.00000000
2018-03-01 09:02:33,0.00047188,4.00000000
2018-03-01 09:02:34,0.00047189,3.00000000
2018-03-01 09:02:34,0.00047189,20.00000000
2018-03-01 09:02:34,0.00047189,26.00000000
2018-03-01 09:02:35,0.00047421,9.00000000
2018-03-01 09:02:35,0.00047256,20.00000000
2018-03-01 09:02:35,0.00047256,111.00000000
2018-03-01 09:02:35,0.00047191,5.00000000
2018-03-01 09:02:35,0.00047187,10.00000000
2018-03-01 09:02:35,0.00047186,30.00000000
2018-03-01 09:02:35,0.00047185,231.00000000
2018-03-01 09:02:35,0.00047183,34.00000000
2018-03-01 09:02:35,0.00047182,209.00000000
2018-03-01 09:02:36,0.00047186,80.00000000
2018-03-01 09:02:36,0.00047187,12.00000000
2018-03-01 09:02:36,0.00047414,3.00000000
2018-03-01 09:02:37,0.00047192,5.00000000
2018-03-01 09:02:37,0.00047189,27.00000000
2018-03-01 09:02:37,0.00047189,3.00000000
2018-03-01 09:02:37,0.00047188,49.00000000
2018-03-01 09:02:39,0.00047333,11.00000000
2018-03-01 09:02:40,0.00047188,11.00000000
2018-03-01 09:02:40,0.00047188,25.00000000
2018-03-01 09:02:40,0.00047188,44.00000000
2018-03-01 09:02:41,0.00047188,16.00000000
2018-03-01 09:02:41,0.00047318,84.00000000
2018-03-01 09:02:41,0.00047319,197.00000000
2018-03-01 09:02:41,0.00047321,20.00000000
2018-03-01 09:02:41,0.00047324,123.00000000
2018-03-01 09:02:42,0.00047190,31.00000000
2018-03-01 09:02:42,0.00047321,23.00000000
2018-03-01 09:02:42,0.00047323,30.00000000
2018-03-01 09:02:42,0.00047324,227.00000000
2018-03-01 09:02:42,0.00047191,50.00000000
2018-03-01 09:02:42,0.00047190,179.00000000
2018-03-01 09:02:42,0.00047188,237.00000000
2018-03-01 09:02:43,0.00047192,23.00000000
2018-03-01 09:02:44,0.00047313,19.00000000
2018-03-01 09:02:45,0.00047188,20.00000000
2018-03-01 09:02:45,0.00047188,22.00000000
2018-03-01 09:02:45,0.00047309,63.00000000
2018-03-01 09:02:46,0.00047307,12.00000000
2018-03-01 09:02:46,0.00047188,10.00000000
2018-03-01 09:02:46,0.00047188,32.00000000
2018-03-01 09:02:46,0.00047187,16.00000000
2018-03-01 09:02:46,0.00047305,66.00000000
2018-03-01 09:02:47,0.00047201,12.00000000
2018-03-01 09:02:47,0.00047200,4.00000000
2018-03-01 09:02:47,0.00047200,4.00000000
2018-03-01 09:02:48,0.00047301,43.00000000
2018-03-01 09:02:48,0.00047298,26.00000000
2018-03-01 09:02:48,0.00047188,123.00000000
2018-03-01 09:02:48,0.00047188,99.00000000
2018-03-01 09:02:48,0.00047187,5.00000000
2018-03-01 09:02:49,0.00047293,34.00000000
2018-03-01 09:02:49,0.00047293,28.00000000
2018-03-01 09:02:49,0.00047295,49.00000000
2018-03-01 09:02:49,0.00047297,53.00000000
2018-03-01 09:02:49,0.00047298,58.00000000
2018-03-01 09:02:49,0.00047302,30.00000000
2018-03-01 09:02:49,0.00047303,11.00000000
2018-03-01 09:02:51,0.00047256,6.00000000
2018-03-01 09:02:51,0.00047256,19.00000000
2018-03-01 09:02:51,0.00047194,9.00000000
2018-03-01 09:02:52,0.00047257,10.00000000
2018-03-01 09:02:52,0.00047194,30.00000000
2018-03-01 09:02:52,0.00047192,6.00000000
2018-03-01 09:02:52,0.00047192,5.00000000
2018-03-01 09:02:53,0.00047192,40.00000000
2018-03-01 09:02:53,0.00047276,39.00000000
2018-03-01 09:02:53,0.00047278,305.00000000
2018-03-01 09:02:55,0.00047200,8.00000000
2018-03-01 09:02:55,0.00047200,81.00000000
2018-03-01 09:02:55,0.00047200,31.00000000
2018-03-01 09:02:55,0.00047200,172.00000000
2018-03-01 09:02:55,0.00047192,49.00000000
2018-03-01 09:02:55,0.00047200,344.00000000
2018-03-01 09:02:57,0.00047189,10.00000000
2018-03-01 09:02:57,0.00047189,29.00000000
2018-03-01 09:02:57,0.00047199,10.00000000
2018-03-01 09:02:57,0.00047200,6.00000000
2018-03-01 09:02:57,0.00047189,3.00000000
2018-03-01 09:02:59,0.00047189,96.00000000
2018-03-01 09:03:00,0.00047189,20.00000000
2018-03-01 09:03:00,0.00047189,20.00000000
2018-03-01 09:03:00,0.00047200,1396.00000000
2018-03-01 09:03:01,0.00047200,96.00000000
2018-03-01 09:03:01,0.00047200,40.00000000
2018-03-01 09:03:01,0.00047200,72.00000000
2018-03-01 09:03:01,0.00047200,28.00000000
2018-03-01 09:03:02,0.00047276,48.00000000
2018-03-01 09:03:02,0.00047276,42.00000000
2018-03-01 09:03:02,0.00047200,76.00000000
2018-03-01 09:03:02,0.00047200,5.00000000
2018-03-01 09:03:03,0.00047200,22.00000000
2018-03-01 09:03:03,0.00047200,11.00000000
2018-03-01 09:03:04,0.00047200,164.00000000
2018-03-01 09:03:04,0.00047276,1.00000000
2018-03-01 09:03:07,0.00047250,47.00000000
2018-03-01 09:03:07,0.00047274,16.00000000
2018-03-01 09:03:08,0.00047250,345.00000000
2018-03-01 09:03:08,0.00047274,350.00000000
2018-03-01 09:03:08,0.00047275,5.00000000
2018-03-01 09:03:10,0.00047254,5.00000000
2018-03-01 09:03:10,0.00047250,267.00000000
2018-03-01 09:03:11,0.00047250,20.00000000
2018-03-01 09:03:13,0.00047276,10.00000000
2018-03-01 09:03:19,0.00047250,151.00000000
2018-03-01 09:03:19,0.00047341,6.00000000
2018-03-01 09:03:20,0.00047341,29.00000000
2018-03-01 09:03:20,0.00047341,28.00000000
2018-03-01 09:03:20,0.00047341,91.00000000
2018-03-01 09:03:22,0.00047398,82.00000000
2018-03-01 09:03:22,0.00047400,325.00000000
2018-03-01 09:03:24,0.00047398,120.00000000
2018-03-01 09:03:24,0.00047398,30.00000000
2018-03-01 09:03:24,0.00047398,30.00000000
2018-03-01 09:03:24,0.00047398,30.00000000
2018-03-01 09:03:24,0.00047398,16.00000000
2018-03-01 09:03:24,0.00047398,21.00000000
2018-03-01 09:03:24,0.00047398,88.00000000
2018-03-01 09:03:25,0.00047318,9.00000000
2018-03-01 09:03:28,0.00047399,2590.00000000
2018-03-01 09:03:29,0.00047399,625.00000000
2018-03-01 09:03:29,0.00047399,2062.00000000
2018-03-01 09:03:31,0.00047350,4.00000000
2018-03-01 09:03:31,0.00047381,3.00000000
2018-03-01 09:03:31,0.00047381,53.00000000
2018-03-01 09:03:33,0.00047350,22.00000000
2018-03-01 09:03:33,0.00047350,14.00000000
2018-03-01 09:03:34,0.00047381,5.00000000
2018-03-01 09:03:35,0.00047381,7.00000000
2018-03-01 09:03:37,0.00047318,405.00000000
2018-03-01 09:03:38,0.00047350,19.00000000
2018-03-01 09:03:39,0.00047381,150.00000000
2018-03-01 09:03:42,0.00047350,43.00000000
2018-03-01 09:03:42,0.00047350,497.00000000
2018-03-01 09:03:42,0.00047350,3.00000000
2018-03-01 09:03:43,0.00047381,40.00000000
2018-03-01 09:03:43,0.00047350,260.00000000
2018-03-01 09:03:45,0.00047350,107.00000000
2018-03-01 09:03:45,0.00047350,65.00000000
2018-03-01 09:03:45,0.00047350,58.00000000
2018-03-01 09:03:46,0.00047350,10.00000000
2018-03-01 09:03:48,0.00047318,7.00000000
2018-03-01 09:03:48,0.00047350,31.00000000
2018-03-01 09:03:49,0.00047318,7.00000000
2018-03-01 09:03:50,0.00047350,46.00000000
2018-03-01 09:03:53,0.00047300,20.00000000
2018-03-01 09:03:55,0.00047276,20.00000000
2018-03-01 09:03:55,0.00047276,16.00000000
2018-03-01 09:03:55,0.00047250,237.00000000
2018-03-01 09:03:56,0.00047250,453.00000000
2018-03-01 09:03:57,0.00047299,10.00000000
2018-03-01 09:03:57,0.00047300,100.00000000
2018-03-01 09:03:58,0.00047214,13.00000000
2018-03-01 09:03:58,0.00047213,26.00000000
2018-03-01 09:03:59,0.00047250,8.00000000
2018-03-01 09:04:00,0.00047300,41.00000000
2018-03-01 09:04:00,0.00047300,1368.00000000
2018-03-01 09:04:00,0.00047318,7.00000000
2018-03-01 09:04:01,0.00047300,24.00000000
2018-03-01 09:04:01,0.00047300,30.00000000
2018-03-01 09:04:02,0.00047350,92.00000000
2018-03-01 09:04:02,0.00047300,64.00000000
2018-03-01 09:04:03,0.00047300,113.00000000
2018-03-01 09:04:04,0.00047350,4.00000000
2018-03-01 09:04:04,0.00047350,706.00000000
2018-03-01 09:04:06,0.00047381,16.00000000
2018-03-01 09:04:08,0.00047364,286.00000000
2018-03-01 09:04:08,0.00047381,62.00000000
2018-03-01 09:04:08,0.00047381,51.00000000
2018-03-01 09:04:08,0.00047399,228.00000000
2018-03-01 09:04:08,0.00047399,150.00000000
2018-03-01 09:04:09,0.00047399,429.00000000
2018-03-01 09:04:09,0.00047409,5.00000000
2018-03-01 09:04:09,0.00047419,39.00000000
2018-03-01 09:04:09,0.00047424,712.00000000
2018-03-01 09:04:09,0.00047436,212.00000000
2018-03-01 09:04:09,0.00047381,9.00000000
2018-03-01 09:04:10,0.00047364,4.00000000
2018-03-01 09:04:10,0.00047436,285.00000000
2018-03-01 09:04:11,0.00047364,3.00000000
2018-03-01 09:04:11,0.00047365,3.00000000
2018-03-01 09:04:13,0.00047436,206.00000000
2018-03-01 09:04:14,0.00047461,3.00000000
2018-03-01 09:04:14,0.00047465,4.00000000
2018-03-01 09:04:14,0.00047473,94.00000000
2018-03-01 09:04:14,0.00047436,8.00000000
2018-03-01 09:04:14,0.00047436,6.00000000
2018-03-01 09:04:15,0.00047473,3.00000000
2018-03-01 09:04:17,0.00047472,10.00000000
2018-03-01 09:04:17,0.00047473,655.00000000
2018-03-01 09:04:17,0.00047474,41.00000000
2018-03-01 09:04:17,0.00047487,202.00000000
2018-03-01 09:04:17,0.00047492,99.00000000
2018-03-01 09:04:17,0.00047500,6683.00000000
2018-03-01 09:04:17,0.00047500,3.00000000
2018-03-01 09:04:17,0.00047501,10.00000000
2018-03-01 09:04:17,0.00047500,39.00000000
2018-03-01 09:04:17,0.00047500,21.00000000
2018-03-01 09:04:17,0.00047500,1.00000000
2018-03-01 09:04:17,0.00047513,4.00000000
2018-03-01 09:04:17,0.00047530,4.00000000
2018-03-01 09:04:17,0.00047530,186.00000000
2018-03-01 09:04:17,0.00047532,36.00000000
2018-03-01 09:04:17,0.00047532,100.00000000
2018-03-01 09:04:17,0.00047532,18.00000000
2018-03-01 09:04:17,0.00047550,64.00000000
2018-03-01 09:04:17,0.00047551,15.00000000
2018-03-01 09:04:17,0.00047513,56.00000000
2018-03-01 09:04:18,0.00047513,3.00000000
2018-03-01 09:04:19,0.00047513,9.00000000
2018-03-01 09:04:19,0.00047513,172.00000000
2018-03-01 09:04:20,0.00047513,6.00000000
2018-03-01 09:04:20,0.00047513,243.00000000
2018-03-01 09:04:20,0.00047500,187.00000000
2018-03-01 09:04:20,0.00047499,6.00000000
2018-03-01 09:04:22,0.00047499,64.00000000
2018-03-01 09:04:22,0.00047499,100.00000000
2018-03-01 09:04:24,0.00047498,10.00000000
2018-03-01 09:04:24,0.00047499,378.00000000
2018-03-01 09:04:25,0.00047513,10.00000000
2018-03-01 09:04:25,0.00047513,21.00000000
2018-03-01 09:04:25,0.00047555,26.00000000
2018-03-01 09:04:25,0.00047560,100.00000000
2018-03-01 09:04:25,0.00047572,21.00000000
2018-03-01 09:04:25,0.00047588,21.00000000
2018-03-01 09:04:25,0.00047600,64.00000000
2018-03-01 09:04:25,0.00047600,10.00000000
2018-03-01 09:04:25,0.00047600,10.00000000
2018-03-01 09:04:25,0.00047600,27.00000000
2018-03-01 09:04:25,0.00047600,4.00000000
2018-03-01 09:04:25,0.00047600,40.00000000
2018-03-01 09:04:25,0.00047600,40.00000000
2018-03-01 09:04:25,0.00047600,40.00000000
2018-03-01 09:04:25,0.00047600,228.00000000
2018-03-01 09:04:25,0.00047600,19.00000000
2018-03-01 09:04:25,0.00047600,240.00000000
2018-03-01 09:04:26,0.00047600,104.00000000
2018-03-01 09:04:26,0.00047600,18.00000000
2018-03-01 09:04:26,0.00047600,17.00000000
2018-03-01 09:04:27,0.00047600,34.00000000
2018-03-01 09:04:27,0.00047600,20.00000000
2018-03-01 09:04:27,0.00047600,5.00000000
2018-03-01 09:04:27,0.00047610,19.00000000
2018-03-01 09:04:27,0.00047610,221.00000000
2018-03-01 09:04:27,0.00047616,11.00000000
2018-03-01 09:04:28,0.00047600,91.00000000
2018-03-01 09:04:28,0.00047555,13.00000000
2018-03-01 09:04:28,0.00047522,21.00000000
2018-03-01 09:04:28,0.00047500,264.00000000
2018-03-01 09:04:30,0.00047500,283.00000000
2018-03-01 09:04:30,0.00047600,559.00000000
2018-03-01 09:04:33,0.00047504,56.00000000
2018-03-01 09:04:33,0.00047504,48.00000000
2018-03-01 09:04:33,0.00047504,106.00000000
2018-03-01 09:04:33,0.00047502,101.00000000
2018-03-01 09:04:34,0.00047500,26.00000000
2018-03-01 09:04:34,0.00047598,210.00000000
2018-03-01 09:04:34,0.00047599,84.00000000
2018-03-01 09:04:34,0.00047600,1572.00000000
2018-03-01 09:04:35,0.00047500,26.00000000
2018-03-01 09:04:36,0.00047600,60.00000000
2018-03-01 09:04:36,0.00047502,206.00000000
2018-03-01 09:04:36,0.00047501,34.00000000
2018-03-01 09:04:36,0.00047500,52.00000000
2018-03-01 09:04:36,0.00047598,206.00000000
2018-03-01 09:04:36,0.00047600,176.00000000
2018-03-01 09:04:36,0.00047600,54.00000000
2018-03-01 09:04:37,0.00047600,3.00000000
2018-03-01 09:04:37,0.00047600,3.00000000
2018-03-01 09:04:37,0.00047616,9.00000000
2018-03-01 09:04:37,0.00047620,90.00000000
2018-03-01 09:04:37,0.00047600,714.00000000
2018-03-01 09:04:37,0.00047600,413.00000000
2018-03-01 09:04:37,0.00047600,199.00000000
2018-03-01 09:04:37,0.00047600,80.00000000
2018-03-01 09:04:38,0.00047600,41.00000000
2018-03-01 09:04:38,0.00047600,61.00000000
2018-03-01 09:04:39,0.00047600,3.00000000
2018-03-01 09:04:40,0.00047600,187.00000000
2018-03-01 09:04:40,0.00047600,31.00000000
2018-03-01 09:04:40,0.00047602,9.00000000
2018-03-01 09:04:40,0.00047620,4.00000000
2018-03-01 09:04:40,0.00047600,4.00000000
2018-03-01 09:04:42,0.00047600,1095.00000000
2018-03-01 09:04:46,0.00047601,18.00000000
2018-03-01 09:04:47,0.00047620,44.00000000
2018-03-01 09:04:49,0.00047649,49.00000000
2018-03-01 09:04:49,0.00047650,93.00000000
2018-03-01 09:04:49,0.00047655,19.00000000
2018-03-01 09:04:49,0.00047657,51.00000000
2018-03-01 09:04:49,0.00047666,7.00000000
2018-03-01 09:04:49,0.00047675,1590.00000000
2018-03-01 09:04:49,0.00047680,2506.00000000
2018-03-01 09:04:49,0.00047680,570.00000000
2018-03-01 09:04:49,0.00047680,7.00000000
2018-03-01 09:04:49,0.00047680,16.00000000
2018-03-01 09:04:49,0.00047680,24.00000000
2018-03-01 09:04:49,0.00047684,3.00000000
2018-03-01 09:04:49,0.00047684,20.00000000
2018-03-01 09:04:49,0.00047684,19.00000000
2018-03-01 09:04:50,0.00047683,20.00000000
2018-03-01 09:04:50,0.00047690,4.00000000
2018-03-01 09:04:50,0.00047700,26.00000000
2018-03-01 09:04:51,0.00047603,210.00000000
2018-03-01 09:04:51,0.00047601,322.00000000
2018-03-01 09:04:51,0.00047600,520.00000000
2018-03-01 09:04:51,0.00047598,210.00000000
2018-03-01 09:04:51,0.00047600,916.00000000
2018-03-01 09:04:51,0.00047600,161.00000000
2018-03-01 09:04:52,0.00047509,129.00000000
2018-03-01 09:04:53,0.00047509,52.00000000
2018-03-01 09:04:54,0.00047595,5.00000000
2018-03-01 09:04:54,0.00047600,65.00000000
2018-03-01 09:04:55,0.00047598,181.00000000
2018-03-01 09:04:55,0.00047600,100.00000000
2018-03-01 09:04:55,0.00047700,80.00000000
2018-03-01 09:04:55,0.00047724,21.00000000
2018-03-01 09:04:55,0.00047750,316.00000000
2018-03-01 09:04:55,0.00047763,21.00000000
2018-03-01 09:04:55,0.00047770,6.00000000
2018-03-01 09:04:55,0.00047777,1418.00000000
2018-03-01 09:04:55,0.00047784,15.00000000
2018-03-01 09:04:55,0.00047787,200.00000000
2018-03-01 09:04:55,0.00047795,19.00000000
2018-03-01 09:04:55,0.00047800,299.00000000
2018-03-01 09:04:55,0.00047783,44.00000000
2018-03-01 09:04:55,0.00047515,208.00000000
2018-03-01 09:04:55,0.00047515,33.00000000
2018-03-01 09:04:55,0.00047515,6.00000000
2018-03-01 09:04:56,0.00047602,17.00000000
2018-03-01 09:04:56,0.00047602,12.00000000
2018-03-01 09:04:56,0.00047602,78.00000000
2018-03-01 09:04:56,0.00047602,10.00000000
2018-03-01 09:04:57,0.00047602,5.00000000
2018-03-01 09:04:57,0.00047724,247.00000000
2018-03-01 09:04:57,0.00047725,21.00000000
2018-03-01 09:04:57,0.00047770,1468.00000000
2018-03-01 09:04:57,0.00047783,37.00000000
2018-03-01 09:04:57,0.00047800,236.00000000
2018-03-01 09:04:59,0.00047702,3.00000000
2018-03-01 09:04:59,0.00047799,17.00000000
2018-03-01 09:04:59,0.00047800,140.00000000
2018-03-01 09:04:59,0.00047702,5.00000000
2018-03-01 09:04:59,0.00047702,3.00000000
2018-03-01 09:05:00,0.00047702,26.00000000
2018-03-01 09:05:00,0.00047702,5.00000000
2018-03-01 09:05:02,0.00047800,681.00000000
2018-03-01 09:05:02,0.00047809,30.00000000
2018-03-01 09:05:02,0.00047810,164.00000000
2018-03-01 09:05:02,0.00047811,4.00000000
2018-03-01 09:05:02,0.00047820,62.00000000
2018-03-01 09:05:02,0.00047827,41.00000000
2018-03-01 09:05:02,0.00047830,40.00000000
2018-03-01 09:05:02,0.00047832,1000.00000000
2018-03-01 09:05:02,0.00047832,45.00000000
2018-03-01 09:05:02,0.00047832,42.00000000
2018-03-01 09:05:02,0.00047832,37.00000000
2018-03-01 09:05:02,0.00047832,19.00000000
2018-03-01 09:05:02,0.00047832,24.00000000
2018-03-01 09:05:02,0.00047832,10.00000000
2018-03-01 09:05:02,0.00047832,10.00000000
2018-03-01 09:05:02,0.00047832,633.00000000
2018-03-01 09:05:02,0.00047800,5.00000000
2018-03-01 09:05:04,0.00047753,21.00000000
2018-03-01 09:05:04,0.00047789,48.00000000
2018-03-01 09:05:05,0.00047789,4.00000000
2018-03-01 09:05:06,0.00047789,53.00000000
2018-03-01 09:05:06,0.00047789,22.00000000
2018-03-01 09:05:07,0.00047703,34.00000000
2018-03-01 09:05:07,0.00047789,37.00000000
2018-03-01 09:05:07,0.00047791,11.00000000
2018-03-01 09:05:07,0.00047800,704.00000000
2018-03-01 09:05:08,0.00047800,76.00000000
2018-03-01 09:05:10,0.00047800,35.00000000
2018-03-01 09:05:11,0.00047831,34.00000000
2018-03-01 09:05:11,0.00047832,105.00000000
2018-03-01 09:05:11,0.00047840,261.00000000
2018-03-01 09:05:11,0.00047840,71.00000000
2018-03-01 09:05:11,0.00047842,110.00000000
2018-03-01 09:05:11,0.00047848,27.00000000
2018-03-01 09:05:12,0.00047831,3.00000000
2018-03-01 09:05:12,0.00047831,3.00000000
2018-03-01 09:05:12,0.00047831,14.00000000
2018-03-01 09:05:12,0.00047847,10.00000000
2018-03-01 09:05:12,0.00047848,35.00000000
2018-03-01 09:05:12,0.00047801,10.00000000
2018-03-01 09:05:12,0.00047800,503.00000000
2018-03-01 09:05:12,0.00047800,105.00000000
2018-03-01 09:05:12,0.00047800,910.00000000
2018-03-01 09:05:12,0.00047800,152.00000000
2018-03-01 09:05:13,0.00047848,19.00000000
2018-03-01 09:05:13,0.00047800,20.00000000
2018-03-01 09:05:13,0.00047800,1.00000000
2018-03-01 09:05:13,0.00047800,35.00000000
2018-03-01 09:05:13,0.00047848,2.00000000
2018-03-01 09:05:14,0.00047848,5.00000000
2018-03-01 09:05:16,0.00047800,4.00000000
2018-03-01 09:05:16,0.00047848,46.00000000
2018-03-01 09:05:16,0.00047850,354.00000000
2018-03-01 09:05:16,0.00047850,11.00000000
2018-03-01 09:05:16,0.00047851,30.00000000
2018-03-01 09:05:16,0.00047853,20.00000000
2018-03-01 09:05:16,0.00047877,251.00000000
2018-03-01 09:05:16,0.00047887,200.00000000
2018-03-01 09:05:16,0.00047888,378.00000000
2018-03-01 09:05:16,0.00047889,312.00000000
2018-03-01 09:05:16,0.00047890,2372.00000000
2018-03-01 09:05:16,0.00047899,6.00000000
2018-03-01 09:05:16,0.00047900,2554.00000000
2018-03-01 09:05:16,0.00047900,58.00000000
2018-03-01 09:05:16,0.00047900,45.00000000
2018-03-01 09:05:16,0.00047900,10.00000000
2018-03-01 09:05:16,0.00047900,6.00000000
2018-03-01 09:05:16,0.00047900,10.00000000
2018-03-01 09:05:16,0.00047900,10.00000000
2018-03-01 09:05:16,0.00047900,91.00000000
2018-03-01 09:05:16,0.00047900,124.00000000
2018-03-01 09:05:16,0.00047900,3.00000000
2018-03-01 09:05:16,0.00047900,24.00000000
2018-03-01 09:05:17,0.00047900,3.00000000
2018-03-01 09:05:17,0.00047900,22.00000000
2018-03-01 09:05:18,0.00047900,20.00000000
2018-03-01 09:05:18,0.00047900,82.00000000
2018-03-01 09:05:18,0.00047900,296.00000000
2018-03-01 09:05:19,0.00047900,3.00000000
2018-03-01 09:05:19,0.00047900,22.00000000
2018-03-01 09:05:19,0.00047900,3.00000000
2018-03-01 09:05:20,0.00047900,9.00000000
2018-03-01 09:05:20,0.00047909,3.00000000
2018-03-01 09:05:20,0.00047922,58.00000000
2018-03-01 09:05:20,0.00047934,92.00000000
2018-03-01 09:05:20,0.00047945,906.00000000
2018-03-01 09:05:20,0.00047946,614.00000000
2018-03-01 09:05:20,0.00047964,34.00000000
2018-03-01 09:05:20,0.00047968,538.00000000
2018-03-01 09:05:20,0.00047974,565.00000000
2018-03-01 09:05:20,0.00047980,78.00000000
2018-03-01 09:05:20,0.00047987,1564.00000000
2018-03-01 09:05:20,0.00047990,4.00000000
2018-03-01 09:05:20,0.00047995,888.00000000
2018-03-01 09:05:20,0.00047997,21.00000000
2018-03-01 09:05:20,0.00047999,356.00000000
2018-03-01 09:05:20,0.00048000,198.00000000
2018-03-01 09:05:20,0.00048000,600.00000000
2018-03-01 09:05:20,0.00047970,63.00000000
2018-03-01 09:05:20,0.00047970,16.00000000
2018-03-01 09:05:21,0.00047970,29.00000000
2018-03-01 09:05:21,0.00047900,66.00000000
2018-03-01 09:05:21,0.00047902,120.00000000
2018-03-01 09:05:21,0.00048000,79.00000000
2018-03-01 09:05:22,0.00048000,194.00000000
2018-03-01 09:05:24,0.00048000,567.00000000
2018-03-01 09:05:24,0.00048000,2098.00000000
2018-03-01 09:05:27,0.00047998,120.00000000
2018-03-01 09:05:27,0.00048000,160.00000000
2018-03-01 09:05:27,0.00048000,38.00000000
2018-03-01 09:05:27,0.00048000,758.00000000
2018-03-01 09:05:27,0.00048000,4.00000000
2018-03-01 09:05:28,0.00048000,229.00000000
2018-03-01 09:05:29,0.00048000,103.00000000
2018-03-01 09:05:30,0.00048000,1426.00000000
2018-03-01 09:05:30,0.00048000,958.00000000
2018-03-01 09:05:30,0.00047906,10.00000000
2018-03-01 09:05:30,0.00048000,124.00000000
2018-03-01 09:05:31,0.00048000,1202.00000000
2018-03-01 09:05:32,0.00048000,496.00000000
2018-03-01 09:05:32,0.00048000,1935.00000000
2018-03-01 09:05:32,0.00048000,500.00000000
2018-03-01 09:05:32,0.00048000,1431.00000000
2018-03-01 09:05:32,0.00048000,473.00000000
2018-03-01 09:05:32,0.00048000,134.00000000
2018-03-01 09:05:33,0.00047999,4.00000000
2018-03-01 09:05:33,0.00048000,789.00000000
2018-03-01 09:05:33,0.00048002,219.00000000
2018-03-01 09:05:33,0.00048000,9.00000000
2018-03-01 09:05:34,0.00048000,10.00000000
2018-03-01 09:05:34,0.00048000,10.00000000
2018-03-01 09:05:34,0.00048000,58.00000000
2018-03-01 09:05:34,0.00048002,274.00000000
2018-03-01 09:05:35,0.00048002,318.00000000
2018-03-01 09:05:35,0.00048001,753.00000000
2018-03-01 09:05:35,0.00048000,2469.00000000
2018-03-01 09:05:35,0.00048002,189.00000000
2018-03-01 09:05:35,0.00048009,20.00000000
2018-03-01 09:05:35,0.00048010,275.00000000
2018-03-01 09:05:35,0.00048013,491.00000000
2018-03-01 09:05:37,0.00048013,171.00000000
2018-03-01 09:05:37,0.00048019,15.00000000
2018-03-01 09:05:37,0.00048001,30.00000000
2018-03-01 09:05:37,0.00048000,208.00000000
2018-03-01 09:05:37,0.00048001,30.00000000
2018-03-01 09:05:37,0.00048000,34.00000000
2018-03-01 09:05:38,0.00048019,4.00000000
2018-03-01 09:05:38,0.00048083,10.00000000
2018-03-01 09:05:38,0.00048098,13.00000000
2018-03-01 09:05:38,0.00048100,3.00000000
2018-03-01 09:05:38,0.00048121,4.00000000
2018-03-01 09:05:38,0.00048125,35.00000000
2018-03-01 09:05:38,0.00048151,11.00000000
2018-03-01 09:05:38,0.00048157,21.00000000
2018-03-01 09:05:38,0.00048159,6.00000000
2018-03-01 09:05:38,0.00048162,16.00000000
2018-03-01 09:05:40,0.00048014,30.00000000
2018-03-01 09:05:40,0.00048014,30.00000000
2018-03-01 09:05:41,0.00048014,30.00000000
2018-03-01 09:05:41,0.00048014,21.00000000
2018-03-01 09:05:42,0.00048018,69.00000000
2018-03-01 09:05:42,0.00048100,146.00000000
2018-03-01 09:05:42,0.00048014,9.00000000
2018-03-01 09:05:42,0.00048013,137.00000000
2018-03-01 09:05:42,0.00048069,6.00000000
2018-03-01 09:05:42,0.00048100,146.00000000
2018-03-01 09:05:42,0.00048157,2431.00000000
2018-03-01 09:05:43,0.00048016,40.00000000
2018-03-01 09:05:43,0.00048156,30.00000000
2018-03-01 09:05:43,0.00048157,240.00000000
2018-03-01 09:05:44,0.00048157,932.00000000
2018-03-01 09:05:44,0.00048157,30.00000000
2018-03-01 09:05:44,0.00048157,648.00000000
2018-03-01 09:05:44,0.00048151,14.00000000
2018-03-01 09:05:44,0.00048156,30.00000000
2018-03-01 09:05:44,0.00048157,143.00000000
2018-03-01 09:05:44,0.00048161,115.00000000
2018-03-01 09:05:45,0.00048160,30.00000000
2018-03-01 09:05:45,0.00048162,1272.00000000
2018-03-01 09:05:45,0.00048172,23.00000000
2018-03-01 09:05:45,0.00048187,100.00000000
2018-03-01 09:05:45,0.00048200,435.00000000
2018-03-01 09:05:45,0.00048022,204.00000000
2018-03-01 09:05:45,0.00048021,34.00000000
2018-03-01 09:05:45,0.00048020,113.00000000
2018-03-01 09:05:45,0.00048018,104.00000000
2018-03-01 09:05:45,0.00048013,401.00000000
2018-03-01 09:05:45,0.00048003,21.00000000
2018-03-01 09:05:45,0.00048002,87.00000000
2018-03-01 09:05:45,0.00048001,202.00000000
2018-03-01 09:05:45,0.00048000,1416.00000000
2018-03-01 09:05:47,0.00048188,244.00000000
2018-03-01 09:05:47,0.00048190,10.00000000
2018-03-01 09:05:47,0.00048193,83.00000000
2018-03-01 09:05:47,0.00048194,16.00000000
2018-03-01 09:05:49,0.00048198,108.00000000
2018-03-01 09:05:49,0.00048198,30.00000000
2018-03-01 09:05:51,0.00048156,40.00000000
2018-03-01 09:05:52,0.00048050,10.00000000
2018-03-01 09:05:52,0.00048150,26.00000000
2018-03-01 09:05:53,0.00048050,40.00000000
2018-03-01 09:05:53,0.00048050,30.00000000
2018-03-01 09:05:53,0.00048052,10.00000000
2018-03-01 09:05:53,0.00048050,40.00000000
2018-03-01 09:05:53,0.00048150,62.00000000
2018-03-01 09:05:54,0.00048053,32.00000000
2018-03-01 09:05:54,0.00048053,30.00000000
2018-03-01 09:05:54,0.00048150,16.00000000
2018-03-01 09:05:55,0.00048053,32.00000000
2018-03-01 09:05:55,0.00048053,40.00000000
2018-03-01 09:05:55,0.00048053,40.00000000
2018-03-01 09:05:55,0.00048053,23.00000000
2018-03-01 09:05:55,0.00048051,83.00000000
2018-03-01 09:05:55,0.00048035,341.00000000
2018-03-01 09:05:55,0.00048027,572.00000000
2018-03-01 09:05:55,0.00048014,3038.00000000
2018-03-01 09:05:55,0.00048002,84.00000000
2018-03-01 09:05:55,0.00048001,812.00000000
2018-03-01 09:05:55,0.00048000,1134.00000000
2018-03-01 09:05:55,0.00048035,30.00000000
2018-03-01 09:05:55,0.00048000,250.00000000
2018-03-01 09:05:55,0.00048150,630.00000000
2018-03-01 09:05:55,0.00048035,30.00000000
2018-03-01 09:05:55,0.00048000,766.00000000
2018-03-01 09:05:55,0.00048034,20.00000000
2018-03-01 09:05:55,0.00048000,125.00000000
2018-03-01 09:05:55,0.00047996,12.00000000
2018-03-01 09:05:55,0.00047996,10.00000000
2018-03-01 09:05:55,0.00047980,24.00000000
2018-03-01 09:05:55,0.00047923,21.00000000
2018-03-01 09:05:55,0.00047920,40.00000000
2018-03-01 09:05:55,0.00047900,50.00000000
2018-03-01 09:05:56,0.00048000,20.00000000
2018-03-01 09:05:56,0.00047981,126.00000000
2018-03-01 09:05:56,0.00047864,1.00000000
2018-03-01 09:05:57,0.00048143,317.00000000
2018-03-01 09:05:57,0.00048145,37.00000000
2018-03-01 09:05:57,0.00048146,21.00000000
2018-03-01 09:05:57,0.00048004,205.00000000
2018-03-01 09:05:57,0.00048002,109.00000000
2018-03-01 09:05:57,0.00047900,132.00000000
2018-03-01 09:05:58,0.00047994,56.00000000
2018-03-01 09:05:58,0.00047891,5.00000000
2018-03-01 09:05:58,0.00047891,5.00000000
2018-03-01 09:05:58,0.00047993,23.00000000
2018-03-01 09:05:58,0.00047865,183.00000000
2018-03-01 09:05:58,0.00047865,17.00000000
2018-03-01 09:05:58,0.00047864,45.00000000
2018-03-01 09:05:59,0.00047991,149.00000000
2018-03-01 09:05:59,0.00047993,7.00000000
2018-03-01 09:05:59,0.00047995,58.00000000
2018-03-01 09:05:59,0.00047865,108.00000000
2018-03-01 09:05:59,0.00047865,128.00000000
2018-03-01 09:05:59,0.00047863,251.00000000
2018-03-01 09:05:59,0.00047853,20.00000000
2018-03-01 09:05:59,0.00047852,6.00000000
2018-03-01 09:05:59,0.00047848,59.00000000
2018-03-01 09:05:59,0.00047800,35.00000000
2018-03-01 09:05:59,0.00047757,22.00000000
2018-03-01 09:05:59,0.00047730,40.00000000
2018-03-01 09:05:59,0.00047729,50.00000000
2018-03-01 09:05:59,0.00047729,11.00000000
2018-03-01 09:06:00,0.00047989,23.00000000
2018-03-01 09:06:00,0.00047990,88.00000000
2018-03-01 09:06:00,0.00047991,30.00000000
2018-03-01 09:06:00,0.00047992,40.00000000
2018-03-01 09:06:00,0.00047993,200.00000000
2018-03-01 09:06:00,0.00047995,25.00000000
2018-03-01 09:06:00,0.00047996,322.00000000
2018-03-01 09:06:00,0.00048000,1682.00000000
2018-03-01 09:06:00,0.00048006,21.00000000
2018-03-01 09:06:00,0.00048014,2047.00000000
2018-03-01 09:06:00,0.00047865,8.00000000
2018-03-01 09:06:00,0.00047991,30.00000000
2018-03-01 09:06:00,0.00048000,30.00000000
2018-03-01 09:06:00,0.00048000,440.00000000
2018-03-01 09:06:00,0.00047866,30.00000000
2018-03-01 09:06:00,0.00047987,100.00000000
2018-03-01 09:06:00,0.00047987,4.00000000
2018-03-01 09:06:00,0.00047987,28.00000000
2018-03-01 09:06:00,0.00047890,11.00000000
2018-03-01 09:06:00,0.00047890,72.00000000
2018-03-01 09:06:00,0.00047889,170.00000000
2018-03-01 09:06:00,0.00047889,81.00000000
2018-03-01 09:06:00,0.00047875,10.00000000
2018-03-01 09:06:00,0.00047866,43.00000000
2018-03-01 09:06:00,0.00047987,74.00000000
2018-03-01 09:06:01,0.00047989,30.00000000
2018-03-01 09:06:01,0.00047989,19.00000000
2018-03-01 09:06:01,0.00047989,4.00000000
2018-03-01 09:06:01,0.00047996,30.00000000
2018-03-01 09:06:01,0.00048000,14.00000000
2018-03-01 09:06:01,0.00048000,30.00000000
2018-03-01 09:06:01,0.00048000,30.00000000
2018-03-01 09:06:01,0.00048000,30.00000000
2018-03-01 09:06:01,0.00048000,34.00000000
2018-03-01 09:06:01,0.00047888,8.00000000
2018-03-01 09:06:01,0.00047898,10.00000000
2018-03-01 09:06:01,0.00047890,205.00000000
2018-03-01 09:06:01,0.00047888,25.00000000
2018-03-01 09:06:01,0.00047889,23.00000000
2018-03-01 09:06:01,0.00047888,126.00000000
2018-03-01 09:06:01,0.00047888,16.00000000
2018-03-01 09:06:01,0.00047888,76.00000000
2018-03-01 09:06:01,0.00048001,57.00000000
2018-03-01 09:06:01,0.00048012,30.00000000
2018-03-01 09:06:01,0.00048013,20.00000000
2018-03-01 09:06:02,0.00047760,21.00000000
2018-03-01 09:06:02,0.00047731,5.00000000
2018-03-01 09:06:02,0.00047889,13.00000000
2018-03-01 09:06:02,0.00047863,26.00000000
2018-03-01 09:06:02,0.00047863,25.00000000
2018-03-01 09:06:03,0.00047863,80.00000000
2018-03-01 09:06:03,0.00047863,5.00000000
2018-03-01 09:06:03,0.00047865,10.00000000
2018-03-01 09:06:03,0.00047864,30.00000000
2018-03-01 09:06:03,0.00047863,56.00000000
2018-03-01 09:06:04,0.00047864,6.00000000
2018-03-01 09:06:04,0.00047989,40.00000000
2018-03-01 09:06:04,0.00047865,13.00000000
2018-03-01 09:06:04,0.00047863,15.00000000
2018-03-01 09:06:04,0.00047987,3.00000000
2018-03-01 09:06:05,0.00047876,7.00000000
2018-03-01 09:06:05,0.00047986,75.00000000
2018-03-01 09:06:05,0.00047863,44.00000000
2018-03-01 09:06:05,0.00047877,10.00000000
2018-03-01 09:06:05,0.00047800,2.00000000
2018-03-01 09:06:06,0.00047977,202.00000000
2018-03-01 09:06:06,0.00047979,21.00000000
2018-03-01 09:06:06,0.00047983,63.00000000
2018-03-01 09:06:06,0.00047986,8.00000000
2018-03-01 09:06:06,0.00047998,5.00000000
2018-03-01 09:06:06,0.00048001,264.00000000
2018-03-01 09:06:06,0.00048014,2122.00000000
2018-03-01 09:06:06,0.00048019,40.00000000
2018-03-01 09:06:06,0.00048035,61.00000000
2018-03-01 09:06:06,0.00048054,6.00000000
2018-03-01 09:06:06,0.00048062,126.00000000
2018-03-01 09:06:06,0.00048100,16.00000000
2018-03-01 09:06:06,0.00048104,21.00000000
2018-03-01 09:06:06,0.00048144,645.00000000
2018-03-01 09:06:06,0.00048000,325.00000000
2018-03-01 09:06:06,0.00047867,22.00000000
2018-03-01 09:06:07,0.00047871,12.00000000
2018-03-01 09:06:08,0.00047894,4.00000000
2018-03-01 09:06:08,0.00048000,19.00000000
2018-03-01 09:06:09,0.00047900,24.00000000
2018-03-01 09:06:09,0.00047998,94.00000000
2018-03-01 09:06:09,0.00047904,75.00000000
2018-03-01 09:06:12,0.00047987,1.00000000
2018-03-01 09:06:12,0.00047996,4.00000000
2018-03-01 09:06:12,0.00047996,5.00000000
2018-03-01 09:06:12,0.00047988,10.00000000
2018-03-01 09:06:12,0.00047987,244.00000000
2018-03-01 09:06:13,0.00047987,12.00000000
2018-03-01 09:06:13,0.00047987,40.00000000
2018-03-01 09:06:13,0.00047987,14.00000000
2018-03-01 09:06:13,0.00047987,128.00000000
2018-03-01 09:06:13,0.00047987,75.00000000
2018-03-01 09:06:14,0.00047987,20.00000000
2018-03-01 09:06:14,0.00047996,86.00000000
2018-03-01 09:06:14,0.00047987,50.00000000
2018-03-01 09:06:16,0.00047996,142.00000000
2018-03-01 09:06:16,0.00047998,209.00000000
2018-03-01 09:06:16,0.00047987,64.00000000
2018-03-01 09:06:18,0.00047988,4.00000000
2018-03-01 09:06:19,0.00047988,105.00000000
2018-03-01 09:06:19,0.00047987,1128.00000000
2018-03-01 09:06:20,0.00047987,20.00000000
2018-03-01 09:06:22,0.00047998,135.00000000
2018-03-01 09:06:22,0.00048000,75.00000000
2018-03-01 09:06:22,0.00048013,24.00000000
2018-03-01 09:06:22,0.00047987,461.00000000
2018-03-01 09:06:22,0.00047913,10.00000000
2018-03-01 09:06:22,0.00047904,739.00000000
2018-03-01 09:06:22,0.00047902,81.00000000
2018-03-01 09:06:23,0.00047988,10.00000000
2018-03-01 09:06:24,0.00047902,2.00000000
2018-03-01 09:06:25,0.00047987,311.00000000
2018-03-01 09:06:25,0.00047903,3.00000000
2018-03-01 09:06:25,0.00047894,5.00000000
2018-03-01 09:06:26,0.00047986,9.00000000
2018-03-01 09:06:26,0.00047986,1.00000000
2018-03-01 09:06:26,0.00047987,178.00000000
2018-03-01 09:06:27,0.00047903,6.00000000
2018-03-01 09:06:27,0.00047904,5.00000000
2018-03-01 09:06:28,0.00047904,5.00000000
2018-03-01 09:06:28,0.00047903,4.00000000
2018-03-01 09:06:28,0.00047900,17.00000000
2018-03-01 09:06:28,0.00047874,30.00000000
2018-03-01 09:06:28,0.00047873,49.00000000
2018-03-01 09:06:29,0.00047986,10.00000000
2018-03-01 09:06:29,0.00047987,168.00000000
2018-03-01 09:06:29,0.00047989,83.00000000
2018-03-01 09:06:30,0.00048000,96.00000000
2018-03-01 09:06:30,0.00048013,10.00000000
2018-03-01 09:06:30,0.00048000,21.00000000
2018-03-01 09:06:31,0.00048000,60.00000000
2018-03-01 09:06:31,0.00048000,118.00000000
2018-03-01 09:06:31,0.00048000,167.00000000
2018-03-01 09:06:31,0.00047989,22.00000000
2018-03-01 09:06:31,0.00047901,20.00000000
2018-03-01 09:06:31,0.00047900,2240.00000000
2018-03-01 09:06:31,0.00047900,20.00000000
2018-03-01 09:06:31,0.00047900,57.00000000
2018-03-01 09:06:31,0.00047900,74.00000000
2018-03-01 09:06:31,0.00047900,37.00000000
2018-03-01 09:06:32,0.00047900,16.00000000
2018-03-01 09:06:32,0.00047900,16.00000000
2018-03-01 09:06:32,0.00047900,16.00000000
2018-03-01 09:06:32,0.00047900,5.00000000
2018-03-01 09:06:32,0.00047900,43.00000000
2018-03-01 09:06:32,0.00047900,43.00000000
2018-03-01 09:06:32,0.00047900,42.00000000
2018-03-01 09:06:32,0.00047900,98.00000000
2018-03-01 09:06:32,0.00047900,74.00000000
2018-03-01 09:06:33,0.00047872,5.00000000
2018-03-01 09:06:36,0.00047872,19.00000000
2018-03-01 09:06:36,0.00047867,20.00000000
2018-03-01 09:06:36,0.00047900,6.00000000
2018-03-01 09:06:37,0.00047900,13.00000000
2018-03-01 09:06:37,0.00047878,31.00000000
2018-03-01 09:06:37,0.00047872,175.00000000
2018-03-01 09:06:37,0.00047900,31.00000000
2018-03-01 09:06:38,0.00047872,45.00000000
2018-03-01 09:06:38,0.00047867,6.00000000
2018-03-01 09:06:39,0.00047867,21.00000000
2018-03-01 09:06:40,0.00047867,140.00000000
2018-03-01 09:06:41,0.00047878,14.00000000
2018-03-01 09:06:41,0.00047872,133.00000000
2018-03-01 09:06:41,0.00047869,10.00000000
2018-03-01 09:06:41,0.00047867,433.00000000
2018-03-01 09:06:41,0.00047878,90.00000000
2018-03-01 09:06:43,0.00047868,33.00000000
2018-03-01 09:06:43,0.00047868,30.00000000
2018-03-01 09:06:43,0.00047868,30.00000000
2018-03-01 09:06:43,0.00047868,30.00000000
2018-03-01 09:06:44,0.00047868,15.00000000
2018-03-01 09:06:44,0.00047868,20.00000000
2018-03-01 09:06:44,0.00047867,68.00000000
2018-03-01 09:06:45,0.00047868,168.00000000
2018-03-01 09:06:45,0.00047868,21.00000000
2018-03-01 09:06:46,0.00047867,245.00000000
2018-03-01 09:06:46,0.00047900,9.00000000
2018-03-01 09:06:47,0.00047878,53.00000000
2018-03-01 09:06:47,0.00047867,100.00000000
2018-03-01 09:06:47,0.00047867,97.00000000
2018-03-01 09:06:48,0.00047869,87.00000000
2018-03-01 09:06:50,0.00047869,261.00000000
2018-03-01 09:06:50,0.00047868,97.00000000
2018-03-01 09:06:50,0.00047867,67.00000000
2018-03-01 09:06:50,0.00047900,75.00000000
2018-03-01 09:06:54,0.00047872,30.00000000
2018-03-01 09:06:54,0.00047870,2.00000000
2018-03-01 09:06:55,0.00047870,47.00000000
2018-03-01 09:06:55,0.00047869,191.00000000
2018-03-01 09:06:55,0.00047867,710.00000000
2018-03-01 09:06:55,0.00047866,5.00000000
2018-03-01 09:06:55,0.00047865,195.00000000
2018-03-01 09:06:55,0.00047800,219.00000000
2018-03-01 09:06:55,0.00047800,3.00000000
2018-03-01 09:06:55,0.00047800,8.00000000
2018-03-01 09:06:56,0.00047799,198.00000000
2018-03-01 09:06:56,0.00047799,302.00000000
2018-03-01 09:06:56,0.00047799,45.00000000
2018-03-01 09:06:57,0.00047799,140.00000000
2018-03-01 09:06:57,0.00047765,3.00000000
2018-03-01 09:06:57,0.00047798,3.00000000
2018-03-01 09:06:58,0.00047765,75.00000000
2018-03-01 09:06:58,0.00047754,40.00000000
2018-03-01 09:06:58,0.00047731,45.00000000
2018-03-01 09:06:58,0.00047700,120.00000000
2018-03-01 09:06:58,0.00047798,14.00000000
2018-03-01 09:06:58,0.00047768,7.00000000
2018-03-01 09:06:59,0.00047799,3.00000000
2018-03-01 09:06:59,0.00047703,59.00000000
2018-03-01 09:06:59,0.00047799,3.00000000
2018-03-01 09:06:59,0.00047799,3.00000000
2018-03-01 09:06:59,0.00047799,3.00000000
2018-03-01 09:07:00,0.00047705,20.00000000
2018-03-01 09:07:00,0.00047797,20.00000000
2018-03-01 09:07:00,0.00047799,93.00000000
2018-03-01 09:07:00,0.00047800,36.00000000
2018-03-01 09:07:01,0.00047753,186.00000000
2018-03-01 09:07:01,0.00047753,14.00000000
2018-03-01 09:07:01,0.00047800,372.00000000
2018-03-01 09:07:02,0.00047800,372.00000000
2018-03-01 09:07:02,0.00047753,20.00000000
2018-03-01 09:07:02,0.00047753,11.00000000
2018-03-01 09:07:03,0.00047800,148.00000000
2018-03-01 09:07:03,0.00047800,285.00000000
2018-03-01 09:07:04,0.00047800,3.00000000
2018-03-01 09:07:04,0.00047753,445.00000000
2018-03-01 09:07:04,0.00047753,329.00000000
2018-03-01 09:07:05,0.00047800,4.00000000
2018-03-01 09:07:06,0.00047753,10.00000000
2018-03-01 09:07:06,0.00047718,9.00000000
2018-03-01 09:07:06,0.00047703,12.00000000
2018-03-01 09:07:06,0.00047753,93.00000000
2018-03-01 09:07:06,0.00047800,187.00000000
2018-03-01 09:07:07,0.00047705,21.00000000
2018-03-01 09:07:08,0.00047705,21.00000000
2018-03-01 09:07:08,0.00047799,8.00000000
2018-03-01 09:07:08,0.00047800,4.00000000
2018-03-01 09:07:08,0.00047705,21.00000000
2018-03-01 09:07:09,0.00047705,10.00000000
2018-03-01 09:07:09,0.00047703,11.00000000
2018-03-01 09:07:09,0.00047703,1.00000000
2018-03-01 09:07:09,0.00047681,20.00000000
2018-03-01 09:07:10,0.00047700,214.00000000
2018-03-01 09:07:10,0.00047796,27.00000000
2018-03-01 09:07:10,0.00047793,10.00000000
2018-03-01 09:07:10,0.00047792,25.00000000
2018-03-01 09:07:11,0.00047682,21.00000000
2018-03-01 09:07:11,0.00047790,26.00000000
2018-03-01 09:07:12,0.00047791,20.00000000
2018-03-01 09:07:12,0.00047684,33.00000000
2018-03-01 09:07:12,0.00047792,58.00000000
2018-03-01 09:07:12,0.00047684,21.00000000
2018-03-01 09:07:12,0.00047791,11.00000000
2018-03-01 09:07:12,0.00047797,19.00000000
2018-03-01 09:07:12,0.00047797,7.00000000
2018-03-01 09:07:13,0.00047690,21.00000000
2018-03-01 09:07:14,0.00047693,21.00000000
2018-03-01 09:07:14,0.00047693,21.00000000
2018-03-01 09:07:14,0.00047797,12.00000000
2018-03-01 09:07:14,0.00047798,56.00000000
2018-03-01 09:07:15,0.00047697,21.00000000
2018-03-01 09:07:15,0.00047700,21.00000000
2018-03-01 09:07:15,0.00047700,6.00000000
2018-03-01 09:07:15,0.00047798,3.00000000
2018-03-01 09:07:16,0.00047700,71.00000000
2018-03-01 09:07:17,0.00047708,10.00000000
2018-03-01 09:07:17,0.00047707,9.00000000
2018-03-01 09:07:17,0.00047698,3.00000000
2018-03-01 09:07:19,0.00047705,35.00000000
2018-03-01 09:07:19,0.00047690,27.00000000
2018-03-01 09:07:19,0.00047690,6.00000000
2018-03-01 09:07:19,0.00047689,15.00000000
2018-03-01 09:07:20,0.00047768,25.00000000
2018-03-01 09:07:20,0.00047768,211.00000000
2018-03-01 09:07:20,0.00047770,167.00000000
2018-03-01 09:07:20,0.00047770,33.00000000
2018-03-01 09:07:20,0.00047784,15.00000000
2018-03-01 09:07:20,0.00047789,43.00000000
2018-03-01 09:07:20,0.00047790,30.00000000
2018-03-01 09:07:20,0.00047795,3.00000000
2018-03-01 09:07:20,0.00047796,117.00000000
2018-03-01 09:07:20,0.00047798,41.00000000
2018-03-01 09:07:20,0.00047800,241.00000000
2018-03-01 09:07:20,0.00047691,99.00000000
2018-03-01 09:07:20,0.00047692,20.00000000
2018-03-01 09:07:20,0.00047691,1.00000000
2018-03-01 09:07:20,0.00047691,21.00000000
2018-03-01 09:07:21,0.00047796,10.00000000
2018-03-01 09:07:21,0.00047796,21.00000000
2018-03-01 09:07:21,0.00047796,32.00000000
2018-03-01 09:07:23,0.00047796,1.00000000
2018-03-01 09:07:23,0.00047701,29.00000000
2018-03-01 09:07:24,0.00047796,10.00000000
2018-03-01 09:07:24,0.00047701,54.00000000
2018-03-01 09:07:24,0.00047700,91.00000000
2018-03-01 09:07:24,0.00047698,10.00000000
2018-03-01 09:07:24,0.00047698,34.00000000
2018-03-01 09:07:25,0.00047792,66.00000000
2018-03-01 09:07:25,0.00047689,33.00000000
2018-03-01 09:07:25,0.00047688,34.00000000
2018-03-01 09:07:25,0.00047681,61.00000000
2018-03-01 09:07:25,0.00047661,32.00000000
2018-03-01 09:07:26,0.00047789,55.00000000
2018-03-01 09:07:26,0.00047791,20.00000000
2018-03-01 09:07:26,0.00047700,20.00000000
2018-03-01 09:07:26,0.00047699,20.00000000
2018-03-01 09:07:26,0.00047691,83.00000000
2018-03-01 09:07:27,0.00047792,8.00000000
2018-03-01 09:07:27,0.00047693,51.00000000
2018-03-01 09:07:28,0.00047791,20.00000000
2018-03-01 09:07:28,0.00047792,75.00000000
2018-03-01 09:07:29,0.00047791,23.00000000
2018-03-01 09:07:29,0.00047789,11.00000000
2018-03-01 09:07:29,0.00047789,40.00000000
2018-03-01 09:07:29,0.00047800,141.00000000
2018-03-01 09:07:30,0.00047704,3.00000000
2018-03-01 09:07:30,0.00047700,21.00000000
2018-03-01 09:07:30,0.00047800,10.00000000
2018-03-01 09:07:31,0.00047800,19.00000000
2018-03-01 09:07:33,0.00047787,21.00000000
2018-03-01 09:07:33,0.00047789,34.00000000
2018-03-01 09:07:34,0.00047789,26.00000000
2018-03-01 09:07:35,0.00047789,150.00000000
2018-03-01 09:07:37,0.00047706,10.00000000
2018-03-01 09:07:37,0.00047705,32.00000000
2018-03-01 09:07:38,0.00047789,1.00000000
2018-03-01 09:07:41,0.00047789,28.00000000
2018-03-01 09:07:42,0.00047789,2252.00000000
2018-03-01 09:07:43,0.00047790,169.00000000
2018-03-01 09:07:43,0.00047790,108.00000000
2018-03-01 09:07:43,0.00047790,57.00000000
2018-03-01 09:07:46,0.00047790,3.00000000
2018-03-01 09:07:47,0.00047792,131.00000000
2018-03-01 09:07:47,0.00047798,11.00000000
2018-03-01 09:07:47,0.00047800,103.00000000
2018-03-01 09:07:48,0.00047792,71.00000000
2018-03-01 09:07:48,0.00047791,602.00000000
2018-03-01 09:07:53,0.00047790,2154.00000000
2018-03-01 09:07:54,0.00047790,94.00000000
2018-03-01 09:07:55,0.00047790,57.00000000
2018-03-01 09:07:55,0.00047863,288.00000000
2018-03-01 09:07:55,0.00047863,21.00000000
2018-03-01 09:07:56,0.00047863,20.00000000
2018-03-01 09:07:57,0.00047900,265.00000000
2018-03-01 09:07:58,0.00047900,841.00000000
2018-03-01 09:07:59,0.00047863,3.00000000
2018-03-01 09:08:00,0.00047900,100.00000000
2018-03-01 09:08:00,0.00047900,100.00000000
2018-03-01 09:08:01,0.00047900,58.00000000
2018-03-01 09:08:02,0.00047863,37.00000000
2018-03-01 09:08:02,0.00047863,143.00000000
2018-03-01 09:08:08,0.00047801,10.00000000
2018-03-01 09:08:08,0.00047800,5.00000000
2018-03-01 09:08:08,0.00047793,13.00000000
2018-03-01 09:08:09,0.00047895,15.00000000
2018-03-01 09:08:09,0.00047896,54.00000000
2018-03-01 09:08:11,0.00047863,17.00000000
2018-03-01 09:08:11,0.00047863,12.00000000
2018-03-01 09:08:12,0.00047864,5.00000000
2018-03-01 09:08:13,0.00047896,8.00000000
2018-03-01 09:08:15,0.00047896,41.00000000
2018-03-01 09:08:15,0.00047896,3.00000000
2018-03-01 09:08:18,0.00047897,10.00000000
2018-03-01 09:08:20,0.00047863,12.00000000
2018-03-01 09:08:21,0.00047863,3.00000000
2018-03-01 09:08:21,0.00047863,7.00000000
2018-03-01 09:08:22,0.00047864,5.00000000
2018-03-01 09:08:22,0.00047863,24.00000000
2018-03-01 09:08:22,0.00047863,10.00000000
2018-03-01 09:08:22,0.00047863,3.00000000
2018-03-01 09:08:23,0.00047863,21.00000000
2018-03-01 09:08:23,0.00047863,23.00000000
2018-03-01 09:08:24,0.00047863,13.00000000
2018-03-01 09:08:24,0.00047863,4.00000000
2018-03-01 09:08:25,0.00047864,10.00000000
2018-03-01 09:08:25,0.00047864,5.00000000
2018-03-01 09:08:25,0.00047865,23.00000000
2018-03-01 09:08:27,0.00047864,32.00000000
2018-03-01 09:08:28,0.00047864,37.00000000
2018-03-01 09:08:29,0.00047864,63.00000000
2018-03-01 09:08:29,0.00047863,47.00000000
2018-03-01 09:08:31,0.00047865,49.00000000
2018-03-01 09:08:35,0.00047865,1009.00000000
2018-03-01 09:08:35,0.00047865,500.00000000
2018-03-01 09:08:36,0.00047896,61.00000000
2018-03-01 09:08:36,0.00047897,310.00000000
2018-03-01 09:08:36,0.00047899,10.00000000
2018-03-01 09:08:36,0.00047901,13.00000000
2018-03-01 09:08:36,0.00047980,4.00000000
2018-03-01 09:08:36,0.00047983,127.00000000
2018-03-01 09:08:36,0.00047989,593.00000000
2018-03-01 09:08:36,0.00047989,371.00000000
2018-03-01 09:08:36,0.00048000,92.00000000
2018-03-01 09:08:36,0.00048000,76.00000000
2018-03-01 09:08:37,0.00047895,54.00000000
2018-03-01 09:08:37,0.00047999,10.00000000
2018-03-01 09:08:39,0.00048039,21.00000000
2018-03-01 09:08:39,0.00048049,30.00000000
2018-03-01 09:08:39,0.00048050,479.00000000
2018-03-01 09:08:40,0.00048049,23.00000000
2018-03-01 09:08:41,0.00048049,7.00000000
2018-03-01 09:08:41,0.00048049,23.00000000
2018-03-01 09:08:45,0.00048049,41.00000000
2018-03-01 09:08:46,0.00048049,32.00000000
2018-03-01 09:08:46,0.00048050,61.00000000
2018-03-01 09:08:46,0.00048049,3.00000000
2018-03-01 09:08:46,0.00048049,19.00000000
2018-03-01 09:08:46,0.00048049,5.00000000
2018-03-01 09:08:47,0.00048049,15.00000000
2018-03-01 09:08:47,0.00048049,35.00000000
2018-03-01 09:08:49,0.00048050,105.00000000
2018-03-01 09:08:49,0.00048050,42.00000000
2018-03-01 09:08:49,0.00048049,3.00000000
2018-03-01 09:08:49,0.00047965,10.00000000
2018-03-01 09:08:49,0.00048049,10.00000000
2018-03-01 09:08:49,0.00048050,20.00000000
2018-03-01 09:08:50,0.00048050,717.00000000
2018-03-01 09:08:50,0.00048050,284.00000000
2018-03-01 09:08:50,0.00048050,1500.00000000
2018-03-01 09:08:50,0.00048050,87.00000000
2018-03-01 09:08:51,0.00048049,20.00000000
2018-03-01 09:08:51,0.00048049,340.00000000
2018-03-01 09:08:52,0.00048049,150.00000000
2018-03-01 09:08:52,0.00048050,26.00000000
2018-03-01 09:08:52,0.00048053,49.00000000
2018-03-01 09:08:52,0.00048067,30.00000000
2018-03-01 09:08:52,0.00048091,6.00000000
2018-03-01 09:08:52,0.00048098,288.00000000
2018-03-01 09:08:52,0.00048099,119.00000000
2018-03-01 09:08:52,0.00048100,450.00000000
2018-03-01 09:08:55,0.00048099,15.00000000
2018-03-01 09:08:55,0.00048100,172.00000000
2018-03-01 09:08:55,0.00048100,51.00000000
2018-03-01 09:08:57,0.00047966,84.00000000
2018-03-01 09:08:58,0.00048098,26.00000000
2018-03-01 09:08:59,0.00048098,58.00000000
2018-03-01 09:08:59,0.00048100,5668.00000000
2018-03-01 09:08:59,0.00048172,21.00000000
2018-03-01 09:08:59,0.00048195,40.00000000
2018-03-01 09:08:59,0.00048197,1129.00000000
2018-03-01 09:08:59,0.00048198,873.00000000
2018-03-01 09:08:59,0.00048200,655.00000000
2018-03-01 09:08:59,0.00048220,21.00000000
2018-03-01 09:08:59,0.00048221,3.00000000
2018-03-01 09:08:59,0.00048230,23.00000000
2018-03-01 09:08:59,0.00048249,602.00000000
2018-03-01 09:08:59,0.00048250,2957.00000000
2018-03-01 09:08:59,0.00048272,4.00000000
2018-03-01 09:08:59,0.00048287,100.00000000
2018-03-01 09:08:59,0.00048290,109.00000000
2018-03-01 09:08:59,0.00048300,31.00000000
2018-03-01 09:08:59,0.00048305,5.00000000
2018-03-01 09:08:59,0.00048314,5.00000000
2018-03-01 09:08:59,0.00048329,241.00000000
2018-03-01 09:08:59,0.00048334,11.00000000
2018-03-01 09:08:59,0.00048341,50.00000000
2018-03-01 09:08:59,0.00048344,75.00000000
2018-03-01 09:08:59,0.00048350,48.00000000
2018-03-01 09:08:59,0.00048366,3.00000000
2018-03-01 09:08:59,0.00048368,22.00000000
2018-03-01 09:08:59,0.00048374,7.00000000
2018-03-01 09:08:59,0.00048378,1430.00000000
2018-03-01 09:08:59,0.00048387,100.00000000
2018-03-01 09:08:59,0.00048397,85.00000000
2018-03-01 09:08:59,0.00048400,124.00000000
2018-03-01 09:08:59,0.00048433,715.00000000
2018-03-01 09:08:59,0.00048435,3.00000000
2018-03-01 09:08:59,0.00048441,207.00000000
2018-03-01 09:08:59,0.00048444,12.00000000
2018-03-01 09:08:59,0.00048450,89.00000000
2018-03-01 09:08:59,0.00048465,7.00000000
2018-03-01 09:08:59,0.00048468,1543.00000000
2018-03-01 09:08:59,0.00048480,22.00000000
2018-03-01 09:08:59,0.00048486,21.00000000
2018-03-01 09:08:59,0.00048487,50.00000000
2018-03-01 09:08:59,0.00048300,10.00000000
2018-03-01 09:08:59,0.00048330,40.00000000
2018-03-01 09:08:59,0.00048330,72.00000000
2018-03-01 09:09:00,0.00048276,21.00000000
2018-03-01 09:09:00,0.00048176,21.00000000
2018-03-01 09:09:00,0.00048204,10.00000000
2018-03-01 09:09:01,0.00048176,62.00000000
2018-03-01 09:09:01,0.00048175,30.00000000
2018-03-01 09:09:01,0.00048175,30.00000000
2018-03-01 09:09:01,0.00048175,30.00000000
2018-03-01 09:09:01,0.00048175,30.00000000
2018-03-01 09:09:01,0.00048175,24.00000000
2018-03-01 09:09:01,0.00048175,6.00000000
2018-03-01 09:09:01,0.00048204,7.00000000
2018-03-01 09:09:02,0.00048172,5.00000000
2018-03-01 09:09:02,0.00048204,4.00000000
2018-03-01 09:09:02,0.00048274,14.00000000
2018-03-01 09:09:02,0.00048276,2.00000000
2018-03-01 09:09:03,0.00048200,50.00000000
2018-03-01 09:09:04,0.00048200,22.00000000
2018-03-01 09:09:04,0.00048200,32.00000000
2018-03-01 09:09:04,0.00048200,4.00000000
2018-03-01 09:09:05,0.00048200,6.00000000
2018-03-01 09:09:05,0.00048201,4.00000000
2018-03-01 09:09:05,0.00048275,35.00000000
2018-03-01 09:09:06,0.00048201,14.00000000
2018-03-01 09:09:06,0.00048201,76.00000000
2018-03-01 09:09:06,0.00048201,302.00000000
2018-03-01 09:09:06,0.00048200,904.00000000
2018-03-01 09:09:07,0.00048201,30.00000000
2018-03-01 09:09:07,0.00048200,40.00000000
2018-03-01 09:09:07,0.00048201,20.00000000
2018-03-01 09:09:07,0.00048200,617.00000000
2018-03-01 09:09:07,0.00048192,34.00000000
2018-03-01 09:09:07,0.00048176,80.00000000
2018-03-01 09:09:07,0.00048168,127.00000000
2018-03-01 09:09:07,0.00048102,414.00000000
2018-03-01 09:09:11,0.00048271,10.00000000
2018-03-01 09:09:11,0.00048272,48.00000000
2018-03-01 09:09:11,0.00048274,21.00000000
2018-03-01 09:09:11,0.00048276,19.00000000
2018-03-01 09:09:11,0.00048398,91.00000000
2018-03-01 09:09:12,0.00048123,32.00000000
2018-03-01 09:09:12,0.00048123,10.00000000
2018-03-01 09:09:12,0.00048123,40.00000000
2018-03-01 09:09:12,0.00048194,25.00000000
2018-03-01 09:09:12,0.00048194,97.00000000
2018-03-01 09:09:12,0.00048192,40.00000000
2018-03-01 09:09:13,0.00048194,82.00000000
2018-03-01 09:09:13,0.00048193,20.00000000
2018-03-01 09:09:13,0.00048192,10.00000000
2018-03-01 09:09:13,0.00048192,53.00000000
2018-03-01 09:09:13,0.00048124,11.00000000
2018-03-01 09:09:13,0.00048360,204.00000000
2018-03-01 09:09:13,0.00048362,22.00000000
2018-03-01 09:09:13,0.00048368,30.00000000
2018-03-01 09:09:13,0.00048369,177.00000000
2018-03-01 09:09:13,0.00048195,13.00000000
2018-03-01 09:09:13,0.00048197,203.00000000
2018-03-01 09:09:13,0.00048195,8.00000000
2018-03-01 09:09:13,0.00048124,106.00000000
2018-03-01 09:09:14,0.00048222,13.00000000
2018-03-01 09:09:15,0.00048323,9.00000000
2018-03-01 09:09:15,0.00048321,6.00000000
2018-03-01 09:09:15,0.00048323,9.00000000
2018-03-01 09:09:15,0.00048354,27.00000000
2018-03-01 09:09:15,0.00048354,176.00000000
2018-03-01 09:09:15,0.00048356,396.00000000
2018-03-01 09:09:15,0.00048357,82.00000000
2018-03-01 09:09:15,0.00048360,10.00000000
2018-03-01 09:09:15,0.00048361,30.00000000
2018-03-01 09:09:15,0.00048364,30.00000000
2018-03-01 09:09:15,0.00048369,146.00000000
2018-03-01 09:09:15,0.00048370,21.00000000
2018-03-01 09:09:15,0.00048397,13.00000000
2018-03-01 09:09:15,0.00048369,30.00000000
2018-03-01 09:09:15,0.00048369,58.00000000
2018-03-01 09:09:15,0.00048369,30.00000000
2018-03-01 09:09:15,0.00048369,1294.00000000
2018-03-01 09:09:15,0.00048223,1.00000000
2018-03-01 09:09:16,0.00048226,20.00000000
2018-03-01 09:09:16,0.00048228,1.00000000
2018-03-01 09:09:17,0.00048228,41.00000000
2018-03-01 09:09:17,0.00048323,87.00000000
2018-03-01 09:09:17,0.00048324,31.00000000
2018-03-01 09:09:17,0.00048364,2561.00000000
2018-03-01 09:09:17,0.00048368,139.00000000
2018-03-01 09:09:18,0.00048367,5.00000000
2018-03-01 09:09:18,0.00048231,138.00000000
2018-03-01 09:09:18,0.00048324,6.00000000
2018-03-01 09:09:18,0.00048324,94.00000000
2018-03-01 09:09:18,0.00048324,17.00000000
2018-03-01 09:09:19,0.00048229,30.00000000
2018-03-01 09:09:19,0.00048229,30.00000000
2018-03-01 09:09:19,0.00048229,30.00000000
2018-03-01 09:09:19,0.00048229,30.00000000
2018-03-01 09:09:19,0.00048229,15.00000000
2018-03-01 09:09:19,0.00048229,34.00000000
2018-03-01 09:09:19,0.00048229,11.00000000
2018-03-01 09:09:19,0.00048231,4.00000000
2018-03-01 09:09:20,0.00048265,18.00000000
2018-03-01 09:09:20,0.00048265,56.00000000
2018-03-01 09:09:20,0.00048368,2.00000000
2018-03-01 09:09:21,0.00048265,3.00000000
2018-03-01 09:09:21,0.00048368,13.00000000
2018-03-01 09:09:21,0.00048265,13.00000000
2018-03-01 09:09:22,0.00048265,3.00000000
2018-03-01 09:09:22,0.00048365,13.00000000
2018-03-01 09:09:22,0.00048366,9.00000000
2018-03-01 09:09:22,0.00048369,500.00000000
2018-03-01 09:09:23,0.00048266,82.00000000
2018-03-01 09:09:24,0.00048232,37.00000000
2018-03-01 09:09:24,0.00048231,206.00000000
2018-03-01 09:09:24,0.00048228,80.00000000
2018-03-01 09:09:24,0.00048222,9.00000000
2018-03-01 09:09:24,0.00048205,25.00000000
2018-03-01 09:09:24,0.00048178,126.00000000
2018-03-01 09:09:24,0.00048128,10.00000000
2018-03-01 09:09:24,0.00048121,15.00000000
2018-03-01 09:09:24,0.00048120,662.00000000
2018-03-01 09:09:24,0.00048263,7.00000000
2018-03-01 09:09:24,0.00048262,82.00000000
2018-03-01 09:09:24,0.00048263,65.00000000
2018-03-01 09:09:24,0.00048263,7.00000000
2018-03-01 09:09:26,0.00048263,14.00000000
2018-03-01 09:09:26,0.00048265,25.00000000
2018-03-01 09:09:27,0.00048269,6.00000000
2018-03-01 09:09:27,0.00048269,28.00000000
2018-03-01 09:09:30,0.00048300,31.00000000
2018-03-01 09:09:30,0.00048300,201.00000000
2018-03-01 09:09:30,0.00048268,81.00000000
2018-03-01 09:09:30,0.00048265,59.00000000
2018-03-01 09:09:30,0.00048263,82.00000000
2018-03-01 09:09:30,0.00048205,150.00000000
2018-03-01 09:09:30,0.00048121,727.00000000
2018-03-01 09:09:30,0.00048121,55.00000000
2018-03-01 09:09:30,0.00048262,30.00000000
2018-03-01 09:09:30,0.00048263,339.00000000
2018-03-01 09:09:31,0.00048261,82.00000000
2018-03-01 09:09:31,0.00048262,21.00000000
2018-03-01 09:09:33,0.00048139,10.00000000
2018-03-01 09:09:33,0.00048129,34.00000000
2018-03-01 09:09:33,0.00048131,20.00000000
2018-03-01 09:09:33,0.00048131,14.00000000
2018-03-01 09:09:33,0.00048136,10.00000000
2018-03-01 09:09:33,0.00048134,22.00000000
2018-03-01 09:09:33,0.00048135,3.00000000
2018-03-01 09:09:33,0.00048135,6.00000000
2018-03-01 09:09:34,0.00048135,25.00000000
2018-03-01 09:09:34,0.00048134,149.00000000
2018-03-01 09:09:34,0.00048132,83.00000000
2018-03-01 09:09:34,0.00048127,65.00000000
2018-03-01 09:09:34,0.00048122,79.00000000
2018-03-01 09:09:34,0.00048120,57.00000000
2018-03-01 09:09:35,0.00048134,10.00000000
2018-03-01 09:09:35,0.00048122,13.00000000
2018-03-01 09:09:35,0.00048121,17.00000000
2018-03-01 09:09:35,0.00048121,4.00000000
2018-03-01 09:09:35,0.00048120,24.00000000
2018-03-01 09:09:36,0.00048120,90.00000000
2018-03-01 09:09:37,0.00048134,4.00000000
2018-03-01 09:09:37,0.00048248,239.00000000
2018-03-01 09:09:37,0.00048250,20.00000000
2018-03-01 09:09:37,0.00048251,30.00000000
2018-03-01 09:09:37,0.00048253,83.00000000
2018-03-01 09:09:37,0.00048262,409.00000000
2018-03-01 09:09:37,0.00048262,28.00000000
2018-03-01 09:09:37,0.00048262,30.00000000
2018-03-01 09:09:37,0.00048262,30.00000000
2018-03-01 09:09:37,0.00048262,358.00000000
2018-03-01 09:09:38,0.00048251,22.00000000
2018-03-01 09:09:38,0.00048262,30.00000000
2018-03-01 09:09:38,0.00048263,160.00000000
2018-03-01 09:09:38,0.00048262,30.00000000
2018-03-01 09:09:38,0.00048263,5.00000000
2018-03-01 09:09:38,0.00048263,22.00000000
2018-03-01 09:09:38,0.00048263,112.00000000
2018-03-01 09:09:39,0.00048179,3.00000000
2018-03-01 09:09:39,0.00048262,3.00000000
2018-03-01 09:09:39,0.00048263,6.00000000
2018-03-01 09:09:40,0.00048263,3.00000000
2018-03-01 09:09:41,0.00048158,207.00000000
2018-03-01 09:09:41,0.00048156,29.00000000
2018-03-01 09:09:41,0.00048153,83.00000000
2018-03-01 09:09:41,0.00048135,30.00000000
2018-03-01 09:09:41,0.00048134,140.00000000
2018-03-01 09:09:41,0.00048133,10.00000000
2018-03-01 09:09:41,0.00048131,159.00000000
2018-03-01 09:09:42,0.00048163,10.00000000
2018-03-01 09:09:42,0.00048129,16.00000000
2018-03-01 09:09:42,0.00048121,43.00000000
2018-03-01 09:09:42,0.00048120,30.00000000
2018-03-01 09:09:43,0.00048244,35.00000000
2018-03-01 09:09:44,0.00048241,14.00000000
2018-03-01 09:09:45,0.00048238,133.00000000
2018-03-01 09:09:46,0.00048235,13.00000000
2018-03-01 09:09:46,0.00048132,5.00000000
2018-03-01 09:09:47,0.00048132,5.00000000
2018-03-01 09:09:47,0.00048131,37.00000000
2018-03-01 09:09:47,0.00048130,151.00000000
2018-03-01 09:09:47,0.00048123,34.00000000
2018-03-01 09:09:47,0.00048142,6.00000000
2018-03-01 09:09:47,0.00048142,4.00000000
2018-03-01 09:09:47,0.00048200,39.00000000
2018-03-01 09:09:47,0.00048121,30.00000000
2018-03-01 09:09:47,0.00048120,463.00000000
2018-03-01 09:09:50,0.00048158,3.00000000
2018-03-01 09:09:50,0.00048158,3.00000000
2018-03-01 09:09:51,0.00048155,6.00000000
2018-03-01 09:09:51,0.00048157,10.00000000
2018-03-01 09:09:51,0.00048163,19.00000000
2018-03-01 09:09:51,0.00048227,3.00000000
2018-03-01 09:09:51,0.00048237,83.00000000
2018-03-01 09:09:51,0.00048243,40.00000000
2018-03-01 09:09:51,0.00048249,15.00000000
2018-03-01 09:09:51,0.00048250,1592.00000000
2018-03-01 09:09:52,0.00048163,28.00000000
2018-03-01 09:09:52,0.00048163,1.00000000
2018-03-01 09:09:52,0.00048138,76.00000000
2018-03-01 09:09:52,0.00048129,83.00000000
2018-03-01 09:09:52,0.00048122,340.00000000
2018-03-01 09:09:53,0.00048125,204.00000000
2018-03-01 09:09:53,0.00048123,30.00000000
2018-03-01 09:09:53,0.00048122,199.00000000
2018-03-01 09:09:54,0.00048124,10.00000000
2018-03-01 09:09:54,0.00048122,562.00000000
2018-03-01 09:09:54,0.00048120,142.00000000
2018-03-01 09:09:54,0.00048113,27.00000000
2018-03-01 09:09:54,0.00048112,30.00000000
2018-03-01 09:09:54,0.00048076,12.00000000
2018-03-01 09:09:54,0.00048063,245.00000000
2018-03-01 09:09:54,0.00048120,46.00000000
2018-03-01 09:09:55,0.00048119,10.00000000
2018-03-01 09:09:55,0.00048120,9.00000000
2018-03-01 09:09:55,0.00048120,149.00000000
2018-03-01 09:09:55,0.00048122,3.00000000
2018-03-01 09:09:55,0.00048122,358.00000000
2018-03-01 09:09:56,0.00048122,92.00000000
2018-03-01 09:09:56,0.00048122,122.00000000
2018-03-01 09:09:56,0.00048122,8.00000000
2018-03-01 09:09:57,0.00048064,109.00000000
2018-03-01 09:09:57,0.00048050,118.00000000
2018-03-01 09:09:57,0.00048049,596.00000000
2018-03-01 09:09:57,0.00048038,250.00000000
2018-03-01 09:09:57,0.00048022,12.00000000
2018-03-01 09:09:57,0.00048021,22.00000000
2018-03-01 09:09:57,0.00048019,22.00000000
2018-03-01 09:09:57,0.00048000,480.00000000
2018-03-01 09:09:57,0.00048000,48.00000000
2018-03-01 09:09:57,0.00048000,21.00000000
2018-03-01 09:09:57,0.00048000,137.00000000
2018-03-01 09:09:57,0.00048122,3.00000000
2018-03-01 09:09:57,0.00048122,3.00000000
2018-03-01 09:09:57,0.00048122,617.00000000
2018-03-01 09:09:57,0.00048206,126.00000000
2018-03-01 09:09:57,0.00048220,83.00000000
2018-03-01 09:09:57,0.00048223,22.00000000
2018-03-01 09:09:57,0.00048248,21.00000000
2018-03-01 09:09:57,0.00048250,59.00000000
2018-03-01 09:09:57,0.00048250,104.00000000
2018-03-01 09:09:57,0.00048252,30.00000000
2018-03-01 09:09:57,0.00048263,792.00000000
2018-03-01 09:09:58,0.00048251,10.00000000
2018-03-01 09:09:58,0.00048262,2.00000000
2018-03-01 09:09:59,0.00048262,12.00000000
2018-03-01 09:09:59,0.00048127,55.00000000
2018-03-01 09:09:59,0.00048129,8.00000000
2018-03-01 09:10:01,0.00048200,50.00000000
2018-03-01 09:10:01,0.00048200,33.00000000
2018-03-01 09:10:01,0.00048200,50.00000000
2018-03-01 09:10:01,0.00048200,50.00000000
2018-03-01 09:10:01,0.00048200,50.00000000
2018-03-01 09:10:01,0.00048200,20.00000000
2018-03-01 09:10:01,0.00048135,5.00000000
2018-03-01 09:10:02,0.00048135,22.00000000
2018-03-01 09:10:02,0.00048133,8.00000000
2018-03-01 09:10:02,0.00048132,3.00000000
2018-03-01 09:10:03,0.00048132,5.00000000
2018-03-01 09:10:03,0.00048130,13.00000000
2018-03-01 09:10:03,0.00048130,34.00000000
2018-03-01 09:10:03,0.00048128,34.00000000
2018-03-01 09:10:03,0.00048127,656.00000000
2018-03-01 09:10:03,0.00048122,51.00000000
2018-03-01 09:10:03,0.00048132,17.00000000
2018-03-01 09:10:03,0.00048135,28.00000000
2018-03-01 09:10:03,0.00048198,586.00000000
2018-03-01 09:10:03,0.00048198,586.00000000
2018-03-01 09:10:03,0.00048198,195.00000000
2018-03-01 09:10:03,0.00048198,207.00000000
2018-03-01 09:10:03,0.00048198,585.00000000
2018-03-01 09:10:03,0.00048198,588.00000000
2018-03-01 09:10:04,0.00048122,10.00000000
2018-03-01 09:10:05,0.00048122,1.00000000
2018-03-01 09:10:05,0.00048073,127.00000000
2018-03-01 09:10:05,0.00048044,21.00000000
2018-03-01 09:10:05,0.00048030,4.00000000
2018-03-01 09:10:05,0.00048025,54.00000000
2018-03-01 09:10:06,0.00048134,3.00000000
2018-03-01 09:10:06,0.00048134,56.00000000
2018-03-01 09:10:06,0.00048198,19.00000000
2018-03-01 09:10:07,0.00048197,10.00000000
2018-03-01 09:10:07,0.00048198,9.00000000
2018-03-01 09:10:08,0.00048198,65.00000000
2018-03-01 09:10:08,0.00048198,7.00000000
2018-03-01 09:10:08,0.00048198,3.00000000
2018-03-01 09:10:08,0.00048199,70.00000000
2018-03-01 09:10:10,0.00048200,125.00000000
2018-03-01 09:10:10,0.00048200,10.00000000
2018-03-01 09:10:11,0.00048198,3.00000000
2018-03-01 09:10:11,0.00048122,70.00000000
2018-03-01 09:10:12,0.00048096,83.00000000
2018-03-01 09:10:12,0.00048100,13.00000000
2018-03-01 09:10:12,0.00048100,41.00000000
2018-03-01 09:10:12,0.00048152,73.00000000
2018-03-01 09:10:13,0.00048041,21.00000000
2018-03-01 09:10:14,0.00048122,100.00000000
2018-03-01 09:10:14,0.00048042,21.00000000
2018-03-01 09:10:15,0.00048119,10.00000000
2018-03-01 09:10:15,0.00048120,21.00000000
2018-03-01 09:10:15,0.00048122,2.00000000
2018-03-01 09:10:15,0.00048052,15.00000000
2018-03-01 09:10:15,0.00048122,3.00000000
2018-03-01 09:10:15,0.00048122,20.00000000
2018-03-01 09:10:15,0.00048122,4.00000000
2018-03-01 09:10:15,0.00048056,26.00000000
2018-03-01 09:10:16,0.00048122,3.00000000
2018-03-01 09:10:16,0.00048056,7.00000000
2018-03-01 09:10:16,0.00048042,13.00000000
2018-03-01 09:10:16,0.00048039,104.00000000
2018-03-01 09:10:16,0.00048039,500.00000000
2018-03-01 09:10:16,0.00048039,21.00000000
2018-03-01 09:10:16,0.00048039,21.00000000
2018-03-01 09:10:17,0.00048100,26.00000000
2018-03-01 09:10:17,0.00048100,6.00000000
2018-03-01 09:10:17,0.00048103,22.00000000
2018-03-01 09:10:17,0.00048103,5.00000000
2018-03-01 09:10:17,0.00048103,27.00000000
2018-03-01 09:10:17,0.00048122,70.00000000
2018-03-01 09:10:18,0.00048122,66.00000000
2018-03-01 09:10:18,0.00048099,11.00000000
2018-03-01 09:10:18,0.00048040,13.00000000
2018-03-01 09:10:18,0.00048039,8.00000000
2018-03-01 09:10:18,0.00048122,58.00000000
2018-03-01 09:10:19,0.00048122,3.00000000
2018-03-01 09:10:19,0.00048122,4.00000000
2018-03-01 09:10:19,0.00048122,121.00000000
2018-03-01 09:10:20,0.00048100,8.00000000
2018-03-01 09:10:20,0.00048122,204.00000000
2018-03-01 09:10:20,0.00048040,13.00000000
2018-03-01 09:10:20,0.00048039,679.00000000
2018-03-01 09:10:20,0.00048025,79.00000000
2018-03-01 09:10:20,0.00048025,79.00000000
2018-03-01 09:10:20,0.00048025,79.00000000
2018-03-01 09:10:20,0.00048025,20.00000000
2018-03-01 09:10:20,0.00048025,1.00000000
2018-03-01 09:10:21,0.00048122,131.00000000
2018-03-01 09:10:21,0.00048122,119.00000000
2018-03-01 09:10:22,0.00048025,21.00000000
2018-03-01 09:10:22,0.00048025,21.00000000
2018-03-01 09:10:22,0.00048025,115.00000000
2018-03-01 09:10:23,0.00048025,52.00000000
2018-03-01 09:10:23,0.00048012,21.00000000
2018-03-01 09:10:23,0.00048025,355.00000000
2018-03-01 09:10:23,0.00048039,3.00000000
2018-03-01 09:10:23,0.00048122,40.00000000
2018-03-01 09:10:24,0.00048003,21.00000000
2018-03-01 09:10:24,0.00048003,118.00000000
2018-03-01 09:10:25,0.00048025,35.00000000
2018-03-01 09:10:25,0.00048026,3.00000000
2018-03-01 09:10:26,0.00048026,32.00000000
2018-03-01 09:10:26,0.00048000,50.00000000
2018-03-01 09:10:26,0.00048000,150.00000000
2018-03-01 09:10:27,0.00047974,8.00000000
2018-03-01 09:10:27,0.00047960,13.00000000
2018-03-01 09:10:28,0.00048100,43.00000000
2018-03-01 09:10:28,0.00047961,21.00000000
2018-03-01 09:10:29,0.00047960,4.00000000
2018-03-01 09:10:29,0.00047960,21.00000000
2018-03-01 09:10:29,0.00048001,71.00000000
2018-03-01 09:10:29,0.00047960,21.00000000
2018-03-01 09:10:30,0.00048001,68.00000000
2018-03-01 09:10:30,0.00048003,185.00000000
2018-03-01 09:10:30,0.00048000,79.00000000
2018-03-01 09:10:31,0.00048000,73.00000000
2018-03-01 09:10:32,0.00048000,119.00000000
2018-03-01 09:10:34,0.00048001,7.00000000
2018-03-01 09:10:34,0.00048000,38.00000000
2018-03-01 09:10:34,0.00048000,56.00000000
2018-03-01 09:10:34,0.00047960,228.00000000
2018-03-01 09:10:34,0.00047959,255.00000000
2018-03-01 09:10:35,0.00047959,38.00000000
2018-03-01 09:10:35,0.00048003,78.00000000
2018-03-01 09:10:36,0.00048002,24.00000000
2018-03-01 09:10:37,0.00048002,6.00000000
2018-03-01 09:10:37,0.00048003,584.00000000
2018-03-01 09:10:37,0.00048000,59.00000000
2018-03-01 09:10:37,0.00048003,10.00000000
2018-03-01 09:10:37,0.00048003,7.00000000
2018-03-01 09:10:37,0.00048003,10.00000000
2018-03-01 09:10:37,0.00048003,10.00000000
2018-03-01 09:10:37,0.00048003,10.00000000
2018-03-01 09:10:38,0.00048000,2.00000000
2018-03-01 09:10:39,0.00048000,10.00000000
2018-03-01 09:10:40,0.00048002,317.00000000
2018-03-01 09:10:40,0.00048002,190.00000000
2018-03-01 09:10:41,0.00048003,20.00000000
2018-03-01 09:10:42,0.00048003,14.00000000
2018-03-01 09:10:42,0.00048002,130.00000000
2018-03-01 09:10:42,0.00048016,10.00000000
2018-03-01 09:10:42,0.00048103,16.00000000
2018-03-01 09:10:42,0.00048108,13.00000000
2018-03-01 09:10:42,0.00048115,4.00000000
2018-03-01 09:10:42,0.00048116,14.00000000
2018-03-01 09:10:43,0.00048005,4.00000000
2018-03-01 09:10:43,0.00048005,187.00000000
2018-03-01 09:10:45,0.00048013,10.00000000
2018-03-01 09:10:46,0.00048018,10.00000000
2018-03-01 09:10:46,0.00048002,4.00000000
2018-03-01 09:10:46,0.00048000,38.00000000
2018-03-01 09:10:47,0.00048101,26.00000000
2018-03-01 09:10:52,0.00048013,95.00000000
2018-03-01 09:10:52,0.00048000,567.00000000
2018-03-01 09:10:57,0.00048001,6.00000000
2018-03-01 09:10:57,0.00048000,1506.00000000
2018-03-01 09:10:59,0.00048026,7.00000000
2018-03-01 09:11:00,0.00048000,18.00000000
2018-03-01 09:11:03,0.00048012,36.00000000
2018-03-01 09:11:04,0.00048009,24.00000000
2018-03-01 09:11:05,0.00048006,5.00000000
2018-03-01 09:11:05,0.00048002,10.00000000
2018-03-01 09:11:05,0.00048001,45.00000000
2018-03-01 09:11:05,0.00048000,1473.00000000
2018-03-01 09:11:05,0.00048000,10.00000000
2018-03-01 09:11:06,0.00048006,3.00000000
2018-03-01 09:11:08,0.00048003,34.00000000
2018-03-01 09:11:08,0.00048001,5.00000000
2018-03-01 09:11:09,0.00047998,100.00000000
2018-03-01 09:11:09,0.00048000,11.00000000
2018-03-01 09:11:09,0.00048000,94.00000000
2018-03-01 09:11:10,0.00048000,8.00000000
2018-03-01 09:11:10,0.00048000,12.00000000
2018-03-01 09:11:11,0.00048001,10.00000000
2018-03-01 09:11:16,0.00048001,27.00000000
2018-03-01 09:11:16,0.00048000,187.00000000
2018-03-01 09:11:16,0.00047963,10.00000000
2018-03-01 09:11:16,0.00047950,12.00000000
2018-03-01 09:11:16,0.00047937,22.00000000
2018-03-01 09:11:16,0.00047875,251.00000000
2018-03-01 09:11:16,0.00047868,12.00000000
2018-03-01 09:11:17,0.00048000,3.00000000
2018-03-01 09:11:18,0.00047999,10.00000000
2018-03-01 09:11:18,0.00048000,4.00000000
2018-03-01 09:11:18,0.00048000,3.00000000
2018-03-01 09:11:18,0.00048000,4.00000000
2018-03-01 09:11:18,0.00048000,21.00000000
2018-03-01 09:11:19,0.00048000,21.00000000
2018-03-01 09:11:20,0.00047999,69.00000000
2018-03-01 09:11:20,0.00048000,88.00000000
2018-03-01 09:11:20,0.00047905,32.00000000
2018-03-01 09:11:20,0.00048000,62.00000000
2018-03-01 09:11:21,0.00048000,357.00000000
2018-03-01 09:11:22,0.00047998,15.00000000
2018-03-01 09:11:22,0.00047915,10.00000000
2018-03-01 09:11:22,0.00047914,10.00000000
2018-03-01 09:11:22,0.00047903,77.00000000
2018-03-01 09:11:22,0.00047905,725.00000000
2018-03-01 09:11:22,0.00047903,6.00000000
2018-03-01 09:11:22,0.00047903,11.00000000
2018-03-01 09:11:22,0.00047905,244.00000000
2018-03-01 09:11:22,0.00047905,11.00000000
2018-03-01 09:11:24,0.00048000,13.00000000
2018-03-01 09:11:25,0.00047999,30.00000000
2018-03-01 09:11:25,0.00047930,13.00000000
2018-03-01 09:11:25,0.00047929,9.00000000
2018-03-01 09:11:25,0.00047923,10.00000000
2018-03-01 09:11:25,0.00047900,16.00000000
2018-03-01 09:11:25,0.00047889,45.00000000
2018-03-01 09:11:25,0.00047886,16.00000000
2018-03-01 09:11:25,0.00047872,22.00000000
2018-03-01 09:11:25,0.00047999,30.00000000
2018-03-01 09:11:26,0.00047998,10.00000000
2018-03-01 09:11:26,0.00047999,30.00000000
2018-03-01 09:11:26,0.00048000,218.00000000
2018-03-01 09:11:26,0.00048000,30.00000000
2018-03-01 09:11:26,0.00048000,27.00000000
2018-03-01 09:11:27,0.00048001,10.00000000
2018-03-01 09:11:27,0.00048000,96.00000000
2018-03-01 09:11:28,0.00048000,331.00000000
2018-03-01 09:11:28,0.00048000,75.00000000
2018-03-01 09:11:28,0.00048000,21.00000000
2018-03-01 09:11:28,0.00048000,31.00000000
2018-03-01 09:11:29,0.00048000,21.00000000
2018-03-01 09:11:29,0.00048000,104.00000000
2018-03-01 09:11:30,0.00047894,10.00000000
2018-03-01 09:11:30,0.00047893,11.00000000
2018-03-01 09:11:30,0.00047891,11.00000000
2018-03-01 09:11:30,0.00047875,10.00000000
2018-03-01 09:11:30,0.00047896,21.00000000
2018-03-01 09:11:30,0.00047999,10.00000000
2018-03-01 09:11:30,0.00048000,12.00000000
2018-03-01 09:11:30,0.00048000,22.00000000
2018-03-01 09:11:30,0.00048000,27.00000000
2018-03-01 09:11:31,0.00047906,21.00000000
2018-03-01 09:11:31,0.00047906,21.00000000
2018-03-01 09:11:31,0.00048000,21.00000000
2018-03-01 09:11:31,0.00048000,393.00000000
2018-03-01 09:11:32,0.00047999,10.00000000
2018-03-01 09:11:32,0.00048000,278.00000000
2018-03-01 09:11:32,0.00047998,74.00000000
2018-03-01 09:11:32,0.00048000,14.00000000
2018-03-01 09:11:33,0.00048000,3.00000000
2018-03-01 09:11:33,0.00048000,51.00000000
2018-03-01 09:11:34,0.00048000,3.00000000
2018-03-01 09:11:35,0.00047999,86.00000000
2018-03-01 09:11:35,0.00047915,10.00000000
2018-03-01 09:11:35,0.00047907,13.00000000
2018-03-01 09:11:35,0.00047872,5.00000000
2018-03-01 09:11:35,0.00047999,16.00000000
2018-03-01 09:11:35,0.00048000,3.00000000
2018-03-01 09:11:36,0.00047998,4.00000000
2018-03-01 09:11:37,0.00047997,10.00000000
2018-03-01 09:11:37,0.00047998,26.00000000
2018-03-01 09:11:38,0.00047998,25.00000000
2018-03-01 09:11:38,0.00047998,28.00000000
2018-03-01 09:11:38,0.00047999,21.00000000
2018-03-01 09:11:39,0.00047999,86.00000000
2018-03-01 09:11:40,0.00047999,73.00000000
2018-03-01 09:11:40,0.00047998,850.00000000
2018-03-01 09:11:40,0.00047908,4.00000000
2018-03-01 09:11:41,0.00047998,424.00000000
2018-03-01 09:11:41,0.00047997,4.00000000
2018-03-01 09:11:41,0.00047998,560.00000000
2018-03-01 09:11:42,0.00047998,4.00000000
2018-03-01 09:11:43,0.00047998,3.00000000
2018-03-01 09:11:43,0.00047998,150.00000000
2018-03-01 09:11:43,0.00047990,26.00000000
2018-03-01 09:11:43,0.00047998,42.00000000
2018-03-01 09:11:45,0.00047998,361.00000000
2018-03-01 09:11:49,0.00047918,10.00000000
2018-03-01 09:11:49,0.00047917,7.00000000
2018-03-01 09:11:49,0.00047909,299.00000000
2018-03-01 09:11:49,0.00047907,8.00000000
2018-03-01 09:11:49,0.00047902,83.00000000
2018-03-01 09:11:49,0.00047900,375.00000000
2018-03-01 09:11:51,0.00047900,42.00000000
2018-03-01 09:11:51,0.00047892,54.00000000
2018-03-01 09:11:51,0.00047886,10.00000000
2018-03-01 09:11:51,0.00047875,13.00000000
2018-03-01 09:11:51,0.00047872,104.00000000
2018-03-01 09:11:51,0.00047871,79.00000000
2018-03-01 09:11:51,0.00047868,107.00000000
2018-03-01 09:11:51,0.00047865,6.00000000
2018-03-01 09:11:51,0.00047850,5.00000000
2018-03-01 09:11:51,0.00047840,11.00000000
2018-03-01 09:11:51,0.00047825,40.00000000
2018-03-01 09:11:51,0.00047813,19.00000000
2018-03-01 09:11:51,0.00047812,128.00000000
2018-03-01 09:11:52,0.00047900,14.00000000
2018-03-01 09:11:52,0.00047900,10.00000000
2018-03-01 09:11:54,0.00047900,85.00000000
2018-03-01 09:11:54,0.00047900,500.00000000
2018-03-01 09:11:54,0.00047900,500.00000000
2018-03-01 09:11:54,0.00047900,15.00000000
2018-03-01 09:11:54,0.00047900,333.00000000
2018-03-01 09:11:54,0.00047900,79.00000000
2018-03-01 09:11:57,0.00047900,42.00000000
2018-03-01 09:12:00,0.00047820,3.00000000
2018-03-01 09:12:00,0.00047812,95.00000000
2018-03-01 09:12:00,0.00047805,40.00000000
2018-03-01 09:12:00,0.00047800,768.00000000
2018-03-01 09:12:00,0.00047800,51.00000000
2018-03-01 09:12:00,0.00047800,30.00000000
2018-03-01 09:12:00,0.00047800,30.00000000
2018-03-01 09:12:00,0.00047800,31.00000000
2018-03-01 09:12:00,0.00047800,8.00000000
2018-03-01 09:12:00,0.00047798,21.00000000
2018-03-01 09:12:00,0.00047800,14.00000000
2018-03-01 09:12:01,0.00047800,45.00000000
2018-03-01 09:12:01,0.00047798,79.00000000
2018-03-01 09:12:01,0.00047793,10.00000000
2018-03-01 09:12:01,0.00047791,17.00000000
2018-03-01 09:12:01,0.00047791,21.00000000
2018-03-01 09:12:01,0.00047800,48.00000000
2018-03-01 09:12:01,0.00047800,141.00000000
2018-03-01 09:12:01,0.00047800,48.00000000
2018-03-01 09:12:01,0.00047791,21.00000000
2018-03-01 09:12:02,0.00047791,7.00000000
2018-03-01 09:12:02,0.00047800,66.00000000
2018-03-01 09:12:02,0.00047791,21.00000000
2018-03-01 09:12:02,0.00047800,1493.00000000
2018-03-01 09:12:02,0.00047812,4.00000000
2018-03-01 09:12:02,0.00047900,986.00000000
2018-03-01 09:12:02,0.00047793,21.00000000
2018-03-01 09:12:02,0.00047793,21.00000000
2018-03-01 09:12:02,0.00047793,21.00000000
2018-03-01 09:12:03,0.00047800,17.00000000
2018-03-01 09:12:03,0.00047796,208.00000000
2018-03-01 09:12:03,0.00047794,45.00000000
2018-03-01 09:12:03,0.00047791,263.00000000
2018-03-01 09:12:03,0.00047789,5.00000000
2018-03-01 09:12:03,0.00047750,41.00000000
2018-03-01 09:12:03,0.00047734,10.00000000
2018-03-01 09:12:03,0.00047718,582.00000000
2018-03-01 09:12:03,0.00047717,251.00000000
2018-03-01 09:12:03,0.00047712,6.00000000
2018-03-01 09:12:03,0.00047708,79.00000000
2018-03-01 09:12:03,0.00047700,808.00000000
2018-03-01 09:12:03,0.00047690,4.00000000
2018-03-01 09:12:03,0.00047665,10.00000000
2018-03-01 09:12:03,0.00047635,21.00000000
2018-03-01 09:12:03,0.00047618,88.00000000
2018-03-01 09:12:03,0.00047600,50.00000000
2018-03-01 09:12:03,0.00047587,210.00000000
2018-03-01 09:12:03,0.00047585,6.00000000
2018-03-01 09:12:03,0.00047554,210.00000000
2018-03-01 09:12:03,0.00047527,793.00000000
2018-03-01 09:12:03,0.00047526,925.00000000
2018-03-01 09:12:03,0.00047525,210.00000000
2018-03-01 09:12:03,0.00047524,7.00000000
2018-03-01 09:12:03,0.00047522,6.00000000
2018-03-01 09:12:03,0.00047520,48.00000000
2018-03-01 09:12:03,0.00047520,73.00000000
2018-03-01 09:12:03,0.00047520,20.00000000
2018-03-01 09:12:03,0.00047520,5919.00000000
2018-03-01 09:12:03,0.00047520,312.00000000
2018-03-01 09:12:03,0.00047520,798.00000000
2018-03-01 09:12:03,0.00047520,931.00000000
2018-03-01 09:12:03,0.00047520,210.00000000
2018-03-01 09:12:03,0.00047520,63.00000000
2018-03-01 09:12:03,0.00047520,75.00000000
2018-03-01 09:12:03,0.00047520,20.00000000
2018-03-01 09:12:03,0.00047520,63.00000000
2018-03-01 09:12:03,0.00047520,48.00000000
2018-03-01 09:12:03,0.00047520,23.00000000
2018-03-01 09:12:03,0.00047520,48.00000000
2018-03-01 09:12:03,0.00047520,1500.00000000
2018-03-01 09:12:03,0.00047520,59.00000000
2018-03-01 09:12:03,0.00047519,271.00000000
2018-03-01 09:12:03,0.00047520,1129.00000000
2018-03-01 09:12:03,0.00047520,1474.00000000
2018-03-01 09:12:03,0.00047518,21.00000000
2018-03-01 09:12:03,0.00047600,170.00000000
2018-03-01 09:12:04,0.00047600,45.00000000
2018-03-01 09:12:04,0.00047600,113.00000000
2018-03-01 09:12:04,0.00047657,6.00000000
2018-03-01 09:12:04,0.00047518,21.00000000
2018-03-01 09:12:04,0.00047520,210.00000000
2018-03-01 09:12:05,0.00047522,5.00000000
2018-03-01 09:12:05,0.00047522,21.00000000
2018-03-01 09:12:05,0.00047744,30.00000000
2018-03-01 09:12:06,0.00047714,26.00000000
2018-03-01 09:12:06,0.00047700,23.00000000
2018-03-01 09:12:06,0.00047714,83.00000000
2018-03-01 09:12:06,0.00047524,21.00000000
2018-03-01 09:12:06,0.00047693,21.00000000
2018-03-01 09:12:06,0.00047716,146.00000000
2018-03-01 09:12:06,0.00047717,601.00000000
2018-03-01 09:12:07,0.00047525,40.00000000
2018-03-01 09:12:07,0.00047524,98.00000000
2018-03-01 09:12:07,0.00047523,34.00000000
2018-03-01 09:12:07,0.00047522,5.00000000
2018-03-01 09:12:07,0.00047521,72.00000000
2018-03-01 09:12:07,0.00047519,74.00000000
2018-03-01 09:12:07,0.00047518,101.00000000
2018-03-01 09:12:07,0.00047625,11.00000000
2018-03-01 09:12:08,0.00047625,4.00000000
2018-03-01 09:12:08,0.00047525,17.00000000
2018-03-01 09:12:08,0.00047601,71.00000000
2018-03-01 09:12:09,0.00047603,5.00000000
2018-03-01 09:12:09,0.00047602,10.00000000
2018-03-01 09:12:09,0.00047523,21.00000000
2018-03-01 09:12:09,0.00047523,8.00000000
2018-03-01 09:12:10,0.00047601,132.00000000
2018-03-01 09:12:12,0.00047601,13.00000000
2018-03-01 09:12:12,0.00047520,25.00000000
2018-03-01 09:12:12,0.00047514,5.00000000
2018-03-01 09:12:12,0.00047510,94.00000000
2018-03-01 09:12:13,0.00047599,1.00000000
2018-03-01 09:12:13,0.00047599,73.00000000
2018-03-01 09:12:13,0.00047600,24.00000000
2018-03-01 09:12:13,0.00047600,10.00000000
2018-03-01 09:12:14,0.00047600,35.00000000
2018-03-01 09:12:14,0.00047599,3.00000000
2018-03-01 09:12:14,0.00047512,76.00000000
2018-03-01 09:12:14,0.00047511,145.00000000
2018-03-01 09:12:14,0.00047510,1274.00000000
2018-03-01 09:12:15,0.00047550,100.00000000
2018-03-01 09:12:15,0.00047522,31.00000000
2018-03-01 09:12:15,0.00047522,13.00000000
2018-03-01 09:12:15,0.00047522,4.00000000
2018-03-01 09:12:16,0.00047522,75.00000000
2018-03-01 09:12:16,0.00047550,89.00000000
2018-03-01 09:12:16,0.00047522,29.00000000
2018-03-01 09:12:16,0.00047510,1020.00000000
2018-03-01 09:12:16,0.00047509,8.00000000
2018-03-01 09:12:16,0.00047507,14.00000000
2018-03-01 09:12:16,0.00047506,84.00000000
2018-03-01 09:12:17,0.00047505,26.00000000
2018-03-01 09:12:17,0.00047506,697.00000000
2018-03-01 09:12:17,0.00047506,26.00000000
2018-03-01 09:12:17,0.00047510,74.00000000
2018-03-01 09:12:17,0.00047510,102.00000000
2018-03-01 09:12:18,0.00047505,17.00000000
2018-03-01 09:12:18,0.00047508,3.00000000
2018-03-01 09:12:18,0.00047509,59.00000000
2018-03-01 09:12:18,0.00047509,74.00000000
2018-03-01 09:12:18,0.00047500,121.00000000
2018-03-01 09:12:19,0.00047509,31.00000000
2018-03-01 09:12:19,0.00047509,5.00000000
2018-03-01 09:12:19,0.00047461,3.00000000
2018-03-01 09:12:19,0.00047448,13.00000000
2018-03-01 09:12:19,0.00047416,133.00000000
2018-03-01 09:12:19,0.00047415,341.00000000
2018-03-01 09:12:19,0.00047508,26.00000000
2018-03-01 09:12:19,0.00047508,82.00000000
2018-03-01 09:12:20,0.00047416,36.00000000
2018-03-01 09:12:20,0.00047416,17.00000000
2018-03-01 09:12:20,0.00047416,90.00000000
2018-03-01 09:12:21,0.00047508,5.00000000
2018-03-01 09:12:22,0.00047508,2.00000000
2018-03-01 09:12:22,0.00047508,21.00000000
2018-03-01 09:12:23,0.00047500,84.00000000
2018-03-01 09:12:23,0.00047499,6.00000000
2018-03-01 09:12:24,0.00047498,4.00000000
2018-03-01 09:12:24,0.00047498,19.00000000
2018-03-01 09:12:24,0.00047498,48.00000000
2018-03-01 09:12:24,0.00047499,2.00000000
2018-03-01 09:12:24,0.00047499,2.00000000
2018-03-01 09:12:24,0.00047500,48.00000000
2018-03-01 09:12:24,0.00047500,24.00000000
2018-03-01 09:12:24,0.00047510,7.00000000
2018-03-01 09:12:24,0.00047417,16.00000000
2018-03-01 09:12:26,0.00047498,19.00000000
2018-03-01 09:12:26,0.00047496,16.00000000
2018-03-01 09:12:26,0.00047498,135.00000000
2018-03-01 09:12:27,0.00047498,56.00000000
2018-03-01 09:12:27,0.00047418,45.00000000
2018-03-01 09:12:27,0.00047415,210.00000000
2018-03-01 09:12:27,0.00047500,2.00000000
2018-03-01 09:12:28,0.00047499,20.00000000
2018-03-01 09:12:28,0.00047499,20.00000000
2018-03-01 09:12:28,0.00047499,20.00000000
2018-03-01 09:12:30,0.00047499,31.00000000
2018-03-01 09:12:31,0.00047499,210.00000000
2018-03-01 09:12:31,0.00047499,94.00000000
2018-03-01 09:12:31,0.00047499,33.00000000
2018-03-01 09:12:32,0.00047498,3.00000000
2018-03-01 09:12:33,0.00047498,78.00000000
2018-03-01 09:12:33,0.00047451,173.00000000
2018-03-01 09:12:34,0.00047498,13.00000000
2018-03-01 09:12:35,0.00047498,21.00000000
2018-03-01 09:12:35,0.00047498,185.00000000
2018-03-01 09:12:36,0.00047498,21.00000000
2018-03-01 09:12:37,0.00047498,178.00000000
2018-03-01 09:12:37,0.00047498,13.00000000
2018-03-01 09:12:38,0.00047499,35.00000000
2018-03-01 09:12:38,0.00047500,148.00000000
2018-03-01 09:12:38,0.00047451,149.00000000
2018-03-01 09:12:38,0.00047450,537.00000000
2018-03-01 09:12:38,0.00047500,41.00000000
2018-03-01 09:12:38,0.00047510,240.00000000
2018-03-01 09:12:39,0.00047510,389.00000000
2018-03-01 09:12:39,0.00047510,523.00000000
2018-03-01 09:12:42,0.00047511,33.00000000
2018-03-01 09:12:42,0.00047510,662.00000000
2018-03-01 09:12:42,0.00047499,610.00000000
2018-03-01 09:12:42,0.00047500,300.00000000
2018-03-01 09:12:46,0.00047510,107.00000000
2018-03-01 09:12:47,0.00047510,228.00000000
2018-03-01 09:12:47,0.00047510,14.00000000
2018-03-01 09:12:48,0.00047510,52.00000000
2018-03-01 09:12:48,0.00047510,508.00000000
2018-03-01 09:12:50,0.00047510,28.00000000
2018-03-01 09:12:51,0.00047510,54.00000000
2018-03-01 09:12:51,0.00047510,100.00000000
2018-03-01 09:12:53,0.00047581,13.00000000
2018-03-01 09:12:57,0.00047525,812.00000000
2018-03-01 09:12:57,0.00047580,21.00000000
2018-03-01 09:12:59,0.00047581,5.00000000
2018-03-01 09:12:59,0.00047581,206.00000000
2018-03-01 09:13:00,0.00047581,6.00000000
2018-03-01 09:13:01,0.00047582,19.00000000
2018-03-01 09:13:01,0.00047598,271.00000000
2018-03-01 09:13:03,0.00047608,44.00000000
2018-03-01 09:13:08,0.00047608,50.00000000
2018-03-01 09:13:11,0.00047757,10.00000000
2018-03-01 09:13:11,0.00047756,79.00000000
2018-03-01 09:13:11,0.00047757,30.00000000
2018-03-01 09:13:11,0.00047758,22.00000000
2018-03-01 09:13:12,0.00047751,5.00000000
2018-03-01 09:13:12,0.00047757,30.00000000
2018-03-01 09:13:12,0.00047758,45.00000000
2018-03-01 09:13:12,0.00047758,30.00000000
2018-03-01 09:13:13,0.00047758,30.00000000
2018-03-01 09:13:13,0.00047760,25.00000000
2018-03-01 09:13:13,0.00047762,7.00000000
2018-03-01 09:13:13,0.00047764,9.00000000
2018-03-01 09:13:13,0.00047629,116.00000000
2018-03-01 09:13:17,0.00047655,19.00000000
2018-03-01 09:13:19,0.00047758,6.00000000
2018-03-01 09:13:19,0.00047659,10.00000000
2018-03-01 09:13:19,0.00047661,71.00000000
2018-03-01 09:13:21,0.00047653,6.00000000
2018-03-01 09:13:22,0.00047653,17.00000000
2018-03-01 09:13:24,0.00047670,95.00000000
2018-03-01 09:13:24,0.00047661,92.00000000
2018-03-01 09:13:24,0.00047750,206.00000000
2018-03-01 09:13:24,0.00047752,23.00000000
2018-03-01 09:13:24,0.00047758,78.00000000
2018-03-01 09:13:24,0.00047764,28.00000000
2018-03-01 09:13:24,0.00047777,190.00000000
2018-03-01 09:13:26,0.00047700,33.00000000
2018-03-01 09:13:26,0.00047661,12.00000000
2018-03-01 09:13:27,0.00047661,189.00000000
2018-03-01 09:13:27,0.00047750,548.00000000
2018-03-01 09:13:28,0.00047750,20.00000000
2018-03-01 09:13:28,0.00047664,83.00000000
2018-03-01 09:13:29,0.00047661,50.00000000
2018-03-01 09:13:29,0.00047661,9.00000000
2018-03-01 09:13:29,0.00047655,9.00000000
2018-03-01 09:13:29,0.00047655,54.00000000
2018-03-01 09:13:32,0.00047655,8.00000000
2018-03-01 09:13:32,0.00047655,3.00000000
2018-03-01 09:13:32,0.00047670,4.00000000
2018-03-01 09:13:32,0.00047750,51.00000000
2018-03-01 09:13:32,0.00047750,88.00000000
2018-03-01 09:13:33,0.00047662,100.00000000
2018-03-01 09:13:33,0.00047655,9.00000000
2018-03-01 09:13:33,0.00047653,13.00000000
2018-03-01 09:13:33,0.00047652,61.00000000
2018-03-01 09:13:35,0.00047748,74.00000000
2018-03-01 09:13:35,0.00047672,168.00000000
2018-03-01 09:13:36,0.00047672,22.00000000
2018-03-01 09:13:36,0.00047749,56.00000000
2018-03-01 09:13:37,0.00047672,22.00000000
2018-03-01 09:13:37,0.00047723,32.00000000
2018-03-01 09:13:37,0.00047723,10.00000000
2018-03-01 09:13:37,0.00047723,21.00000000
2018-03-01 09:13:38,0.00047723,10.00000000
2018-03-01 09:13:39,0.00047748,59.00000000
2018-03-01 09:13:39,0.00047749,44.00000000
2018-03-01 09:13:40,0.00047749,123.00000000
2018-03-01 09:13:40,0.00047748,263.00000000
2018-03-01 09:13:45,0.00047723,4.00000000
2018-03-01 09:13:45,0.00047698,60.00000000
2018-03-01 09:13:47,0.00047698,145.00000000
2018-03-01 09:13:47,0.00047696,95.00000000
2018-03-01 09:13:47,0.00047790,205.00000000
2018-03-01 09:13:47,0.00047792,5.00000000
2018-03-01 09:13:51,0.00047723,4.00000000
2018-03-01 09:13:51,0.00047700,277.00000000
2018-03-01 09:13:55,0.00047723,361.00000000
2018-03-01 09:13:56,0.00047722,69.00000000
2018-03-01 09:13:57,0.00047701,20.00000000
2018-03-01 09:13:57,0.00047700,330.00000000
2018-03-01 09:13:59,0.00047722,133.00000000
2018-03-01 09:13:59,0.00047723,451.00000000
2018-03-01 09:13:59,0.00047723,18.00000000
2018-03-01 09:14:00,0.00047723,159.00000000
2018-03-01 09:14:00,0.00047722,638.00000000
2018-03-01 09:14:02,0.00047723,1618.00000000
2018-03-01 09:14:03,0.00047724,35.00000000
2018-03-01 09:14:06,0.00047749,31.00000000
2018-03-01 09:14:09,0.00047724,15.00000000
2018-03-01 09:14:09,0.00047723,135.00000000
2018-03-01 09:14:10,0.00047749,13.00000000
2018-03-01 09:14:14,0.00047749,20.00000000
2018-03-01 09:14:16,0.00047749,13.00000000
2018-03-01 09:14:16,0.00047730,267.00000000
2018-03-01 09:14:16,0.00047723,937.00000000
2018-03-01 09:14:16,0.00047705,51.00000000
2018-03-01 09:14:16,0.00047701,15.00000000
2018-03-01 09:14:16,0.00047700,469.00000000
2018-03-01 09:14:16,0.00047697,20.00000000
2018-03-01 09:14:16,0.00047660,143.00000000
2018-03-01 09:14:16,0.00047652,130.00000000
2018-03-01 09:14:16,0.00047650,100.00000000
2018-03-01 09:14:16,0.00047644,30.00000000
2018-03-01 09:14:16,0.00047622,7.00000000
