DATE,PRICE,VOLUME
2018-02-25 00:00:29,0.00057399,45.00000000
2018-02-25 00:00:29,0.00057407,7.00000000
2018-02-25 00:00:29,0.00057481,35.00000000
2018-02-25 00:00:35,0.00057400,4.00000000
2018-02-25 00:01:07,0.00057481,13.00000000
2018-02-25 00:01:07,0.00057485,5.00000000
2018-02-25 00:01:07,0.00057500,33.00000000
2018-02-25 00:01:08,0.00057499,26.00000000
2018-02-25 00:01:13,0.00057480,18.00000000
2018-02-25 00:01:17,0.00057480,2.00000000
2018-02-25 00:01:19,0.00057402,6.00000000
2018-02-25 00:01:19,0.00057401,4.00000000
2018-02-25 00:01:19,0.00057400,8.00000000
2018-02-25 00:01:40,0.00057406,1.00000000
2018-02-25 00:01:58,0.00057406,7.00000000
2018-02-25 00:01:58,0.00057401,100.00000000
2018-02-25 00:01:58,0.00057400,294.00000000
2018-02-25 00:02:06,0.00057406,65.00000000
2018-02-25 00:02:08,0.00057400,4.00000000
2018-02-25 00:02:10,0.00057406,22.00000000
2018-02-25 00:02:27,0.00057405,69.00000000
2018-02-25 00:02:28,0.00057400,11.00000000
2018-02-25 00:02:32,0.00057306,4.00000000
2018-02-25 00:02:32,0.00057300,34.00000000
2018-02-25 00:02:32,0.00057296,56.00000000
2018-02-25 00:02:32,0.00057294,56.00000000
2018-02-25 00:02:38,0.00057394,4.00000000
2018-02-25 00:02:38,0.00057400,14.00000000
2018-02-25 00:02:47,0.00057311,4.00000000
2018-02-25 00:02:47,0.00057305,9.00000000
2018-02-25 00:02:47,0.00057304,5.00000000
2018-02-25 00:03:00,0.00057394,4.00000000
2018-02-25 00:03:05,0.00057400,8.00000000
2018-02-25 00:03:06,0.00057400,22.00000000
2018-02-25 00:03:07,0.00057400,17.00000000
2018-02-25 00:03:07,0.00057400,160.00000000
2018-02-25 00:03:10,0.00057400,26.00000000
2018-02-25 00:03:11,0.00057400,74.00000000
2018-02-25 00:03:12,0.00057405,8.00000000
2018-02-25 00:03:12,0.00057406,44.00000000
2018-02-25 00:03:13,0.00057406,169.00000000
2018-02-25 00:03:15,0.00057485,10.00000000
2018-02-25 00:03:15,0.00057486,4.00000000
2018-02-25 00:03:15,0.00057493,22.00000000
2018-02-25 00:03:20,0.00057408,10.00000000
2018-02-25 00:03:20,0.00057407,2.00000000
2018-02-25 00:03:23,0.00057493,10.00000000
2018-02-25 00:03:23,0.00057494,4.00000000
2018-02-25 00:03:27,0.00057407,174.00000000
2018-02-25 00:03:27,0.00057407,38.00000000
2018-02-25 00:03:33,0.00057488,4.00000000
2018-02-25 00:03:33,0.00057493,30.00000000
2018-02-25 00:03:35,0.00057407,7.00000000
2018-02-25 00:03:43,0.00057493,7.00000000
2018-02-25 00:04:03,0.00057432,69.00000000
2018-02-25 00:04:03,0.00057416,10.00000000
2018-02-25 00:04:03,0.00057413,189.00000000
2018-02-25 00:04:04,0.00057417,9.00000000
2018-02-25 00:04:04,0.00057413,289.00000000
2018-02-25 00:04:05,0.00057493,53.00000000
2018-02-25 00:04:10,0.00057493,9.00000000
2018-02-25 00:04:12,0.00057414,9.00000000
2018-02-25 00:04:12,0.00057407,23.00000000
2018-02-25 00:04:16,0.00057415,9.00000000
2018-02-25 00:04:20,0.00057493,3.00000000
2018-02-25 00:04:27,0.00057493,4.00000000
2018-02-25 00:04:30,0.00057493,18.00000000
2018-02-25 00:04:33,0.00057493,8.00000000
2018-02-25 00:04:34,0.00057404,4.00000000
2018-02-25 00:04:34,0.00057398,100.00000000
2018-02-25 00:04:34,0.00057391,4.00000000
2018-02-25 00:04:34,0.00057378,11.00000000
2018-02-25 00:04:36,0.00057379,10.00000000
2018-02-25 00:04:36,0.00057378,8.00000000
2018-02-25 00:04:55,0.00057443,2.00000000
2018-02-25 00:04:56,0.00057443,18.00000000
2018-02-25 00:04:56,0.00057444,14.00000000
2018-02-25 00:04:56,0.00057444,5.00000000
2018-02-25 00:04:56,0.00057437,4.00000000
2018-02-25 00:05:17,0.00057488,3.00000000
2018-02-25 00:05:26,0.00057399,10.00000000
2018-02-25 00:05:26,0.00057398,4.00000000
2018-02-25 00:05:26,0.00057392,56.00000000
2018-02-25 00:05:26,0.00057384,4.00000000
2018-02-25 00:05:26,0.00057373,45.00000000
2018-02-25 00:05:30,0.00057487,14.00000000
2018-02-25 00:05:30,0.00057488,1.00000000
2018-02-25 00:05:30,0.00057490,2.00000000
2018-02-25 00:05:31,0.00057490,3.00000000
2018-02-25 00:05:32,0.00057383,20.00000000
2018-02-25 00:05:32,0.00057382,4.00000000
2018-02-25 00:05:32,0.00057373,7.00000000
2018-02-25 00:05:32,0.00057340,20.00000000
2018-02-25 00:05:32,0.00057300,90.00000000
2018-02-25 00:05:32,0.00057299,30.00000000
2018-02-25 00:05:45,0.00057340,3.00000000
2018-02-25 00:05:53,0.00057345,4.00000000
2018-02-25 00:05:53,0.00057302,172.00000000
2018-02-25 00:05:53,0.00057300,684.00000000
2018-02-25 00:05:53,0.00057298,140.00000000
2018-02-25 00:05:53,0.00057296,30.00000000
2018-02-25 00:05:53,0.00057286,62.00000000
2018-02-25 00:06:00,0.00057338,9.00000000
2018-02-25 00:06:01,0.00057338,163.00000000
2018-02-25 00:06:01,0.00057340,9.00000000
2018-02-25 00:06:01,0.00057383,10.00000000
2018-02-25 00:06:02,0.00057388,4.00000000
2018-02-25 00:06:02,0.00057393,90.00000000
2018-02-25 00:06:06,0.00057435,28.00000000
2018-02-25 00:06:06,0.00057435,22.00000000
2018-02-25 00:06:06,0.00057436,4.00000000
2018-02-25 00:06:16,0.00057488,4.00000000
2018-02-25 00:06:33,0.00057488,41.00000000
2018-02-25 00:06:33,0.00057488,57.00000000
2018-02-25 00:06:33,0.00057488,148.00000000
2018-02-25 00:06:47,0.00057488,235.00000000
2018-02-25 00:06:55,0.00057487,30.00000000
2018-02-25 00:06:55,0.00057488,214.00000000
2018-02-25 00:07:03,0.00057475,14.00000000
2018-02-25 00:07:17,0.00057400,16.00000000
2018-02-25 00:07:23,0.00057472,3.00000000
2018-02-25 00:07:35,0.00057471,17.00000000
2018-02-25 00:07:38,0.00057471,6.00000000
2018-02-25 00:07:46,0.00057470,45.00000000
2018-02-25 00:07:46,0.00057470,9.00000000
2018-02-25 00:07:50,0.00057398,102.00000000
2018-02-25 00:07:50,0.00057398,26.00000000
2018-02-25 00:07:52,0.00057394,56.00000000
2018-02-25 00:07:52,0.00057393,4.00000000
2018-02-25 00:07:52,0.00057372,212.00000000
2018-02-25 00:07:52,0.00057356,52.00000000
2018-02-25 00:07:52,0.00057340,261.00000000
2018-02-25 00:07:56,0.00057400,2.00000000
2018-02-25 00:07:56,0.00057342,172.00000000
2018-02-25 00:07:56,0.00057340,931.00000000
2018-02-25 00:07:56,0.00057320,155.00000000
2018-02-25 00:07:56,0.00057308,30.00000000
2018-02-25 00:07:56,0.00057286,171.00000000
2018-02-25 00:07:56,0.00057270,210.00000000
2018-02-25 00:07:56,0.00057267,5.00000000
2018-02-25 00:07:56,0.00057250,59.00000000
2018-02-25 00:07:57,0.00057464,7.00000000
2018-02-25 00:08:00,0.00057336,10.00000000
2018-02-25 00:08:00,0.00057334,4.00000000
2018-02-25 00:08:00,0.00057324,139.00000000
2018-02-25 00:08:02,0.00057443,15.00000000
2018-02-25 00:08:04,0.00057436,21.00000000
2018-02-25 00:08:05,0.00057433,129.00000000
2018-02-25 00:08:05,0.00057435,10.00000000
2018-02-25 00:08:05,0.00057449,4.00000000
2018-02-25 00:08:05,0.00057453,52.00000000
2018-02-25 00:08:05,0.00057462,11.00000000
2018-02-25 00:08:05,0.00057469,30.00000000
2018-02-25 00:08:05,0.00057471,5.00000000
2018-02-25 00:08:05,0.00057471,30.00000000
2018-02-25 00:08:05,0.00057471,30.00000000
2018-02-25 00:08:05,0.00057471,30.00000000
2018-02-25 00:08:05,0.00057471,30.00000000
2018-02-25 00:08:08,0.00057351,10.00000000
2018-02-25 00:08:08,0.00057350,30.00000000
2018-02-25 00:08:08,0.00057346,52.00000000
2018-02-25 00:08:08,0.00057339,30.00000000
2018-02-25 00:08:08,0.00057339,30.00000000
2018-02-25 00:08:08,0.00057339,188.00000000
2018-02-25 00:08:08,0.00057339,1059.00000000
2018-02-25 00:08:08,0.00057339,883.00000000
2018-02-25 00:08:08,0.00057339,30.00000000
2018-02-25 00:08:08,0.00057339,16.00000000
2018-02-25 00:08:08,0.00057339,41.00000000
2018-02-25 00:08:08,0.00057339,338.00000000
2018-02-25 00:08:08,0.00057339,30.00000000
2018-02-25 00:08:08,0.00057339,883.00000000
2018-02-25 00:08:08,0.00057339,17.00000000
2018-02-25 00:08:08,0.00057339,200.00000000
2018-02-25 00:08:08,0.00057339,30.00000000
2018-02-25 00:08:08,0.00057339,11.00000000
2018-02-25 00:08:08,0.00057339,19.00000000
2018-02-25 00:08:08,0.00057339,126.00000000
2018-02-25 00:08:08,0.00057339,126.00000000
2018-02-25 00:08:09,0.00057339,975.00000000
2018-02-25 00:08:11,0.00057470,52.00000000
2018-02-25 00:08:11,0.00057471,20.00000000
2018-02-25 00:08:11,0.00057472,19.00000000
2018-02-25 00:08:11,0.00057475,21.00000000
2018-02-25 00:08:11,0.00057488,64.00000000
2018-02-25 00:08:23,0.00057370,20.00000000
2018-02-25 00:08:23,0.00057370,35.00000000
2018-02-25 00:08:23,0.00057370,52.00000000
2018-02-25 00:08:27,0.00057471,2.00000000
2018-02-25 00:08:39,0.00057378,2.00000000
2018-02-25 00:08:39,0.00057378,81.00000000
2018-02-25 00:08:39,0.00057378,28.00000000
2018-02-25 00:08:39,0.00057378,11.00000000
2018-02-25 00:08:39,0.00057378,256.00000000
2018-02-25 00:08:46,0.00057378,10.00000000
2018-02-25 00:08:46,0.00057375,70.00000000
2018-02-25 00:08:46,0.00057370,40.00000000
2018-02-25 00:08:46,0.00057369,6.00000000
2018-02-25 00:08:46,0.00057350,54.00000000
2018-02-25 00:08:46,0.00057340,476.00000000
2018-02-25 00:08:50,0.00057379,9.00000000
2018-02-25 00:08:50,0.00057343,9.00000000
2018-02-25 00:09:20,0.00057448,18.00000000
2018-02-25 00:09:38,0.00057401,9.00000000
2018-02-25 00:09:38,0.00057400,9.00000000
2018-02-25 00:09:43,0.00057402,9.00000000
2018-02-25 00:09:43,0.00057402,3.00000000
2018-02-25 00:09:44,0.00057402,9.00000000
2018-02-25 00:09:45,0.00057402,10.00000000
2018-02-25 00:09:46,0.00057402,8.00000000
2018-02-25 00:09:46,0.00057400,4.00000000
2018-02-25 00:09:47,0.00057400,377.00000000
2018-02-25 00:09:53,0.00057400,221.00000000
2018-02-25 00:09:55,0.00057400,16.00000000
2018-02-25 00:10:10,0.00057401,35.00000000
2018-02-25 00:10:10,0.00057450,20.00000000
2018-02-25 00:10:10,0.00057465,142.00000000
2018-02-25 00:10:12,0.00057400,273.00000000
2018-02-25 00:10:12,0.00057400,22.00000000
2018-02-25 00:10:12,0.00057400,13.00000000
2018-02-25 00:10:12,0.00057354,4.00000000
2018-02-25 00:10:12,0.00057350,290.00000000
2018-02-25 00:10:12,0.00057342,35.00000000
2018-02-25 00:10:12,0.00057340,371.00000000
2018-02-25 00:10:18,0.00057389,38.00000000
2018-02-25 00:10:21,0.00057340,72.00000000
2018-02-25 00:10:45,0.00057389,1.00000000
2018-02-25 00:10:45,0.00057400,17.00000000
2018-02-25 00:10:45,0.00057400,3.00000000
2018-02-25 00:10:51,0.00057400,59.00000000
2018-02-25 00:10:51,0.00057400,8.00000000
2018-02-25 00:10:51,0.00057400,7.00000000
2018-02-25 00:10:51,0.00057400,7.00000000
2018-02-25 00:10:51,0.00057400,52.00000000
2018-02-25 00:10:51,0.00057400,97.00000000
2018-02-25 00:10:53,0.00057400,2.00000000
2018-02-25 00:10:57,0.00057341,9.00000000
2018-02-25 00:10:57,0.00057340,9.00000000
2018-02-25 00:11:01,0.00057341,59.00000000
2018-02-25 00:11:01,0.00057340,3643.00000000
2018-02-25 00:11:01,0.00057340,627.00000000
2018-02-25 00:11:01,0.00057340,15.00000000
2018-02-25 00:11:02,0.00057340,8.00000000
2018-02-25 00:11:04,0.00057340,7.00000000
2018-02-25 00:11:05,0.00057340,32.00000000
2018-02-25 00:11:06,0.00057340,312.00000000
2018-02-25 00:11:16,0.00057360,2.00000000
2018-02-25 00:11:30,0.00057400,18.00000000
2018-02-25 00:11:33,0.00057367,8.00000000
2018-02-25 00:11:33,0.00057364,5.00000000
2018-02-25 00:11:33,0.00057360,5.00000000
2018-02-25 00:11:39,0.00057364,10.00000000
2018-02-25 00:11:47,0.00057365,3.00000000
2018-02-25 00:11:48,0.00057365,50.00000000
2018-02-25 00:11:48,0.00057364,110.00000000
2018-02-25 00:11:49,0.00057364,7.00000000
2018-02-25 00:11:49,0.00057364,105.00000000
2018-02-25 00:11:49,0.00057400,5.00000000
2018-02-25 00:11:55,0.00057399,4.00000000
2018-02-25 00:11:57,0.00057399,3.00000000
2018-02-25 00:11:57,0.00057399,3.00000000
2018-02-25 00:12:04,0.00057400,9.00000000
2018-02-25 00:12:09,0.00057399,5.00000000
2018-02-25 00:12:11,0.00057400,22.00000000
2018-02-25 00:12:11,0.00057450,54.00000000
2018-02-25 00:12:11,0.00057455,61.00000000
2018-02-25 00:12:11,0.00057470,6.00000000
2018-02-25 00:12:11,0.00057471,76.00000000
2018-02-25 00:12:11,0.00057485,288.00000000
2018-02-25 00:12:13,0.00057485,3.00000000
2018-02-25 00:12:16,0.00057485,16.00000000
2018-02-25 00:12:17,0.00057485,76.00000000
2018-02-25 00:12:21,0.00057406,4.00000000
2018-02-25 00:12:21,0.00057400,127.00000000
2018-02-25 00:12:21,0.00057399,392.00000000
2018-02-25 00:12:21,0.00057370,14.00000000
2018-02-25 00:12:22,0.00057373,10.00000000
2018-02-25 00:12:22,0.00057370,38.00000000
2018-02-25 00:12:22,0.00057360,159.00000000
2018-02-25 00:12:23,0.00057316,150.00000000
2018-02-25 00:12:25,0.00057475,20.00000000
2018-02-25 00:12:25,0.00057476,52.00000000
2018-02-25 00:12:25,0.00057483,14.00000000
2018-02-25 00:12:37,0.00057470,8.00000000
2018-02-25 00:12:39,0.00057462,13.00000000
2018-02-25 00:12:55,0.00057430,18.00000000
2018-02-25 00:12:57,0.00057430,8.00000000
2018-02-25 00:12:59,0.00057360,10.00000000
2018-02-25 00:13:07,0.00057406,103.00000000
2018-02-25 00:13:07,0.00057408,4.00000000
2018-02-25 00:13:07,0.00057469,30.00000000
2018-02-25 00:13:07,0.00057470,59.00000000
2018-02-25 00:13:07,0.00057483,5.00000000
2018-02-25 00:13:07,0.00057485,370.00000000
2018-02-25 00:13:07,0.00057485,30.00000000
2018-02-25 00:13:07,0.00057485,30.00000000
2018-02-25 00:13:07,0.00057485,30.00000000
2018-02-25 00:13:07,0.00057485,30.00000000
2018-02-25 00:13:07,0.00057485,30.00000000
2018-02-25 00:13:07,0.00057485,199.00000000
2018-02-25 00:13:08,0.00057485,4.00000000
2018-02-25 00:13:24,0.00057360,7.00000000
2018-02-25 00:13:43,0.00057449,8.00000000
2018-02-25 00:13:43,0.00057450,7.00000000
2018-02-25 00:13:43,0.00057450,13.00000000
2018-02-25 00:13:46,0.00057366,4.00000000
2018-02-25 00:13:46,0.00057360,14.00000000
2018-02-25 00:13:53,0.00057360,220.00000000
2018-02-25 00:14:32,0.00057360,250.00000000
2018-02-25 00:15:01,0.00057360,408.00000000
2018-02-25 00:15:05,0.00057360,6.00000000
2018-02-25 00:15:10,0.00057354,4.00000000
2018-02-25 00:15:13,0.00057354,4.00000000
2018-02-25 00:15:17,0.00057360,18.00000000
2018-02-25 00:15:25,0.00057359,20.00000000
2018-02-25 00:15:25,0.00057359,44.00000000
2018-02-25 00:15:25,0.00057359,5.00000000
2018-02-25 00:15:25,0.00057360,3.00000000
2018-02-25 00:15:26,0.00057360,20.00000000
2018-02-25 00:15:26,0.00057360,19.00000000
2018-02-25 00:15:27,0.00057360,4.00000000
2018-02-25 00:15:27,0.00057360,20.00000000
2018-02-25 00:15:28,0.00057360,15.00000000
2018-02-25 00:15:29,0.00057350,18.00000000
2018-02-25 00:15:29,0.00057448,20.00000000
2018-02-25 00:15:30,0.00057448,383.00000000
2018-02-25 00:15:30,0.00057448,42.00000000
2018-02-25 00:15:30,0.00057448,20.00000000
2018-02-25 00:15:35,0.00057448,4.00000000
2018-02-25 00:15:41,0.00057448,4.00000000
2018-02-25 00:15:42,0.00057448,10.00000000
2018-02-25 00:16:03,0.00057447,11.00000000
2018-02-25 00:16:14,0.00057448,18.00000000
2018-02-25 00:16:17,0.00057369,18.00000000
2018-02-25 00:16:19,0.00057448,3.00000000
2018-02-25 00:17:39,0.00057447,52.00000000
2018-02-25 00:17:39,0.00057448,25.00000000
2018-02-25 00:17:55,0.00057447,5.00000000
2018-02-25 00:17:55,0.00057448,15.00000000
2018-02-25 00:18:00,0.00057447,18.00000000
2018-02-25 00:18:18,0.00057369,18.00000000
2018-02-25 00:18:24,0.00057447,385.00000000
2018-02-25 00:18:26,0.00057448,120.00000000
2018-02-25 00:18:27,0.00057447,1.00000000
2018-02-25 00:18:27,0.00057369,4.00000000
2018-02-25 00:18:30,0.00057447,184.00000000
2018-02-25 00:18:45,0.00057369,92.00000000
2018-02-25 00:18:59,0.00057445,3.00000000
2018-02-25 00:19:12,0.00057369,12.00000000
2018-02-25 00:19:14,0.00057445,47.00000000
2018-02-25 00:19:21,0.00057445,18.00000000
2018-02-25 00:19:24,0.00057369,18.00000000
2018-02-25 00:19:29,0.00057445,19.00000000
2018-02-25 00:19:36,0.00057445,7.00000000
2018-02-25 00:19:40,0.00057369,40.00000000
2018-02-25 00:19:46,0.00057445,18.00000000
2018-02-25 00:19:46,0.00057445,21.00000000
2018-02-25 00:19:46,0.00057447,55.00000000
2018-02-25 00:19:52,0.00057445,211.00000000
2018-02-25 00:19:52,0.00057447,70.00000000
2018-02-25 00:19:55,0.00057369,18.00000000
2018-02-25 00:20:13,0.00057369,184.00000000
2018-02-25 00:20:13,0.00057369,98.00000000
2018-02-25 00:20:14,0.00057369,3.00000000
2018-02-25 00:20:14,0.00057369,52.00000000
2018-02-25 00:20:14,0.00057369,15.00000000
2018-02-25 00:20:14,0.00057369,20.00000000
2018-02-25 00:20:14,0.00057369,17.00000000
2018-02-25 00:20:14,0.00057369,47.00000000
2018-02-25 00:20:28,0.00057443,10.00000000
2018-02-25 00:20:28,0.00057444,10.00000000
2018-02-25 00:20:28,0.00057447,27.00000000
2018-02-25 00:20:39,0.00057447,20.00000000
2018-02-25 00:20:39,0.00057357,4.00000000
2018-02-25 00:20:39,0.00057351,20.00000000
2018-02-25 00:20:39,0.00057350,1.00000000
2018-02-25 00:20:55,0.00057350,18.00000000
2018-02-25 00:21:33,0.00057350,28.00000000
2018-02-25 00:21:33,0.00057442,20.00000000
2018-02-25 00:21:33,0.00057443,1964.00000000
2018-02-25 00:21:41,0.00057436,4.00000000
2018-02-25 00:21:41,0.00057447,16.00000000
2018-02-25 00:21:54,0.00057442,20.00000000
2018-02-25 00:21:55,0.00057442,27.00000000
2018-02-25 00:21:55,0.00057442,4.00000000
2018-02-25 00:21:55,0.00057442,6.00000000
2018-02-25 00:22:08,0.00057374,10.00000000
2018-02-25 00:22:12,0.00057441,16.00000000
2018-02-25 00:22:12,0.00057442,54.00000000
2018-02-25 00:22:12,0.00057374,1.00000000
2018-02-25 00:22:24,0.00057376,42.00000000
2018-02-25 00:22:25,0.00057374,54.00000000
2018-02-25 00:22:29,0.00057374,460.00000000
2018-02-25 00:22:36,0.00057374,6.00000000
2018-02-25 00:22:43,0.00057354,10.00000000
2018-02-25 00:22:43,0.00057353,12.00000000
2018-02-25 00:22:46,0.00057440,2.00000000
2018-02-25 00:22:54,0.00057374,12.00000000
2018-02-25 00:23:01,0.00057374,76.00000000
2018-02-25 00:23:02,0.00057374,35.00000000
2018-02-25 00:23:15,0.00057374,9.00000000
2018-02-25 00:23:16,0.00057374,5.00000000
2018-02-25 00:23:16,0.00057374,9.00000000
2018-02-25 00:23:17,0.00057374,14.00000000
2018-02-25 00:23:18,0.00057374,95.00000000
2018-02-25 00:23:21,0.00057374,32.00000000
2018-02-25 00:23:23,0.00057374,12.00000000
2018-02-25 00:23:26,0.00057370,160.00000000
2018-02-25 00:23:27,0.00057370,156.00000000
2018-02-25 00:23:40,0.00057370,16.00000000
2018-02-25 00:23:46,0.00057369,18.00000000
2018-02-25 00:23:47,0.00057370,27.00000000
2018-02-25 00:23:57,0.00057370,13.00000000
2018-02-25 00:23:59,0.00057360,62.00000000
2018-02-25 00:24:03,0.00057370,138.00000000
2018-02-25 00:24:08,0.00057370,7.00000000
2018-02-25 00:24:09,0.00057360,220.00000000
2018-02-25 00:24:11,0.00057360,14.00000000
2018-02-25 00:24:11,0.00057370,20.00000000
2018-02-25 00:24:17,0.00057370,39.00000000
2018-02-25 00:24:18,0.00057374,18.00000000
2018-02-25 00:24:18,0.00057353,1474.00000000
2018-02-25 00:24:18,0.00057350,180.00000000
2018-02-25 00:24:18,0.00057340,738.00000000
2018-02-25 00:24:18,0.00057333,52.00000000
2018-02-25 00:24:18,0.00057320,59.00000000
2018-02-25 00:24:18,0.00057313,4.00000000
2018-02-25 00:24:18,0.00057309,48.00000000
2018-02-25 00:24:22,0.00057374,4.00000000
2018-02-25 00:24:23,0.00057374,3.00000000
2018-02-25 00:24:35,0.00057374,31.00000000
2018-02-25 00:25:03,0.00057374,37.00000000
2018-02-25 00:25:04,0.00057431,10.00000000
2018-02-25 00:25:04,0.00057432,18.00000000
2018-02-25 00:25:09,0.00057432,2.00000000
2018-02-25 00:25:12,0.00057432,28.00000000
2018-02-25 00:25:15,0.00057432,106.00000000
2018-02-25 00:25:19,0.00057374,44.00000000
2018-02-25 00:25:19,0.00057304,10.00000000
2018-02-25 00:25:19,0.00057302,30.00000000
2018-02-25 00:25:19,0.00057301,34.00000000
2018-02-25 00:25:19,0.00057300,612.00000000
2018-02-25 00:25:30,0.00057429,62.00000000
2018-02-25 00:25:30,0.00057429,290.00000000
2018-02-25 00:25:33,0.00057429,62.00000000
2018-02-25 00:25:33,0.00057313,10.00000000
2018-02-25 00:25:33,0.00057307,58.00000000
2018-02-25 00:25:47,0.00057325,10.00000000
2018-02-25 00:25:47,0.00057323,4.00000000
2018-02-25 00:25:47,0.00057314,52.00000000
2018-02-25 00:25:47,0.00057307,19.00000000
2018-02-25 00:25:56,0.00057422,20.00000000
2018-02-25 00:25:56,0.00057423,52.00000000
2018-02-25 00:25:56,0.00057432,78.00000000
2018-02-25 00:26:03,0.00057426,4.00000000
2018-02-25 00:26:03,0.00057432,55.00000000
2018-02-25 00:26:09,0.00057432,74.00000000
2018-02-25 00:26:10,0.00057440,18.00000000
2018-02-25 00:26:12,0.00057440,102.00000000
2018-02-25 00:26:12,0.00057442,14.00000000
2018-02-25 00:26:12,0.00057445,34.00000000
2018-02-25 00:26:12,0.00057447,239.00000000
2018-02-25 00:26:22,0.00057447,18.00000000
2018-02-25 00:26:26,0.00057432,67.00000000
2018-02-25 00:26:32,0.00057432,3.00000000
2018-02-25 00:26:43,0.00057432,7.00000000
2018-02-25 00:26:43,0.00057447,11.00000000
2018-02-25 00:26:53,0.00057447,10.00000000
2018-02-25 00:26:55,0.00057362,10.00000000
2018-02-25 00:26:55,0.00057361,8.00000000
2018-02-25 00:27:04,0.00057447,392.00000000
2018-02-25 00:27:05,0.00057447,9.00000000
2018-02-25 00:27:05,0.00057448,13.00000000
2018-02-25 00:27:06,0.00057448,271.00000000
2018-02-25 00:27:07,0.00057450,26.00000000
2018-02-25 00:27:10,0.00057450,18.00000000
2018-02-25 00:27:18,0.00057450,3.00000000
2018-02-25 00:27:34,0.00057432,18.00000000
2018-02-25 00:27:37,0.00057450,8.00000000
2018-02-25 00:27:56,0.00057450,18.00000000
2018-02-25 00:27:59,0.00057451,9.00000000
2018-02-25 00:27:59,0.00057450,9.00000000
2018-02-25 00:28:06,0.00057481,42.00000000
2018-02-25 00:28:06,0.00057488,4.00000000
2018-02-25 00:28:06,0.00057489,73.00000000
2018-02-25 00:28:06,0.00057491,6.00000000
2018-02-25 00:28:12,0.00057451,9.00000000
2018-02-25 00:28:12,0.00057450,18.00000000
2018-02-25 00:28:20,0.00057451,9.00000000
2018-02-25 00:28:20,0.00057450,9.00000000
2018-02-25 00:28:26,0.00057452,9.00000000
2018-02-25 00:28:26,0.00057450,17.00000000
2018-02-25 00:28:32,0.00057450,18.00000000
2018-02-25 00:28:33,0.00057450,56.00000000
2018-02-25 00:28:36,0.00057450,16.00000000
2018-02-25 00:28:41,0.00057450,9.00000000
2018-02-25 00:28:47,0.00057403,18.00000000
2018-02-25 00:28:53,0.00057403,24.00000000
2018-02-25 00:28:53,0.00057363,6.00000000
2018-02-25 00:28:53,0.00057361,44.00000000
2018-02-25 00:28:53,0.00057360,46.00000000
2018-02-25 00:28:56,0.00057450,18.00000000
2018-02-25 00:28:57,0.00057366,4.00000000
2018-02-25 00:28:57,0.00057360,975.00000000
2018-02-25 00:28:57,0.00057360,3.00000000
2018-02-25 00:28:58,0.00057360,86.00000000
2018-02-25 00:28:58,0.00057354,4.00000000
2018-02-25 00:29:02,0.00057360,18.00000000
2018-02-25 00:29:08,0.00057360,10.00000000
2018-02-25 00:29:09,0.00057360,3.00000000
2018-02-25 00:29:14,0.00057360,52.00000000
2018-02-25 00:29:14,0.00057360,52.00000000
2018-02-25 00:29:14,0.00057360,19.00000000
2018-02-25 00:29:14,0.00057360,19.00000000
2018-02-25 00:29:16,0.00057360,290.00000000
2018-02-25 00:29:17,0.00057360,2.00000000
2018-02-25 00:29:26,0.00057360,20.00000000
2018-02-25 00:29:29,0.00057360,219.00000000
2018-02-25 00:29:29,0.00057360,52.00000000
2018-02-25 00:29:30,0.00057360,24.00000000
2018-02-25 00:29:38,0.00057444,2.00000000
2018-02-25 00:29:41,0.00057444,2.00000000
2018-02-25 00:29:41,0.00057449,28.00000000
2018-02-25 00:29:41,0.00057363,18.00000000
2018-02-25 00:29:48,0.00057449,31.00000000
2018-02-25 00:29:49,0.00057450,287.00000000
2018-02-25 00:29:53,0.00057449,18.00000000
2018-02-25 00:29:56,0.00057369,4.00000000
2018-02-25 00:29:56,0.00057363,14.00000000
2018-02-25 00:29:58,0.00057443,4.00000000
2018-02-25 00:29:58,0.00057449,17.00000000
2018-02-25 00:29:58,0.00057450,29.00000000
2018-02-25 00:30:12,0.00057363,18.00000000
2018-02-25 00:30:12,0.00057450,240.00000000
2018-02-25 00:30:14,0.00057450,40.00000000
2018-02-25 00:30:18,0.00057450,119.00000000
2018-02-25 00:30:36,0.00057450,18.00000000
2018-02-25 00:30:41,0.00057450,174.00000000
2018-02-25 00:31:00,0.00057450,18.00000000
2018-02-25 00:31:21,0.00057369,18.00000000
2018-02-25 00:31:24,0.00057370,3.00000000
2018-02-25 00:31:28,0.00057448,1.00000000
2018-02-25 00:31:39,0.00057371,2.00000000
2018-02-25 00:31:42,0.00057371,18.00000000
2018-02-25 00:31:54,0.00057371,233.00000000
2018-02-25 00:31:54,0.00057370,416.00000000
2018-02-25 00:32:12,0.00057448,289.00000000
2018-02-25 00:32:12,0.00057450,520.00000000
2018-02-25 00:32:12,0.00057486,30.00000000
2018-02-25 00:32:12,0.00057491,155.00000000
2018-02-25 00:32:15,0.00057490,10.00000000
2018-02-25 00:32:15,0.00057491,20.00000000
2018-02-25 00:32:28,0.00057491,42.00000000
2018-02-25 00:32:34,0.00057491,18.00000000
2018-02-25 00:33:01,0.00057387,18.00000000
2018-02-25 00:33:19,0.00057452,1.00000000
2018-02-25 00:33:28,0.00057394,9.00000000
2018-02-25 00:33:28,0.00057393,49.00000000
2018-02-25 00:33:28,0.00057387,643.00000000
2018-02-25 00:33:28,0.00057387,152.00000000
2018-02-25 00:33:28,0.00057387,201.00000000
2018-02-25 00:33:39,0.00057488,20.00000000
2018-02-25 00:33:39,0.00057489,105.00000000
2018-02-25 00:33:47,0.00057489,43.00000000
2018-02-25 00:33:56,0.00057449,4.00000000
2018-02-25 00:34:02,0.00057449,18.00000000
2018-02-25 00:34:02,0.00057489,36.00000000
2018-02-25 00:34:19,0.00057487,18.00000000
2018-02-25 00:34:47,0.00057388,18.00000000
2018-02-25 00:34:49,0.00057387,1.00000000
2018-02-25 00:34:54,0.00057485,16.00000000
2018-02-25 00:34:55,0.00057485,2.00000000
2018-02-25 00:34:55,0.00057486,22.00000000
2018-02-25 00:35:06,0.00057486,32.00000000
2018-02-25 00:35:06,0.00057487,105.00000000
2018-02-25 00:35:07,0.00057487,30.00000000
2018-02-25 00:35:08,0.00057488,4.00000000
2018-02-25 00:35:09,0.00057487,210.00000000
2018-02-25 00:35:13,0.00057487,5.00000000
2018-02-25 00:35:26,0.00057488,41.00000000
2018-02-25 00:35:26,0.00057491,507.00000000
2018-02-25 00:35:31,0.00057491,92.00000000
2018-02-25 00:35:33,0.00057487,63.00000000
2018-02-25 00:35:37,0.00057487,52.00000000
2018-02-25 00:35:37,0.00057487,723.00000000
2018-02-25 00:35:51,0.00057450,4.00000000
2018-02-25 00:36:02,0.00057487,18.00000000
2018-02-25 00:36:04,0.00057487,2.00000000
2018-02-25 00:36:05,0.00057487,102.00000000
2018-02-25 00:36:05,0.00057491,17.00000000
2018-02-25 00:36:08,0.00057397,18.00000000
2018-02-25 00:36:12,0.00057458,59.00000000
2018-02-25 00:36:12,0.00057491,2.00000000
2018-02-25 00:36:28,0.00057406,4.00000000
2018-02-25 00:36:28,0.00057400,46.00000000
2018-02-25 00:36:29,0.00057483,8.00000000
2018-02-25 00:36:29,0.00057484,4.00000000
2018-02-25 00:36:29,0.00057491,6.00000000
2018-02-25 00:36:38,0.00057491,18.00000000
2018-02-25 00:36:47,0.00057406,4.00000000
2018-02-25 00:36:47,0.00057400,14.00000000
2018-02-25 00:37:07,0.00057401,161.00000000
2018-02-25 00:37:21,0.00057485,4.00000000
2018-02-25 00:37:21,0.00057491,171.00000000
2018-02-25 00:37:21,0.00057494,148.00000000
2018-02-25 00:37:22,0.00057499,10.00000000
2018-02-25 00:37:22,0.00057500,201.00000000
2018-02-25 00:37:22,0.00057500,100.00000000
2018-02-25 00:37:39,0.00057500,344.00000000
2018-02-25 00:37:48,0.00057451,10.00000000
2018-02-25 00:37:48,0.00057450,8.00000000
2018-02-25 00:37:52,0.00057500,263.00000000
2018-02-25 00:37:52,0.00057500,6.00000000
2018-02-25 00:37:53,0.00057500,436.00000000
2018-02-25 00:37:53,0.00057479,47.00000000
2018-02-25 00:37:54,0.00057477,47.00000000
2018-02-25 00:37:54,0.00057450,36.00000000
2018-02-25 00:37:55,0.00057490,3.00000000
2018-02-25 00:37:55,0.00057451,2.00000000
2018-02-25 00:37:56,0.00057451,7.00000000
2018-02-25 00:37:56,0.00057412,8.00000000
2018-02-25 00:37:56,0.00057410,2.00000000
2018-02-25 00:37:57,0.00057420,4.00000000
2018-02-25 00:37:57,0.00057527,4.00000000
2018-02-25 00:37:57,0.00057550,14.00000000
2018-02-25 00:37:59,0.00057422,171.00000000
2018-02-25 00:38:03,0.00057421,18.00000000
2018-02-25 00:38:10,0.00057421,43.00000000
2018-02-25 00:38:10,0.00057419,111.00000000
2018-02-25 00:38:12,0.00057408,101.00000000
2018-02-25 00:38:13,0.00057419,7.00000000
2018-02-25 00:38:17,0.00057411,4.00000000
2018-02-25 00:38:19,0.00057408,4.00000000
2018-02-25 00:38:20,0.00057411,3.00000000
2018-02-25 00:38:21,0.00057411,18.00000000
2018-02-25 00:38:24,0.00057408,18.00000000
2018-02-25 00:38:24,0.00057411,2.00000000
2018-02-25 00:38:27,0.00057411,28.00000000
2018-02-25 00:38:37,0.00057421,92.00000000
2018-02-25 00:38:47,0.00057401,447.00000000
2018-02-25 00:38:47,0.00057400,853.00000000
2018-02-25 00:38:54,0.00057421,18.00000000
2018-02-25 00:38:54,0.00057405,44.00000000
2018-02-25 00:38:54,0.00057400,993.00000000
2018-02-25 00:39:02,0.00057400,58.00000000
2018-02-25 00:39:03,0.00057400,18.00000000
2018-02-25 00:39:04,0.00057400,93.00000000
2018-02-25 00:39:11,0.00057400,167.00000000
2018-02-25 00:39:12,0.00057420,520.00000000
2018-02-25 00:39:12,0.00057421,211.00000000
2018-02-25 00:39:12,0.00057535,141.00000000
2018-02-25 00:39:12,0.00057550,71.00000000
2018-02-25 00:39:12,0.00057553,149.00000000
2018-02-25 00:39:12,0.00057557,35.00000000
2018-02-25 00:39:28,0.00057557,71.00000000
2018-02-25 00:39:33,0.00057447,2.00000000
2018-02-25 00:39:45,0.00057447,5.00000000
2018-02-25 00:39:49,0.00057447,2.00000000
2018-02-25 00:39:50,0.00057447,41.00000000
2018-02-25 00:39:54,0.00057442,29.00000000
2018-02-25 00:40:13,0.00057442,43.00000000
2018-02-25 00:40:13,0.00057537,4.00000000
2018-02-25 00:40:13,0.00057542,14.00000000
2018-02-25 00:40:22,0.00057542,4.00000000
2018-02-25 00:40:22,0.00057542,3.00000000
2018-02-25 00:40:26,0.00057542,86.00000000
2018-02-25 00:40:26,0.00057542,14.00000000
2018-02-25 00:40:27,0.00057542,43.00000000
2018-02-25 00:40:31,0.00057542,18.00000000
2018-02-25 00:40:52,0.00057543,10.00000000
2018-02-25 00:40:52,0.00057543,108.00000000
2018-02-25 00:41:12,0.00057549,18.00000000
2018-02-25 00:41:12,0.00057550,54.00000000
2018-02-25 00:41:13,0.00057556,20.00000000
2018-02-25 00:41:13,0.00057557,33.00000000
2018-02-25 00:41:14,0.00057557,52.00000000
2018-02-25 00:41:14,0.00057557,39.00000000
2018-02-25 00:41:14,0.00057557,52.00000000
2018-02-25 00:41:14,0.00057557,52.00000000
2018-02-25 00:41:15,0.00057557,2.00000000
2018-02-25 00:41:23,0.00057600,2.00000000
2018-02-25 00:41:23,0.00057600,7.00000000
2018-02-25 00:41:25,0.00057599,18.00000000
2018-02-25 00:41:27,0.00057599,38.00000000
2018-02-25 00:41:31,0.00057580,2.00000000
2018-02-25 00:41:31,0.00057580,18.00000000
2018-02-25 00:41:38,0.00057580,8.00000000
2018-02-25 00:41:40,0.00057580,2.00000000
2018-02-25 00:41:40,0.00057580,10.00000000
2018-02-25 00:41:45,0.00057580,7.00000000
2018-02-25 00:41:47,0.00057543,18.00000000
2018-02-25 00:41:53,0.00057580,14.00000000
2018-02-25 00:41:54,0.00057580,6.00000000
2018-02-25 00:41:55,0.00057580,13.00000000
2018-02-25 00:42:01,0.00057580,23.00000000
2018-02-25 00:42:01,0.00057580,28.00000000
2018-02-25 00:42:01,0.00057580,4.00000000
2018-02-25 00:42:01,0.00057580,4.00000000
2018-02-25 00:42:01,0.00057580,5.00000000
2018-02-25 00:42:01,0.00057580,3.00000000
2018-02-25 00:42:01,0.00057557,23.00000000
2018-02-25 00:42:02,0.00057557,18.00000000
2018-02-25 00:42:02,0.00057580,2.00000000
2018-02-25 00:42:09,0.00057580,32.00000000
2018-02-25 00:42:09,0.00057599,44.00000000
2018-02-25 00:42:09,0.00057600,174.00000000
2018-02-25 00:42:12,0.00057600,35.00000000
2018-02-25 00:42:14,0.00057600,5.00000000
2018-02-25 00:42:16,0.00057600,454.00000000
2018-02-25 00:42:16,0.00057600,222.00000000
2018-02-25 00:42:17,0.00057600,10.00000000
2018-02-25 00:42:17,0.00057600,180.00000000
2018-02-25 00:42:17,0.00057600,111.00000000
2018-02-25 00:42:19,0.00057600,14.00000000
2018-02-25 00:42:22,0.00057600,76.00000000
2018-02-25 00:42:24,0.00057600,2.00000000
2018-02-25 00:42:39,0.00057600,94.00000000
2018-02-25 00:42:40,0.00057600,1634.00000000
2018-02-25 00:42:50,0.00057600,500.00000000
2018-02-25 00:42:52,0.00057600,11.00000000
2018-02-25 00:42:56,0.00057600,12.00000000
2018-02-25 00:43:01,0.00057600,19.00000000
2018-02-25 00:43:03,0.00057600,206.00000000
2018-02-25 00:43:04,0.00057599,18.00000000
2018-02-25 00:43:16,0.00057599,15.00000000
2018-02-25 00:43:17,0.00057583,8.00000000
2018-02-25 00:43:17,0.00057580,360.00000000
2018-02-25 00:43:17,0.00057557,49.00000000
2018-02-25 00:43:17,0.00057543,163.00000000
2018-02-25 00:43:17,0.00057542,168.00000000
2018-02-25 00:43:17,0.00057541,84.00000000
2018-02-25 00:43:17,0.00057540,252.00000000
2018-02-25 00:43:17,0.00057489,22.00000000
2018-02-25 00:43:17,0.00057460,20.00000000
2018-02-25 00:43:23,0.00057598,10.00000000
2018-02-25 00:43:23,0.00057599,8.00000000
2018-02-25 00:43:31,0.00057595,4.00000000
2018-02-25 00:43:32,0.00057595,4.00000000
2018-02-25 00:43:33,0.00057595,9.00000000
2018-02-25 00:43:33,0.00057595,9.00000000
2018-02-25 00:43:45,0.00057513,10.00000000
2018-02-25 00:43:57,0.00057489,22.00000000
2018-02-25 00:43:57,0.00057460,283.00000000
2018-02-25 00:44:02,0.00057460,500.00000000
2018-02-25 00:44:13,0.00057491,10.00000000
2018-02-25 00:44:13,0.00057486,4.00000000
2018-02-25 00:44:13,0.00057464,52.00000000
2018-02-25 00:44:13,0.00057460,170.00000000
2018-02-25 00:44:19,0.00057577,20.00000000
2018-02-25 00:44:19,0.00057578,4.00000000
2018-02-25 00:44:19,0.00057583,32.00000000
2018-02-25 00:44:40,0.00057591,17.00000000
2018-02-25 00:44:41,0.00057583,6.00000000
2018-02-25 00:44:47,0.00057591,67.00000000
2018-02-25 00:44:47,0.00057591,17.00000000
2018-02-25 00:44:50,0.00057505,10.00000000
2018-02-25 00:44:50,0.00057504,5.00000000
2018-02-25 00:44:50,0.00057495,5.00000000
2018-02-25 00:44:50,0.00057489,22.00000000
2018-02-25 00:44:50,0.00057475,12.00000000
2018-02-25 00:44:50,0.00057461,50.00000000
2018-02-25 00:44:50,0.00057460,892.00000000
2018-02-25 00:45:11,0.00057473,10.00000000
2018-02-25 00:45:11,0.00057472,4.00000000
2018-02-25 00:45:11,0.00057460,400.00000000
2018-02-25 00:45:11,0.00057460,10.00000000
2018-02-25 00:45:13,0.00057451,4.00000000
2018-02-25 00:45:14,0.00057460,251.00000000
2018-02-25 00:45:14,0.00057460,67.00000000
2018-02-25 00:45:16,0.00057465,18.00000000
2018-02-25 00:45:21,0.00057464,10.00000000
2018-02-25 00:45:21,0.00057465,34.00000000
2018-02-25 00:45:21,0.00057465,26.00000000
2018-02-25 00:45:22,0.00057451,18.00000000
2018-02-25 00:45:29,0.00057467,9.00000000
2018-02-25 00:45:33,0.00057467,4.00000000
2018-02-25 00:45:40,0.00057458,4.00000000
2018-02-25 00:45:40,0.00057467,24.00000000
2018-02-25 00:45:41,0.00057467,4.00000000
2018-02-25 00:45:45,0.00057457,174.00000000
2018-02-25 00:45:45,0.00057455,30.00000000
2018-02-25 00:45:45,0.00057452,34.00000000
2018-02-25 00:45:45,0.00057451,700.00000000
2018-02-25 00:45:45,0.00057451,30.00000000
2018-02-25 00:45:45,0.00057451,30.00000000
2018-02-25 00:45:45,0.00057451,30.00000000
2018-02-25 00:45:46,0.00057449,4.00000000
2018-02-25 00:45:48,0.00057442,9.00000000
2018-02-25 00:45:48,0.00057442,4.00000000
2018-02-25 00:45:56,0.00057442,33.00000000
2018-02-25 00:45:58,0.00057438,100.00000000
2018-02-25 00:46:13,0.00057438,14.00000000
2018-02-25 00:46:16,0.00057421,9.00000000
2018-02-25 00:46:16,0.00057420,696.00000000
2018-02-25 00:46:25,0.00057433,56.00000000
2018-02-25 00:46:27,0.00057433,7.00000000
2018-02-25 00:46:27,0.00057422,9.00000000
2018-02-25 00:46:27,0.00057420,155.00000000
2018-02-25 00:46:44,0.00057435,17.00000000
2018-02-25 00:46:44,0.00057435,8.00000000
2018-02-25 00:46:46,0.00057435,18.00000000
2018-02-25 00:46:49,0.00057421,9.00000000
2018-02-25 00:46:49,0.00057420,9.00000000
2018-02-25 00:47:15,0.00057433,1.00000000
2018-02-25 00:47:16,0.00057433,6.00000000
2018-02-25 00:47:27,0.00057420,4.00000000
2018-02-25 00:47:27,0.00057433,3.00000000
2018-02-25 00:47:27,0.00057435,12.00000000
2018-02-25 00:47:36,0.00057449,7.00000000
2018-02-25 00:47:56,0.00057421,7.00000000
2018-02-25 00:48:01,0.00057420,8.00000000
2018-02-25 00:48:13,0.00057449,27.00000000
2018-02-25 00:48:20,0.00057420,54.00000000
2018-02-25 00:48:33,0.00057420,19.00000000
2018-02-25 00:48:44,0.00057436,15.00000000
2018-02-25 00:48:50,0.00057420,162.00000000
2018-02-25 00:48:58,0.00057420,30.00000000
2018-02-25 00:49:02,0.00057420,10.00000000
2018-02-25 00:49:02,0.00057420,10.00000000
2018-02-25 00:49:02,0.00057420,3.00000000
2018-02-25 00:49:02,0.00057420,17.00000000
2018-02-25 00:49:03,0.00057420,6.00000000
2018-02-25 00:49:03,0.00057420,81.00000000
2018-02-25 00:49:14,0.00057415,24.00000000
2018-02-25 00:49:14,0.00057420,185.00000000
2018-02-25 00:49:21,0.00057420,30.00000000
2018-02-25 00:49:29,0.00057420,2.00000000
2018-02-25 00:49:35,0.00057420,3.00000000
2018-02-25 00:49:38,0.00057407,4.00000000
2018-02-25 00:49:39,0.00057401,5.00000000
2018-02-25 00:49:49,0.00057401,5.00000000
2018-02-25 00:49:59,0.00057401,8.00000000
2018-02-25 00:50:03,0.00057401,90.00000000
2018-02-25 00:50:04,0.00057401,5.00000000
2018-02-25 00:50:13,0.00057401,12.00000000
2018-02-25 00:50:26,0.00057401,60.00000000
2018-02-25 00:50:30,0.00057401,23.00000000
2018-02-25 00:50:30,0.00057400,710.00000000
2018-02-25 00:50:37,0.00057400,66.00000000
2018-02-25 00:50:39,0.00057400,5.00000000
2018-02-25 00:50:52,0.00057407,72.00000000
2018-02-25 00:50:59,0.00057382,11.00000000
2018-02-25 00:51:05,0.00057382,6.00000000
2018-02-25 00:51:05,0.00057381,69.00000000
2018-02-25 00:51:07,0.00057381,87.00000000
2018-02-25 00:51:07,0.00057370,13.00000000
2018-02-25 00:51:12,0.00057370,619.00000000
2018-02-25 00:51:15,0.00057370,200.00000000
2018-02-25 00:51:32,0.00057370,119.00000000
2018-02-25 00:51:34,0.00057363,16.00000000
2018-02-25 00:51:34,0.00057360,9.00000000
2018-02-25 00:51:48,0.00057370,3.00000000
2018-02-25 00:51:57,0.00057360,3.00000000
2018-02-25 00:51:57,0.00057370,58.00000000
2018-02-25 00:52:06,0.00057370,6.00000000
2018-02-25 00:52:07,0.00057360,2.00000000
2018-02-25 00:52:07,0.00057350,4.00000000
2018-02-25 00:52:07,0.00057345,60.00000000
2018-02-25 00:52:07,0.00057337,11.00000000
2018-02-25 00:52:07,0.00057312,4.00000000
2018-02-25 00:52:07,0.00057300,319.00000000
2018-02-25 00:52:22,0.00057370,18.00000000
2018-02-25 00:52:25,0.00057370,2.00000000
2018-02-25 00:52:25,0.00057300,18.00000000
2018-02-25 00:52:25,0.00057370,4.00000000
2018-02-25 00:52:29,0.00057370,804.00000000
2018-02-25 00:52:30,0.00057370,19.00000000
2018-02-25 00:52:37,0.00057370,18.00000000
2018-02-25 00:52:40,0.00057370,174.00000000
2018-02-25 00:52:48,0.00057370,139.00000000
2018-02-25 00:52:53,0.00057305,3.00000000
2018-02-25 00:53:10,0.00057370,135.00000000
2018-02-25 00:53:28,0.00057317,4.00000000
2018-02-25 00:53:28,0.00057310,4.00000000
2018-02-25 00:53:28,0.00057305,10.00000000
2018-02-25 00:53:40,0.00057370,2.00000000
2018-02-25 00:53:40,0.00057413,4.00000000
2018-02-25 00:53:40,0.00057414,4.00000000
2018-02-25 00:53:40,0.00057419,8.00000000
2018-02-25 00:54:07,0.00057383,4.00000000
2018-02-25 00:54:13,0.00057312,10.00000000
2018-02-25 00:54:13,0.00057311,4.00000000
2018-02-25 00:54:13,0.00057305,197.00000000
2018-02-25 00:54:13,0.00057300,289.00000000
2018-02-25 00:54:13,0.00057418,10.00000000
2018-02-25 00:54:13,0.00057419,182.00000000
2018-02-25 00:54:13,0.00057420,50.00000000
2018-02-25 00:54:13,0.00057498,37.00000000
2018-02-25 00:54:17,0.00057491,6.00000000
2018-02-25 00:54:20,0.00057347,10.00000000
2018-02-25 00:54:20,0.00057346,8.00000000
2018-02-25 00:54:33,0.00057359,12.00000000
2018-02-25 00:54:33,0.00057356,26.00000000
2018-02-25 00:54:38,0.00057415,4.00000000
2018-02-25 00:54:38,0.00057421,6.00000000
2018-02-25 00:54:54,0.00057412,25.00000000
2018-02-25 00:55:03,0.00057420,4.00000000
2018-02-25 00:55:03,0.00057421,232.00000000
2018-02-25 00:55:03,0.00057421,99.00000000
2018-02-25 00:55:11,0.00057421,17.00000000
2018-02-25 00:55:13,0.00057421,69.00000000
2018-02-25 00:55:16,0.00057399,4.00000000
2018-02-25 00:55:35,0.00057398,9.00000000
2018-02-25 00:55:35,0.00057397,25.00000000
2018-02-25 00:55:35,0.00057354,4.00000000
2018-02-25 00:55:35,0.00057346,5.00000000
2018-02-25 00:55:36,0.00057346,25.00000000
2018-02-25 00:55:39,0.00057300,372.00000000
2018-02-25 00:56:17,0.00057301,9.00000000
2018-02-25 00:56:17,0.00057300,186.00000000
2018-02-25 00:56:25,0.00057345,39.00000000
2018-02-25 00:56:32,0.00057301,9.00000000
2018-02-25 00:56:32,0.00057300,45.00000000
2018-02-25 00:56:39,0.00057345,18.00000000
2018-02-25 00:56:43,0.00057345,17.00000000
2018-02-25 00:56:45,0.00057300,8.00000000
2018-02-25 00:56:45,0.00057274,10.00000000
2018-02-25 00:56:59,0.00057275,9.00000000
2018-02-25 00:56:59,0.00057274,27.00000000
2018-02-25 00:56:59,0.00057273,16.00000000
2018-02-25 00:57:16,0.00057273,12.00000000
2018-02-25 00:57:20,0.00057346,17.00000000
2018-02-25 00:57:51,0.00057346,7.00000000
2018-02-25 00:57:57,0.00057346,18.00000000
2018-02-25 00:57:58,0.00057346,14.00000000
2018-02-25 00:58:11,0.00057400,2.00000000
2018-02-25 00:58:12,0.00057400,9.00000000
2018-02-25 00:58:12,0.00057420,111.00000000
2018-02-25 00:58:13,0.00057420,40.00000000
2018-02-25 00:58:16,0.00057420,18.00000000
2018-02-25 00:58:31,0.00057349,9.00000000
2018-02-25 00:58:31,0.00057348,9.00000000
2018-02-25 00:58:37,0.00057420,30.00000000
2018-02-25 00:58:40,0.00057420,18.00000000
2018-02-25 00:58:49,0.00057351,9.00000000
2018-02-25 00:58:49,0.00057350,9.00000000
2018-02-25 00:58:52,0.00057420,18.00000000
2018-02-25 00:58:59,0.00057352,4.00000000
2018-02-25 00:59:01,0.00057352,5.00000000
2018-02-25 00:59:01,0.00057351,9.00000000
2018-02-25 00:59:01,0.00057350,4.00000000
2018-02-25 00:59:04,0.00057419,22.00000000
2018-02-25 00:59:04,0.00057420,15.00000000
2018-02-25 00:59:09,0.00057419,5.00000000
2018-02-25 00:59:09,0.00057420,70.00000000
2018-02-25 00:59:19,0.00057414,14.00000000
2018-02-25 00:59:37,0.00057375,2.00000000
2018-02-25 00:59:49,0.00057375,6.00000000
2018-02-25 00:59:55,0.00057375,3.00000000
2018-02-25 00:59:59,0.00057371,17.00000000
2018-02-25 00:59:59,0.00057352,41.00000000
2018-02-25 00:59:59,0.00057350,189.00000000
2018-02-25 00:59:59,0.00057348,91.00000000
2018-02-25 00:59:59,0.00057346,198.00000000
2018-02-25 00:59:59,0.00057273,62.00000000
2018-02-25 00:59:59,0.00057272,29.00000000
2018-02-25 00:59:59,0.00057271,78.00000000
