DATE,PRICE,VOLUME
2018-02-25 21:00:10,0.00061201,2.00000000
2018-02-25 21:00:10,0.00061193,3.00000000
2018-02-25 21:00:13,0.00061184,40.00000000
2018-02-25 21:00:15,0.00061282,4.00000000
2018-02-25 21:00:16,0.00061284,4.00000000
2018-02-25 21:00:17,0.00061282,40.00000000
2018-02-25 21:00:22,0.00061282,12.00000000
2018-02-25 21:00:23,0.00061282,13.00000000
2018-02-25 21:00:23,0.00061235,5.00000000
2018-02-25 21:00:23,0.00061235,17.00000000
2018-02-25 21:00:24,0.00061235,7.00000000
2018-02-25 21:00:24,0.00061235,76.00000000
2018-02-25 21:00:24,0.00061235,208.00000000
2018-02-25 21:00:24,0.00061235,35.00000000
2018-02-25 21:00:26,0.00061184,12.00000000
2018-02-25 21:00:31,0.00061282,76.00000000
2018-02-25 21:00:31,0.00061196,8.00000000
2018-02-25 21:00:33,0.00061235,81.00000000
2018-02-25 21:00:34,0.00061187,4.00000000
2018-02-25 21:00:34,0.00061184,15.00000000
2018-02-25 21:00:34,0.00061235,42.00000000
2018-02-25 21:00:34,0.00061184,82.00000000
2018-02-25 21:00:36,0.00061277,4.00000000
2018-02-25 21:00:36,0.00061280,114.00000000
2018-02-25 21:00:36,0.00061284,53.00000000
2018-02-25 21:00:44,0.00061205,9.00000000
2018-02-25 21:00:44,0.00061187,273.00000000
2018-02-25 21:00:46,0.00061187,171.00000000
2018-02-25 21:00:48,0.00061190,4.00000000
2018-02-25 21:00:48,0.00061187,107.00000000
2018-02-25 21:00:48,0.00061283,6.00000000
2018-02-25 21:00:53,0.00061280,4.00000000
2018-02-25 21:00:53,0.00061283,216.00000000
2018-02-25 21:00:58,0.00061280,90.00000000
2018-02-25 21:01:02,0.00061282,35.00000000
2018-02-25 21:01:02,0.00061283,198.00000000
2018-02-25 21:01:08,0.00061283,703.00000000
2018-02-25 21:01:08,0.00061280,113.00000000
2018-02-25 21:01:16,0.00061280,24.00000000
2018-02-25 21:01:22,0.00061191,3.00000000
2018-02-25 21:01:23,0.00061280,3.00000000
2018-02-25 21:01:23,0.00061280,14.00000000
2018-02-25 21:01:24,0.00061191,1.00000000
2018-02-25 21:01:32,0.00061277,4.00000000
2018-02-25 21:01:32,0.00061280,6.00000000
2018-02-25 21:01:33,0.00061280,8.00000000
2018-02-25 21:01:33,0.00061213,8.00000000
2018-02-25 21:01:34,0.00061213,1.00000000
2018-02-25 21:01:35,0.00061206,13.00000000
2018-02-25 21:01:35,0.00061199,21.00000000
2018-02-25 21:01:35,0.00061191,542.00000000
2018-02-25 21:01:35,0.00061280,67.00000000
2018-02-25 21:01:35,0.00061282,52.00000000
2018-02-25 21:01:43,0.00061194,4.00000000
2018-02-25 21:01:43,0.00061191,3.00000000
2018-02-25 21:01:53,0.00061214,218.00000000
2018-02-25 21:01:53,0.00061213,100.00000000
2018-02-25 21:01:53,0.00061191,221.00000000
2018-02-25 21:01:53,0.00061279,3.00000000
2018-02-25 21:01:55,0.00061278,6.00000000
2018-02-25 21:02:03,0.00061270,100.00000000
2018-02-25 21:02:03,0.00061191,194.00000000
2018-02-25 21:02:03,0.00061188,48.00000000
2018-02-25 21:02:03,0.00061187,367.00000000
2018-02-25 21:02:03,0.00061184,348.00000000
2018-02-25 21:02:03,0.00061174,145.00000000
2018-02-25 21:02:08,0.00061279,10.00000000
2018-02-25 21:02:09,0.00061279,70.00000000
2018-02-25 21:02:10,0.00061280,4.00000000
2018-02-25 21:02:12,0.00061270,2.00000000
2018-02-25 21:02:13,0.00061270,8.00000000
2018-02-25 21:02:13,0.00061278,14.00000000
2018-02-25 21:02:15,0.00061174,20.00000000
2018-02-25 21:02:15,0.00061174,4.00000000
2018-02-25 21:02:15,0.00061174,16.00000000
2018-02-25 21:02:15,0.00061174,4.00000000
2018-02-25 21:02:16,0.00061174,16.00000000
2018-02-25 21:02:16,0.00061174,22.00000000
2018-02-25 21:02:16,0.00061174,44.00000000
2018-02-25 21:02:16,0.00061174,74.00000000
2018-02-25 21:02:18,0.00061174,4.00000000
2018-02-25 21:02:18,0.00061174,9.00000000
2018-02-25 21:02:24,0.00061275,2.00000000
2018-02-25 21:02:24,0.00061275,18.00000000
2018-02-25 21:02:24,0.00061276,5.00000000
2018-02-25 21:02:24,0.00061277,7.00000000
2018-02-25 21:02:25,0.00061277,4.00000000
2018-02-25 21:02:26,0.00061277,53.00000000
2018-02-25 21:02:30,0.00061278,17.00000000
2018-02-25 21:02:33,0.00061179,20.00000000
2018-02-25 21:02:33,0.00061178,128.00000000
2018-02-25 21:02:33,0.00061278,52.00000000
2018-02-25 21:02:34,0.00061277,20.00000000
2018-02-25 21:02:34,0.00061278,6.00000000
2018-02-25 21:02:37,0.00061184,15.00000000
2018-02-25 21:02:37,0.00061184,10.00000000
2018-02-25 21:02:37,0.00061184,4.00000000
2018-02-25 21:02:37,0.00061184,18.00000000
2018-02-25 21:02:38,0.00061184,14.00000000
2018-02-25 21:02:38,0.00061184,42.00000000
2018-02-25 21:02:38,0.00061184,65.00000000
2018-02-25 21:02:38,0.00061184,301.00000000
2018-02-25 21:02:41,0.00061175,54.00000000
2018-02-25 21:02:41,0.00061181,4.00000000
2018-02-25 21:02:42,0.00061174,100.00000000
2018-02-25 21:02:53,0.00061181,4.00000000
2018-02-25 21:02:53,0.00061178,51.00000000
2018-02-25 21:02:53,0.00061174,26.00000000
2018-02-25 21:02:53,0.00061161,34.00000000
2018-02-25 21:02:53,0.00061153,12.00000000
2018-02-25 21:02:53,0.00061152,11.00000000
2018-02-25 21:02:53,0.00061150,302.00000000
2018-02-25 21:02:53,0.00061146,49.00000000
2018-02-25 21:02:53,0.00061142,4.00000000
2018-02-25 21:02:53,0.00061137,4.00000000
2018-02-25 21:02:53,0.00061124,49.00000000
2018-02-25 21:02:53,0.00061115,8.00000000
2018-02-25 21:02:53,0.00061108,2.00000000
2018-02-25 21:02:53,0.00061102,95.00000000
2018-02-25 21:02:53,0.00061101,90.00000000
2018-02-25 21:02:53,0.00061100,174.00000000
2018-02-25 21:02:53,0.00061100,167.00000000
2018-02-25 21:02:55,0.00061174,13.00000000
2018-02-25 21:02:56,0.00061174,185.00000000
2018-02-25 21:03:02,0.00061257,6.00000000
2018-02-25 21:03:05,0.00061150,13.00000000
2018-02-25 21:03:05,0.00061137,8.00000000
2018-02-25 21:03:05,0.00061121,4.00000000
2018-02-25 21:03:05,0.00061100,55.00000000
2018-02-25 21:03:06,0.00061210,2.00000000
2018-02-25 21:03:10,0.00061120,50.00000000
2018-02-25 21:03:12,0.00061207,4.00000000
2018-02-25 21:03:12,0.00061210,5.00000000
2018-02-25 21:03:14,0.00061210,65.00000000
2018-02-25 21:03:15,0.00061150,15.00000000
2018-02-25 21:03:16,0.00061210,85.00000000
2018-02-25 21:03:18,0.00061210,39.00000000
2018-02-25 21:03:20,0.00061209,34.00000000
2018-02-25 21:03:20,0.00061210,112.00000000
2018-02-25 21:03:21,0.00061210,147.00000000
2018-02-25 21:03:23,0.00061210,23.00000000
2018-02-25 21:03:24,0.00061154,9.00000000
2018-02-25 21:03:24,0.00061153,91.00000000
2018-02-25 21:03:24,0.00061150,1729.00000000
2018-02-25 21:03:25,0.00061150,9453.00000000
2018-02-25 21:03:35,0.00061250,3.00000000
2018-02-25 21:03:42,0.00061164,9.00000000
2018-02-25 21:03:42,0.00061159,179.00000000
2018-02-25 21:03:42,0.00061155,16.00000000
2018-02-25 21:03:42,0.00061150,666.00000000
2018-02-25 21:03:42,0.00061130,29.00000000
2018-02-25 21:03:44,0.00061253,2.00000000
2018-02-25 21:03:49,0.00061210,94.00000000
2018-02-25 21:03:52,0.00061249,17.00000000
2018-02-25 21:03:55,0.00061210,7.00000000
2018-02-25 21:03:55,0.00061150,17.00000000
2018-02-25 21:03:55,0.00061135,2.00000000
2018-02-25 21:04:00,0.00061243,10.00000000
2018-02-25 21:04:00,0.00061244,4.00000000
2018-02-25 21:04:00,0.00061248,9.00000000
2018-02-25 21:04:00,0.00061249,13.00000000
2018-02-25 21:04:00,0.00061250,3.00000000
2018-02-25 21:04:07,0.00061242,9.00000000
2018-02-25 21:04:09,0.00061242,9.00000000
2018-02-25 21:04:12,0.00061242,7.00000000
2018-02-25 21:04:16,0.00061242,42.00000000
2018-02-25 21:04:17,0.00061242,7.00000000
2018-02-25 21:04:18,0.00061244,4.00000000
2018-02-25 21:04:22,0.00061155,10.00000000
2018-02-25 21:04:22,0.00061154,25.00000000
2018-02-25 21:04:22,0.00061150,49.00000000
2018-02-25 21:04:22,0.00061146,4.00000000
2018-02-25 21:04:22,0.00061140,4.00000000
2018-02-25 21:04:22,0.00061135,2.00000000
2018-02-25 21:04:22,0.00061130,5.00000000
2018-02-25 21:04:22,0.00061120,207.00000000
2018-02-25 21:04:22,0.00061242,10.00000000
2018-02-25 21:04:24,0.00061241,10.00000000
2018-02-25 21:04:24,0.00061242,87.00000000
2018-02-25 21:04:24,0.00061236,4.00000000
2018-02-25 21:04:24,0.00061242,4.00000000
2018-02-25 21:04:27,0.00061239,4.00000000
2018-02-25 21:04:27,0.00061242,7.00000000
2018-02-25 21:04:31,0.00061240,4.00000000
2018-02-25 21:04:35,0.00061235,4.00000000
2018-02-25 21:04:35,0.00061240,42.00000000
2018-02-25 21:04:37,0.00061235,4.00000000
2018-02-25 21:04:37,0.00061240,2.00000000
2018-02-25 21:04:37,0.00061240,16.00000000
2018-02-25 21:04:39,0.00061242,4.00000000
2018-02-25 21:04:42,0.00061242,433.00000000
2018-02-25 21:04:43,0.00061248,70.00000000
2018-02-25 21:04:43,0.00061249,30.00000000
2018-02-25 21:04:43,0.00061249,30.00000000
2018-02-25 21:04:43,0.00061249,21.00000000
2018-02-25 21:04:47,0.00061240,4.00000000
2018-02-25 21:04:49,0.00061240,88.00000000
2018-02-25 21:04:57,0.00061240,2.00000000
2018-02-25 21:05:02,0.00061240,44.00000000
2018-02-25 21:05:02,0.00061240,44.00000000
2018-02-25 21:05:08,0.00061239,106.00000000
2018-02-25 21:05:09,0.00061240,3.00000000
2018-02-25 21:05:10,0.00061239,13.00000000
2018-02-25 21:05:10,0.00061239,85.00000000
2018-02-25 21:05:11,0.00061240,43.00000000
2018-02-25 21:05:11,0.00061239,573.00000000
2018-02-25 21:05:17,0.00061238,40.00000000
2018-02-25 21:05:18,0.00061200,64.00000000
2018-02-25 21:05:20,0.00061200,21.00000000
2018-02-25 21:05:31,0.00061237,8.00000000
2018-02-25 21:05:37,0.00061235,816.00000000
2018-02-25 21:05:47,0.00061234,3.00000000
2018-02-25 21:05:47,0.00061234,9.00000000
2018-02-25 21:05:47,0.00061234,54.00000000
2018-02-25 21:05:50,0.00061203,6.00000000
2018-02-25 21:05:50,0.00061200,73.00000000
2018-02-25 21:05:54,0.00061200,52.00000000
2018-02-25 21:05:56,0.00061237,2.00000000
2018-02-25 21:05:58,0.00061244,2.00000000
2018-02-25 21:05:59,0.00061200,377.00000000
2018-02-25 21:05:59,0.00061198,2.00000000
2018-02-25 21:05:59,0.00061150,4.00000000
2018-02-25 21:05:59,0.00061141,20.00000000
2018-02-25 21:05:59,0.00061140,4.00000000
2018-02-25 21:05:59,0.00061134,4.00000000
2018-02-25 21:05:59,0.00061128,4.00000000
2018-02-25 21:05:59,0.00061101,14.00000000
2018-02-25 21:05:59,0.00061100,271.00000000
2018-02-25 21:05:59,0.00061100,34.00000000
2018-02-25 21:06:00,0.00061202,15.00000000
2018-02-25 21:06:00,0.00061100,78.00000000
2018-02-25 21:06:01,0.00061242,49.00000000
2018-02-25 21:06:01,0.00061243,10.00000000
2018-02-25 21:06:01,0.00061244,2.00000000
2018-02-25 21:06:01,0.00061253,14.00000000
2018-02-25 21:06:04,0.00061116,163.00000000
2018-02-25 21:06:04,0.00061114,10.00000000
2018-02-25 21:06:04,0.00061110,49.00000000
2018-02-25 21:06:04,0.00061108,10.00000000
2018-02-25 21:06:04,0.00061106,30.00000000
2018-02-25 21:06:04,0.00061100,296.00000000
2018-02-25 21:06:04,0.00061089,6.00000000
2018-02-25 21:06:04,0.00061071,46.00000000
2018-02-25 21:06:09,0.00061113,9.00000000
2018-02-25 21:06:09,0.00061054,30.00000000
2018-02-25 21:06:09,0.00061053,197.00000000
2018-02-25 21:06:09,0.00061016,24.00000000
2018-02-25 21:06:13,0.00061114,9.00000000
2018-02-25 21:06:13,0.00061071,2.00000000
2018-02-25 21:06:16,0.00061085,13.00000000
2018-02-25 21:06:16,0.00061071,11.00000000
2018-02-25 21:06:16,0.00061053,21.00000000
2018-02-25 21:06:18,0.00061178,3.00000000
2018-02-25 21:06:20,0.00061163,17.00000000
2018-02-25 21:06:22,0.00061150,17.00000000
2018-02-25 21:06:23,0.00061147,125.00000000
2018-02-25 21:06:24,0.00061145,10.00000000
2018-02-25 21:06:25,0.00061149,8.00000000
2018-02-25 21:06:34,0.00061149,2.00000000
2018-02-25 21:06:34,0.00061149,172.00000000
2018-02-25 21:06:35,0.00061149,24.00000000
2018-02-25 21:06:39,0.00061128,8.00000000
2018-02-25 21:06:39,0.00061123,18.00000000
2018-02-25 21:06:39,0.00061115,21.00000000
2018-02-25 21:06:39,0.00061096,10.00000000
2018-02-25 21:06:39,0.00061052,143.00000000
2018-02-25 21:06:41,0.00061173,10.00000000
2018-02-25 21:06:41,0.00061174,6.00000000
2018-02-25 21:06:43,0.00061174,74.00000000
2018-02-25 21:06:46,0.00061168,4.00000000
2018-02-25 21:06:53,0.00061174,2.00000000
2018-02-25 21:06:53,0.00061174,88.00000000
2018-02-25 21:06:56,0.00061178,10.00000000
2018-02-25 21:06:59,0.00061174,3.00000000
2018-02-25 21:07:05,0.00061178,139.00000000
2018-02-25 21:07:06,0.00061178,12.00000000
2018-02-25 21:07:06,0.00061174,32.00000000
2018-02-25 21:07:06,0.00061150,10.00000000
2018-02-25 21:07:06,0.00061149,128.00000000
2018-02-25 21:07:11,0.00061178,1.00000000
2018-02-25 21:07:21,0.00061149,243.00000000
2018-02-25 21:07:28,0.00061178,43.00000000
2018-02-25 21:07:28,0.00061194,9.00000000
2018-02-25 21:07:29,0.00061194,29.00000000
2018-02-25 21:07:30,0.00061149,52.00000000
2018-02-25 21:07:42,0.00061194,138.00000000
2018-02-25 21:07:43,0.00061235,15.00000000
2018-02-25 21:07:46,0.00061235,46.00000000
2018-02-25 21:07:47,0.00061235,34.00000000
2018-02-25 21:07:47,0.00061152,48.00000000
2018-02-25 21:07:47,0.00061149,20.00000000
2018-02-25 21:08:17,0.00061153,19.00000000
2018-02-25 21:08:17,0.00061150,5.00000000
2018-02-25 21:08:23,0.00061154,9.00000000
2018-02-25 21:08:23,0.00061153,26.00000000
2018-02-25 21:08:23,0.00061153,43.00000000
2018-02-25 21:08:24,0.00061175,20.00000000
2018-02-25 21:08:26,0.00061153,472.00000000
2018-02-25 21:08:27,0.00061153,2.00000000
2018-02-25 21:08:31,0.00061153,66.00000000
2018-02-25 21:08:33,0.00061153,3.00000000
2018-02-25 21:08:35,0.00061153,134.00000000
2018-02-25 21:08:38,0.00061153,11.00000000
2018-02-25 21:08:39,0.00061153,11.00000000
2018-02-25 21:08:39,0.00061153,112.00000000
2018-02-25 21:08:40,0.00061153,10.00000000
2018-02-25 21:08:44,0.00061153,2.00000000
2018-02-25 21:08:49,0.00061153,4.00000000
2018-02-25 21:08:51,0.00061153,16.00000000
2018-02-25 21:08:52,0.00061153,15.00000000
2018-02-25 21:08:55,0.00061153,98.00000000
2018-02-25 21:08:56,0.00061150,10.00000000
2018-02-25 21:09:03,0.00061153,246.00000000
2018-02-25 21:09:19,0.00061150,429.00000000
2018-02-25 21:09:22,0.00061153,156.00000000
2018-02-25 21:09:24,0.00061153,83.00000000
2018-02-25 21:09:26,0.00061175,18.00000000
2018-02-25 21:09:28,0.00061175,16.00000000
2018-02-25 21:09:52,0.00061175,101.00000000
2018-02-25 21:09:52,0.00061175,23.00000000
2018-02-25 21:09:52,0.00061175,11.00000000
2018-02-25 21:10:02,0.00061200,2.00000000
2018-02-25 21:10:02,0.00061239,2.00000000
2018-02-25 21:10:07,0.00061239,16.00000000
2018-02-25 21:10:11,0.00061239,121.00000000
2018-02-25 21:10:12,0.00061239,34.00000000
2018-02-25 21:10:12,0.00061239,17.00000000
2018-02-25 21:10:13,0.00061239,459.00000000
2018-02-25 21:10:14,0.00061239,20.00000000
2018-02-25 21:10:15,0.00061253,10.00000000
2018-02-25 21:10:20,0.00061250,265.00000000
2018-02-25 21:10:28,0.00061249,16.00000000
2018-02-25 21:10:32,0.00061249,14.00000000
2018-02-25 21:10:32,0.00061249,162.00000000
2018-02-25 21:10:32,0.00061249,69.00000000
2018-02-25 21:10:36,0.00061250,167.00000000
2018-02-25 21:10:36,0.00061249,58.00000000
2018-02-25 21:10:39,0.00061249,14.00000000
2018-02-25 21:10:41,0.00061249,84.00000000
2018-02-25 21:10:46,0.00061249,94.00000000
2018-02-25 21:10:46,0.00061250,164.00000000
2018-02-25 21:10:50,0.00061249,11.00000000
2018-02-25 21:10:57,0.00061249,11.00000000
2018-02-25 21:10:58,0.00061248,316.00000000
2018-02-25 21:10:58,0.00061249,24.00000000
2018-02-25 21:10:58,0.00061250,1035.00000000
2018-02-25 21:10:58,0.00061253,697.00000000
2018-02-25 21:10:58,0.00061255,471.00000000
2018-02-25 21:10:59,0.00061249,69.00000000
2018-02-25 21:10:59,0.00061255,15.00000000
2018-02-25 21:11:03,0.00061211,56.00000000
2018-02-25 21:11:04,0.00061249,15.00000000
2018-02-25 21:11:05,0.00061249,290.00000000
2018-02-25 21:11:05,0.00061211,1.00000000
2018-02-25 21:11:07,0.00061249,183.00000000
2018-02-25 21:11:07,0.00061255,874.00000000
2018-02-25 21:11:07,0.00061258,4.00000000
2018-02-25 21:11:07,0.00061276,11.00000000
2018-02-25 21:11:07,0.00061282,417.00000000
2018-02-25 21:11:07,0.00061287,32.00000000
2018-02-25 21:11:07,0.00061292,2.00000000
2018-02-25 21:11:07,0.00061386,143.00000000
2018-02-25 21:11:07,0.00061390,34.00000000
2018-02-25 21:11:07,0.00061399,177.00000000
2018-02-25 21:11:07,0.00061400,891.00000000
2018-02-25 21:11:07,0.00061450,600.00000000
2018-02-25 21:11:07,0.00061461,4.00000000
2018-02-25 21:11:07,0.00061477,16.00000000
2018-02-25 21:11:07,0.00061490,10.00000000
2018-02-25 21:11:07,0.00061499,10.00000000
2018-02-25 21:11:07,0.00061500,1599.00000000
2018-02-25 21:11:07,0.00061500,57.00000000
2018-02-25 21:11:07,0.00061500,57.00000000
2018-02-25 21:11:07,0.00061500,57.00000000
2018-02-25 21:11:08,0.00061500,57.00000000
2018-02-25 21:11:08,0.00061500,356.00000000
2018-02-25 21:11:08,0.00061500,4.00000000
2018-02-25 21:11:08,0.00061510,49.00000000
2018-02-25 21:11:08,0.00061500,2000.00000000
2018-02-25 21:11:08,0.00061500,1140.00000000
2018-02-25 21:11:10,0.00061500,5.00000000
2018-02-25 21:11:10,0.00061549,7.00000000
2018-02-25 21:11:11,0.00061500,6.00000000
2018-02-25 21:11:11,0.00061500,3.00000000
2018-02-25 21:11:12,0.00061500,5.00000000
2018-02-25 21:11:14,0.00061548,56.00000000
2018-02-25 21:11:17,0.00061500,603.00000000
2018-02-25 21:11:19,0.00061548,101.00000000
2018-02-25 21:11:19,0.00061549,243.00000000
2018-02-25 21:11:19,0.00061550,143.00000000
2018-02-25 21:11:19,0.00061500,10.00000000
2018-02-25 21:11:21,0.00061550,553.00000000
2018-02-25 21:11:21,0.00061571,6.00000000
2018-02-25 21:11:21,0.00061590,146.00000000
2018-02-25 21:11:21,0.00061593,17.00000000
2018-02-25 21:11:22,0.00061500,221.00000000
2018-02-25 21:11:22,0.00061550,165.00000000
2018-02-25 21:11:23,0.00061550,1034.00000000
2018-02-25 21:11:24,0.00061550,184.00000000
2018-02-25 21:11:24,0.00061550,121.00000000
2018-02-25 21:11:25,0.00061550,16.00000000
2018-02-25 21:11:26,0.00061550,6.00000000
2018-02-25 21:11:29,0.00061503,4.00000000
2018-02-25 21:11:29,0.00061500,2826.00000000
2018-02-25 21:11:31,0.00061500,143.00000000
2018-02-25 21:11:31,0.00061468,39.00000000
2018-02-25 21:11:32,0.00061584,4.00000000
2018-02-25 21:11:32,0.00061589,4.00000000
2018-02-25 21:11:32,0.00061592,31.00000000
2018-02-25 21:11:37,0.00061550,508.00000000
2018-02-25 21:11:39,0.00061549,10.00000000
2018-02-25 21:11:42,0.00061549,3.00000000
2018-02-25 21:11:43,0.00061473,168.00000000
2018-02-25 21:11:44,0.00061550,1.00000000
2018-02-25 21:11:44,0.00061550,6.00000000
2018-02-25 21:11:47,0.00061550,24.00000000
2018-02-25 21:11:49,0.00061473,104.00000000
2018-02-25 21:11:52,0.00061473,1.00000000
2018-02-25 21:12:00,0.00061473,478.00000000
2018-02-25 21:12:02,0.00061397,4.00000000
2018-02-25 21:12:04,0.00061397,16.00000000
2018-02-25 21:12:06,0.00061400,8.00000000
2018-02-25 21:12:06,0.00061397,69.00000000
2018-02-25 21:12:07,0.00061397,3.00000000
2018-02-25 21:12:16,0.00061399,50.00000000
2018-02-25 21:12:17,0.00061399,15.00000000
2018-02-25 21:12:18,0.00061399,50.00000000
2018-02-25 21:12:18,0.00061399,7.00000000
2018-02-25 21:12:21,0.00061397,10.00000000
2018-02-25 21:12:23,0.00061399,8.00000000
2018-02-25 21:12:24,0.00061399,17.00000000
2018-02-25 21:12:28,0.00061399,8.00000000
2018-02-25 21:12:32,0.00061397,36.00000000
2018-02-25 21:12:33,0.00061391,8.00000000
2018-02-25 21:12:39,0.00061375,13.00000000
2018-02-25 21:12:39,0.00061390,3.00000000
2018-02-25 21:12:39,0.00061375,3.00000000
2018-02-25 21:12:44,0.00061385,4.00000000
2018-02-25 21:12:44,0.00061390,3.00000000
2018-02-25 21:12:46,0.00061385,4.00000000
2018-02-25 21:12:46,0.00061390,27.00000000
2018-02-25 21:12:46,0.00061391,274.00000000
2018-02-25 21:12:47,0.00061390,8.00000000
2018-02-25 21:12:52,0.00061390,8.00000000
2018-02-25 21:12:55,0.00061390,14.00000000
2018-02-25 21:12:55,0.00061390,30.00000000
2018-02-25 21:12:55,0.00061390,27.00000000
2018-02-25 21:12:55,0.00061390,3.00000000
2018-02-25 21:12:55,0.00061391,29.00000000
2018-02-25 21:12:55,0.00061390,14.00000000
2018-02-25 21:12:55,0.00061391,13.00000000
2018-02-25 21:12:55,0.00061391,5.00000000
2018-02-25 21:12:57,0.00061390,48.00000000
2018-02-25 21:12:57,0.00061390,32.00000000
2018-02-25 21:12:57,0.00061391,66.00000000
2018-02-25 21:12:57,0.00061391,66.00000000
2018-02-25 21:12:57,0.00061391,15.00000000
2018-02-25 21:12:58,0.00061391,48.00000000
2018-02-25 21:12:58,0.00061390,32.00000000
2018-02-25 21:13:03,0.00061385,36.00000000
2018-02-25 21:13:07,0.00061391,6.00000000
2018-02-25 21:13:08,0.00061391,233.00000000
2018-02-25 21:13:08,0.00061385,16.00000000
2018-02-25 21:13:12,0.00061390,40.00000000
2018-02-25 21:13:12,0.00061385,48.00000000
2018-02-25 21:13:20,0.00061385,110.00000000
2018-02-25 21:13:20,0.00061286,4.00000000
2018-02-25 21:13:20,0.00061280,4.00000000
2018-02-25 21:13:20,0.00061275,28.00000000
2018-02-25 21:13:20,0.00061272,6.00000000
2018-02-25 21:13:20,0.00061239,46.00000000
2018-02-25 21:13:20,0.00061236,8.00000000
2018-02-25 21:13:20,0.00061234,59.00000000
2018-02-25 21:13:28,0.00061390,4.00000000
2018-02-25 21:13:32,0.00061385,15.00000000
2018-02-25 21:13:36,0.00061384,8.00000000
2018-02-25 21:13:36,0.00061385,12.00000000
2018-02-25 21:13:36,0.00061385,10.00000000
2018-02-25 21:13:39,0.00061389,14.00000000
2018-02-25 21:13:39,0.00061390,27.00000000
2018-02-25 21:13:39,0.00061390,8.00000000
2018-02-25 21:13:39,0.00061389,136.00000000
2018-02-25 21:13:39,0.00061390,247.00000000
2018-02-25 21:13:49,0.00061390,186.00000000
2018-02-25 21:13:57,0.00061389,15.00000000
2018-02-25 21:13:57,0.00061390,15.00000000
2018-02-25 21:13:57,0.00061390,48.00000000
2018-02-25 21:13:57,0.00061390,95.00000000
2018-02-25 21:13:57,0.00061390,16.00000000
2018-02-25 21:13:57,0.00061390,34.00000000
2018-02-25 21:13:57,0.00061390,10.00000000
2018-02-25 21:13:57,0.00061390,16.00000000
2018-02-25 21:13:57,0.00061390,8.00000000
2018-02-25 21:14:06,0.00061389,3.00000000
2018-02-25 21:14:09,0.00061389,123.00000000
2018-02-25 21:14:12,0.00061389,140.00000000
2018-02-25 21:14:14,0.00061389,100.00000000
2018-02-25 21:14:19,0.00061390,7.00000000
2018-02-25 21:14:20,0.00061390,4.00000000
2018-02-25 21:14:20,0.00061390,6.00000000
2018-02-25 21:14:25,0.00061389,124.00000000
2018-02-25 21:14:27,0.00061389,3.00000000
2018-02-25 21:14:29,0.00061389,20.00000000
2018-02-25 21:14:29,0.00061389,551.00000000
2018-02-25 21:14:29,0.00061389,97.00000000
2018-02-25 21:14:29,0.00061390,140.00000000
2018-02-25 21:14:30,0.00061390,20.00000000
2018-02-25 21:14:32,0.00061390,20.00000000
2018-02-25 21:14:33,0.00061390,51.00000000
2018-02-25 21:14:33,0.00061390,17.00000000
2018-02-25 21:14:35,0.00061390,260.00000000
2018-02-25 21:14:35,0.00061391,1240.00000000
2018-02-25 21:14:35,0.00061399,177.00000000
2018-02-25 21:14:35,0.00061400,2027.00000000
2018-02-25 21:14:36,0.00061400,142.00000000
2018-02-25 21:14:36,0.00061400,38.00000000
2018-02-25 21:14:42,0.00061400,694.00000000
2018-02-25 21:14:42,0.00061400,1.00000000
2018-02-25 21:14:52,0.00061406,4.00000000
2018-02-25 21:14:55,0.00061499,15.00000000
2018-02-25 21:14:55,0.00061500,301.00000000
2018-02-25 21:14:55,0.00061500,97.00000000
2018-02-25 21:14:56,0.00061450,55.00000000
2018-02-25 21:14:56,0.00061406,25.00000000
2018-02-25 21:15:00,0.00061499,9.00000000
2018-02-25 21:15:03,0.00061500,9.00000000
2018-02-25 21:15:03,0.00061540,67.00000000
2018-02-25 21:15:04,0.00061499,50.00000000
2018-02-25 21:15:11,0.00061500,50.00000000
2018-02-25 21:15:11,0.00061540,50.00000000
2018-02-25 21:15:12,0.00061499,105.00000000
2018-02-25 21:15:17,0.00061540,204.00000000
2018-02-25 21:15:17,0.00061540,11.00000000
2018-02-25 21:15:17,0.00061549,31.00000000
2018-02-25 21:15:19,0.00061500,90.00000000
2018-02-25 21:15:22,0.00061540,100.00000000
2018-02-25 21:15:23,0.00061540,200.00000000
2018-02-25 21:15:24,0.00061540,170.00000000
2018-02-25 21:15:25,0.00061540,112.00000000
2018-02-25 21:15:26,0.00061549,104.00000000
2018-02-25 21:15:26,0.00061540,200.00000000
2018-02-25 21:15:27,0.00061540,144.00000000
2018-02-25 21:15:32,0.00061500,25.00000000
2018-02-25 21:15:32,0.00061500,14.00000000
2018-02-25 21:15:34,0.00061540,131.00000000
2018-02-25 21:15:34,0.00061501,38.00000000
2018-02-25 21:15:35,0.00061540,154.00000000
2018-02-25 21:15:42,0.00061539,50.00000000
2018-02-25 21:15:42,0.00061540,47.00000000
2018-02-25 21:15:42,0.00061540,233.00000000
2018-02-25 21:15:44,0.00061549,90.00000000
2018-02-25 21:15:44,0.00061550,76.00000000
2018-02-25 21:15:44,0.00061540,43.00000000
2018-02-25 21:15:44,0.00061501,6.00000000
2018-02-25 21:15:49,0.00061501,219.00000000
2018-02-25 21:15:50,0.00061501,422.00000000
2018-02-25 21:15:50,0.00061500,396.00000000
2018-02-25 21:15:52,0.00061500,1998.00000000
2018-02-25 21:15:53,0.00061406,277.00000000
2018-02-25 21:15:53,0.00061402,168.00000000
2018-02-25 21:15:53,0.00061400,100.00000000
2018-02-25 21:15:53,0.00061393,48.00000000
2018-02-25 21:15:53,0.00061392,55.00000000
2018-02-25 21:15:53,0.00061391,151.00000000
2018-02-25 21:15:53,0.00061390,242.00000000
2018-02-25 21:15:54,0.00061500,19.00000000
2018-02-25 21:15:56,0.00061540,91.00000000
2018-02-25 21:15:56,0.00061500,97.00000000
2018-02-25 21:16:00,0.00061501,83.00000000
2018-02-25 21:16:00,0.00061500,251.00000000
2018-02-25 21:16:04,0.00061500,39.00000000
2018-02-25 21:16:08,0.00061539,4.00000000
2018-02-25 21:16:08,0.00061500,475.00000000
2018-02-25 21:16:11,0.00061501,27.00000000
2018-02-25 21:16:11,0.00061409,4.00000000
2018-02-25 21:16:11,0.00061401,4.00000000
2018-02-25 21:16:13,0.00061533,4.00000000
2018-02-25 21:16:23,0.00061533,6.00000000
2018-02-25 21:16:26,0.00061533,18.00000000
2018-02-25 21:16:26,0.00061500,2.00000000
2018-02-25 21:16:28,0.00061538,9.00000000
2018-02-25 21:16:29,0.00061533,22.00000000
2018-02-25 21:16:32,0.00061538,54.00000000
2018-02-25 21:16:32,0.00061538,28.00000000
2018-02-25 21:16:33,0.00061538,17.00000000
2018-02-25 21:16:37,0.00061538,78.00000000
2018-02-25 21:16:40,0.00061533,184.00000000
2018-02-25 21:16:44,0.00061500,100.00000000
2018-02-25 21:16:50,0.00061537,2.00000000
2018-02-25 21:16:50,0.00061537,33.00000000
2018-02-25 21:16:51,0.00061533,3000.00000000
2018-02-25 21:16:51,0.00061537,80.00000000
2018-02-25 21:16:54,0.00061533,595.00000000
2018-02-25 21:16:55,0.00061533,15.00000000
2018-02-25 21:17:03,0.00061536,68.00000000
2018-02-25 21:17:03,0.00061537,355.00000000
2018-02-25 21:17:08,0.00061536,14.00000000
2018-02-25 21:17:08,0.00061537,1143.00000000
2018-02-25 21:17:11,0.00061537,955.00000000
2018-02-25 21:17:11,0.00061533,45.00000000
2018-02-25 21:17:11,0.00061538,26.00000000
2018-02-25 21:17:12,0.00061538,126.00000000
2018-02-25 21:17:13,0.00061533,204.00000000
2018-02-25 21:17:16,0.00061538,3.00000000
2018-02-25 21:17:16,0.00061538,31.00000000
2018-02-25 21:17:16,0.00061549,2.00000000
2018-02-25 21:17:21,0.00061549,2.00000000
2018-02-25 21:17:36,0.00061548,25.00000000
2018-02-25 21:17:37,0.00061548,28.00000000
2018-02-25 21:17:38,0.00061538,126.00000000
2018-02-25 21:17:46,0.00061538,24.00000000
2018-02-25 21:17:47,0.00061538,16.00000000
2018-02-25 21:17:47,0.00061537,47.00000000
2018-02-25 21:17:47,0.00061533,260.00000000
2018-02-25 21:17:51,0.00061533,2.00000000
2018-02-25 21:17:51,0.00061533,2.00000000
2018-02-25 21:17:52,0.00061533,5.00000000
2018-02-25 21:17:53,0.00061533,601.00000000
2018-02-25 21:17:53,0.00061533,86.00000000
2018-02-25 21:17:58,0.00061530,200.00000000
2018-02-25 21:17:58,0.00061533,128.00000000
2018-02-25 21:17:58,0.00061533,266.00000000
2018-02-25 21:17:58,0.00061501,1472.00000000
2018-02-25 21:18:01,0.00061530,7.00000000
2018-02-25 21:18:01,0.00061530,12.00000000
2018-02-25 21:18:02,0.00061501,142.00000000
2018-02-25 21:18:05,0.00061530,95.00000000
2018-02-25 21:18:06,0.00061501,4.00000000
2018-02-25 21:18:06,0.00061501,404.00000000
2018-02-25 21:18:06,0.00061500,410.00000000
2018-02-25 21:18:06,0.00061500,4.00000000
2018-02-25 21:18:09,0.00061416,18.00000000
2018-02-25 21:18:09,0.00061415,4.00000000
2018-02-25 21:18:09,0.00061413,4.00000000
2018-02-25 21:18:09,0.00061410,149.00000000
2018-02-25 21:18:12,0.00061498,4.00000000
2018-02-25 21:18:12,0.00061499,36.00000000
2018-02-25 21:18:16,0.00061410,10.00000000
2018-02-25 21:18:16,0.00061407,119.00000000
2018-02-25 21:18:20,0.00061494,10.00000000
2018-02-25 21:18:20,0.00061495,4.00000000
2018-02-25 21:18:20,0.00061499,22.00000000
2018-02-25 21:18:20,0.00061419,8.00000000
2018-02-25 21:18:20,0.00061411,9.00000000
2018-02-25 21:18:20,0.00061407,64.00000000
2018-02-25 21:18:20,0.00061406,568.00000000
2018-02-25 21:18:21,0.00061499,1.00000000
2018-02-25 21:18:26,0.00061493,9.00000000
2018-02-25 21:18:29,0.00061425,3.00000000
2018-02-25 21:18:33,0.00061425,5.00000000
2018-02-25 21:18:33,0.00061418,8.00000000
2018-02-25 21:18:36,0.00061425,12.00000000
2018-02-25 21:18:37,0.00061425,4.00000000
2018-02-25 21:18:37,0.00061425,34.00000000
2018-02-25 21:18:44,0.00061425,4.00000000
2018-02-25 21:18:45,0.00061425,7.00000000
2018-02-25 21:18:45,0.00061418,8.00000000
2018-02-25 21:18:46,0.00061425,86.00000000
2018-02-25 21:18:46,0.00061490,8.00000000
2018-02-25 21:18:47,0.00061490,16.00000000
2018-02-25 21:18:47,0.00061418,2.00000000
2018-02-25 21:18:47,0.00061415,50.00000000
2018-02-25 21:18:49,0.00061418,45.00000000
2018-02-25 21:18:49,0.00061418,29.00000000
2018-02-25 21:18:53,0.00061415,238.00000000
2018-02-25 21:18:53,0.00061406,27.00000000
2018-02-25 21:18:58,0.00061418,11.00000000
2018-02-25 21:18:59,0.00061407,8.00000000
2018-02-25 21:18:59,0.00061406,250.00000000
2018-02-25 21:18:59,0.00061400,108.00000000
2018-02-25 21:18:59,0.00061390,503.00000000
2018-02-25 21:19:00,0.00061487,23.00000000
2018-02-25 21:19:01,0.00061418,22.00000000
2018-02-25 21:19:01,0.00061418,365.00000000
2018-02-25 21:19:02,0.00061418,19.00000000
2018-02-25 21:19:02,0.00061418,2.00000000
2018-02-25 21:19:03,0.00061418,35.00000000
2018-02-25 21:19:03,0.00061401,6.00000000
2018-02-25 21:19:03,0.00061418,93.00000000
2018-02-25 21:19:03,0.00061418,54.00000000
2018-02-25 21:19:04,0.00061418,72.00000000
2018-02-25 21:19:05,0.00061418,45.00000000
2018-02-25 21:19:06,0.00061418,495.00000000
2018-02-25 21:19:09,0.00061418,1.00000000
2018-02-25 21:19:10,0.00061418,50.00000000
2018-02-25 21:19:11,0.00061415,4.00000000
2018-02-25 21:19:13,0.00061415,16.00000000
2018-02-25 21:19:15,0.00061415,103.00000000
2018-02-25 21:19:15,0.00061400,5.00000000
2018-02-25 21:19:15,0.00061390,473.00000000
2018-02-25 21:19:15,0.00061389,10.00000000
2018-02-25 21:19:15,0.00061354,2.00000000
2018-02-25 21:19:15,0.00061350,20.00000000
2018-02-25 21:19:15,0.00061301,81.00000000
2018-02-25 21:19:15,0.00061300,1329.00000000
2018-02-25 21:19:15,0.00061300,80.00000000
2018-02-25 21:19:15,0.00061300,316.00000000
2018-02-25 21:19:16,0.00061484,10.00000000
2018-02-25 21:19:16,0.00061485,15.00000000
2018-02-25 21:19:16,0.00061487,47.00000000
2018-02-25 21:19:16,0.00061489,28.00000000
2018-02-25 21:19:18,0.00061310,18.00000000
2018-02-25 21:19:18,0.00061309,4.00000000
2018-02-25 21:19:18,0.00061303,20.00000000
2018-02-25 21:19:20,0.00061417,9.00000000
2018-02-25 21:19:20,0.00061413,4.00000000
2018-02-25 21:19:20,0.00061414,4.00000000
2018-02-25 21:19:20,0.00061417,33.00000000
2018-02-25 21:19:20,0.00061418,2.00000000
2018-02-25 21:19:20,0.00061425,1.00000000
2018-02-25 21:19:21,0.00061318,160.00000000
2018-02-25 21:19:21,0.00061316,8.00000000
2018-02-25 21:19:21,0.00061315,4.00000000
2018-02-25 21:19:21,0.00061275,28.00000000
2018-02-25 21:19:21,0.00061274,30.00000000
2018-02-25 21:19:21,0.00061273,34.00000000
2018-02-25 21:19:28,0.00061398,2.00000000
2018-02-25 21:19:29,0.00061398,50.00000000
2018-02-25 21:19:31,0.00061395,5.00000000
2018-02-25 21:19:33,0.00061395,1.00000000
2018-02-25 21:19:37,0.00061392,21.00000000
2018-02-25 21:19:37,0.00061297,8.00000000
2018-02-25 21:19:37,0.00061249,17.00000000
2018-02-25 21:19:37,0.00061241,8.00000000
2018-02-25 21:19:37,0.00061234,22.00000000
2018-02-25 21:19:37,0.00061232,30.00000000
2018-02-25 21:19:37,0.00061231,34.00000000
2018-02-25 21:19:37,0.00061211,2.00000000
2018-02-25 21:19:37,0.00061210,501.00000000
2018-02-25 21:19:37,0.00061205,4.00000000
2018-02-25 21:19:37,0.00061200,338.00000000
2018-02-25 21:19:37,0.00061199,72.00000000
2018-02-25 21:19:37,0.00061193,84.00000000
2018-02-25 21:19:37,0.00061175,5.00000000
2018-02-25 21:19:37,0.00061160,340.00000000
2018-02-25 21:19:37,0.00061153,31.00000000
2018-02-25 21:19:37,0.00061152,196.00000000
2018-02-25 21:19:37,0.00061151,15.00000000
2018-02-25 21:19:37,0.00061149,1186.00000000
2018-02-25 21:19:37,0.00061141,4.00000000
2018-02-25 21:19:37,0.00061101,3.00000000
2018-02-25 21:19:37,0.00061149,19.00000000
2018-02-25 21:19:37,0.00061392,3.00000000
2018-02-25 21:19:40,0.00061372,47.00000000
2018-02-25 21:19:45,0.00061298,32.00000000
2018-02-25 21:19:50,0.00061276,4.00000000
2018-02-25 21:19:50,0.00061273,4.00000000
2018-02-25 21:19:53,0.00061371,4.00000000
2018-02-25 21:19:53,0.00061373,8.00000000
2018-02-25 21:19:53,0.00061377,4.00000000
2018-02-25 21:19:53,0.00061384,4.00000000
2018-02-25 21:19:53,0.00061389,12.00000000
2018-02-25 21:19:55,0.00061373,10.00000000
2018-02-25 21:19:55,0.00061389,7.00000000
2018-02-25 21:19:55,0.00061391,30.00000000
2018-02-25 21:19:55,0.00061392,75.00000000
2018-02-25 21:19:55,0.00061395,47.00000000
2018-02-25 21:19:55,0.00061400,2.00000000
2018-02-25 21:19:55,0.00061406,51.00000000
2018-02-25 21:19:57,0.00061386,4.00000000
2018-02-25 21:19:57,0.00061476,28.00000000
2018-02-25 21:20:07,0.00061406,277.00000000
2018-02-25 21:20:07,0.00061406,5.00000000
2018-02-25 21:20:08,0.00061406,759.00000000
2018-02-25 21:20:13,0.00061406,12.00000000
2018-02-25 21:20:14,0.00061406,11.00000000
2018-02-25 21:20:14,0.00061400,30.00000000
2018-02-25 21:20:14,0.00061292,4.00000000
2018-02-25 21:20:14,0.00061285,48.00000000
2018-02-25 21:20:14,0.00061281,4.00000000
2018-02-25 21:20:14,0.00061273,72.00000000
2018-02-25 21:20:14,0.00061266,30.00000000
2018-02-25 21:20:14,0.00061257,4.00000000
2018-02-25 21:20:14,0.00061252,8.00000000
2018-02-25 21:20:14,0.00061249,7.00000000
2018-02-25 21:20:15,0.00061405,30.00000000
2018-02-25 21:20:15,0.00061406,189.00000000
2018-02-25 21:20:22,0.00061403,572.00000000
2018-02-25 21:20:26,0.00061402,8.00000000
2018-02-25 21:20:26,0.00061403,60.00000000
2018-02-25 21:20:26,0.00061395,15.00000000
2018-02-25 21:20:30,0.00061395,22.00000000
2018-02-25 21:20:36,0.00061395,120.00000000
2018-02-25 21:20:36,0.00061300,5.00000000
2018-02-25 21:20:36,0.00061300,92.00000000
2018-02-25 21:20:37,0.00061246,30.00000000
2018-02-25 21:20:37,0.00061199,187.00000000
2018-02-25 21:20:37,0.00061147,187.00000000
2018-02-25 21:20:37,0.00061300,18.00000000
2018-02-25 21:20:37,0.00061300,12.00000000
2018-02-25 21:20:37,0.00061300,4.00000000
2018-02-25 21:20:38,0.00061259,16.00000000
2018-02-25 21:20:38,0.00061295,4.00000000
2018-02-25 21:20:38,0.00061300,3.00000000
2018-02-25 21:20:38,0.00061300,7.00000000
2018-02-25 21:20:38,0.00061300,7.00000000
2018-02-25 21:20:38,0.00061300,28.00000000
2018-02-25 21:20:40,0.00061298,10.00000000
2018-02-25 21:20:40,0.00061299,33.00000000
2018-02-25 21:20:52,0.00061201,10.00000000
2018-02-25 21:20:52,0.00061200,7.00000000
2018-02-25 21:20:52,0.00061292,185.00000000
2018-02-25 21:20:53,0.00061291,5.00000000
2018-02-25 21:20:54,0.00061291,3.00000000
2018-02-25 21:20:54,0.00061292,28.00000000
2018-02-25 21:20:54,0.00061292,34.00000000
2018-02-25 21:20:54,0.00061292,3.00000000
2018-02-25 21:20:55,0.00061292,37.00000000
2018-02-25 21:20:55,0.00061292,37.00000000
2018-02-25 21:20:56,0.00061292,56.00000000
2018-02-25 21:20:56,0.00061293,24.00000000
2018-02-25 21:20:56,0.00061293,13.00000000
2018-02-25 21:20:56,0.00061294,4.00000000
2018-02-25 21:20:56,0.00061298,8.00000000
2018-02-25 21:21:01,0.00061302,4.00000000
2018-02-25 21:21:01,0.00061299,428.00000000
2018-02-25 21:21:02,0.00061400,40.00000000
2018-02-25 21:21:03,0.00061301,11.00000000
2018-02-25 21:21:28,0.00061397,8.00000000
2018-02-25 21:21:40,0.00061397,117.00000000
2018-02-25 21:21:46,0.00061397,23.00000000
2018-02-25 21:21:55,0.00061336,13.00000000
2018-02-25 21:21:55,0.00061331,8.00000000
2018-02-25 21:21:55,0.00061316,82.00000000
2018-02-25 21:21:56,0.00061316,18.00000000
2018-02-25 21:21:59,0.00061341,8.00000000
2018-02-25 21:21:59,0.00061323,10.00000000
2018-02-25 21:21:59,0.00061316,21.00000000
2018-02-25 21:21:59,0.00061299,188.00000000
2018-02-25 21:21:59,0.00061293,3.00000000
2018-02-25 21:22:00,0.00061299,24.00000000
2018-02-25 21:22:00,0.00061291,5.00000000
2018-02-25 21:22:00,0.00061236,8.00000000
2018-02-25 21:22:00,0.00061200,67.00000000
2018-02-25 21:22:00,0.00061174,52.00000000
2018-02-25 21:22:00,0.00061173,15.00000000
2018-02-25 21:22:00,0.00061172,360.00000000
2018-02-25 21:22:03,0.00061298,15.00000000
2018-02-25 21:22:03,0.00061299,1.00000000
2018-02-25 21:22:10,0.00061294,4.00000000
2018-02-25 21:22:10,0.00061299,11.00000000
2018-02-25 21:22:10,0.00061298,8.00000000
2018-02-25 21:22:10,0.00061299,222.00000000
2018-02-25 21:22:12,0.00061203,4.00000000
2018-02-25 21:22:12,0.00061200,54.00000000
2018-02-25 21:22:12,0.00061189,6.00000000
2018-02-25 21:22:12,0.00061176,79.00000000
2018-02-25 21:22:12,0.00061175,220.00000000
2018-02-25 21:22:12,0.00061172,137.00000000
2018-02-25 21:22:20,0.00061284,4.00000000
2018-02-25 21:22:20,0.00061286,4.00000000
2018-02-25 21:22:21,0.00061289,5.00000000
2018-02-25 21:22:21,0.00061289,76.00000000
2018-02-25 21:22:21,0.00061179,4.00000000
2018-02-25 21:22:21,0.00061178,4.00000000
2018-02-25 21:22:21,0.00061172,60.00000000
2018-02-25 21:22:21,0.00061167,828.00000000
2018-02-25 21:22:22,0.00061281,4.00000000
2018-02-25 21:22:22,0.00061289,10.00000000
2018-02-25 21:22:22,0.00061289,53.00000000
2018-02-25 21:22:22,0.00061289,352.00000000
2018-02-25 21:22:22,0.00061289,122.00000000
2018-02-25 21:22:22,0.00061289,18.00000000
2018-02-25 21:22:24,0.00061289,97.00000000
2018-02-25 21:22:24,0.00061289,30.00000000
2018-02-25 21:22:31,0.00061284,4.00000000
2018-02-25 21:22:31,0.00061289,22.00000000
2018-02-25 21:22:33,0.00061284,20.00000000
2018-02-25 21:22:33,0.00061284,16.00000000
2018-02-25 21:22:33,0.00061284,66.00000000
2018-02-25 21:22:34,0.00061284,4.00000000
2018-02-25 21:22:34,0.00061284,48.00000000
2018-02-25 21:22:34,0.00061284,9.00000000
2018-02-25 21:22:35,0.00061284,30.00000000
2018-02-25 21:22:35,0.00061284,57.00000000
2018-02-25 21:22:37,0.00061284,8.00000000
2018-02-25 21:22:37,0.00061210,24.00000000
2018-02-25 21:22:37,0.00061210,9.00000000
2018-02-25 21:22:37,0.00061210,42.00000000
2018-02-25 21:22:37,0.00061210,9.00000000
2018-02-25 21:22:37,0.00061210,61.00000000
2018-02-25 21:22:38,0.00061210,45.00000000
2018-02-25 21:22:38,0.00061210,5.00000000
2018-02-25 21:22:39,0.00061210,10.00000000
2018-02-25 21:22:39,0.00061210,23.00000000
2018-02-25 21:22:40,0.00061181,4.00000000
2018-02-25 21:22:41,0.00061181,8.00000000
2018-02-25 21:22:42,0.00061181,46.00000000
2018-02-25 21:22:42,0.00061169,9.00000000
2018-02-25 21:22:42,0.00061168,62.00000000
2018-02-25 21:22:42,0.00061181,23.00000000
2018-02-25 21:22:43,0.00061181,3.00000000
2018-02-25 21:22:43,0.00061181,18.00000000
2018-02-25 21:22:43,0.00061168,99.00000000
2018-02-25 21:22:44,0.00061181,60.00000000
2018-02-25 21:22:44,0.00061181,523.00000000
2018-02-25 21:22:45,0.00061181,14.00000000
2018-02-25 21:22:46,0.00061181,135.00000000
2018-02-25 21:22:47,0.00061168,56.00000000
2018-02-25 21:22:47,0.00061168,211.00000000
2018-02-25 21:22:47,0.00061168,126.00000000
2018-02-25 21:22:48,0.00061168,9.00000000
2018-02-25 21:22:48,0.00061168,30.00000000
2018-02-25 21:22:48,0.00061168,3.00000000
2018-02-25 21:22:48,0.00061191,3.00000000
2018-02-25 21:22:48,0.00061210,3.00000000
2018-02-25 21:22:48,0.00061210,88.00000000
2018-02-25 21:22:49,0.00061167,24.00000000
2018-02-25 21:22:57,0.00061210,49.00000000
2018-02-25 21:23:02,0.00061210,121.00000000
2018-02-25 21:23:02,0.00061250,10.00000000
2018-02-25 21:23:02,0.00061284,806.00000000
2018-02-25 21:23:06,0.00061210,17.00000000
2018-02-25 21:23:11,0.00061210,32.00000000
2018-02-25 21:23:11,0.00061210,61.00000000
2018-02-25 21:23:14,0.00061279,9.00000000
2018-02-25 21:23:15,0.00061187,4.00000000
2018-02-25 21:23:15,0.00061183,35.00000000
2018-02-25 21:23:19,0.00061279,39.00000000
2018-02-25 21:23:19,0.00061279,5.00000000
2018-02-25 21:23:19,0.00061284,1592.00000000
2018-02-25 21:23:20,0.00061284,39.00000000
2018-02-25 21:23:20,0.00061190,25.00000000
2018-02-25 21:23:20,0.00061186,4.00000000
2018-02-25 21:23:20,0.00061183,59.00000000
2018-02-25 21:23:20,0.00061183,23.00000000
2018-02-25 21:23:22,0.00061183,11.00000000
2018-02-25 21:23:22,0.00061182,4.00000000
2018-02-25 21:23:23,0.00061183,17.00000000
2018-02-25 21:23:23,0.00061183,110.00000000
2018-02-25 21:23:24,0.00061183,69.00000000
2018-02-25 21:23:24,0.00061183,2.00000000
2018-02-25 21:23:24,0.00061183,784.00000000
2018-02-25 21:23:25,0.00061187,3.00000000
2018-02-25 21:23:26,0.00061188,4.00000000
2018-02-25 21:23:26,0.00061186,4.00000000
2018-02-25 21:23:26,0.00061183,32.00000000
2018-02-25 21:23:32,0.00061183,55.00000000
2018-02-25 21:23:33,0.00061210,61.00000000
2018-02-25 21:23:36,0.00061293,4.00000000
2018-02-25 21:23:36,0.00061295,4.00000000
2018-02-25 21:23:36,0.00061298,24.00000000
2018-02-25 21:23:42,0.00061297,10.00000000
2018-02-25 21:23:42,0.00061298,57.00000000
2018-02-25 21:23:42,0.00061305,16.00000000
2018-02-25 21:23:42,0.00061250,8.00000000
2018-02-25 21:23:43,0.00061190,20.00000000
2018-02-25 21:23:43,0.00061189,4.00000000
2018-02-25 21:23:43,0.00061184,49.00000000
2018-02-25 21:23:43,0.00061194,4.00000000
2018-02-25 21:23:43,0.00061184,23.00000000
2018-02-25 21:23:43,0.00061182,184.00000000
2018-02-25 21:23:43,0.00061170,11.00000000
2018-02-25 21:23:44,0.00061292,20.00000000
2018-02-25 21:23:44,0.00061293,4.00000000
2018-02-25 21:23:44,0.00061298,440.00000000
2018-02-25 21:23:51,0.00061281,4.00000000
2018-02-25 21:23:51,0.00061284,23.00000000
2018-02-25 21:23:51,0.00061290,4.00000000
2018-02-25 21:23:51,0.00061298,58.00000000
2018-02-25 21:24:02,0.00061297,8.00000000
2018-02-25 21:24:02,0.00061298,12.00000000
2018-02-25 21:24:05,0.00061297,9.00000000
2018-02-25 21:24:05,0.00061298,103.00000000
2018-02-25 21:24:05,0.00061298,48.00000000
2018-02-25 21:24:07,0.00061298,142.00000000
2018-02-25 21:24:07,0.00061298,364.00000000
2018-02-25 21:24:07,0.00061298,8.00000000
2018-02-25 21:24:07,0.00061298,10.00000000
2018-02-25 21:24:07,0.00061298,9.00000000
2018-02-25 21:24:08,0.00061298,16.00000000
2018-02-25 21:24:10,0.00061298,507.00000000
2018-02-25 21:24:14,0.00061298,74.00000000
2018-02-25 21:24:15,0.00061298,268.00000000
2018-02-25 21:24:40,0.00061295,4.00000000
2018-02-25 21:24:40,0.00061296,6.00000000
2018-02-25 21:24:46,0.00061296,2.00000000
2018-02-25 21:24:54,0.00061297,5.00000000
2018-02-25 21:24:54,0.00061296,321.00000000
2018-02-25 21:24:54,0.00061296,9.00000000
2018-02-25 21:24:54,0.00061296,3.00000000
2018-02-25 21:24:57,0.00061296,26.00000000
2018-02-25 21:24:57,0.00061190,1.00000000
2018-02-25 21:25:06,0.00061232,40.00000000
2018-02-25 21:25:06,0.00061227,5.00000000
2018-02-25 21:25:18,0.00061244,5.00000000
2018-02-25 21:25:18,0.00061239,8.00000000
2018-02-25 21:25:18,0.00061233,3.00000000
2018-02-25 21:25:18,0.00061230,28.00000000
2018-02-25 21:25:20,0.00061230,14.00000000
2018-02-25 21:25:20,0.00061230,34.00000000
2018-02-25 21:25:25,0.00061201,10.00000000
2018-02-25 21:25:25,0.00061200,327.00000000
2018-02-25 21:25:25,0.00061196,4.00000000
2018-02-25 21:25:25,0.00061178,4.00000000
2018-02-25 21:25:25,0.00061170,412.00000000
2018-02-25 21:25:26,0.00061292,8.00000000
2018-02-25 21:25:27,0.00061292,2.00000000
2018-02-25 21:25:27,0.00061293,4.00000000
2018-02-25 21:25:27,0.00061298,688.00000000
2018-02-25 21:25:27,0.00061327,33.00000000
2018-02-25 21:25:27,0.00061376,16.00000000
2018-02-25 21:25:27,0.00061385,50.00000000
2018-02-25 21:25:27,0.00061386,50.00000000
2018-02-25 21:25:27,0.00061387,50.00000000
2018-02-25 21:25:27,0.00061388,50.00000000
2018-02-25 21:25:27,0.00061389,87.00000000
2018-02-25 21:25:27,0.00061390,48.00000000
2018-02-25 21:25:27,0.00061390,2.00000000
2018-02-25 21:25:27,0.00061394,98.00000000
2018-02-25 21:25:27,0.00061395,175.00000000
2018-02-25 21:25:28,0.00061400,3.00000000
2018-02-25 21:25:28,0.00061400,16.00000000
2018-02-25 21:25:30,0.00061400,13.00000000
2018-02-25 21:25:30,0.00061400,13.00000000
2018-02-25 21:25:30,0.00061400,206.00000000
2018-02-25 21:25:30,0.00061400,79.00000000
2018-02-25 21:25:30,0.00061400,180.00000000
2018-02-25 21:25:31,0.00061323,10.00000000
2018-02-25 21:25:31,0.00061322,189.00000000
2018-02-25 21:25:31,0.00061307,4.00000000
2018-02-25 21:25:31,0.00061305,8.00000000
2018-02-25 21:25:31,0.00061277,48.00000000
2018-02-25 21:25:32,0.00061230,125.00000000
2018-02-25 21:25:32,0.00061230,125.00000000
2018-02-25 21:25:32,0.00061230,48.00000000
2018-02-25 21:25:32,0.00061230,125.00000000
2018-02-25 21:25:32,0.00061230,81.00000000
2018-02-25 21:25:32,0.00061190,9.00000000
2018-02-25 21:25:34,0.00061227,4.00000000
2018-02-25 21:25:34,0.00061230,58.00000000
2018-02-25 21:25:34,0.00061230,67.00000000
2018-02-25 21:25:35,0.00061230,46.00000000
2018-02-25 21:25:35,0.00061230,21.00000000
2018-02-25 21:25:35,0.00061230,119.00000000
2018-02-25 21:25:35,0.00061230,220.00000000
2018-02-25 21:25:35,0.00061230,360.00000000
2018-02-25 21:25:35,0.00061230,484.00000000
2018-02-25 21:25:35,0.00061230,387.00000000
2018-02-25 21:25:44,0.00061235,60.00000000
2018-02-25 21:25:49,0.00061249,4.00000000
2018-02-25 21:25:49,0.00061241,10.00000000
2018-02-25 21:25:49,0.00061240,2.00000000
2018-02-25 21:25:52,0.00061240,2.00000000
2018-02-25 21:25:52,0.00061190,10.00000000
2018-02-25 21:25:52,0.00061187,8.00000000
2018-02-25 21:25:52,0.00061171,14.00000000
2018-02-25 21:25:53,0.00061230,2.00000000
2018-02-25 21:25:57,0.00061171,35.00000000
2018-02-25 21:25:57,0.00061170,292.00000000
2018-02-25 21:25:57,0.00061206,3.00000000
2018-02-25 21:25:58,0.00061206,14.00000000
2018-02-25 21:25:59,0.00061201,3.00000000
2018-02-25 21:26:00,0.00061190,10.00000000
2018-02-25 21:26:00,0.00061203,4.00000000
2018-02-25 21:26:00,0.00061208,1.00000000
2018-02-25 21:26:01,0.00061206,13.00000000
2018-02-25 21:26:04,0.00061203,27.00000000
2018-02-25 21:26:04,0.00061205,8.00000000
2018-02-25 21:26:04,0.00061208,2.00000000
2018-02-25 21:26:04,0.00061230,30.00000000
2018-02-25 21:26:08,0.00061176,8.00000000
2018-02-25 21:26:08,0.00061176,19.00000000
2018-02-25 21:26:08,0.00061176,5.00000000
2018-02-25 21:26:09,0.00061176,17.00000000
2018-02-25 21:26:09,0.00061176,6.00000000
2018-02-25 21:26:09,0.00061176,17.00000000
2018-02-25 21:26:09,0.00061176,80.00000000
2018-02-25 21:26:10,0.00061176,28.00000000
2018-02-25 21:26:11,0.00061176,2.00000000
2018-02-25 21:26:11,0.00061175,35.00000000
2018-02-25 21:26:11,0.00061174,7.00000000
2018-02-25 21:26:11,0.00061176,24.00000000
2018-02-25 21:26:12,0.00061176,324.00000000
2018-02-25 21:26:12,0.00061176,92.00000000
2018-02-25 21:26:17,0.00061175,45.00000000
2018-02-25 21:26:22,0.00061174,40.00000000
2018-02-25 21:26:22,0.00061170,222.00000000
2018-02-25 21:26:23,0.00061170,6.00000000
2018-02-25 21:26:23,0.00061170,500.00000000
2018-02-25 21:26:24,0.00061170,43.00000000
2018-02-25 21:26:24,0.00061170,4.00000000
2018-02-25 21:26:24,0.00061170,30.00000000
2018-02-25 21:26:25,0.00061170,128.00000000
2018-02-25 21:26:25,0.00061170,104.00000000
2018-02-25 21:26:25,0.00061170,20.00000000
2018-02-25 21:26:27,0.00061175,18.00000000
2018-02-25 21:26:28,0.00061170,49.00000000
2018-02-25 21:26:29,0.00061176,207.00000000
2018-02-25 21:26:29,0.00061176,143.00000000
2018-02-25 21:26:30,0.00061176,104.00000000
2018-02-25 21:26:30,0.00061176,179.00000000
2018-02-25 21:26:30,0.00061176,106.00000000
2018-02-25 21:26:31,0.00061176,37.00000000
2018-02-25 21:26:32,0.00061176,113.00000000
2018-02-25 21:26:35,0.00061170,55.00000000
2018-02-25 21:26:35,0.00061175,403.00000000
2018-02-25 21:26:36,0.00061175,184.00000000
2018-02-25 21:26:38,0.00061170,13.00000000
2018-02-25 21:26:38,0.00061164,189.00000000
2018-02-25 21:26:38,0.00061162,31.00000000
2018-02-25 21:26:38,0.00061161,248.00000000
2018-02-25 21:26:38,0.00061160,52.00000000
2018-02-25 21:26:38,0.00061143,20.00000000
2018-02-25 21:26:38,0.00061102,48.00000000
2018-02-25 21:26:38,0.00061101,53.00000000
2018-02-25 21:26:39,0.00061175,98.00000000
2018-02-25 21:26:40,0.00061161,10.00000000
2018-02-25 21:26:44,0.00061175,35.00000000
2018-02-25 21:26:46,0.00061170,3.00000000
2018-02-25 21:26:48,0.00061175,415.00000000
2018-02-25 21:26:48,0.00061176,602.00000000
2018-02-25 21:26:49,0.00061176,16.00000000
2018-02-25 21:26:49,0.00061161,50.00000000
2018-02-25 21:26:49,0.00061176,302.00000000
2018-02-25 21:26:49,0.00061176,102.00000000
2018-02-25 21:26:49,0.00061176,19.00000000
2018-02-25 21:26:57,0.00061175,2.00000000
2018-02-25 21:26:57,0.00061176,6.00000000
2018-02-25 21:26:57,0.00061176,74.00000000
2018-02-25 21:26:57,0.00061176,268.00000000
2018-02-25 21:27:01,0.00061176,88.00000000
2018-02-25 21:27:03,0.00061176,169.00000000
2018-02-25 21:27:03,0.00061176,44.00000000
2018-02-25 21:27:08,0.00061176,12.00000000
2018-02-25 21:27:09,0.00061161,3.00000000
2018-02-25 21:27:23,0.00061175,2.00000000
2018-02-25 21:27:23,0.00061176,20.00000000
2018-02-25 21:27:25,0.00061161,74.00000000
2018-02-25 21:27:25,0.00061101,747.00000000
2018-02-25 21:27:25,0.00061100,651.00000000
2018-02-25 21:27:25,0.00061100,50.00000000
2018-02-25 21:27:27,0.00061176,658.00000000
2018-02-25 21:27:30,0.00061176,52.00000000
2018-02-25 21:27:38,0.00061100,88.00000000
2018-02-25 21:27:40,0.00061100,16.00000000
2018-02-25 21:27:40,0.00061085,3.00000000
2018-02-25 21:27:40,0.00061078,4.00000000
2018-02-25 21:27:40,0.00061075,30.00000000
2018-02-25 21:27:40,0.00061074,500.00000000
2018-02-25 21:27:44,0.00061161,6.00000000
2018-02-25 21:27:46,0.00061074,233.00000000
2018-02-25 21:27:48,0.00061158,4.00000000
2018-02-25 21:27:48,0.00061161,10.00000000
2018-02-25 21:27:56,0.00061161,252.00000000
2018-02-25 21:28:14,0.00061160,37.00000000
2018-02-25 21:28:18,0.00061155,68.00000000
2018-02-25 21:28:18,0.00061079,117.00000000
2018-02-25 21:28:18,0.00061078,43.00000000
2018-02-25 21:28:18,0.00061074,50.00000000
2018-02-25 21:28:18,0.00061071,4.00000000
2018-02-25 21:28:18,0.00061040,30.00000000
2018-02-25 21:28:18,0.00061016,138.00000000
2018-02-25 21:28:18,0.00061016,17.00000000
2018-02-25 21:28:26,0.00061080,9.00000000
2018-02-25 21:28:26,0.00061016,7.00000000
2018-02-25 21:28:27,0.00061153,10.00000000
2018-02-25 21:28:28,0.00061021,23.00000000
2018-02-25 21:28:32,0.00061039,10.00000000
2018-02-25 21:28:32,0.00061038,4.00000000
2018-02-25 21:28:32,0.00061035,8.00000000
2018-02-25 21:28:32,0.00061034,28.00000000
2018-02-25 21:28:34,0.00061148,23.00000000
2018-02-25 21:28:34,0.00061150,123.00000000
2018-02-25 21:28:34,0.00061154,8.00000000
2018-02-25 21:28:36,0.00061034,8.00000000
2018-02-25 21:28:41,0.00061035,4.00000000
2018-02-25 21:28:42,0.00061139,4.00000000
2018-02-25 21:28:47,0.00061038,4.00000000
2018-02-25 21:28:47,0.00061035,165.00000000
2018-02-25 21:28:50,0.00061153,2.00000000
2018-02-25 21:28:52,0.00061139,16.00000000
2018-02-25 21:28:56,0.00061090,7.00000000
2018-02-25 21:28:58,0.00061087,3.00000000
2018-02-25 21:29:01,0.00061035,25.00000000
2018-02-25 21:29:01,0.00061028,8.00000000
2018-02-25 21:29:01,0.00061021,17.00000000
2018-02-25 21:29:01,0.00061021,90.00000000
2018-02-25 21:29:11,0.00061087,1.00000000
2018-02-25 21:29:11,0.00061090,7.00000000
2018-02-25 21:29:11,0.00061090,19.00000000
2018-02-25 21:29:12,0.00061035,4.00000000
2018-02-25 21:29:12,0.00061021,728.00000000
2018-02-25 21:29:12,0.00061090,19.00000000
2018-02-25 21:29:15,0.00061044,3.00000000
2018-02-25 21:29:16,0.00061090,42.00000000
2018-02-25 21:29:19,0.00061139,1.00000000
2018-02-25 21:29:21,0.00061139,1.00000000
2018-02-25 21:29:21,0.00061139,1.00000000
2018-02-25 21:29:25,0.00061139,5.00000000
2018-02-25 21:29:25,0.00061159,291.00000000
2018-02-25 21:29:27,0.00061159,61.00000000
2018-02-25 21:29:32,0.00061160,1096.00000000
2018-02-25 21:29:36,0.00061101,195.00000000
2018-02-25 21:29:36,0.00061100,305.00000000
2018-02-25 21:29:40,0.00061100,28.00000000
2018-02-25 21:29:40,0.00061100,26.00000000
2018-02-25 21:29:40,0.00061100,145.00000000
2018-02-25 21:29:43,0.00061090,46.00000000
2018-02-25 21:29:43,0.00061075,324.00000000
2018-02-25 21:29:43,0.00061074,393.00000000
2018-02-25 21:29:52,0.00061080,25.00000000
2018-02-25 21:29:52,0.00061074,1716.00000000
2018-02-25 21:29:52,0.00061074,6.00000000
2018-02-25 21:29:52,0.00061074,9.00000000
2018-02-25 21:29:53,0.00061074,11.00000000
2018-02-25 21:29:54,0.00061038,8.00000000
2018-02-25 21:29:54,0.00061035,61.00000000
2018-02-25 21:29:54,0.00061074,140.00000000
2018-02-25 21:29:59,0.00061074,7.00000000
2018-02-25 21:30:01,0.00061074,245.00000000
2018-02-25 21:30:02,0.00061100,13.00000000
2018-02-25 21:30:03,0.00061074,21.00000000
2018-02-25 21:30:05,0.00061100,12.00000000
2018-02-25 21:30:07,0.00061074,3.00000000
2018-02-25 21:30:11,0.00061035,39.00000000
2018-02-25 21:30:11,0.00061022,37.00000000
2018-02-25 21:30:11,0.00061021,218.00000000
2018-02-25 21:30:12,0.00061074,4.00000000
2018-02-25 21:30:12,0.00061074,12.00000000
2018-02-25 21:30:13,0.00061074,3.00000000
2018-02-25 21:30:14,0.00061021,36.00000000
2018-02-25 21:30:14,0.00061074,14.00000000
2018-02-25 21:30:15,0.00061021,43.00000000
2018-02-25 21:30:30,0.00061021,38.00000000
2018-02-25 21:30:30,0.00061021,177.00000000
2018-02-25 21:30:32,0.00061100,3.00000000
2018-02-25 21:30:34,0.00061090,17.00000000
2018-02-25 21:30:35,0.00061021,68.00000000
2018-02-25 21:30:35,0.00061016,9.00000000
2018-02-25 21:30:35,0.00061005,90.00000000
2018-02-25 21:30:35,0.00061002,18.00000000
2018-02-25 21:30:35,0.00061001,20.00000000
2018-02-25 21:30:35,0.00061000,366.00000000
2018-02-25 21:30:35,0.00061000,147.00000000
2018-02-25 21:30:35,0.00061000,70.00000000
2018-02-25 21:30:40,0.00061090,2.00000000
2018-02-25 21:30:45,0.00061090,451.00000000
2018-02-25 21:30:47,0.00061090,6.00000000
2018-02-25 21:30:48,0.00061090,5.00000000
2018-02-25 21:30:49,0.00061090,20.00000000
2018-02-25 21:30:56,0.00061089,30.00000000
2018-02-25 21:30:57,0.00061024,8.00000000
2018-02-25 21:30:57,0.00061001,7.00000000
2018-02-25 21:30:57,0.00061089,55.00000000
2018-02-25 21:30:58,0.00061001,123.00000000
2018-02-25 21:31:03,0.00061089,2.00000000
2018-02-25 21:31:03,0.00061089,32.00000000
2018-02-25 21:31:03,0.00061090,45.00000000
2018-02-25 21:31:05,0.00061090,39.00000000
2018-02-25 21:31:06,0.00061001,16.00000000
2018-02-25 21:31:06,0.00061001,760.00000000
2018-02-25 21:31:06,0.00061001,11.00000000
2018-02-25 21:31:06,0.00061001,47.00000000
2018-02-25 21:31:06,0.00061001,12.00000000
2018-02-25 21:31:06,0.00061001,58.00000000
2018-02-25 21:31:06,0.00061001,2.00000000
2018-02-25 21:31:07,0.00061001,135.00000000
2018-02-25 21:31:07,0.00061001,67.00000000
2018-02-25 21:31:07,0.00061001,51.00000000
2018-02-25 21:31:07,0.00061001,19.00000000
2018-02-25 21:31:07,0.00061001,4.00000000
2018-02-25 21:31:09,0.00061000,4.00000000
2018-02-25 21:31:10,0.00061001,105.00000000
2018-02-25 21:31:14,0.00061001,16.00000000
2018-02-25 21:31:15,0.00061001,13.00000000
2018-02-25 21:31:28,0.00061090,138.00000000
2018-02-25 21:31:28,0.00061003,4.00000000
2018-02-25 21:31:28,0.00061002,49.00000000
2018-02-25 21:31:35,0.00061087,4.00000000
2018-02-25 21:31:35,0.00061090,14.00000000
2018-02-25 21:31:40,0.00061002,27.00000000
2018-02-25 21:31:41,0.00061080,3.00000000
2018-02-25 21:31:42,0.00061080,109.00000000
2018-02-25 21:31:46,0.00061002,64.00000000
2018-02-25 21:31:46,0.00061001,97.00000000
2018-02-25 21:31:46,0.00061000,250.00000000
2018-02-25 21:31:50,0.00061000,18.00000000
2018-02-25 21:31:50,0.00061000,13.00000000
2018-02-25 21:31:51,0.00060990,5.00000000
2018-02-25 21:31:51,0.00060984,263.00000000
2018-02-25 21:31:51,0.00060980,5.00000000
2018-02-25 21:31:51,0.00060959,74.00000000
2018-02-25 21:31:51,0.00060950,228.00000000
2018-02-25 21:31:51,0.00060927,8.00000000
2018-02-25 21:31:51,0.00060921,1010.00000000
2018-02-25 21:31:51,0.00060917,11.00000000
2018-02-25 21:31:51,0.00060900,1572.00000000
2018-02-25 21:31:57,0.00060999,5.00000000
2018-02-25 21:31:57,0.00060999,4.00000000
2018-02-25 21:31:57,0.00061000,16.00000000
2018-02-25 21:31:58,0.00060999,8.00000000
2018-02-25 21:31:58,0.00061000,17.00000000
2018-02-25 21:31:58,0.00060912,5.00000000
2018-02-25 21:31:58,0.00060904,120.00000000
2018-02-25 21:31:59,0.00060904,178.00000000
2018-02-25 21:32:00,0.00061000,19.00000000
2018-02-25 21:32:01,0.00060913,13.00000000
2018-02-25 21:32:01,0.00060910,7.00000000
2018-02-25 21:32:01,0.00060907,4.00000000
2018-02-25 21:32:01,0.00060904,130.00000000
2018-02-25 21:32:02,0.00060904,3708.00000000
2018-02-25 21:32:02,0.00060904,451.00000000
2018-02-25 21:32:04,0.00060904,1088.00000000
2018-02-25 21:32:04,0.00060904,7.00000000
2018-02-25 21:32:05,0.00060904,19.00000000
2018-02-25 21:32:05,0.00060904,170.00000000
2018-02-25 21:32:06,0.00060906,19.00000000
2018-02-25 21:32:06,0.00060904,9.00000000
2018-02-25 21:32:06,0.00060904,2.00000000
2018-02-25 21:32:06,0.00060904,94.00000000
2018-02-25 21:32:07,0.00060904,6.00000000
2018-02-25 21:32:07,0.00060904,191.00000000
2018-02-25 21:32:07,0.00060904,20.00000000
2018-02-25 21:32:08,0.00060904,7.00000000
2018-02-25 21:32:08,0.00060904,17.00000000
2018-02-25 21:32:09,0.00060904,3.00000000
2018-02-25 21:32:09,0.00060904,16.00000000
2018-02-25 21:32:09,0.00060904,17.00000000
2018-02-25 21:32:09,0.00060904,2.00000000
2018-02-25 21:32:09,0.00060904,51.00000000
2018-02-25 21:32:10,0.00060901,4.00000000
2018-02-25 21:32:10,0.00060904,3.00000000
2018-02-25 21:32:10,0.00060904,3.00000000
2018-02-25 21:32:10,0.00060904,20.00000000
2018-02-25 21:32:11,0.00060904,108.00000000
2018-02-25 21:32:12,0.00060990,10.00000000
2018-02-25 21:32:12,0.00060990,8.00000000
2018-02-25 21:32:13,0.00060990,8.00000000
2018-02-25 21:32:14,0.00060904,4.00000000
2018-02-25 21:32:14,0.00060901,217.00000000
2018-02-25 21:32:14,0.00060900,4.00000000
2018-02-25 21:32:16,0.00060900,75.00000000
2018-02-25 21:32:16,0.00060990,52.00000000
2018-02-25 21:32:17,0.00060900,50.00000000
2018-02-25 21:32:19,0.00060987,4.00000000
2018-02-25 21:32:25,0.00060903,4.00000000
2018-02-25 21:32:25,0.00060900,150.00000000
2018-02-25 21:32:25,0.00060898,301.00000000
2018-02-25 21:32:25,0.00060890,161.00000000
2018-02-25 21:32:25,0.00060852,41.00000000
2018-02-25 21:32:28,0.00060877,4.00000000
2018-02-25 21:32:29,0.00060877,8.00000000
2018-02-25 21:32:29,0.00060875,93.00000000
2018-02-25 21:32:29,0.00060987,2.00000000
2018-02-25 21:32:29,0.00060986,12.00000000
2018-02-25 21:32:29,0.00060987,68.00000000
2018-02-25 21:32:30,0.00060987,4.00000000
2018-02-25 21:32:33,0.00060987,79.00000000
2018-02-25 21:32:34,0.00060990,10.00000000
2018-02-25 21:32:37,0.00060990,3.00000000
2018-02-25 21:32:37,0.00060990,3.00000000
2018-02-25 21:32:37,0.00060990,16.00000000
2018-02-25 21:32:37,0.00060987,128.00000000
2018-02-25 21:32:39,0.00060879,4.00000000
2018-02-25 21:32:39,0.00060876,49.00000000
2018-02-25 21:32:39,0.00060876,72.00000000
2018-02-25 21:32:39,0.00060876,15.00000000
2018-02-25 21:32:40,0.00060985,94.00000000
2018-02-25 21:32:41,0.00060987,4.00000000
2018-02-25 21:32:44,0.00060990,23.00000000
2018-02-25 21:32:45,0.00060990,8.00000000
2018-02-25 21:32:47,0.00060987,16.00000000
2018-02-25 21:32:47,0.00060877,9.00000000
2018-02-25 21:32:47,0.00060876,16.00000000
2018-02-25 21:32:47,0.00060861,8.00000000
2018-02-25 21:32:47,0.00060850,293.00000000
2018-02-25 21:32:47,0.00060850,10.00000000
2018-02-25 21:32:47,0.00060850,100.00000000
2018-02-25 21:32:47,0.00060850,48.00000000
2018-02-25 21:32:49,0.00060998,37.00000000
2018-02-25 21:32:50,0.00060990,49.00000000
2018-02-25 21:32:52,0.00060990,4.00000000
2018-02-25 21:32:54,0.00060985,3.00000000
2018-02-25 21:32:54,0.00060868,187.00000000
2018-02-25 21:32:54,0.00060855,9.00000000
2018-02-25 21:32:54,0.00060852,48.00000000
2018-02-25 21:32:54,0.00060843,4.00000000
2018-02-25 21:32:54,0.00060837,8.00000000
2018-02-25 21:32:54,0.00060825,85.00000000
2018-02-25 21:32:56,0.00060976,9.00000000
2018-02-25 21:33:00,0.00060967,52.00000000
2018-02-25 21:33:01,0.00060841,8.00000000
2018-02-25 21:33:01,0.00060832,8.00000000
2018-02-25 21:33:01,0.00060825,85.00000000
2018-02-25 21:33:01,0.00060967,18.00000000
2018-02-25 21:33:04,0.00060961,12.00000000
2018-02-25 21:33:04,0.00060831,18.00000000
2018-02-25 21:33:07,0.00060831,24.00000000
2018-02-25 21:33:09,0.00060948,5.00000000
2018-02-25 21:33:17,0.00060942,25.00000000
2018-02-25 21:33:19,0.00060942,41.00000000
2018-02-25 21:33:19,0.00060944,8.00000000
2018-02-25 21:33:28,0.00060935,36.00000000
2018-02-25 21:33:28,0.00060942,55.00000000
2018-02-25 21:33:30,0.00060877,8.00000000
2018-02-25 21:33:31,0.00060940,47.00000000
2018-02-25 21:33:31,0.00060942,38.00000000
2018-02-25 21:33:33,0.00060900,249.00000000
2018-02-25 21:33:34,0.00060900,16.00000000
2018-02-25 21:33:34,0.00060900,23.00000000
2018-02-25 21:33:36,0.00060900,36.00000000
2018-02-25 21:33:36,0.00060900,211.00000000
2018-02-25 21:33:37,0.00060900,163.00000000
2018-02-25 21:33:38,0.00060900,5.00000000
2018-02-25 21:33:39,0.00060900,52.00000000
2018-02-25 21:33:40,0.00060900,9.00000000
2018-02-25 21:33:42,0.00060880,12.00000000
2018-02-25 21:33:43,0.00060865,8.00000000
2018-02-25 21:33:43,0.00060862,37.00000000
2018-02-25 21:33:43,0.00060880,12.00000000
2018-02-25 21:33:44,0.00060862,178.00000000
2018-02-25 21:33:44,0.00060834,287.00000000
2018-02-25 21:33:44,0.00060831,211.00000000
2018-02-25 21:33:44,0.00060825,289.00000000
2018-02-25 21:33:44,0.00060812,52.00000000
2018-02-25 21:33:44,0.00060810,1106.00000000
2018-02-25 21:33:44,0.00060807,500.00000000
2018-02-25 21:33:44,0.00060802,30.00000000
2018-02-25 21:33:44,0.00060801,349.00000000
2018-02-25 21:33:44,0.00060800,486.00000000
2018-02-25 21:33:44,0.00060800,88.00000000
2018-02-25 21:33:44,0.00060800,633.00000000
2018-02-25 21:33:44,0.00060800,5.00000000
2018-02-25 21:33:44,0.00060800,88.00000000
2018-02-25 21:33:44,0.00060800,135.00000000
2018-02-25 21:33:44,0.00060800,191.00000000
2018-02-25 21:33:44,0.00060800,4.00000000
2018-02-25 21:33:45,0.00060800,12.00000000
2018-02-25 21:33:45,0.00060800,5.00000000
2018-02-25 21:33:46,0.00060800,243.00000000
2018-02-25 21:33:47,0.00060800,2.00000000
2018-02-25 21:33:47,0.00060800,38.00000000
2018-02-25 21:33:48,0.00060800,41.00000000
2018-02-25 21:33:48,0.00060800,27.00000000
2018-02-25 21:33:49,0.00060800,4.00000000
2018-02-25 21:33:49,0.00060800,2.00000000
2018-02-25 21:33:49,0.00060800,4.00000000
2018-02-25 21:33:50,0.00060800,20.00000000
2018-02-25 21:33:51,0.00060800,8.00000000
2018-02-25 21:33:51,0.00060800,2.00000000
2018-02-25 21:33:51,0.00060800,70.00000000
2018-02-25 21:33:52,0.00060800,20.00000000
2018-02-25 21:33:52,0.00060800,245.00000000
2018-02-25 21:33:52,0.00060798,332.00000000
2018-02-25 21:33:52,0.00060795,765.00000000
2018-02-25 21:33:52,0.00060780,100.00000000
2018-02-25 21:33:52,0.00060760,640.00000000
2018-02-25 21:33:52,0.00060758,1068.00000000
2018-02-25 21:33:52,0.00060752,20.00000000
2018-02-25 21:33:52,0.00060751,9506.00000000
2018-02-25 21:33:52,0.00060789,83.00000000
2018-02-25 21:33:52,0.00060750,43.00000000
2018-02-25 21:33:53,0.00060789,18.00000000
2018-02-25 21:33:53,0.00060789,13.00000000
2018-02-25 21:33:53,0.00060875,18.00000000
2018-02-25 21:33:55,0.00060874,20.00000000
2018-02-25 21:33:56,0.00060805,5.00000000
2018-02-25 21:33:57,0.00060805,5.00000000
2018-02-25 21:33:57,0.00060805,2.00000000
2018-02-25 21:33:58,0.00060805,6.00000000
2018-02-25 21:33:58,0.00060874,7.00000000
2018-02-25 21:33:59,0.00060800,17.00000000
2018-02-25 21:34:00,0.00060799,3.00000000
2018-02-25 21:34:00,0.00060799,12.00000000
2018-02-25 21:34:00,0.00060799,120.00000000
2018-02-25 21:34:01,0.00060799,4.00000000
2018-02-25 21:34:01,0.00060799,27.00000000
2018-02-25 21:34:03,0.00060799,9.00000000
2018-02-25 21:34:03,0.00060799,10.00000000
2018-02-25 21:34:04,0.00060799,16.00000000
2018-02-25 21:34:05,0.00060799,20.00000000
2018-02-25 21:34:05,0.00060799,25.00000000
2018-02-25 21:34:09,0.00060799,2.00000000
2018-02-25 21:34:09,0.00060758,124.00000000
2018-02-25 21:34:10,0.00060758,79.00000000
2018-02-25 21:34:10,0.00060755,18.00000000
2018-02-25 21:34:11,0.00060762,8.00000000
2018-02-25 21:34:11,0.00060759,16.00000000
2018-02-25 21:34:11,0.00060755,121.00000000
2018-02-25 21:34:11,0.00060750,435.00000000
2018-02-25 21:34:11,0.00060799,15.00000000
2018-02-25 21:34:14,0.00060758,13.00000000
2018-02-25 21:34:14,0.00060758,14.00000000
2018-02-25 21:34:14,0.00060758,20.00000000
2018-02-25 21:34:14,0.00060758,45.00000000
2018-02-25 21:34:14,0.00060750,560.00000000
2018-02-25 21:34:14,0.00060750,15.00000000
2018-02-25 21:34:15,0.00060750,55.00000000
2018-02-25 21:34:15,0.00060743,19.00000000
2018-02-25 21:34:15,0.00060730,25.00000000
2018-02-25 21:34:16,0.00060750,13.00000000
2018-02-25 21:34:16,0.00060750,3.00000000
2018-02-25 21:34:17,0.00060750,12.00000000
2018-02-25 21:34:19,0.00060750,299.00000000
2018-02-25 21:34:20,0.00060757,15.00000000
2018-02-25 21:34:20,0.00060757,11.00000000
2018-02-25 21:34:20,0.00060799,66.00000000
2018-02-25 21:34:20,0.00060800,5.00000000
2018-02-25 21:34:22,0.00060732,6.00000000
2018-02-25 21:34:22,0.00060730,13.00000000
2018-02-25 21:34:22,0.00060720,8.00000000
2018-02-25 21:34:22,0.00060707,11.00000000
2018-02-25 21:34:24,0.00060709,8.00000000
2018-02-25 21:34:24,0.00060709,8.00000000
2018-02-25 21:34:25,0.00060709,2.00000000
2018-02-25 21:34:25,0.00060709,46.00000000
2018-02-25 21:34:25,0.00060732,104.00000000
2018-02-25 21:34:27,0.00060732,327.00000000
2018-02-25 21:34:27,0.00060732,106.00000000
2018-02-25 21:34:27,0.00060800,105.00000000
2018-02-25 21:34:27,0.00060732,41.00000000
2018-02-25 21:34:28,0.00060732,123.00000000
2018-02-25 21:34:28,0.00060719,4.00000000
2018-02-25 21:34:28,0.00060707,2373.00000000
2018-02-25 21:34:29,0.00060800,2.00000000
2018-02-25 21:34:30,0.00060800,12.00000000
2018-02-25 21:34:31,0.00060800,8.00000000
2018-02-25 21:34:32,0.00060800,5.00000000
2018-02-25 21:34:32,0.00060800,157.00000000
2018-02-25 21:34:33,0.00060800,16.00000000
2018-02-25 21:34:34,0.00060800,5.00000000
2018-02-25 21:34:34,0.00060800,82.00000000
2018-02-25 21:34:35,0.00060800,2.00000000
2018-02-25 21:34:35,0.00060800,32.00000000
2018-02-25 21:34:38,0.00060710,4.00000000
2018-02-25 21:34:38,0.00060708,16.00000000
2018-02-25 21:34:40,0.00060800,10.00000000
2018-02-25 21:34:40,0.00060797,4.00000000
2018-02-25 21:34:40,0.00060799,113.00000000
2018-02-25 21:34:41,0.00060799,4.00000000
2018-02-25 21:34:41,0.00060799,4.00000000
2018-02-25 21:34:41,0.00060799,4.00000000
2018-02-25 21:34:42,0.00060799,2.00000000
2018-02-25 21:34:45,0.00060797,29.00000000
2018-02-25 21:34:46,0.00060797,6.00000000
2018-02-25 21:34:47,0.00060711,4.00000000
2018-02-25 21:34:47,0.00060708,42.00000000
2018-02-25 21:34:49,0.00060794,4.00000000
2018-02-25 21:34:49,0.00060797,13.00000000
2018-02-25 21:34:49,0.00060799,137.00000000
2018-02-25 21:34:55,0.00060799,4.00000000
2018-02-25 21:34:56,0.00060722,8.00000000
2018-02-25 21:34:56,0.00060715,9.00000000
2018-02-25 21:34:56,0.00060711,12.00000000
2018-02-25 21:35:00,0.00060714,4.00000000
2018-02-25 21:35:00,0.00060711,462.00000000
2018-02-25 21:35:00,0.00060707,1790.00000000
2018-02-25 21:35:00,0.00060705,48.00000000
2018-02-25 21:35:01,0.00060796,4.00000000
2018-02-25 21:35:01,0.00060799,324.00000000
2018-02-25 21:35:02,0.00060799,3.00000000
2018-02-25 21:35:03,0.00060799,46.00000000
2018-02-25 21:35:03,0.00060799,4.00000000
2018-02-25 21:35:03,0.00060799,12.00000000
2018-02-25 21:35:04,0.00060799,4.00000000
2018-02-25 21:35:05,0.00060799,2.00000000
2018-02-25 21:35:06,0.00060799,4.00000000
2018-02-25 21:35:06,0.00060799,4.00000000
2018-02-25 21:35:06,0.00060799,5.00000000
2018-02-25 21:35:07,0.00060799,16.00000000
2018-02-25 21:35:08,0.00060799,4.00000000
2018-02-25 21:35:08,0.00060799,10.00000000
2018-02-25 21:35:09,0.00060799,4.00000000
2018-02-25 21:35:11,0.00060798,9.00000000
2018-02-25 21:35:11,0.00060799,2.00000000
2018-02-25 21:35:15,0.00060799,18.00000000
2018-02-25 21:35:16,0.00060799,80.00000000
2018-02-25 21:35:17,0.00060799,3.00000000
2018-02-25 21:35:18,0.00060727,4.00000000
2018-02-25 21:35:18,0.00060719,4.00000000
2018-02-25 21:35:18,0.00060711,10.00000000
2018-02-25 21:35:19,0.00060727,4.00000000
2018-02-25 21:35:19,0.00060711,5.00000000
2018-02-25 21:35:19,0.00060708,11.00000000
2018-02-25 21:35:30,0.00060798,4.00000000
2018-02-25 21:35:31,0.00060798,124.00000000
2018-02-25 21:35:31,0.00060799,314.00000000
2018-02-25 21:35:31,0.00060799,191.00000000
2018-02-25 21:35:33,0.00060717,3.00000000
2018-02-25 21:35:33,0.00060708,12.00000000
2018-02-25 21:35:37,0.00060708,191.00000000
2018-02-25 21:35:42,0.00060799,237.00000000
2018-02-25 21:35:45,0.00060799,135.00000000
2018-02-25 21:35:54,0.00060719,26.00000000
2018-02-25 21:35:55,0.00060718,4.00000000
2018-02-25 21:35:55,0.00060719,26.00000000
2018-02-25 21:35:55,0.00060718,8.00000000
2018-02-25 21:35:56,0.00060718,124.00000000
2018-02-25 21:35:56,0.00060719,2.00000000
2018-02-25 21:35:56,0.00060719,9.00000000
2018-02-25 21:35:58,0.00060718,188.00000000
2018-02-25 21:35:58,0.00060717,2794.00000000
2018-02-25 21:35:58,0.00060708,405.00000000
2018-02-25 21:35:58,0.00060705,83.00000000
2018-02-25 21:35:58,0.00060700,2373.00000000
2018-02-25 21:35:58,0.00060700,124.00000000
2018-02-25 21:35:59,0.00060700,12.00000000
2018-02-25 21:35:59,0.00060719,108.00000000
2018-02-25 21:35:59,0.00060719,11.00000000
2018-02-25 21:36:01,0.00060719,4.00000000
2018-02-25 21:36:01,0.00060719,31.00000000
2018-02-25 21:36:02,0.00060719,70.00000000
2018-02-25 21:36:13,0.00060719,154.00000000
2018-02-25 21:36:13,0.00060718,10.00000000
2018-02-25 21:36:14,0.00060718,2.00000000
2018-02-25 21:36:16,0.00060719,106.00000000
2018-02-25 21:36:17,0.00060798,18.00000000
2018-02-25 21:36:21,0.00060719,3.00000000
2018-02-25 21:36:22,0.00060719,78.00000000
2018-02-25 21:36:22,0.00060719,4.00000000
2018-02-25 21:36:23,0.00060719,12.00000000
2018-02-25 21:36:24,0.00060719,4.00000000
2018-02-25 21:36:24,0.00060719,102.00000000
2018-02-25 21:36:24,0.00060797,6.00000000
2018-02-25 21:36:26,0.00060797,2.00000000
2018-02-25 21:36:26,0.00060798,224.00000000
2018-02-25 21:36:26,0.00060798,8.00000000
2018-02-25 21:36:26,0.00060798,34.00000000
2018-02-25 21:36:26,0.00060675,4.00000000
2018-02-25 21:36:26,0.00060674,1.00000000
2018-02-25 21:36:27,0.00060677,160.00000000
2018-02-25 21:36:27,0.00060675,29.00000000
2018-02-25 21:36:27,0.00060672,9.00000000
2018-02-25 21:36:27,0.00060666,96.00000000
2018-02-25 21:36:28,0.00060717,161.00000000
2018-02-25 21:36:28,0.00060719,15.00000000
2018-02-25 21:36:30,0.00060719,3.00000000
2018-02-25 21:36:30,0.00060791,36.00000000
2018-02-25 21:36:34,0.00060790,24.00000000
2018-02-25 21:36:44,0.00060784,4.00000000
2018-02-25 21:36:44,0.00060790,12.00000000
2018-02-25 21:36:46,0.00060683,5.00000000
2018-02-25 21:36:46,0.00060672,9.00000000
2018-02-25 21:36:46,0.00060671,19.00000000
2018-02-25 21:36:47,0.00060719,6.00000000
2018-02-25 21:36:54,0.00060719,1.00000000
2018-02-25 21:36:54,0.00060782,37.00000000
2018-02-25 21:36:54,0.00060784,145.00000000
2018-02-25 21:36:57,0.00060680,154.00000000
2018-02-25 21:36:57,0.00060676,5.00000000
2018-02-25 21:36:57,0.00060672,182.00000000
2018-02-25 21:36:59,0.00060719,30.00000000
2018-02-25 21:36:59,0.00060680,23.00000000
2018-02-25 21:36:59,0.00060672,150.00000000
2018-02-25 21:37:02,0.00060784,214.00000000
2018-02-25 21:37:02,0.00060784,411.00000000
2018-02-25 21:37:06,0.00060683,4.00000000
2018-02-25 21:37:06,0.00060680,62.00000000
2018-02-25 21:37:09,0.00060781,4.00000000
2018-02-25 21:37:09,0.00060784,531.00000000
2018-02-25 21:37:09,0.00060784,16.00000000
2018-02-25 21:37:09,0.00060784,4.00000000
2018-02-25 21:37:09,0.00060784,16.00000000
2018-02-25 21:37:17,0.00060784,39.00000000
2018-02-25 21:37:19,0.00060784,14.00000000
2018-02-25 21:37:28,0.00060698,4.00000000
2018-02-25 21:37:28,0.00060695,13.00000000
2018-02-25 21:37:28,0.00060686,10.00000000
2018-02-25 21:37:28,0.00060681,15.00000000
2018-02-25 21:37:28,0.00060680,58.00000000
2018-02-25 21:37:28,0.00060784,201.00000000
2018-02-25 21:37:29,0.00060780,60.00000000
2018-02-25 21:37:29,0.00060780,4.00000000
2018-02-25 21:37:31,0.00060781,4.00000000
2018-02-25 21:37:31,0.00060784,2.00000000
2018-02-25 21:37:35,0.00060780,50.00000000
2018-02-25 21:37:35,0.00060784,64.00000000
2018-02-25 21:37:41,0.00060783,119.00000000
2018-02-25 21:37:46,0.00060783,7.00000000
2018-02-25 21:37:46,0.00060783,3.00000000
2018-02-25 21:37:46,0.00060780,3.00000000
2018-02-25 21:37:48,0.00060783,9.00000000
2018-02-25 21:37:49,0.00060780,65.00000000
2018-02-25 21:37:50,0.00060780,382.00000000
2018-02-25 21:37:51,0.00060783,33.00000000
2018-02-25 21:37:51,0.00060783,40.00000000
2018-02-25 21:37:51,0.00060783,33.00000000
2018-02-25 21:37:52,0.00060783,98.00000000
2018-02-25 21:37:53,0.00060783,133.00000000
2018-02-25 21:37:59,0.00060783,15.00000000
2018-02-25 21:37:59,0.00060780,435.00000000
2018-02-25 21:38:01,0.00060783,17.00000000
2018-02-25 21:38:01,0.00060780,220.00000000
2018-02-25 21:38:02,0.00060790,36.00000000
2018-02-25 21:38:06,0.00060790,4.00000000
2018-02-25 21:38:07,0.00060780,9.00000000
2018-02-25 21:38:07,0.00060682,291.00000000
2018-02-25 21:38:15,0.00060783,38.00000000
2018-02-25 21:38:15,0.00060790,24.00000000
2018-02-25 21:38:15,0.00060794,44.00000000
2018-02-25 21:38:18,0.00060790,15.00000000
2018-02-25 21:38:18,0.00060783,4.00000000
2018-02-25 21:38:18,0.00060705,4.00000000
2018-02-25 21:38:18,0.00060702,15.00000000
2018-02-25 21:38:18,0.00060693,13.00000000
2018-02-25 21:38:18,0.00060682,19.00000000
2018-02-25 21:38:23,0.00060682,39.00000000
2018-02-25 21:38:24,0.00060791,2.00000000
2018-02-25 21:38:24,0.00060682,101.00000000
2018-02-25 21:38:24,0.00060682,23.00000000
2018-02-25 21:38:24,0.00060682,27.00000000
2018-02-25 21:38:24,0.00060682,8.00000000
2018-02-25 21:38:24,0.00060682,23.00000000
2018-02-25 21:38:27,0.00060791,2.00000000
2018-02-25 21:38:27,0.00060794,37.00000000
2018-02-25 21:38:31,0.00060784,5.00000000
2018-02-25 21:38:40,0.00060784,4.00000000
2018-02-25 21:38:40,0.00060790,269.00000000
2018-02-25 21:38:40,0.00060790,22.00000000
2018-02-25 21:38:44,0.00060794,3.00000000
2018-02-25 21:38:44,0.00060799,5.00000000
2018-02-25 21:38:48,0.00060795,30.00000000
2018-02-25 21:38:48,0.00060799,3.00000000
2018-02-25 21:38:50,0.00060799,46.00000000
2018-02-25 21:38:50,0.00060800,4.00000000
2018-02-25 21:38:51,0.00060706,7.00000000
2018-02-25 21:38:52,0.00060706,1.00000000
2018-02-25 21:38:52,0.00060699,4.00000000
2018-02-25 21:38:52,0.00060696,8.00000000
2018-02-25 21:38:53,0.00060696,2.00000000
2018-02-25 21:38:53,0.00060799,6.00000000
2018-02-25 21:38:55,0.00060796,4.00000000
2018-02-25 21:38:55,0.00060799,13.00000000
2018-02-25 21:39:00,0.00060799,27.00000000
2018-02-25 21:39:00,0.00060800,90.00000000
2018-02-25 21:39:00,0.00060800,8.00000000
2018-02-25 21:39:01,0.00060800,8.00000000
2018-02-25 21:39:02,0.00060800,8.00000000
2018-02-25 21:39:07,0.00060712,4.00000000
2018-02-25 21:39:07,0.00060711,4.00000000
2018-02-25 21:39:08,0.00060708,218.00000000
2018-02-25 21:39:08,0.00060703,532.00000000
2018-02-25 21:39:10,0.00060703,183.00000000
2018-02-25 21:39:10,0.00060703,8.00000000
2018-02-25 21:39:10,0.00060703,8.00000000
2018-02-25 21:39:12,0.00060700,35.00000000
2018-02-25 21:39:12,0.00060703,12.00000000
2018-02-25 21:39:16,0.00060687,9.00000000
2018-02-25 21:39:30,0.00060692,4.00000000
2018-02-25 21:39:30,0.00060692,10.00000000
2018-02-25 21:39:34,0.00060700,8.00000000
2018-02-25 21:39:34,0.00060700,10.00000000
2018-02-25 21:39:34,0.00060700,4.00000000
2018-02-25 21:39:34,0.00060700,41.00000000
2018-02-25 21:39:37,0.00060695,2.00000000
2018-02-25 21:39:37,0.00060695,2.00000000
2018-02-25 21:39:39,0.00060686,10.00000000
2018-02-25 21:39:39,0.00060683,120.00000000
2018-02-25 21:39:39,0.00060683,10.00000000
2018-02-25 21:39:39,0.00060683,126.00000000
2018-02-25 21:39:39,0.00060683,2.00000000
2018-02-25 21:39:40,0.00060683,17.00000000
2018-02-25 21:39:40,0.00060683,13.00000000
2018-02-25 21:39:40,0.00060683,2.00000000
2018-02-25 21:39:40,0.00060681,4.00000000
2018-02-25 21:39:40,0.00060683,98.00000000
2018-02-25 21:39:40,0.00060683,3.00000000
2018-02-25 21:39:41,0.00060683,34.00000000
2018-02-25 21:39:41,0.00060782,4.00000000
2018-02-25 21:39:41,0.00060785,26.00000000
2018-02-25 21:39:41,0.00060786,4.00000000
2018-02-25 21:39:41,0.00060794,15.00000000
2018-02-25 21:39:44,0.00060794,17.00000000
2018-02-25 21:39:45,0.00060800,3.00000000
2018-02-25 21:39:46,0.00060800,68.00000000
2018-02-25 21:39:49,0.00060800,240.00000000
2018-02-25 21:39:49,0.00060800,19.00000000
2018-02-25 21:39:51,0.00060800,70.00000000
2018-02-25 21:39:55,0.00060800,3.00000000
2018-02-25 21:39:56,0.00060835,4.00000000
2018-02-25 21:40:08,0.00060800,570.00000000
2018-02-25 21:40:08,0.00060794,11.00000000
2018-02-25 21:40:08,0.00060780,17.00000000
2018-02-25 21:40:11,0.00060780,4.00000000
2018-02-25 21:40:11,0.00060780,81.00000000
2018-02-25 21:40:12,0.00060780,351.00000000
2018-02-25 21:40:13,0.00060780,250.00000000
2018-02-25 21:40:18,0.00060833,4.00000000
2018-02-25 21:40:20,0.00060833,4.00000000
2018-02-25 21:40:21,0.00060833,5.00000000
2018-02-25 21:40:21,0.00060833,2.00000000
2018-02-25 21:40:24,0.00060833,3.00000000
2018-02-25 21:40:26,0.00060800,30.00000000
2018-02-25 21:40:27,0.00060800,23.00000000
2018-02-25 21:40:28,0.00060833,4.00000000
2018-02-25 21:40:29,0.00060800,20.00000000
2018-02-25 21:40:30,0.00060833,98.00000000
2018-02-25 21:40:30,0.00060835,40.00000000
2018-02-25 21:40:30,0.00060875,75.00000000
2018-02-25 21:40:30,0.00060880,19.00000000
2018-02-25 21:40:36,0.00060833,4.00000000
2018-02-25 21:40:36,0.00060833,20.00000000
2018-02-25 21:40:37,0.00060880,12.00000000
2018-02-25 21:40:37,0.00060921,3.00000000
2018-02-25 21:40:37,0.00060942,161.00000000
2018-02-25 21:40:38,0.00060835,21.00000000
2018-02-25 21:40:38,0.00060800,31.00000000
2018-02-25 21:40:38,0.00060780,186.00000000
2018-02-25 21:40:38,0.00060758,3.00000000
2018-02-25 21:40:38,0.00060700,53.00000000
2018-02-25 21:40:38,0.00060689,70.00000000
2018-02-25 21:40:41,0.00060936,4.00000000
2018-02-25 21:40:41,0.00060941,35.00000000
2018-02-25 21:40:44,0.00060941,4.00000000
2018-02-25 21:40:45,0.00060941,15.00000000
2018-02-25 21:40:45,0.00060941,2.00000000
2018-02-25 21:40:48,0.00060941,57.00000000
2018-02-25 21:40:49,0.00060941,3.00000000
2018-02-25 21:40:49,0.00060840,3.00000000
2018-02-25 21:40:52,0.00060840,1.00000000
2018-02-25 21:40:52,0.00060775,84.00000000
2018-02-25 21:40:53,0.00060778,4.00000000
2018-02-25 21:40:53,0.00060921,4.00000000
2018-02-25 21:40:54,0.00060916,3.00000000
2018-02-25 21:40:57,0.00060793,14.00000000
2018-02-25 21:40:57,0.00060789,43.00000000
2018-02-25 21:40:57,0.00060784,30.00000000
2018-02-25 21:40:57,0.00060783,4.00000000
2018-02-25 21:40:57,0.00060762,8.00000000
2018-02-25 21:40:57,0.00060708,134.00000000
2018-02-25 21:40:57,0.00060781,5.00000000
2018-02-25 21:40:59,0.00060798,4.00000000
2018-02-25 21:40:59,0.00060903,20.00000000
2018-02-25 21:40:59,0.00060904,29.00000000
2018-02-25 21:41:00,0.00060833,2.00000000
2018-02-25 21:41:02,0.00060899,16.00000000
2018-02-25 21:41:02,0.00060834,7.00000000
2018-02-25 21:41:04,0.00060899,13.00000000
2018-02-25 21:41:10,0.00060834,49.00000000
2018-02-25 21:41:10,0.00060833,1.00000000
2018-02-25 21:41:10,0.00060708,63.00000000
2018-02-25 21:41:11,0.00060878,30.00000000
2018-02-25 21:41:11,0.00060880,4.00000000
2018-02-25 21:41:11,0.00060885,8.00000000
2018-02-25 21:41:11,0.00060888,13.00000000
2018-02-25 21:41:11,0.00060898,30.00000000
2018-02-25 21:41:11,0.00060899,115.00000000
2018-02-25 21:41:29,0.00060833,30.00000000
2018-02-25 21:41:29,0.00060834,11.00000000
2018-02-25 21:41:30,0.00060834,5.00000000
2018-02-25 21:41:31,0.00060834,68.00000000
2018-02-25 21:41:31,0.00060834,50.00000000
2018-02-25 21:41:33,0.00060835,2.00000000
2018-02-25 21:41:35,0.00060835,14.00000000
2018-02-25 21:41:35,0.00060835,148.00000000
2018-02-25 21:41:42,0.00060835,85.00000000
2018-02-25 21:41:44,0.00060835,1.00000000
2018-02-25 21:41:46,0.00060835,125.00000000
2018-02-25 21:41:54,0.00060835,21.00000000
2018-02-25 21:41:55,0.00060835,4.00000000
2018-02-25 21:41:55,0.00060835,4.00000000
2018-02-25 21:42:02,0.00060743,4.00000000
2018-02-25 21:42:02,0.00060741,100.00000000
2018-02-25 21:42:02,0.00060740,391.00000000
2018-02-25 21:42:02,0.00060720,5.00000000
2018-02-25 21:42:04,0.00060744,9.00000000
2018-02-25 21:42:04,0.00060720,241.00000000
2018-02-25 21:42:24,0.00060722,10.00000000
2018-02-25 21:42:24,0.00060721,267.00000000
2018-02-25 21:42:24,0.00060721,9.00000000
2018-02-25 21:42:25,0.00060721,10.00000000
2018-02-25 21:42:25,0.00060721,2.00000000
2018-02-25 21:42:26,0.00060721,2.00000000
2018-02-25 21:42:34,0.00060721,21.00000000
2018-02-25 21:42:34,0.00060721,49.00000000
2018-02-25 21:42:35,0.00060721,35.00000000
2018-02-25 21:42:44,0.00060815,4.00000000
2018-02-25 21:42:44,0.00060824,20.00000000
2018-02-25 21:42:44,0.00060825,103.00000000
2018-02-25 21:42:44,0.00060830,108.00000000
2018-02-25 21:42:44,0.00060834,149.00000000
2018-02-25 21:42:44,0.00060835,608.00000000
2018-02-25 21:42:55,0.00060732,4.00000000
2018-02-25 21:42:55,0.00060723,20.00000000
2018-02-25 21:42:55,0.00060722,60.00000000
2018-02-25 21:42:55,0.00060720,243.00000000
2018-02-25 21:42:57,0.00060832,4.00000000
2018-02-25 21:42:57,0.00060834,1.00000000
2018-02-25 21:43:02,0.00060834,4.00000000
2018-02-25 21:43:23,0.00060832,15.00000000
2018-02-25 21:43:23,0.00060833,70.00000000
2018-02-25 21:43:23,0.00060834,35.00000000
2018-02-25 21:43:23,0.00060835,299.00000000
2018-02-25 21:43:23,0.00060841,46.00000000
2018-02-25 21:43:23,0.00060882,30.00000000
2018-02-25 21:43:23,0.00060898,16.00000000
2018-02-25 21:43:23,0.00060899,550.00000000
2018-02-25 21:43:23,0.00060900,30.00000000
2018-02-25 21:43:23,0.00060900,55.00000000
2018-02-25 21:43:23,0.00060900,24.00000000
2018-02-25 21:43:23,0.00060900,7.00000000
2018-02-25 21:43:27,0.00060916,2.00000000
2018-02-25 21:43:27,0.00060916,16.00000000
2018-02-25 21:43:27,0.00060916,4.00000000
2018-02-25 21:43:29,0.00060916,10.00000000
2018-02-25 21:43:29,0.00060916,45.00000000
2018-02-25 21:43:30,0.00060916,11.00000000
2018-02-25 21:43:32,0.00060916,3.00000000
2018-02-25 21:43:33,0.00060900,8.00000000
2018-02-25 21:43:33,0.00060900,119.00000000
2018-02-25 21:43:34,0.00060900,35.00000000
2018-02-25 21:43:35,0.00060902,8.00000000
2018-02-25 21:43:35,0.00060915,46.00000000
2018-02-25 21:43:35,0.00060916,4.00000000
2018-02-25 21:43:35,0.00060900,1093.00000000
2018-02-25 21:43:43,0.00060900,28.00000000
2018-02-25 21:43:52,0.00060905,19.00000000
2018-02-25 21:43:53,0.00060900,438.00000000
2018-02-25 21:43:54,0.00060883,44.00000000
2018-02-25 21:43:57,0.00060899,10.00000000
2018-02-25 21:43:57,0.00060900,5.00000000
2018-02-25 21:43:57,0.00060900,3.00000000
2018-02-25 21:43:58,0.00060900,3.00000000
2018-02-25 21:43:58,0.00060877,10.00000000
2018-02-25 21:43:58,0.00060876,5.00000000
2018-02-25 21:43:58,0.00060900,5.00000000
2018-02-25 21:43:58,0.00060908,4.00000000
2018-02-25 21:43:58,0.00060915,2.00000000
2018-02-25 21:44:12,0.00060911,10.00000000
2018-02-25 21:44:12,0.00060912,33.00000000
2018-02-25 21:44:16,0.00060912,22.00000000
2018-02-25 21:44:16,0.00060913,2.00000000
2018-02-25 21:44:16,0.00060914,15.00000000
2018-02-25 21:44:16,0.00060915,5.00000000
2018-02-25 21:44:16,0.00060915,212.00000000
2018-02-25 21:44:16,0.00060916,185.00000000
2018-02-25 21:44:16,0.00060916,2.00000000
2018-02-25 21:44:16,0.00060916,48.00000000
2018-02-25 21:44:16,0.00060915,197.00000000
2018-02-25 21:44:16,0.00060912,22.00000000
2018-02-25 21:44:17,0.00060915,5.00000000
2018-02-25 21:44:17,0.00060915,15.00000000
2018-02-25 21:44:18,0.00060916,8.00000000
2018-02-25 21:44:23,0.00060912,69.00000000
2018-02-25 21:44:24,0.00060912,3.00000000
2018-02-25 21:44:26,0.00060911,67.00000000
2018-02-25 21:44:26,0.00060912,159.00000000
2018-02-25 21:44:27,0.00060912,637.00000000
2018-02-25 21:44:27,0.00060912,213.00000000
2018-02-25 21:44:27,0.00060912,204.00000000
2018-02-25 21:44:27,0.00060916,433.00000000
2018-02-25 21:44:27,0.00060916,8.00000000
2018-02-25 21:44:27,0.00060912,17.00000000
2018-02-25 21:44:35,0.00060883,22.00000000
2018-02-25 21:44:46,0.00060914,21.00000000
2018-02-25 21:44:46,0.00060914,9.00000000
2018-02-25 21:44:46,0.00060915,18.00000000
2018-02-25 21:44:46,0.00060915,18.00000000
2018-02-25 21:44:49,0.00060915,269.00000000
2018-02-25 21:44:52,0.00060915,10.00000000
2018-02-25 21:44:55,0.00060883,84.00000000
2018-02-25 21:44:58,0.00060914,9.00000000
2018-02-25 21:44:58,0.00060915,322.00000000
2018-02-25 21:44:58,0.00060916,498.00000000
2018-02-25 21:44:58,0.00060916,18.00000000
2018-02-25 21:44:58,0.00060916,322.00000000
2018-02-25 21:44:58,0.00060916,49.00000000
2018-02-25 21:44:59,0.00060916,49.00000000
2018-02-25 21:44:59,0.00060916,59.00000000
2018-02-25 21:44:59,0.00060940,60.00000000
2018-02-25 21:44:59,0.00060941,62.00000000
2018-02-25 21:44:59,0.00060942,126.00000000
2018-02-25 21:44:59,0.00060942,257.00000000
2018-02-25 21:44:59,0.00060921,49.00000000
2018-02-25 21:45:01,0.00060941,3.00000000
2018-02-25 21:45:08,0.00060940,8.00000000
2018-02-25 21:45:12,0.00060940,25.00000000
2018-02-25 21:45:15,0.00060917,10.00000000
2018-02-25 21:45:15,0.00060916,56.00000000
2018-02-25 21:45:16,0.00060916,11.00000000
2018-02-25 21:45:16,0.00060940,34.00000000
2018-02-25 21:45:17,0.00060940,52.00000000
2018-02-25 21:45:17,0.00060914,13.00000000
2018-02-25 21:45:19,0.00060940,3.00000000
2018-02-25 21:45:24,0.00060939,87.00000000
2018-02-25 21:45:28,0.00060939,4.00000000
2018-02-25 21:45:30,0.00060939,8.00000000
2018-02-25 21:45:30,0.00060921,4.00000000
2018-02-25 21:45:30,0.00060920,184.00000000
2018-02-25 21:45:31,0.00060939,11.00000000
2018-02-25 21:45:47,0.00060914,14.00000000
2018-02-25 21:45:47,0.00060900,41.00000000
2018-02-25 21:45:47,0.00060884,14.00000000
2018-02-25 21:45:47,0.00060883,81.00000000
2018-02-25 21:45:47,0.00060917,16.00000000
2018-02-25 21:45:48,0.00060940,27.00000000
2018-02-25 21:45:54,0.00060940,79.00000000
2018-02-25 21:45:54,0.00060941,2.00000000
2018-02-25 21:45:54,0.00060942,121.00000000
2018-02-25 21:45:58,0.00060900,22.00000000
2018-02-25 21:45:58,0.00060883,30.00000000
2018-02-25 21:46:00,0.00060942,96.00000000
2018-02-25 21:46:01,0.00060942,15.00000000
2018-02-25 21:46:02,0.00060886,50.00000000
2018-02-25 21:46:12,0.00060941,15.00000000
2018-02-25 21:46:12,0.00060942,54.00000000
2018-02-25 21:46:18,0.00060942,85.00000000
2018-02-25 21:46:29,0.00060942,17.00000000
2018-02-25 21:46:32,0.00060940,136.00000000
2018-02-25 21:46:34,0.00060940,26.00000000
2018-02-25 21:46:40,0.00060940,7.00000000
2018-02-25 21:46:40,0.00060886,5.00000000
2018-02-25 21:46:44,0.00060886,280.00000000
2018-02-25 21:47:04,0.00060940,14.00000000
2018-02-25 21:47:08,0.00060886,20.00000000
2018-02-25 21:47:24,0.00060939,4.00000000
2018-02-25 21:47:24,0.00060940,21.00000000
2018-02-25 21:47:25,0.00060887,77.00000000
2018-02-25 21:47:25,0.00060887,48.00000000
2018-02-25 21:47:27,0.00060886,49.00000000
2018-02-25 21:47:41,0.00060914,3.00000000
2018-02-25 21:47:45,0.00060914,97.00000000
2018-02-25 21:47:45,0.00060939,64.00000000
2018-02-25 21:47:45,0.00060940,117.00000000
2018-02-25 21:47:52,0.00060886,16.00000000
2018-02-25 21:48:02,0.00060888,22.00000000
2018-02-25 21:48:02,0.00060886,145.00000000
2018-02-25 21:48:06,0.00060886,3.00000000
2018-02-25 21:48:12,0.00060887,60.00000000
2018-02-25 21:48:12,0.00060886,40.00000000
2018-02-25 21:48:12,0.00060939,26.00000000
2018-02-25 21:48:16,0.00060886,52.00000000
2018-02-25 21:48:17,0.00060886,52.00000000
2018-02-25 21:48:18,0.00060939,10.00000000
2018-02-25 21:48:18,0.00060940,72.00000000
2018-02-25 21:48:19,0.00060886,20.00000000
2018-02-25 21:48:20,0.00060886,108.00000000
2018-02-25 21:48:20,0.00060887,20.00000000
2018-02-25 21:48:25,0.00060940,25.00000000
2018-02-25 21:48:28,0.00060887,6.00000000
2018-02-25 21:48:34,0.00060940,31.00000000
2018-02-25 21:48:37,0.00060940,330.00000000
2018-02-25 21:48:44,0.00060942,16.00000000
2018-02-25 21:48:45,0.00060940,4.00000000
2018-02-25 21:48:46,0.00060940,109.00000000
2018-02-25 21:48:48,0.00060940,134.00000000
2018-02-25 21:48:49,0.00060940,4.00000000
2018-02-25 21:48:51,0.00060942,3.00000000
2018-02-25 21:48:51,0.00060940,4.00000000
2018-02-25 21:48:52,0.00060942,2.00000000
2018-02-25 21:48:54,0.00060942,388.00000000
2018-02-25 21:48:57,0.00060940,94.00000000
2018-02-25 21:48:57,0.00060942,36.00000000
2018-02-25 21:48:57,0.00060945,135.00000000
2018-02-25 21:49:02,0.00060941,2.00000000
2018-02-25 21:49:02,0.00060945,14.00000000
2018-02-25 21:49:03,0.00060940,46.00000000
2018-02-25 21:49:03,0.00060945,3.00000000
2018-02-25 21:49:05,0.00060945,74.00000000
2018-02-25 21:49:05,0.00060945,31.00000000
2018-02-25 21:49:06,0.00060940,7.00000000
2018-02-25 21:49:07,0.00060940,20.00000000
2018-02-25 21:49:11,0.00060944,49.00000000
2018-02-25 21:49:11,0.00060944,49.00000000
2018-02-25 21:49:11,0.00060944,49.00000000
2018-02-25 21:49:12,0.00060940,49.00000000
2018-02-25 21:49:12,0.00060944,101.00000000
2018-02-25 21:49:12,0.00060945,138.00000000
2018-02-25 21:49:12,0.00060990,40.00000000
2018-02-25 21:49:12,0.00061000,60.00000000
2018-02-25 21:49:13,0.00061000,8.00000000
2018-02-25 21:49:13,0.00060944,32.00000000
2018-02-25 21:49:16,0.00060954,12.00000000
2018-02-25 21:49:16,0.00061000,8.00000000
2018-02-25 21:49:17,0.00061000,10.00000000
2018-02-25 21:49:19,0.00061000,2.00000000
2018-02-25 21:49:20,0.00060958,13.00000000
2018-02-25 21:49:20,0.00060954,1.00000000
2018-02-25 21:49:20,0.00060949,13.00000000
2018-02-25 21:49:20,0.00060944,51.00000000
2018-02-25 21:49:20,0.00060940,58.00000000
2018-02-25 21:49:33,0.00060951,16.00000000
2018-02-25 21:49:33,0.00060946,12.00000000
2018-02-25 21:49:33,0.00060945,17.00000000
2018-02-25 21:49:33,0.00060941,40.00000000
2018-02-25 21:49:33,0.00060999,4.00000000
2018-02-25 21:49:36,0.00060942,2.00000000
2018-02-25 21:49:45,0.00060942,59.00000000
2018-02-25 21:49:45,0.00060942,4.00000000
2018-02-25 21:49:45,0.00060942,22.00000000
2018-02-25 21:49:48,0.00060999,134.00000000
2018-02-25 21:49:48,0.00061000,858.00000000
2018-02-25 21:49:48,0.00061000,47.00000000
2018-02-25 21:49:48,0.00061000,241.00000000
2018-02-25 21:49:48,0.00060999,47.00000000
2018-02-25 21:49:49,0.00061100,8.00000000
2018-02-25 21:49:51,0.00061002,4.00000000
2018-02-25 21:49:51,0.00060999,118.00000000
2018-02-25 21:49:53,0.00060999,7.00000000
2018-02-25 21:49:53,0.00060977,10.00000000
2018-02-25 21:50:02,0.00060948,13.00000000
2018-02-25 21:50:02,0.00060945,8.00000000
2018-02-25 21:50:02,0.00060942,169.00000000
2018-02-25 21:50:04,0.00060948,5.00000000
2018-02-25 21:50:06,0.00060945,4.00000000
2018-02-25 21:50:09,0.00060948,24.00000000
2018-02-25 21:50:10,0.00060977,17.00000000
2018-02-25 21:50:10,0.00060977,1.00000000
2018-02-25 21:50:10,0.00060979,16.00000000
2018-02-25 21:50:19,0.00060999,24.00000000
2018-02-25 21:50:21,0.00060999,16.00000000
2018-02-25 21:50:21,0.00060999,46.00000000
2018-02-25 21:50:21,0.00060999,46.00000000
2018-02-25 21:50:21,0.00060999,46.00000000
2018-02-25 21:50:23,0.00060999,124.00000000
2018-02-25 21:50:29,0.00061000,391.00000000
2018-02-25 21:50:31,0.00061009,2.00000000
2018-02-25 21:50:37,0.00061100,7.00000000
2018-02-25 21:50:39,0.00061100,220.00000000
2018-02-25 21:50:40,0.00061100,135.00000000
2018-02-25 21:50:43,0.00061100,6.00000000
2018-02-25 21:50:47,0.00061100,49.00000000
2018-02-25 21:50:47,0.00061026,6.00000000
2018-02-25 21:50:55,0.00061026,2.00000000
2018-02-25 21:50:55,0.00060999,56.00000000
2018-02-25 21:50:57,0.00061026,74.00000000
2018-02-25 21:51:16,0.00061099,200.00000000
2018-02-25 21:51:27,0.00061100,6.00000000
2018-02-25 21:51:38,0.00061100,80.00000000
2018-02-25 21:51:39,0.00061099,3.00000000
2018-02-25 21:51:43,0.00061100,2.00000000
2018-02-25 21:51:43,0.00061100,160.00000000
2018-02-25 21:51:50,0.00061100,4.00000000
2018-02-25 21:51:52,0.00061099,268.00000000
2018-02-25 21:51:54,0.00061099,119.00000000
2018-02-25 21:52:02,0.00061099,31.00000000
2018-02-25 21:52:03,0.00061100,15.00000000
2018-02-25 21:52:05,0.00061100,434.00000000
2018-02-25 21:52:06,0.00061099,2.00000000
2018-02-25 21:52:06,0.00061100,88.00000000
2018-02-25 21:52:07,0.00061100,96.00000000
2018-02-25 21:52:08,0.00061100,5.00000000
2018-02-25 21:52:09,0.00061100,11.00000000
2018-02-25 21:52:15,0.00061100,38.00000000
2018-02-25 21:52:23,0.00061120,50.00000000
2018-02-25 21:52:23,0.00061131,32.00000000
2018-02-25 21:52:23,0.00061133,301.00000000
2018-02-25 21:52:23,0.00061133,163.00000000
2018-02-25 21:52:23,0.00061133,195.00000000
2018-02-25 21:52:23,0.00061133,48.00000000
2018-02-25 21:52:23,0.00061120,48.00000000
2018-02-25 21:52:24,0.00061120,2.00000000
2018-02-25 21:52:24,0.00061100,161.00000000
2018-02-25 21:52:26,0.00061100,149.00000000
2018-02-25 21:52:32,0.00061132,41.00000000
2018-02-25 21:52:33,0.00061120,9.00000000
2018-02-25 21:52:48,0.00061120,33.00000000
2018-02-25 21:52:51,0.00061131,29.00000000
2018-02-25 21:52:58,0.00061120,12.00000000
2018-02-25 21:53:00,0.00061120,3.00000000
2018-02-25 21:53:01,0.00061120,548.00000000
2018-02-25 21:53:01,0.00061131,34.00000000
2018-02-25 21:53:02,0.00061131,1.00000000
2018-02-25 21:53:02,0.00061102,275.00000000
2018-02-25 21:53:02,0.00061100,863.00000000
2018-02-25 21:53:04,0.00061131,184.00000000
2018-02-25 21:53:04,0.00061132,10.00000000
2018-02-25 21:53:04,0.00061132,48.00000000
2018-02-25 21:53:04,0.00061133,225.00000000
2018-02-25 21:53:13,0.00061121,2.00000000
2018-02-25 21:53:13,0.00061133,498.00000000
2018-02-25 21:53:17,0.00061131,5.00000000
2018-02-25 21:53:26,0.00061133,25.00000000
2018-02-25 21:53:28,0.00061133,197.00000000
2018-02-25 21:53:28,0.00061133,8.00000000
2018-02-25 21:53:48,0.00061148,74.00000000
2018-02-25 21:53:48,0.00061160,20.00000000
2018-02-25 21:53:56,0.00061160,92.00000000
2018-02-25 21:53:57,0.00061131,80.00000000
2018-02-25 21:54:01,0.00061131,148.00000000
2018-02-25 21:54:02,0.00061132,2.00000000
2018-02-25 21:54:02,0.00061131,2.00000000
2018-02-25 21:54:02,0.00061131,3.00000000
2018-02-25 21:54:09,0.00061160,405.00000000
2018-02-25 21:54:12,0.00061160,191.00000000
2018-02-25 21:54:26,0.00061160,29.00000000
2018-02-25 21:54:34,0.00061160,205.00000000
2018-02-25 21:54:45,0.00061160,5.00000000
2018-02-25 21:54:48,0.00061160,90.00000000
2018-02-25 21:54:52,0.00061150,5.00000000
2018-02-25 21:54:52,0.00061136,151.00000000
2018-02-25 21:54:52,0.00061135,12.00000000
2018-02-25 21:54:52,0.00061131,405.00000000
2018-02-25 21:54:52,0.00061111,49.00000000
2018-02-25 21:54:52,0.00061110,400.00000000
2018-02-25 21:54:52,0.00061105,71.00000000
2018-02-25 21:54:52,0.00061104,146.00000000
2018-02-25 21:54:52,0.00061103,1116.00000000
2018-02-25 21:54:55,0.00061106,4.00000000
2018-02-25 21:54:55,0.00061103,294.00000000
2018-02-25 21:54:55,0.00061101,220.00000000
2018-02-25 21:54:55,0.00061100,61.00000000
2018-02-25 21:54:57,0.00061100,13.00000000
2018-02-25 21:54:57,0.00061099,4.00000000
2018-02-25 21:54:59,0.00061099,3.00000000
2018-02-25 21:54:59,0.00061099,2.00000000
2018-02-25 21:54:59,0.00061099,388.00000000
2018-02-25 21:54:59,0.00061076,49.00000000
2018-02-25 21:55:02,0.00061000,5.00000000
2018-02-25 21:55:02,0.00061100,243.00000000
2018-02-25 21:55:03,0.00061100,10.00000000
2018-02-25 21:55:06,0.00061003,4.00000000
2018-02-25 21:55:06,0.00061000,1.00000000
2018-02-25 21:55:06,0.00061100,43.00000000
2018-02-25 21:55:06,0.00061000,117.00000000
2018-02-25 21:55:12,0.00060999,7.00000000
2018-02-25 21:55:12,0.00060977,56.00000000
2018-02-25 21:55:12,0.00060962,16.00000000
2018-02-25 21:55:12,0.00060951,92.00000000
2018-02-25 21:55:14,0.00060959,161.00000000
2018-02-25 21:55:14,0.00060957,10.00000000
2018-02-25 21:55:14,0.00060954,205.00000000
2018-02-25 21:55:20,0.00060970,74.00000000
2018-02-25 21:55:20,0.00060952,1002.00000000
2018-02-25 21:55:20,0.00060951,122.00000000
2018-02-25 21:55:20,0.00060950,772.00000000
2018-02-25 21:55:20,0.00061059,3.00000000
2018-02-25 21:55:22,0.00060954,11.00000000
2018-02-25 21:55:25,0.00061008,19.00000000
2018-02-25 21:55:25,0.00061008,19.00000000
2018-02-25 21:55:25,0.00061008,13.00000000
2018-02-25 21:55:26,0.00061006,10.00000000
2018-02-25 21:55:26,0.00061010,106.00000000
2018-02-25 21:55:26,0.00061004,107.00000000
2018-02-25 21:55:26,0.00061010,99.00000000
2018-02-25 21:55:28,0.00061096,4.00000000
2018-02-25 21:55:29,0.00061099,5.00000000
2018-02-25 21:55:35,0.00061010,15.00000000
2018-02-25 21:55:50,0.00061010,2.00000000
2018-02-25 21:55:52,0.00061010,4.00000000
2018-02-25 21:55:52,0.00061010,3.00000000
2018-02-25 21:56:00,0.00061000,128.00000000
2018-02-25 21:56:06,0.00061000,21.00000000
2018-02-25 21:56:07,0.00061010,1.00000000
2018-02-25 21:56:11,0.00061000,516.00000000
2018-02-25 21:56:18,0.00061010,46.00000000
2018-02-25 21:56:20,0.00061000,12.00000000
2018-02-25 21:56:30,0.00061010,137.00000000
2018-02-25 21:56:34,0.00061010,22.00000000
2018-02-25 21:56:34,0.00061010,63.00000000
2018-02-25 21:56:34,0.00061000,72.00000000
2018-02-25 21:56:34,0.00061092,5.00000000
2018-02-25 21:56:38,0.00061093,95.00000000
2018-02-25 21:56:39,0.00061093,59.00000000
2018-02-25 21:56:39,0.00061094,116.00000000
2018-02-25 21:56:43,0.00061003,4.00000000
2018-02-25 21:56:44,0.00061000,310.00000000
2018-02-25 21:56:44,0.00061000,46.00000000
2018-02-25 21:56:46,0.00061000,9.00000000
2018-02-25 21:56:46,0.00060970,13.00000000
2018-02-25 21:56:48,0.00061090,10.00000000
2018-02-25 21:56:48,0.00061091,4.00000000
2018-02-25 21:56:48,0.00061092,28.00000000
2018-02-25 21:56:48,0.00061092,66.00000000
2018-02-25 21:56:50,0.00060972,50.00000000
2018-02-25 21:56:54,0.00061091,50.00000000
2018-02-25 21:56:55,0.00061092,24.00000000
2018-02-25 21:56:59,0.00061092,13.00000000
2018-02-25 21:57:01,0.00061092,23.00000000
2018-02-25 21:57:01,0.00061092,14.00000000
2018-02-25 21:57:02,0.00061092,144.00000000
2018-02-25 21:57:02,0.00061092,29.00000000
2018-02-25 21:57:03,0.00061092,229.00000000
2018-02-25 21:57:03,0.00061092,216.00000000
2018-02-25 21:57:03,0.00061092,239.00000000
2018-02-25 21:57:03,0.00061092,118.00000000
2018-02-25 21:57:04,0.00061093,76.00000000
2018-02-25 21:57:04,0.00061094,210.00000000
2018-02-25 21:57:11,0.00061011,8.00000000
2018-02-25 21:57:14,0.00061092,3.00000000
2018-02-25 21:57:14,0.00061094,311.00000000
2018-02-25 21:57:17,0.00061094,13.00000000
2018-02-25 21:57:17,0.00061006,10.00000000
2018-02-25 21:57:17,0.00061005,9.00000000
2018-02-25 21:57:17,0.00061000,29.00000000
2018-02-25 21:57:17,0.00060974,88.00000000
2018-02-25 21:57:18,0.00060976,20.00000000
2018-02-25 21:57:19,0.00061009,4.00000000
2018-02-25 21:57:31,0.00061026,20.00000000
2018-02-25 21:57:31,0.00061033,8.00000000
2018-02-25 21:57:32,0.00061023,4.00000000
2018-02-25 21:57:37,0.00061017,8.00000000
2018-02-25 21:57:37,0.00061010,8.00000000
2018-02-25 21:57:37,0.00061009,9.00000000
2018-02-25 21:57:41,0.00061070,49.00000000
2018-02-25 21:57:41,0.00061070,134.00000000
2018-02-25 21:57:45,0.00061087,7.00000000
2018-02-25 21:57:54,0.00061087,2.00000000
2018-02-25 21:57:54,0.00061087,22.00000000
2018-02-25 21:58:09,0.00061087,6.00000000
2018-02-25 21:58:18,0.00061088,4.00000000
2018-02-25 21:58:18,0.00061097,21.00000000
2018-02-25 21:58:22,0.00061097,4.00000000
2018-02-25 21:58:25,0.00061098,100.00000000
2018-02-25 21:58:25,0.00061099,80.00000000
2018-02-25 21:58:25,0.00061100,139.00000000
2018-02-25 21:58:26,0.00061100,210.00000000
2018-02-25 21:58:26,0.00061100,122.00000000
2018-02-25 21:58:27,0.00061103,250.00000000
2018-02-25 21:58:27,0.00061103,25.00000000
2018-02-25 21:58:30,0.00061087,106.00000000
2018-02-25 21:58:40,0.00061087,164.00000000
2018-02-25 21:58:46,0.00061093,4.00000000
2018-02-25 21:58:46,0.00061087,525.00000000
2018-02-25 21:58:46,0.00061023,20.00000000
2018-02-25 21:58:46,0.00061009,2349.00000000
2018-02-25 21:58:56,0.00061094,4.00000000
2018-02-25 21:58:56,0.00061094,5.00000000
2018-02-25 21:58:56,0.00061070,3.00000000
2018-02-25 21:59:02,0.00061143,4.00000000
2018-02-25 21:59:02,0.00061148,78.00000000
2018-02-25 21:59:05,0.00061071,9.00000000
2018-02-25 21:59:05,0.00061070,46.00000000
2018-02-25 21:59:05,0.00061020,46.00000000
2018-02-25 21:59:17,0.00061143,6.00000000
2018-02-25 21:59:19,0.00061141,4.00000000
2018-02-25 21:59:19,0.00061142,84.00000000
2018-02-25 21:59:21,0.00061142,17.00000000
2018-02-25 21:59:22,0.00061029,4.00000000
2018-02-25 21:59:22,0.00061026,20.00000000
2018-02-25 21:59:22,0.00061025,271.00000000
2018-02-25 21:59:22,0.00061020,85.00000000
2018-02-25 21:59:22,0.00061017,32.00000000
2018-02-25 21:59:22,0.00061016,4.00000000
2018-02-25 21:59:22,0.00061009,84.00000000
2018-02-25 21:59:25,0.00061017,16.00000000
2018-02-25 21:59:34,0.00061017,30.00000000
2018-02-25 21:59:34,0.00061017,5.00000000
2018-02-25 21:59:35,0.00061017,15.00000000
