DATE,PRICE,VOLUME
2018-02-26 21:00:04,0.00054769,46.00000000
2018-02-26 21:00:06,0.00054769,104.00000000
2018-02-26 21:00:07,0.00054769,9.00000000
2018-02-26 21:00:10,0.00054768,40.00000000
2018-02-26 21:00:10,0.00054769,250.00000000
2018-02-26 21:00:16,0.00054750,15.00000000
2018-02-26 21:00:16,0.00054702,370.00000000
2018-02-26 21:00:16,0.00054701,319.00000000
2018-02-26 21:00:19,0.00054770,51.00000000
2018-02-26 21:00:19,0.00054770,6.00000000
2018-02-26 21:00:20,0.00054770,15.00000000
2018-02-26 21:00:27,0.00054770,38.00000000
2018-02-26 21:00:32,0.00054770,50.00000000
2018-02-26 21:00:34,0.00054770,5.00000000
2018-02-26 21:00:37,0.00054770,500.00000000
2018-02-26 21:00:37,0.00054770,4.00000000
2018-02-26 21:00:42,0.00054705,42.00000000
2018-02-26 21:00:42,0.00054702,36.00000000
2018-02-26 21:00:42,0.00054701,595.00000000
2018-02-26 21:00:42,0.00054700,1327.00000000
2018-02-26 21:00:51,0.00054766,2.00000000
2018-02-26 21:00:52,0.00054700,190.00000000
2018-02-26 21:00:52,0.00054700,119.00000000
2018-02-26 21:00:52,0.00054700,351.00000000
2018-02-26 21:00:52,0.00054766,30.00000000
2018-02-26 21:00:58,0.00054766,1.00000000
2018-02-26 21:00:58,0.00054770,60.00000000
2018-02-26 21:01:02,0.00054766,25.00000000
2018-02-26 21:01:03,0.00054766,104.00000000
2018-02-26 21:01:03,0.00054701,6.00000000
2018-02-26 21:01:07,0.00054770,20.00000000
2018-02-26 21:01:08,0.00054770,9.00000000
2018-02-26 21:01:15,0.00054770,2.00000000
2018-02-26 21:01:20,0.00054766,25.00000000
2018-02-26 21:01:20,0.00054770,10.00000000
2018-02-26 21:01:21,0.00054770,61.00000000
2018-02-26 21:01:30,0.00054770,22.00000000
2018-02-26 21:01:39,0.00054770,35.00000000
2018-02-26 21:01:40,0.00054794,1054.00000000
2018-02-26 21:01:40,0.00054795,644.00000000
2018-02-26 21:01:40,0.00054800,41.00000000
2018-02-26 21:01:40,0.00054810,72.00000000
2018-02-26 21:01:40,0.00054850,3.00000000
2018-02-26 21:01:40,0.00054863,5.00000000
2018-02-26 21:01:40,0.00054890,5.00000000
2018-02-26 21:01:40,0.00054900,75.00000000
2018-02-26 21:01:40,0.00054918,37.00000000
2018-02-26 21:01:40,0.00054919,122.00000000
2018-02-26 21:01:40,0.00054947,5.00000000
2018-02-26 21:01:40,0.00054949,30.00000000
2018-02-26 21:01:40,0.00054953,22.00000000
2018-02-26 21:01:40,0.00054959,22.00000000
2018-02-26 21:01:40,0.00054974,5.00000000
2018-02-26 21:01:40,0.00054984,26.00000000
2018-02-26 21:01:40,0.00054986,343.00000000
2018-02-26 21:01:40,0.00054990,29.00000000
2018-02-26 21:01:40,0.00054991,382.00000000
2018-02-26 21:01:40,0.00054997,50.00000000
2018-02-26 21:01:40,0.00054998,414.00000000
2018-02-26 21:01:40,0.00054949,9.00000000
2018-02-26 21:01:47,0.00054943,2.00000000
2018-02-26 21:01:52,0.00054943,2.00000000
2018-02-26 21:01:52,0.00054946,12.00000000
2018-02-26 21:01:58,0.00054939,30.00000000
2018-02-26 21:01:58,0.00054940,131.00000000
2018-02-26 21:02:01,0.00054850,5.00000000
2018-02-26 21:02:02,0.00054940,501.00000000
2018-02-26 21:02:03,0.00054939,50.00000000
2018-02-26 21:02:04,0.00054853,10.00000000
2018-02-26 21:02:04,0.00054850,10.00000000
2018-02-26 21:02:04,0.00054850,11.00000000
2018-02-26 21:02:05,0.00054850,4.00000000
2018-02-26 21:02:12,0.00054850,2.00000000
2018-02-26 21:02:15,0.00054936,10.00000000
2018-02-26 21:02:15,0.00054939,239.00000000
2018-02-26 21:02:15,0.00054940,254.00000000
2018-02-26 21:02:15,0.00054850,107.00000000
2018-02-26 21:02:16,0.00054853,10.00000000
2018-02-26 21:02:17,0.00054850,14.00000000
2018-02-26 21:02:18,0.00054850,3.00000000
2018-02-26 21:02:19,0.00054850,71.00000000
2018-02-26 21:02:19,0.00054850,36.00000000
2018-02-26 21:02:24,0.00054837,5.00000000
2018-02-26 21:02:24,0.00054836,5.00000000
2018-02-26 21:02:24,0.00054826,72.00000000
2018-02-26 21:02:24,0.00054809,5.00000000
2018-02-26 21:02:24,0.00054782,5.00000000
2018-02-26 21:02:24,0.00054776,4.00000000
2018-02-26 21:02:24,0.00054771,2.00000000
2018-02-26 21:02:28,0.00054850,2.00000000
2018-02-26 21:02:28,0.00054880,72.00000000
2018-02-26 21:02:28,0.00054918,5.00000000
2018-02-26 21:02:28,0.00054932,10.00000000
2018-02-26 21:02:28,0.00054935,18.00000000
2018-02-26 21:02:28,0.00054940,20.00000000
2018-02-26 21:02:37,0.00054850,4.00000000
2018-02-26 21:02:47,0.00054812,8.00000000
2018-02-26 21:02:49,0.00054817,1.00000000
2018-02-26 21:02:56,0.00054932,8.00000000
2018-02-26 21:02:56,0.00054933,68.00000000
2018-02-26 21:02:59,0.00054933,3.00000000
2018-02-26 21:03:00,0.00054933,72.00000000
2018-02-26 21:03:05,0.00054935,4.00000000
2018-02-26 21:03:05,0.00054940,125.00000000
2018-02-26 21:03:07,0.00054853,10.00000000
2018-02-26 21:03:07,0.00054850,10.00000000
2018-02-26 21:03:08,0.00054850,43.00000000
2018-02-26 21:03:09,0.00054850,4.00000000
2018-02-26 21:03:10,0.00054850,3.00000000
2018-02-26 21:03:10,0.00054850,5.00000000
2018-02-26 21:03:16,0.00054850,30.00000000
2018-02-26 21:03:18,0.00054827,5.00000000
2018-02-26 21:03:19,0.00054850,150.00000000
2018-02-26 21:03:25,0.00054829,9.00000000
2018-02-26 21:03:25,0.00054827,28.00000000
2018-02-26 21:03:25,0.00054804,71.00000000
2018-02-26 21:03:25,0.00054790,9.00000000
2018-02-26 21:03:25,0.00054781,5.00000000
2018-02-26 21:03:25,0.00054776,25.00000000
2018-02-26 21:03:25,0.00054771,144.00000000
2018-02-26 21:03:26,0.00054850,24.00000000
2018-02-26 21:03:31,0.00054850,39.00000000
2018-02-26 21:03:31,0.00054825,8.00000000
2018-02-26 21:03:31,0.00054779,3.00000000
2018-02-26 21:03:33,0.00054785,4.00000000
2018-02-26 21:03:33,0.00054780,28.00000000
2018-02-26 21:03:33,0.00054779,3.00000000
2018-02-26 21:03:33,0.00054772,30.00000000
2018-02-26 21:03:33,0.00054771,2935.00000000
2018-02-26 21:03:40,0.00054880,20.00000000
2018-02-26 21:03:40,0.00054884,20.00000000
2018-02-26 21:03:40,0.00054885,72.00000000
2018-02-26 21:03:40,0.00054888,4.00000000
2018-02-26 21:03:40,0.00054894,4.00000000
2018-02-26 21:03:40,0.00054917,5.00000000
2018-02-26 21:03:40,0.00054937,10.00000000
2018-02-26 21:03:40,0.00054940,225.00000000
2018-02-26 21:03:40,0.00054943,335.00000000
2018-02-26 21:03:40,0.00054946,5.00000000
2018-02-26 21:03:40,0.00054953,30.00000000
2018-02-26 21:03:40,0.00054973,5.00000000
2018-02-26 21:03:40,0.00054998,77.00000000
2018-02-26 21:03:40,0.00054999,21.00000000
2018-02-26 21:03:40,0.00055000,3155.00000000
2018-02-26 21:03:45,0.00054997,2.00000000
2018-02-26 21:03:47,0.00054858,70.00000000
2018-02-26 21:03:57,0.00054886,10.00000000
2018-02-26 21:03:57,0.00054885,2.00000000
2018-02-26 21:03:58,0.00054994,5.00000000
2018-02-26 21:03:59,0.00054889,10.00000000
2018-02-26 21:04:02,0.00054858,32.00000000
2018-02-26 21:04:04,0.00054858,139.00000000
2018-02-26 21:04:05,0.00054858,3.00000000
2018-02-26 21:04:06,0.00054858,92.00000000
2018-02-26 21:04:07,0.00054858,12.00000000
2018-02-26 21:04:08,0.00054858,7.00000000
2018-02-26 21:04:09,0.00054858,3.00000000
2018-02-26 21:04:09,0.00054858,3.00000000
2018-02-26 21:04:11,0.00054858,3.00000000
2018-02-26 21:04:12,0.00054858,99.00000000
2018-02-26 21:04:13,0.00054858,20.00000000
2018-02-26 21:04:14,0.00054857,8.00000000
2018-02-26 21:04:17,0.00054851,1.00000000
2018-02-26 21:04:28,0.00054851,6.00000000
2018-02-26 21:04:28,0.00054850,28.00000000
2018-02-26 21:04:28,0.00054856,7.00000000
2018-02-26 21:04:28,0.00054857,3.00000000
2018-02-26 21:04:33,0.00054857,3.00000000
2018-02-26 21:04:36,0.00054857,3.00000000
2018-02-26 21:04:36,0.00054857,3.00000000
2018-02-26 21:04:37,0.00054857,3.00000000
2018-02-26 21:04:37,0.00054857,3.00000000
2018-02-26 21:04:37,0.00054857,3.00000000
2018-02-26 21:04:39,0.00054857,3.00000000
2018-02-26 21:04:40,0.00054857,21.00000000
2018-02-26 21:04:45,0.00054857,7.00000000
2018-02-26 21:04:47,0.00054857,8.00000000
2018-02-26 21:04:52,0.00054857,3.00000000
2018-02-26 21:04:55,0.00054856,13.00000000
2018-02-26 21:04:55,0.00054851,12.00000000
2018-02-26 21:04:55,0.00054850,69.00000000
2018-02-26 21:04:57,0.00054850,71.00000000
2018-02-26 21:05:03,0.00054857,4.00000000
2018-02-26 21:05:04,0.00054850,212.00000000
2018-02-26 21:05:06,0.00054855,3.00000000
2018-02-26 21:05:06,0.00054855,3.00000000
2018-02-26 21:05:06,0.00054855,3.00000000
2018-02-26 21:05:14,0.00054857,2.00000000
2018-02-26 21:05:16,0.00054857,3.00000000
2018-02-26 21:05:17,0.00054857,24.00000000
2018-02-26 21:05:19,0.00054858,2.00000000
2018-02-26 21:05:20,0.00054852,12.00000000
2018-02-26 21:05:20,0.00054850,31.00000000
2018-02-26 21:05:21,0.00054858,3.00000000
2018-02-26 21:05:24,0.00054850,13.00000000
2018-02-26 21:05:31,0.00054855,3.00000000
2018-02-26 21:05:37,0.00054855,3.00000000
2018-02-26 21:05:37,0.00054855,3.00000000
2018-02-26 21:05:40,0.00054853,13.00000000
2018-02-26 21:05:40,0.00054855,4.00000000
2018-02-26 21:05:40,0.00054857,79.00000000
2018-02-26 21:05:40,0.00054858,2556.00000000
2018-02-26 21:05:40,0.00054858,3.00000000
2018-02-26 21:05:44,0.00054858,20.00000000
2018-02-26 21:05:45,0.00054858,3.00000000
2018-02-26 21:05:49,0.00054857,2.00000000
2018-02-26 21:05:49,0.00054858,4.00000000
2018-02-26 21:05:51,0.00054850,180.00000000
2018-02-26 21:05:51,0.00054835,1.00000000
2018-02-26 21:05:51,0.00054858,3.00000000
2018-02-26 21:05:57,0.00054850,3.00000000
2018-02-26 21:05:58,0.00054850,3.00000000
2018-02-26 21:05:58,0.00054850,3.00000000
2018-02-26 21:05:58,0.00054850,3.00000000
2018-02-26 21:05:58,0.00054850,401.00000000
2018-02-26 21:06:00,0.00054857,7.00000000
2018-02-26 21:06:01,0.00054857,42.00000000
2018-02-26 21:06:01,0.00054858,34.00000000
2018-02-26 21:06:07,0.00054858,94.00000000
2018-02-26 21:06:11,0.00054835,4.00000000
2018-02-26 21:06:11,0.00054808,5.00000000
2018-02-26 21:06:11,0.00054800,37.00000000
2018-02-26 21:06:16,0.00054856,2.00000000
2018-02-26 21:06:16,0.00054857,40.00000000
2018-02-26 21:06:16,0.00054858,157.00000000
2018-02-26 21:06:19,0.00054862,10.00000000
2018-02-26 21:06:19,0.00054859,2.00000000
2018-02-26 21:06:19,0.00054945,4.00000000
2018-02-26 21:06:25,0.00054861,3.00000000
2018-02-26 21:06:25,0.00054945,1.00000000
2018-02-26 21:06:25,0.00054945,72.00000000
2018-02-26 21:06:25,0.00054945,127.00000000
2018-02-26 21:06:39,0.00054860,3.00000000
2018-02-26 21:06:44,0.00054860,54.00000000
2018-02-26 21:06:44,0.00054860,72.00000000
2018-02-26 21:06:45,0.00054858,170.00000000
2018-02-26 21:06:46,0.00054860,28.00000000
2018-02-26 21:06:48,0.00054860,25.00000000
2018-02-26 21:06:50,0.00054861,30.00000000
2018-02-26 21:06:50,0.00054860,9.00000000
2018-02-26 21:06:53,0.00054861,30.00000000
2018-02-26 21:06:53,0.00054860,48.00000000
2018-02-26 21:06:54,0.00054861,30.00000000
2018-02-26 21:06:54,0.00054860,21.00000000
2018-02-26 21:06:55,0.00054860,15.00000000
2018-02-26 21:07:14,0.00054945,9.00000000
2018-02-26 21:07:14,0.00054970,1.00000000
2018-02-26 21:07:20,0.00054945,184.00000000
2018-02-26 21:07:21,0.00054945,150.00000000
2018-02-26 21:07:26,0.00054945,38.00000000
2018-02-26 21:07:27,0.00054945,11.00000000
2018-02-26 21:07:27,0.00054945,72.00000000
2018-02-26 21:07:29,0.00054945,15.00000000
2018-02-26 21:07:35,0.00054947,10.00000000
2018-02-26 21:07:35,0.00054950,10.00000000
2018-02-26 21:07:35,0.00054970,69.00000000
2018-02-26 21:07:35,0.00054972,5.00000000
2018-02-26 21:07:35,0.00054999,15.00000000
2018-02-26 21:07:35,0.00055000,145.00000000
2018-02-26 21:07:40,0.00054994,13.00000000
2018-02-26 21:07:46,0.00054993,85.00000000
2018-02-26 21:07:46,0.00054994,44.00000000
2018-02-26 21:07:46,0.00054999,357.00000000
2018-02-26 21:07:49,0.00054993,20.00000000
2018-02-26 21:07:50,0.00054999,934.00000000
2018-02-26 21:07:56,0.00054999,114.00000000
2018-02-26 21:08:11,0.00054994,25.00000000
2018-02-26 21:08:12,0.00054994,25.00000000
2018-02-26 21:08:15,0.00054893,20.00000000
2018-02-26 21:08:15,0.00054892,10.00000000
2018-02-26 21:08:15,0.00054888,72.00000000
2018-02-26 21:08:15,0.00054860,148.00000000
2018-02-26 21:08:20,0.00054861,17.00000000
2018-02-26 21:08:36,0.00054985,10.00000000
2018-02-26 21:08:36,0.00054986,18.00000000
2018-02-26 21:08:45,0.00054902,150.00000000
2018-02-26 21:08:48,0.00054988,11.00000000
2018-02-26 21:08:49,0.00054862,27.00000000
2018-02-26 21:09:16,0.00054862,45.00000000
2018-02-26 21:09:18,0.00054862,14.00000000
2018-02-26 21:09:24,0.00054958,17.00000000
2018-02-26 21:09:24,0.00054959,20.00000000
2018-02-26 21:09:24,0.00054960,63.00000000
2018-02-26 21:09:29,0.00054960,34.00000000
2018-02-26 21:09:36,0.00054866,2.00000000
2018-02-26 21:09:38,0.00054958,2.00000000
2018-02-26 21:09:38,0.00054959,1449.00000000
2018-02-26 21:09:38,0.00054960,107.00000000
2018-02-26 21:09:38,0.00054866,10.00000000
2018-02-26 21:09:44,0.00054959,10.00000000
2018-02-26 21:09:44,0.00054960,10.00000000
2018-02-26 21:09:47,0.00054960,4.00000000
2018-02-26 21:09:47,0.00054960,20.00000000
2018-02-26 21:09:50,0.00054960,20.00000000
2018-02-26 21:09:53,0.00054960,20.00000000
2018-02-26 21:09:53,0.00054960,213.00000000
2018-02-26 21:09:56,0.00054868,10.00000000
2018-02-26 21:09:56,0.00054867,38.00000000
2018-02-26 21:09:56,0.00054866,2.00000000
2018-02-26 21:09:56,0.00054865,9.00000000
2018-02-26 21:09:56,0.00054863,2.00000000
2018-02-26 21:09:58,0.00054958,7.00000000
2018-02-26 21:10:01,0.00054864,104.00000000
2018-02-26 21:10:01,0.00054862,238.00000000
2018-02-26 21:10:13,0.00054959,7.00000000
2018-02-26 21:10:17,0.00054867,2.00000000
2018-02-26 21:10:18,0.00054959,3.00000000
2018-02-26 21:10:21,0.00054865,15.00000000
2018-02-26 21:10:22,0.00054867,9.00000000
2018-02-26 21:10:23,0.00054867,25.00000000
2018-02-26 21:10:23,0.00054867,4.00000000
2018-02-26 21:10:30,0.00054866,4.00000000
2018-02-26 21:10:30,0.00054865,11.00000000
2018-02-26 21:10:30,0.00054865,4.00000000
2018-02-26 21:10:30,0.00054867,3.00000000
2018-02-26 21:10:32,0.00054867,9.00000000
2018-02-26 21:10:33,0.00054866,8.00000000
2018-02-26 21:10:33,0.00054865,260.00000000
2018-02-26 21:10:33,0.00054864,23.00000000
2018-02-26 21:10:33,0.00054862,8.00000000
2018-02-26 21:10:33,0.00054861,29.00000000
2018-02-26 21:10:33,0.00054860,25.00000000
2018-02-26 21:10:33,0.00054858,82.00000000
2018-02-26 21:10:33,0.00054839,30.00000000
2018-02-26 21:10:33,0.00054834,6.00000000
2018-02-26 21:10:33,0.00054807,310.00000000
2018-02-26 21:10:33,0.00054800,184.00000000
2018-02-26 21:10:37,0.00054941,20.00000000
2018-02-26 21:10:37,0.00054942,3.00000000
2018-02-26 21:10:41,0.00054786,20.00000000
2018-02-26 21:10:41,0.00054785,20.00000000
2018-02-26 21:10:41,0.00054783,9.00000000
2018-02-26 21:10:41,0.00054782,9.00000000
2018-02-26 21:10:41,0.00054780,5.00000000
2018-02-26 21:10:41,0.00054777,7.00000000
2018-02-26 21:10:41,0.00054776,4.00000000
2018-02-26 21:10:41,0.00054772,30.00000000
2018-02-26 21:10:41,0.00054770,46.00000000
2018-02-26 21:10:48,0.00054911,20.00000000
2018-02-26 21:10:48,0.00054912,16.00000000
2018-02-26 21:10:54,0.00054862,67.00000000
2018-02-26 21:10:55,0.00054862,25.00000000
2018-02-26 21:11:11,0.00054852,4.00000000
2018-02-26 21:11:17,0.00054802,20.00000000
2018-02-26 21:11:17,0.00054801,4.00000000
2018-02-26 21:11:17,0.00054796,8.00000000
2018-02-26 21:11:17,0.00054770,44.00000000
2018-02-26 21:11:17,0.00054770,4.00000000
2018-02-26 21:11:17,0.00054769,10.00000000
2018-02-26 21:11:17,0.00054770,55.00000000
2018-02-26 21:11:34,0.00054767,45.00000000
2018-02-26 21:11:36,0.00054847,3.00000000
2018-02-26 21:11:39,0.00054767,84.00000000
2018-02-26 21:11:39,0.00054766,38.00000000
2018-02-26 21:11:39,0.00054753,5.00000000
2018-02-26 21:11:39,0.00054751,17.00000000
2018-02-26 21:11:39,0.00054750,2.00000000
2018-02-26 21:11:39,0.00054740,219.00000000
2018-02-26 21:11:39,0.00054726,5.00000000
2018-02-26 21:11:39,0.00054722,3.00000000
2018-02-26 21:11:39,0.00054708,4.00000000
2018-02-26 21:11:39,0.00054680,25.00000000
2018-02-26 21:11:39,0.00054671,117.00000000
2018-02-26 21:11:39,0.00054670,94.00000000
2018-02-26 21:11:39,0.00054668,4.00000000
2018-02-26 21:11:39,0.00054650,197.00000000
2018-02-26 21:11:39,0.00054642,22.00000000
2018-02-26 21:11:39,0.00054638,22.00000000
2018-02-26 21:11:39,0.00054619,27.00000000
2018-02-26 21:11:39,0.00054618,274.00000000
2018-02-26 21:11:39,0.00054612,443.00000000
2018-02-26 21:11:39,0.00054611,2500.00000000
2018-02-26 21:11:39,0.00054600,15.00000000
2018-02-26 21:11:39,0.00054600,64.00000000
2018-02-26 21:11:39,0.00054600,10.00000000
2018-02-26 21:11:39,0.00054600,2829.00000000
2018-02-26 21:11:39,0.00054600,10.00000000
2018-02-26 21:11:39,0.00054600,53.00000000
2018-02-26 21:11:39,0.00054600,45.00000000
2018-02-26 21:11:39,0.00054600,18.00000000
2018-02-26 21:11:39,0.00054600,64.00000000
2018-02-26 21:11:39,0.00054600,11.00000000
2018-02-26 21:11:39,0.00054570,6.00000000
2018-02-26 21:11:39,0.00054532,12.00000000
2018-02-26 21:11:39,0.00054600,5.00000000
2018-02-26 21:11:39,0.00054600,274.00000000
2018-02-26 21:11:39,0.00054753,217.00000000
2018-02-26 21:11:40,0.00054600,23.00000000
2018-02-26 21:11:40,0.00054534,10.00000000
2018-02-26 21:11:40,0.00054533,88.00000000
2018-02-26 21:11:42,0.00054668,2.00000000
2018-02-26 21:11:42,0.00054745,20.00000000
2018-02-26 21:11:42,0.00054747,4.00000000
2018-02-26 21:11:42,0.00054749,36.00000000
2018-02-26 21:11:43,0.00054746,17.00000000
2018-02-26 21:11:43,0.00054749,9.00000000
2018-02-26 21:11:43,0.00054744,4.00000000
2018-02-26 21:11:43,0.00054750,17.00000000
2018-02-26 21:11:43,0.00054574,5.00000000
2018-02-26 21:11:43,0.00054563,4.00000000
2018-02-26 21:11:43,0.00054559,54.00000000
2018-02-26 21:11:46,0.00054743,17.00000000
2018-02-26 21:11:50,0.00054570,57.00000000
2018-02-26 21:11:50,0.00054737,9.00000000
2018-02-26 21:11:52,0.00054737,13.00000000
2018-02-26 21:11:57,0.00054731,19.00000000
2018-02-26 21:11:59,0.00054729,4.00000000
2018-02-26 21:11:59,0.00054729,18.00000000
2018-02-26 21:11:59,0.00054730,97.00000000
2018-02-26 21:11:59,0.00054731,30.00000000
2018-02-26 21:11:59,0.00054731,30.00000000
2018-02-26 21:11:59,0.00054731,30.00000000
2018-02-26 21:11:59,0.00054731,30.00000000
2018-02-26 21:11:59,0.00054731,7.00000000
2018-02-26 21:12:00,0.00054594,10.00000000
2018-02-26 21:12:00,0.00054593,29.00000000
2018-02-26 21:12:00,0.00054592,9.00000000
2018-02-26 21:12:00,0.00054575,10.00000000
2018-02-26 21:12:00,0.00054574,20.00000000
2018-02-26 21:12:00,0.00054567,4.00000000
2018-02-26 21:12:00,0.00054567,62.00000000
2018-02-26 21:12:02,0.00054735,29.00000000
2018-02-26 21:12:02,0.00054736,18.00000000
2018-02-26 21:12:02,0.00054737,12.00000000
2018-02-26 21:12:08,0.00054728,309.00000000
2018-02-26 21:12:25,0.00054697,7.00000000
2018-02-26 21:12:25,0.00054699,37.00000000
2018-02-26 21:12:33,0.00054699,18.00000000
2018-02-26 21:12:38,0.00054699,15.00000000
2018-02-26 21:12:41,0.00054699,4.00000000
2018-02-26 21:12:43,0.00054699,22.00000000
2018-02-26 21:12:43,0.00054699,5.00000000
2018-02-26 21:12:45,0.00054699,2.00000000
2018-02-26 21:12:53,0.00054699,7.00000000
2018-02-26 21:12:56,0.00054710,114.00000000
2018-02-26 21:13:09,0.00054699,15.00000000
2018-02-26 21:13:11,0.00054699,21.00000000
2018-02-26 21:13:13,0.00054699,196.00000000
2018-02-26 21:13:14,0.00054699,18.00000000
2018-02-26 21:13:24,0.00054605,10.00000000
2018-02-26 21:13:24,0.00054603,9.00000000
2018-02-26 21:13:24,0.00054602,4.00000000
2018-02-26 21:13:24,0.00054589,73.00000000
2018-02-26 21:13:24,0.00054573,30.00000000
2018-02-26 21:13:24,0.00054562,9.00000000
2018-02-26 21:13:24,0.00054550,6.00000000
2018-02-26 21:13:24,0.00054538,4.00000000
2018-02-26 21:13:24,0.00054531,42.00000000
2018-02-26 21:13:24,0.00054505,37.00000000
2018-02-26 21:13:24,0.00054503,135.00000000
2018-02-26 21:13:24,0.00054500,261.00000000
2018-02-26 21:13:25,0.00054698,73.00000000
2018-02-26 21:13:25,0.00054699,9.00000000
2018-02-26 21:13:25,0.00054667,2.00000000
2018-02-26 21:13:25,0.00054670,14.00000000
2018-02-26 21:13:29,0.00054664,10.00000000
2018-02-26 21:13:30,0.00054549,20.00000000
2018-02-26 21:13:30,0.00054548,4.00000000
2018-02-26 21:13:30,0.00054545,25.00000000
2018-02-26 21:13:35,0.00054548,56.00000000
2018-02-26 21:13:36,0.00054548,142.00000000
2018-02-26 21:13:38,0.00054654,10.00000000
2018-02-26 21:13:40,0.00054651,43.00000000
2018-02-26 21:13:40,0.00054654,19.00000000
2018-02-26 21:13:40,0.00054535,4.00000000
2018-02-26 21:13:40,0.00054530,2.00000000
2018-02-26 21:13:40,0.00054505,4.00000000
2018-02-26 21:13:40,0.00054501,11.00000000
2018-02-26 21:13:41,0.00054649,4.00000000
2018-02-26 21:13:41,0.00054654,54.00000000
2018-02-26 21:13:41,0.00054656,9.00000000
2018-02-26 21:13:41,0.00054659,4.00000000
2018-02-26 21:13:41,0.00054665,2.00000000
2018-02-26 21:13:43,0.00054664,3.00000000
2018-02-26 21:13:43,0.00054551,4.00000000
2018-02-26 21:13:43,0.00054547,10.00000000
2018-02-26 21:13:43,0.00054546,103.00000000
2018-02-26 21:13:43,0.00054545,53.00000000
2018-02-26 21:13:43,0.00054500,134.00000000
2018-02-26 21:13:43,0.00054499,1429.00000000
2018-02-26 21:13:47,0.00054500,3.00000000
2018-02-26 21:13:48,0.00054500,1.00000000
2018-02-26 21:13:48,0.00054500,2.00000000
2018-02-26 21:13:48,0.00054500,3.00000000
2018-02-26 21:13:48,0.00054500,203.00000000
2018-02-26 21:13:50,0.00054515,4.00000000
2018-02-26 21:13:54,0.00054545,2.00000000
2018-02-26 21:13:56,0.00054528,3.00000000
2018-02-26 21:13:56,0.00054515,5.00000000
2018-02-26 21:13:56,0.00054508,9.00000000
2018-02-26 21:13:56,0.00054499,40.00000000
2018-02-26 21:13:56,0.00054452,20.00000000
2018-02-26 21:13:56,0.00054445,31.00000000
2018-02-26 21:13:56,0.00054445,26.00000000
2018-02-26 21:13:56,0.00054445,155.00000000
2018-02-26 21:13:59,0.00054445,3.00000000
2018-02-26 21:13:59,0.00054445,1.00000000
2018-02-26 21:13:59,0.00054528,515.00000000
2018-02-26 21:13:59,0.00054528,366.00000000
2018-02-26 21:13:59,0.00054528,53.00000000
2018-02-26 21:13:59,0.00054500,6.00000000
2018-02-26 21:13:59,0.00054407,3.00000000
2018-02-26 21:13:59,0.00054499,10.00000000
2018-02-26 21:14:00,0.00054500,5.00000000
2018-02-26 21:14:00,0.00054500,14.00000000
2018-02-26 21:14:01,0.00054495,4.00000000
2018-02-26 21:14:07,0.00054566,10.00000000
2018-02-26 21:14:07,0.00054420,10.00000000
2018-02-26 21:14:07,0.00054419,4.00000000
2018-02-26 21:14:07,0.00054412,4.00000000
2018-02-26 21:14:07,0.00054407,30.00000000
2018-02-26 21:14:07,0.00054406,71.00000000
2018-02-26 21:14:07,0.00054400,10.00000000
2018-02-26 21:14:10,0.00054570,50.00000000
2018-02-26 21:14:12,0.00054545,63.00000000
2018-02-26 21:14:12,0.00054545,115.00000000
2018-02-26 21:14:14,0.00054568,23.00000000
2018-02-26 21:14:14,0.00054569,9.00000000
2018-02-26 21:14:16,0.00054545,18.00000000
2018-02-26 21:14:16,0.00054545,73.00000000
2018-02-26 21:14:17,0.00054545,38.00000000
2018-02-26 21:14:22,0.00054580,4.00000000
2018-02-26 21:14:24,0.00054578,10.00000000
2018-02-26 21:14:25,0.00054618,10.00000000
2018-02-26 21:14:42,0.00054619,10.00000000
2018-02-26 21:14:42,0.00054618,108.00000000
2018-02-26 21:14:44,0.00054522,6.00000000
2018-02-26 21:14:44,0.00054515,4.00000000
2018-02-26 21:14:45,0.00054617,13.00000000
2018-02-26 21:14:45,0.00054617,12.00000000
2018-02-26 21:14:49,0.00054515,6.00000000
2018-02-26 21:14:49,0.00054507,44.00000000
2018-02-26 21:14:58,0.00054507,9.00000000
2018-02-26 21:14:58,0.00054500,29.00000000
2018-02-26 21:14:58,0.00054500,3.00000000
2018-02-26 21:15:00,0.00054491,4.00000000
2018-02-26 21:15:00,0.00054472,9.00000000
2018-02-26 21:15:00,0.00054450,126.00000000
2018-02-26 21:15:00,0.00054500,19.00000000
2018-02-26 21:15:00,0.00054500,852.00000000
2018-02-26 21:15:00,0.00054500,1.00000000
2018-02-26 21:15:01,0.00054500,44.00000000
2018-02-26 21:15:02,0.00054500,2.00000000
2018-02-26 21:15:03,0.00054500,2.00000000
2018-02-26 21:15:03,0.00054500,3.00000000
2018-02-26 21:15:05,0.00054500,4.00000000
2018-02-26 21:15:05,0.00054500,26.00000000
2018-02-26 21:15:07,0.00054499,3.00000000
2018-02-26 21:15:08,0.00054499,6.00000000
2018-02-26 21:15:09,0.00054500,34.00000000
2018-02-26 21:15:09,0.00054500,135.00000000
2018-02-26 21:15:09,0.00054500,40.00000000
2018-02-26 21:15:12,0.00054500,170.00000000
2018-02-26 21:15:12,0.00054500,3.00000000
2018-02-26 21:15:13,0.00054500,3.00000000
2018-02-26 21:15:15,0.00054500,20.00000000
2018-02-26 21:15:15,0.00054500,30.00000000
2018-02-26 21:15:15,0.00054500,3.00000000
2018-02-26 21:15:16,0.00054500,3.00000000
2018-02-26 21:15:16,0.00054500,2014.00000000
2018-02-26 21:15:16,0.00054500,76.00000000
2018-02-26 21:15:18,0.00054499,3.00000000
2018-02-26 21:15:19,0.00054499,129.00000000
2018-02-26 21:15:25,0.00054499,19.00000000
2018-02-26 21:15:25,0.00054499,18.00000000
2018-02-26 21:15:25,0.00054499,16.00000000
2018-02-26 21:15:25,0.00054499,19.00000000
2018-02-26 21:15:28,0.00054454,14.00000000
2018-02-26 21:15:28,0.00054450,187.00000000
2018-02-26 21:15:40,0.00054454,9.00000000
2018-02-26 21:15:40,0.00054450,26.00000000
2018-02-26 21:15:40,0.00054498,17.00000000
2018-02-26 21:15:41,0.00054450,59.00000000
2018-02-26 21:15:43,0.00054450,2029.00000000
2018-02-26 21:15:43,0.00054450,6.00000000
2018-02-26 21:15:44,0.00054450,10.00000000
2018-02-26 21:15:44,0.00054450,2.00000000
2018-02-26 21:15:45,0.00054450,3.00000000
2018-02-26 21:15:46,0.00054450,3.00000000
2018-02-26 21:15:46,0.00054450,3.00000000
2018-02-26 21:15:47,0.00054450,3.00000000
2018-02-26 21:15:47,0.00054450,29.00000000
2018-02-26 21:15:52,0.00054498,5.00000000
2018-02-26 21:16:05,0.00054496,2.00000000
2018-02-26 21:16:11,0.00054416,26.00000000
2018-02-26 21:16:16,0.00054415,34.00000000
2018-02-26 21:16:21,0.00054415,19.00000000
2018-02-26 21:16:22,0.00054415,22.00000000
2018-02-26 21:16:22,0.00054415,255.00000000
2018-02-26 21:16:22,0.00054415,84.00000000
2018-02-26 21:16:23,0.00054415,3.00000000
2018-02-26 21:16:24,0.00054415,3.00000000
2018-02-26 21:16:24,0.00054415,22.00000000
2018-02-26 21:16:25,0.00054400,10.00000000
2018-02-26 21:16:26,0.00054415,3.00000000
2018-02-26 21:16:27,0.00054415,2.00000000
2018-02-26 21:16:28,0.00054415,16.00000000
2018-02-26 21:16:29,0.00054413,8.00000000
2018-02-26 21:16:29,0.00054415,10.00000000
2018-02-26 21:16:32,0.00054415,61.00000000
2018-02-26 21:16:33,0.00054498,18.00000000
2018-02-26 21:16:35,0.00054450,170.00000000
2018-02-26 21:16:35,0.00054403,10.00000000
2018-02-26 21:16:35,0.00054400,184.00000000
2018-02-26 21:16:42,0.00054400,20.00000000
2018-02-26 21:16:43,0.00054400,329.00000000
2018-02-26 21:16:45,0.00054400,22.00000000
2018-02-26 21:16:46,0.00054400,410.00000000
2018-02-26 21:16:46,0.00054400,46.00000000
2018-02-26 21:17:03,0.00054490,10.00000000
2018-02-26 21:17:03,0.00054493,44.00000000
2018-02-26 21:17:03,0.00054494,51.00000000
2018-02-26 21:17:03,0.00054498,38.00000000
2018-02-26 21:17:04,0.00054434,9.00000000
2018-02-26 21:17:05,0.00054383,10.00000000
2018-02-26 21:17:09,0.00054400,248.00000000
2018-02-26 21:17:09,0.00054400,153.00000000
2018-02-26 21:17:09,0.00054400,14.00000000
2018-02-26 21:17:13,0.00054399,10.00000000
2018-02-26 21:17:14,0.00054400,121.00000000
2018-02-26 21:17:17,0.00054400,9.00000000
2018-02-26 21:17:20,0.00054400,3.00000000
2018-02-26 21:17:20,0.00054400,3.00000000
2018-02-26 21:17:21,0.00054400,2.00000000
2018-02-26 21:17:22,0.00054400,698.00000000
2018-02-26 21:17:23,0.00054400,161.00000000
2018-02-26 21:17:23,0.00054400,122.00000000
2018-02-26 21:17:24,0.00054400,250.00000000
2018-02-26 21:17:24,0.00054400,78.00000000
2018-02-26 21:17:26,0.00054400,287.00000000
2018-02-26 21:17:30,0.00054403,10.00000000
2018-02-26 21:17:30,0.00054400,22.00000000
2018-02-26 21:17:32,0.00054487,10.00000000
2018-02-26 21:17:32,0.00054490,167.00000000
2018-02-26 21:17:34,0.00054400,10.00000000
2018-02-26 21:17:37,0.00054400,92.00000000
2018-02-26 21:17:37,0.00054400,82.00000000
2018-02-26 21:17:38,0.00054487,10.00000000
2018-02-26 21:17:38,0.00054490,218.00000000
2018-02-26 21:17:38,0.00054498,286.00000000
2018-02-26 21:17:38,0.00054400,3.00000000
2018-02-26 21:17:38,0.00054400,172.00000000
2018-02-26 21:17:39,0.00054400,10.00000000
2018-02-26 21:17:40,0.00054379,199.00000000
2018-02-26 21:17:40,0.00054374,30.00000000
2018-02-26 21:17:41,0.00054363,200.00000000
2018-02-26 21:17:41,0.00054359,47.00000000
2018-02-26 21:17:41,0.00054358,394.00000000
2018-02-26 21:17:41,0.00054341,19.00000000
2018-02-26 21:17:41,0.00054309,53.00000000
2018-02-26 21:17:45,0.00054400,130.00000000
2018-02-26 21:17:46,0.00054310,9.00000000
2018-02-26 21:17:46,0.00054309,893.00000000
2018-02-26 21:17:47,0.00054309,89.00000000
2018-02-26 21:17:47,0.00054300,11.00000000
2018-02-26 21:17:47,0.00054300,12.00000000
2018-02-26 21:17:47,0.00054299,3.00000000
2018-02-26 21:17:49,0.00054396,10.00000000
2018-02-26 21:17:49,0.00054397,6.00000000
2018-02-26 21:17:58,0.00054397,2.00000000
2018-02-26 21:18:01,0.00054397,5.00000000
2018-02-26 21:18:10,0.00054395,7.00000000
2018-02-26 21:18:13,0.00054272,20.00000000
2018-02-26 21:18:13,0.00054271,4.00000000
2018-02-26 21:18:13,0.00054265,4.00000000
2018-02-26 21:18:15,0.00054381,9.00000000
2018-02-26 21:18:16,0.00054380,10.00000000
2018-02-26 21:18:25,0.00054382,9.00000000
2018-02-26 21:18:25,0.00054382,18.00000000
2018-02-26 21:18:27,0.00054382,20.00000000
2018-02-26 21:18:27,0.00054382,1.00000000
2018-02-26 21:18:27,0.00054383,4.00000000
2018-02-26 21:18:28,0.00054385,4.00000000
2018-02-26 21:18:35,0.00054285,10.00000000
2018-02-26 21:18:35,0.00054284,27.00000000
2018-02-26 21:18:35,0.00054282,309.00000000
2018-02-26 21:18:36,0.00054286,9.00000000
2018-02-26 21:18:36,0.00054281,144.00000000
2018-02-26 21:18:36,0.00054267,250.00000000
2018-02-26 21:18:36,0.00054257,9.00000000
2018-02-26 21:18:36,0.00054252,7.00000000
2018-02-26 21:18:36,0.00054250,2.00000000
2018-02-26 21:18:36,0.00054237,3.00000000
2018-02-26 21:18:36,0.00054233,314.00000000
2018-02-26 21:18:36,0.00054210,75.00000000
2018-02-26 21:18:36,0.00054209,5.00000000
2018-02-26 21:18:36,0.00054200,50.00000000
2018-02-26 21:18:36,0.00054181,4.00000000
2018-02-26 21:18:36,0.00054179,9.00000000
2018-02-26 21:18:36,0.00054175,6.00000000
2018-02-26 21:18:36,0.00054159,8.00000000
2018-02-26 21:18:36,0.00054155,6.00000000
2018-02-26 21:18:36,0.00054153,26.00000000
2018-02-26 21:18:36,0.00054142,14.00000000
2018-02-26 21:18:36,0.00054124,28.00000000
2018-02-26 21:18:36,0.00054180,6.00000000
2018-02-26 21:18:36,0.00054180,178.00000000
2018-02-26 21:18:38,0.00054372,3.00000000
2018-02-26 21:18:38,0.00054344,5.00000000
2018-02-26 21:18:38,0.00054316,4.00000000
2018-02-26 21:18:38,0.00054371,20.00000000
2018-02-26 21:18:38,0.00054290,6.00000000
2018-02-26 21:18:39,0.00054259,5.00000000
2018-02-26 21:18:39,0.00054175,9.00000000
2018-02-26 21:18:39,0.00054174,7.00000000
2018-02-26 21:18:43,0.00054350,5.00000000
2018-02-26 21:18:43,0.00054387,4.00000000
2018-02-26 21:18:49,0.00054243,3.00000000
2018-02-26 21:18:49,0.00054236,3.00000000
2018-02-26 21:18:49,0.00054208,5.00000000
2018-02-26 21:18:49,0.00054180,13.00000000
2018-02-26 21:18:49,0.00054154,6.00000000
2018-02-26 21:18:49,0.00054126,20.00000000
2018-02-26 21:18:50,0.00054367,10.00000000
2018-02-26 21:18:52,0.00054289,3.00000000
2018-02-26 21:18:53,0.00054142,10.00000000
2018-02-26 21:18:53,0.00054140,25.00000000
2018-02-26 21:18:54,0.00054288,20.00000000
2018-02-26 21:18:55,0.00054270,3.00000000
2018-02-26 21:18:55,0.00054270,22.00000000
2018-02-26 21:18:55,0.00054288,3.00000000
2018-02-26 21:18:55,0.00054288,6.00000000
2018-02-26 21:18:56,0.00054286,6.00000000
2018-02-26 21:18:56,0.00054289,3.00000000
2018-02-26 21:18:56,0.00054314,4.00000000
2018-02-26 21:18:56,0.00054176,10.00000000
2018-02-26 21:18:56,0.00054175,11.00000000
2018-02-26 21:18:56,0.00054153,3.00000000
2018-02-26 21:18:56,0.00054140,25.00000000
2018-02-26 21:18:56,0.00054129,13.00000000
2018-02-26 21:18:57,0.00054314,8.00000000
2018-02-26 21:18:58,0.00054287,30.00000000
2018-02-26 21:18:58,0.00054288,26.00000000
2018-02-26 21:18:58,0.00054288,26.00000000
2018-02-26 21:18:58,0.00054287,18.00000000
2018-02-26 21:18:58,0.00054287,12.00000000
2018-02-26 21:19:02,0.00054260,25.00000000
2018-02-26 21:19:04,0.00054287,12.00000000
2018-02-26 21:19:05,0.00054287,20.00000000
2018-02-26 21:19:06,0.00054287,10.00000000
2018-02-26 21:19:16,0.00054287,9.00000000
2018-02-26 21:19:16,0.00054288,9.00000000
2018-02-26 21:19:25,0.00054203,10.00000000
2018-02-26 21:19:25,0.00054203,74.00000000
2018-02-26 21:19:25,0.00054203,6.00000000
2018-02-26 21:19:26,0.00054203,2.00000000
2018-02-26 21:19:27,0.00054203,8.00000000
2018-02-26 21:19:27,0.00054205,9.00000000
2018-02-26 21:19:28,0.00054205,88.00000000
2018-02-26 21:19:31,0.00054285,2.00000000
2018-02-26 21:19:32,0.00054285,3.00000000
2018-02-26 21:19:33,0.00054285,5.00000000
2018-02-26 21:19:33,0.00054288,15.00000000
2018-02-26 21:19:34,0.00054288,151.00000000
2018-02-26 21:19:36,0.00054288,36.00000000
2018-02-26 21:19:39,0.00054288,9.00000000
2018-02-26 21:19:43,0.00054206,10.00000000
2018-02-26 21:19:43,0.00054206,3.00000000
2018-02-26 21:19:43,0.00054206,9.00000000
2018-02-26 21:19:45,0.00054206,20.00000000
2018-02-26 21:19:45,0.00054206,7.00000000
2018-02-26 21:19:45,0.00054206,16.00000000
2018-02-26 21:19:46,0.00054206,13.00000000
2018-02-26 21:19:47,0.00054206,2.00000000
2018-02-26 21:19:48,0.00054206,6.00000000
2018-02-26 21:19:48,0.00054285,10.00000000
2018-02-26 21:19:48,0.00054288,4.00000000
2018-02-26 21:19:49,0.00054288,20.00000000
2018-02-26 21:19:50,0.00054288,36.00000000
2018-02-26 21:19:50,0.00054206,10.00000000
2018-02-26 21:19:51,0.00054205,21.00000000
2018-02-26 21:19:52,0.00054205,9.00000000
2018-02-26 21:19:53,0.00054205,34.00000000
2018-02-26 21:19:54,0.00054204,5.00000000
2018-02-26 21:19:54,0.00054203,241.00000000
2018-02-26 21:19:54,0.00054205,6.00000000
2018-02-26 21:19:54,0.00054205,9.00000000
2018-02-26 21:19:56,0.00054203,14.00000000
2018-02-26 21:19:57,0.00054205,15.00000000
2018-02-26 21:19:57,0.00054205,2998.00000000
2018-02-26 21:19:58,0.00054205,2.00000000
2018-02-26 21:19:58,0.00054205,2.00000000
2018-02-26 21:19:58,0.00054205,2.00000000
2018-02-26 21:19:58,0.00054203,20.00000000
2018-02-26 21:19:59,0.00054203,52.00000000
2018-02-26 21:20:00,0.00054205,5.00000000
2018-02-26 21:20:01,0.00054203,159.00000000
2018-02-26 21:20:04,0.00054203,20.00000000
2018-02-26 21:20:05,0.00054203,74.00000000
2018-02-26 21:20:05,0.00054205,41.00000000
2018-02-26 21:20:07,0.00054205,8.00000000
2018-02-26 21:20:09,0.00054205,6.00000000
2018-02-26 21:20:09,0.00054205,346.00000000
2018-02-26 21:20:09,0.00054201,209.00000000
2018-02-26 21:20:09,0.00054200,486.00000000
2018-02-26 21:20:09,0.00054205,6.00000000
2018-02-26 21:20:09,0.00054200,11.00000000
2018-02-26 21:20:10,0.00054205,3.00000000
2018-02-26 21:20:12,0.00054205,4.00000000
2018-02-26 21:20:15,0.00054200,2.00000000
2018-02-26 21:20:16,0.00054200,182.00000000
2018-02-26 21:20:23,0.00054200,18.00000000
2018-02-26 21:20:25,0.00054200,5.00000000
2018-02-26 21:20:31,0.00054200,202.00000000
2018-02-26 21:20:31,0.00054200,110.00000000
2018-02-26 21:20:31,0.00054200,18.00000000
2018-02-26 21:20:31,0.00054200,38.00000000
2018-02-26 21:20:31,0.00054200,18.00000000
2018-02-26 21:20:31,0.00054205,213.00000000
2018-02-26 21:20:32,0.00054205,18.00000000
2018-02-26 21:20:36,0.00054205,30.00000000
2018-02-26 21:20:44,0.00054205,18.00000000
2018-02-26 21:20:44,0.00054205,218.00000000
2018-02-26 21:20:44,0.00054205,55.00000000
2018-02-26 21:20:44,0.00054201,18.00000000
2018-02-26 21:20:47,0.00054201,14.00000000
2018-02-26 21:20:51,0.00054201,58.00000000
2018-02-26 21:20:53,0.00054201,56.00000000
2018-02-26 21:20:53,0.00054200,58.00000000
2018-02-26 21:20:53,0.00054199,55.00000000
2018-02-26 21:20:53,0.00054183,10.00000000
2018-02-26 21:20:54,0.00054183,29.00000000
2018-02-26 21:20:54,0.00054180,100.00000000
2018-02-26 21:20:54,0.00054178,104.00000000
2018-02-26 21:20:58,0.00054202,9.00000000
2018-02-26 21:21:01,0.00054180,44.00000000
2018-02-26 21:21:05,0.00054201,18.00000000
2018-02-26 21:21:05,0.00054180,280.00000000
2018-02-26 21:21:05,0.00054179,1757.00000000
2018-02-26 21:21:05,0.00054178,40.00000000
2018-02-26 21:21:05,0.00054153,227.00000000
2018-02-26 21:21:05,0.00054152,3.00000000
2018-02-26 21:21:05,0.00054123,40.00000000
2018-02-26 21:21:05,0.00054114,30.00000000
2018-02-26 21:21:05,0.00054100,465.00000000
2018-02-26 21:21:05,0.00054098,5.00000000
2018-02-26 21:21:05,0.00054076,3.00000000
2018-02-26 21:21:05,0.00054073,9.00000000
2018-02-26 21:21:05,0.00054070,5.00000000
2018-02-26 21:21:05,0.00054069,11.00000000
2018-02-26 21:21:05,0.00054068,9.00000000
2018-02-26 21:21:05,0.00054053,14.00000000
2018-02-26 21:21:05,0.00054052,730.00000000
2018-02-26 21:21:05,0.00054050,1228.00000000
2018-02-26 21:21:05,0.00054204,5.00000000
2018-02-26 21:21:05,0.00054205,1137.00000000
2018-02-26 21:21:08,0.00054203,10.00000000
2018-02-26 21:21:08,0.00054204,30.00000000
2018-02-26 21:21:08,0.00054205,126.00000000
2018-02-26 21:21:08,0.00054067,73.00000000
2018-02-26 21:21:08,0.00054066,10.00000000
2018-02-26 21:21:08,0.00054065,13.00000000
2018-02-26 21:21:08,0.00054052,30.00000000
2018-02-26 21:21:08,0.00054050,640.00000000
2018-02-26 21:21:15,0.00054193,10.00000000
2018-02-26 21:21:15,0.00054195,3.00000000
2018-02-26 21:21:15,0.00054195,6.00000000
2018-02-26 21:21:15,0.00054198,56.00000000
2018-02-26 21:21:15,0.00054198,17.00000000
2018-02-26 21:21:15,0.00054199,30.00000000
2018-02-26 21:21:15,0.00054200,26.00000000
2018-02-26 21:21:15,0.00054199,2.00000000
2018-02-26 21:21:15,0.00054195,3.00000000
2018-02-26 21:21:35,0.00054154,10.00000000
2018-02-26 21:21:35,0.00054153,4.00000000
2018-02-26 21:21:35,0.00054150,21.00000000
2018-02-26 21:21:38,0.00054195,23.00000000
2018-02-26 21:21:38,0.00054150,9.00000000
2018-02-26 21:21:38,0.00054111,2977.00000000
2018-02-26 21:21:40,0.00054111,23.00000000
2018-02-26 21:21:40,0.00054108,6.00000000
2018-02-26 21:21:40,0.00054098,50.00000000
2018-02-26 21:21:40,0.00054097,10.00000000
2018-02-26 21:21:40,0.00054090,8.00000000
2018-02-26 21:21:41,0.00054090,65.00000000
2018-02-26 21:21:42,0.00054100,9.00000000
2018-02-26 21:21:43,0.00054119,14.00000000
2018-02-26 21:21:46,0.00054149,324.00000000
2018-02-26 21:21:46,0.00054150,3242.00000000
2018-02-26 21:21:47,0.00054147,5.00000000
2018-02-26 21:21:47,0.00054150,927.00000000
2018-02-26 21:21:47,0.00054158,33.00000000
2018-02-26 21:21:48,0.00054158,20.00000000
2018-02-26 21:21:50,0.00054150,79.00000000
2018-02-26 21:21:53,0.00054150,29.00000000
2018-02-26 21:21:54,0.00054060,9.00000000
2018-02-26 21:21:54,0.00054054,10.00000000
2018-02-26 21:21:54,0.00054051,94.00000000
2018-02-26 21:21:54,0.00054050,315.00000000
2018-02-26 21:21:54,0.00054042,3.00000000
2018-02-26 21:21:54,0.00054040,47.00000000
2018-02-26 21:21:55,0.00054150,292.00000000
2018-02-26 21:21:55,0.00054194,10.00000000
2018-02-26 21:21:56,0.00054069,9.00000000
2018-02-26 21:21:56,0.00054043,4.00000000
2018-02-26 21:21:56,0.00054039,10.00000000
2018-02-26 21:21:56,0.00054028,4.00000000
2018-02-26 21:21:56,0.00054017,7.00000000
2018-02-26 21:21:56,0.00054014,9.00000000
2018-02-26 21:21:56,0.00054014,131.00000000
2018-02-26 21:21:56,0.00054014,521.00000000
2018-02-26 21:21:56,0.00054111,2.00000000
2018-02-26 21:21:56,0.00054111,51.00000000
2018-02-26 21:21:56,0.00054111,51.00000000
2018-02-26 21:21:57,0.00054111,18.00000000
2018-02-26 21:22:00,0.00054110,10.00000000
2018-02-26 21:22:00,0.00054111,72.00000000
2018-02-26 21:22:01,0.00054111,8.00000000
2018-02-26 21:22:01,0.00054111,1123.00000000
2018-02-26 21:22:01,0.00054152,7.00000000
2018-02-26 21:22:01,0.00054154,4.00000000
2018-02-26 21:22:01,0.00054177,3.00000000
2018-02-26 21:22:01,0.00054191,10.00000000
2018-02-26 21:22:01,0.00054194,87.00000000
2018-02-26 21:22:01,0.00054195,2350.00000000
2018-02-26 21:22:01,0.00054197,4.00000000
2018-02-26 21:22:05,0.00054054,10.00000000
2018-02-26 21:22:05,0.00054052,8.00000000
2018-02-26 21:22:05,0.00054042,96.00000000
2018-02-26 21:22:05,0.00054041,3.00000000
2018-02-26 21:22:05,0.00054016,7.00000000
2018-02-26 21:22:05,0.00054010,369.00000000
2018-02-26 21:22:05,0.00054001,151.00000000
2018-02-26 21:22:05,0.00054000,2901.00000000
2018-02-26 21:22:05,0.00054000,15.00000000
2018-02-26 21:22:05,0.00054109,2.00000000
2018-02-26 21:22:08,0.00054108,10.00000000
2018-02-26 21:22:09,0.00054108,64.00000000
2018-02-26 21:22:09,0.00054110,12.00000000
2018-02-26 21:22:10,0.00054110,18.00000000
2018-02-26 21:22:13,0.00054110,17.00000000
2018-02-26 21:22:15,0.00054052,11.00000000
2018-02-26 21:22:15,0.00054046,51.00000000
2018-02-26 21:22:15,0.00054013,9.00000000
2018-02-26 21:22:15,0.00054003,11.00000000
2018-02-26 21:22:17,0.00054110,6.00000000
2018-02-26 21:22:19,0.00054110,6.00000000
2018-02-26 21:22:21,0.00054100,10.00000000
2018-02-26 21:22:22,0.00054100,7.00000000
2018-02-26 21:22:23,0.00054100,12.00000000
2018-02-26 21:22:23,0.00054109,7.00000000
2018-02-26 21:22:23,0.00054110,47.00000000
2018-02-26 21:22:23,0.00054110,160.00000000
2018-02-26 21:22:28,0.00054100,12.00000000
2018-02-26 21:22:36,0.00054016,30.00000000
2018-02-26 21:22:40,0.00054100,6.00000000
2018-02-26 21:22:43,0.00054016,5.00000000
2018-02-26 21:22:43,0.00054013,79.00000000
2018-02-26 21:22:43,0.00054003,32.00000000
2018-02-26 21:22:45,0.00054097,10.00000000
2018-02-26 21:22:45,0.00054100,68.00000000
2018-02-26 21:22:45,0.00054100,14.00000000
2018-02-26 21:22:45,0.00054110,12.00000000
2018-02-26 21:22:45,0.00054100,3.00000000
2018-02-26 21:22:45,0.00054100,18.00000000
2018-02-26 21:22:45,0.00054100,17.00000000
2018-02-26 21:22:45,0.00054100,18.00000000
2018-02-26 21:22:45,0.00054100,13.00000000
2018-02-26 21:22:45,0.00054100,2.00000000
2018-02-26 21:22:45,0.00054100,14.00000000
2018-02-26 21:22:45,0.00054100,8.00000000
2018-02-26 21:22:45,0.00054016,50.00000000
2018-02-26 21:22:47,0.00054019,10.00000000
2018-02-26 21:22:47,0.00054016,38.00000000
2018-02-26 21:22:47,0.00054003,118.00000000
2018-02-26 21:22:47,0.00054001,207.00000000
2018-02-26 21:22:47,0.00054000,166.00000000
2018-02-26 21:22:47,0.00053999,2502.00000000
2018-02-26 21:22:48,0.00053999,17.00000000
2018-02-26 21:22:48,0.00053999,23.00000000
2018-02-26 21:22:48,0.00054100,47.00000000
2018-02-26 21:22:48,0.00053993,5.00000000
2018-02-26 21:22:48,0.00053991,78.00000000
2018-02-26 21:22:48,0.00053989,26.00000000
2018-02-26 21:22:48,0.00053964,9.00000000
2018-02-26 21:22:48,0.00053960,29.00000000
2018-02-26 21:22:50,0.00053950,18.00000000
2018-02-26 21:22:52,0.00053940,10.00000000
2018-02-26 21:22:52,0.00053939,4.00000000
2018-02-26 21:22:53,0.00054073,4.00000000
2018-02-26 21:22:53,0.00054092,20.00000000
2018-02-26 21:22:54,0.00053942,20.00000000
2018-02-26 21:22:54,0.00053941,30.00000000
2018-02-26 21:22:54,0.00053940,1.00000000
2018-02-26 21:22:55,0.00053947,4.00000000
2018-02-26 21:22:55,0.00053946,7.00000000
2018-02-26 21:22:55,0.00053946,6.00000000
2018-02-26 21:22:55,0.00053946,6.00000000
2018-02-26 21:22:55,0.00053946,11.00000000
2018-02-26 21:22:55,0.00053946,7.00000000
2018-02-26 21:22:55,0.00053946,2.00000000
2018-02-26 21:22:55,0.00053945,6.00000000
2018-02-26 21:22:55,0.00053945,1.00000000
2018-02-26 21:22:55,0.00053941,30.00000000
2018-02-26 21:22:55,0.00053940,136.00000000
2018-02-26 21:22:55,0.00053939,1.00000000
2018-02-26 21:22:55,0.00053938,4.00000000
2018-02-26 21:22:56,0.00053922,53.00000000
2018-02-26 21:22:56,0.00053946,4.00000000
2018-02-26 21:22:58,0.00053910,50.00000000
2018-02-26 21:22:59,0.00053936,9.00000000
2018-02-26 21:22:59,0.00053937,8.00000000
2018-02-26 21:23:00,0.00053937,7.00000000
2018-02-26 21:23:00,0.00053937,2.00000000
2018-02-26 21:23:01,0.00053938,202.00000000
2018-02-26 21:23:01,0.00053938,2.00000000
2018-02-26 21:23:01,0.00053938,3.00000000
2018-02-26 21:23:01,0.00053938,2.00000000
2018-02-26 21:23:01,0.00053910,1141.00000000
2018-02-26 21:23:01,0.00053938,290.00000000
2018-02-26 21:23:01,0.00053938,1.00000000
2018-02-26 21:23:01,0.00053946,60.00000000
2018-02-26 21:23:02,0.00053945,6.00000000
2018-02-26 21:23:03,0.00053946,246.00000000
2018-02-26 21:23:03,0.00053910,50.00000000
2018-02-26 21:23:05,0.00053999,16.00000000
2018-02-26 21:23:05,0.00053999,4.00000000
2018-02-26 21:23:05,0.00053903,9.00000000
2018-02-26 21:23:05,0.00053900,4.00000000
2018-02-26 21:23:05,0.00053900,233.00000000
2018-02-26 21:23:05,0.00053900,18.00000000
2018-02-26 21:23:05,0.00053900,742.00000000
2018-02-26 21:23:05,0.00053900,17.00000000
2018-02-26 21:23:05,0.00053900,23.00000000
2018-02-26 21:23:05,0.00053900,407.00000000
2018-02-26 21:23:05,0.00053903,37.00000000
2018-02-26 21:23:07,0.00053967,17.00000000
2018-02-26 21:23:08,0.00054056,4.00000000
2018-02-26 21:23:08,0.00054055,9.00000000
2018-02-26 21:23:08,0.00054055,3.00000000
2018-02-26 21:23:08,0.00054056,3.00000000
2018-02-26 21:23:09,0.00054057,37.00000000
2018-02-26 21:23:10,0.00054057,7.00000000
2018-02-26 21:23:11,0.00054057,3.00000000
2018-02-26 21:23:11,0.00054057,11.00000000
2018-02-26 21:23:11,0.00054057,6.00000000
2018-02-26 21:23:12,0.00053893,20.00000000
2018-02-26 21:23:12,0.00053892,14.00000000
2018-02-26 21:23:12,0.00053891,21.00000000
2018-02-26 21:23:12,0.00053890,9.00000000
2018-02-26 21:23:12,0.00053888,12.00000000
2018-02-26 21:23:12,0.00053854,30.00000000
2018-02-26 21:23:12,0.00053852,40.00000000
2018-02-26 21:23:12,0.00053838,3.00000000
2018-02-26 21:23:12,0.00053812,588.00000000
2018-02-26 21:23:12,0.00054056,14.00000000
2018-02-26 21:23:12,0.00054057,2.00000000
2018-02-26 21:23:12,0.00054057,1.00000000
2018-02-26 21:23:13,0.00054057,9.00000000
2018-02-26 21:23:15,0.00054055,4.00000000
2018-02-26 21:23:18,0.00053911,5.00000000
2018-02-26 21:23:19,0.00054051,9.00000000
2018-02-26 21:23:19,0.00054000,500.00000000
2018-02-26 21:23:19,0.00053913,8.00000000
2018-02-26 21:23:19,0.00053912,10.00000000
2018-02-26 21:23:21,0.00054049,6.00000000
2018-02-26 21:23:21,0.00054049,5.00000000
2018-02-26 21:23:21,0.00054050,14.00000000
2018-02-26 21:23:24,0.00054048,5.00000000
2018-02-26 21:23:29,0.00053982,10.00000000
2018-02-26 21:23:35,0.00053923,377.00000000
2018-02-26 21:23:35,0.00053922,50.00000000
2018-02-26 21:23:35,0.00053911,50.00000000
2018-02-26 21:23:35,0.00053910,13.00000000
2018-02-26 21:23:35,0.00053905,202.00000000
2018-02-26 21:23:37,0.00053979,3.00000000
2018-02-26 21:23:41,0.00053828,13.00000000
2018-02-26 21:23:41,0.00053827,4.00000000
2018-02-26 21:23:41,0.00053813,102.00000000
2018-02-26 21:23:41,0.00053973,62.00000000
2018-02-26 21:23:41,0.00053974,20.00000000
2018-02-26 21:23:41,0.00053977,9.00000000
2018-02-26 21:23:41,0.00053979,30.00000000
2018-02-26 21:23:41,0.00053979,30.00000000
2018-02-26 21:23:41,0.00053979,19.00000000
2018-02-26 21:23:42,0.00053950,128.00000000
2018-02-26 21:23:43,0.00053950,724.00000000
2018-02-26 21:23:43,0.00053950,7.00000000
2018-02-26 21:23:44,0.00053919,135.00000000
2018-02-26 21:23:45,0.00053950,3.00000000
2018-02-26 21:23:46,0.00053950,835.00000000
2018-02-26 21:23:46,0.00053842,4.00000000
2018-02-26 21:23:47,0.00053950,99.00000000
2018-02-26 21:23:49,0.00053842,6.00000000
2018-02-26 21:23:49,0.00053841,44.00000000
2018-02-26 21:23:49,0.00053949,20.00000000
2018-02-26 21:23:50,0.00053948,10.00000000
2018-02-26 21:23:50,0.00053949,24.00000000
2018-02-26 21:23:50,0.00053950,151.00000000
2018-02-26 21:23:50,0.00053950,54.00000000
2018-02-26 21:23:51,0.00053950,141.00000000
2018-02-26 21:23:51,0.00053950,53.00000000
2018-02-26 21:23:52,0.00053839,44.00000000
2018-02-26 21:23:52,0.00053838,30.00000000
2018-02-26 21:23:52,0.00053837,8.00000000
2018-02-26 21:23:52,0.00053815,9.00000000
2018-02-26 21:23:52,0.00053811,45.00000000
2018-02-26 21:23:52,0.00053810,164.00000000
2018-02-26 21:23:52,0.00053930,80.00000000
2018-02-26 21:23:52,0.00053950,21.00000000
2018-02-26 21:23:53,0.00053950,59.00000000
2018-02-26 21:23:54,0.00053949,20.00000000
2018-02-26 21:23:54,0.00053949,46.00000000
2018-02-26 21:23:54,0.00053949,4.00000000
2018-02-26 21:23:56,0.00053949,4.00000000
2018-02-26 21:23:56,0.00053950,147.00000000
2018-02-26 21:23:57,0.00053940,25.00000000
2018-02-26 21:24:01,0.00053939,9.00000000
2018-02-26 21:24:01,0.00053940,1.00000000
2018-02-26 21:24:03,0.00053940,6.00000000
2018-02-26 21:24:05,0.00053940,223.00000000
2018-02-26 21:24:06,0.00053940,14.00000000
2018-02-26 21:24:06,0.00053854,9.00000000
2018-02-26 21:24:06,0.00053853,10.00000000
2018-02-26 21:24:06,0.00053850,62.00000000
2018-02-26 21:24:06,0.00053841,106.00000000
2018-02-26 21:24:07,0.00053841,104.00000000
2018-02-26 21:24:09,0.00053927,9.00000000
2018-02-26 21:24:09,0.00053926,9.00000000
2018-02-26 21:24:10,0.00053877,6.00000000
2018-02-26 21:24:11,0.00053877,6.00000000
2018-02-26 21:24:11,0.00053877,5.00000000
2018-02-26 21:24:11,0.00053927,1.00000000
2018-02-26 21:24:12,0.00053930,435.00000000
2018-02-26 21:24:12,0.00053939,84.00000000
2018-02-26 21:24:12,0.00053940,865.00000000
2018-02-26 21:24:13,0.00053939,1.00000000
2018-02-26 21:24:13,0.00053939,18.00000000
2018-02-26 21:24:14,0.00053930,30.00000000
2018-02-26 21:24:15,0.00053812,19.00000000
2018-02-26 21:24:15,0.00053811,14.00000000
2018-02-26 21:24:23,0.00053921,6.00000000
2018-02-26 21:24:25,0.00053915,14.00000000
2018-02-26 21:24:25,0.00053916,4.00000000
2018-02-26 21:24:25,0.00053922,6.00000000
2018-02-26 21:24:26,0.00053815,20.00000000
2018-02-26 21:24:26,0.00053814,40.00000000
2018-02-26 21:24:28,0.00053926,20.00000000
2018-02-26 21:24:28,0.00053927,48.00000000
2018-02-26 21:24:28,0.00053930,66.00000000
2018-02-26 21:24:28,0.00053939,24.00000000
2018-02-26 21:24:28,0.00053950,21.00000000
2018-02-26 21:24:30,0.00053950,4.00000000
2018-02-26 21:24:31,0.00053950,18.00000000
2018-02-26 21:24:32,0.00053843,10.00000000
2018-02-26 21:24:32,0.00053843,7.00000000
2018-02-26 21:24:33,0.00053939,10.00000000
2018-02-26 21:24:33,0.00053940,54.00000000
2018-02-26 21:24:33,0.00053950,153.00000000
2018-02-26 21:24:33,0.00053950,125.00000000
2018-02-26 21:24:35,0.00053829,74.00000000
2018-02-26 21:24:35,0.00053828,20.00000000
2018-02-26 21:24:35,0.00053827,4.00000000
2018-02-26 21:24:35,0.00053826,10.00000000
2018-02-26 21:24:35,0.00053823,20.00000000
2018-02-26 21:24:40,0.00053928,10.00000000
2018-02-26 21:24:41,0.00053933,20.00000000
2018-02-26 21:24:41,0.00053934,16.00000000
2018-02-26 21:24:41,0.00053934,58.00000000
2018-02-26 21:24:41,0.00053938,4.00000000
2018-02-26 21:24:41,0.00053950,95.00000000
2018-02-26 21:24:42,0.00053962,8.00000000
2018-02-26 21:24:43,0.00053993,4.00000000
2018-02-26 21:24:43,0.00054013,30.00000000
2018-02-26 21:24:43,0.00054014,84.00000000
2018-02-26 21:24:43,0.00054014,29.00000000
2018-02-26 21:24:44,0.00054072,4.00000000
2018-02-26 21:24:44,0.00054072,1.00000000
2018-02-26 21:24:44,0.00054127,5.00000000
2018-02-26 21:24:44,0.00054150,26.00000000
2018-02-26 21:24:45,0.00054149,3.00000000
2018-02-26 21:24:46,0.00054149,6.00000000
2018-02-26 21:24:47,0.00054149,46.00000000
2018-02-26 21:24:47,0.00054149,9.00000000
2018-02-26 21:24:47,0.00054149,5.00000000
2018-02-26 21:24:47,0.00054149,74.00000000
2018-02-26 21:24:48,0.00054149,41.00000000
2018-02-26 21:24:48,0.00054149,17.00000000
2018-02-26 21:24:48,0.00054150,12.00000000
2018-02-26 21:24:49,0.00054151,7.00000000
2018-02-26 21:24:50,0.00054150,4.00000000
2018-02-26 21:24:50,0.00054015,3.00000000
2018-02-26 21:24:50,0.00054150,15.00000000
2018-02-26 21:24:50,0.00054006,5.00000000
2018-02-26 21:24:50,0.00054015,4.00000000
2018-02-26 21:24:50,0.00054150,2.00000000
2018-02-26 21:24:50,0.00054008,3.00000000
2018-02-26 21:24:51,0.00054150,5.00000000
2018-02-26 21:24:51,0.00054145,4.00000000
2018-02-26 21:24:51,0.00054149,1.00000000
2018-02-26 21:24:51,0.00054149,4.00000000
2018-02-26 21:24:51,0.00054149,124.00000000
2018-02-26 21:24:51,0.00054149,56.00000000
2018-02-26 21:24:52,0.00054150,6.00000000
2018-02-26 21:24:54,0.00054150,9.00000000
2018-02-26 21:24:55,0.00054150,9.00000000
2018-02-26 21:24:56,0.00054150,2.00000000
2018-02-26 21:24:56,0.00054150,3.00000000
2018-02-26 21:24:57,0.00054149,3.00000000
2018-02-26 21:24:58,0.00054149,4.00000000
2018-02-26 21:24:59,0.00054033,1.00000000
2018-02-26 21:25:00,0.00054149,9.00000000
2018-02-26 21:25:03,0.00054144,4.00000000
2018-02-26 21:25:03,0.00054149,232.00000000
2018-02-26 21:25:03,0.00054144,38.00000000
2018-02-26 21:25:06,0.00054144,15.00000000
2018-02-26 21:25:07,0.00054144,9.00000000
2018-02-26 21:25:08,0.00054149,330.00000000
2018-02-26 21:25:08,0.00054149,61.00000000
2018-02-26 21:25:08,0.00054150,127.00000000
2018-02-26 21:25:08,0.00054150,113.00000000
2018-02-26 21:25:09,0.00054150,32.00000000
2018-02-26 21:25:22,0.00054134,14.00000000
2018-02-26 21:25:22,0.00054150,239.00000000
2018-02-26 21:25:25,0.00054150,26.00000000
2018-02-26 21:25:38,0.00054154,10.00000000
2018-02-26 21:25:38,0.00054153,4.00000000
2018-02-26 21:25:38,0.00054150,141.00000000
2018-02-26 21:25:41,0.00054176,7.00000000
2018-02-26 21:25:41,0.00054151,324.00000000
2018-02-26 21:25:41,0.00054150,426.00000000
2018-02-26 21:25:41,0.00054176,25.00000000
2018-02-26 21:25:42,0.00054176,48.00000000
2018-02-26 21:25:42,0.00054193,5.00000000
2018-02-26 21:25:42,0.00054200,74.00000000
2018-02-26 21:25:42,0.00054202,40.00000000
2018-02-26 21:25:42,0.00054205,103.00000000
2018-02-26 21:25:47,0.00054203,7.00000000
2018-02-26 21:25:47,0.00054205,8.00000000
2018-02-26 21:25:48,0.00054177,10.00000000
2018-02-26 21:25:48,0.00054176,10.00000000
2018-02-26 21:25:48,0.00054176,10.00000000
2018-02-26 21:25:52,0.00054205,69.00000000
2018-02-26 21:25:55,0.00054203,6.00000000
2018-02-26 21:25:56,0.00054205,98.00000000
2018-02-26 21:25:57,0.00054205,6.00000000
2018-02-26 21:25:58,0.00054220,1.00000000
2018-02-26 21:25:59,0.00054205,57.00000000
2018-02-26 21:26:01,0.00054205,33.00000000
2018-02-26 21:26:03,0.00054205,10.00000000
2018-02-26 21:26:04,0.00054205,25.00000000
2018-02-26 21:26:04,0.00054205,359.00000000
2018-02-26 21:26:04,0.00054176,84.00000000
2018-02-26 21:26:04,0.00054155,3.00000000
2018-02-26 21:26:04,0.00054153,56.00000000
2018-02-26 21:26:04,0.00054151,3.00000000
2018-02-26 21:26:04,0.00054150,287.00000000
2018-02-26 21:26:04,0.00054150,57.00000000
2018-02-26 21:26:04,0.00054176,4.00000000
2018-02-26 21:26:06,0.00054176,11.00000000
2018-02-26 21:26:06,0.00054205,35.00000000
2018-02-26 21:26:07,0.00054205,69.00000000
2018-02-26 21:26:08,0.00054205,3.00000000
2018-02-26 21:26:09,0.00054205,239.00000000
2018-02-26 21:26:09,0.00054205,8.00000000
2018-02-26 21:26:10,0.00054205,30.00000000
2018-02-26 21:26:10,0.00054205,4.00000000
2018-02-26 21:26:10,0.00054205,20.00000000
2018-02-26 21:26:11,0.00054205,3.00000000
2018-02-26 21:26:11,0.00054205,88.00000000
2018-02-26 21:26:20,0.00054205,1.00000000
2018-02-26 21:26:21,0.00054205,201.00000000
2018-02-26 21:26:24,0.00054205,22.00000000
2018-02-26 21:26:24,0.00054220,22.00000000
2018-02-26 21:26:29,0.00054220,25.00000000
2018-02-26 21:26:31,0.00054220,1.00000000
2018-02-26 21:26:32,0.00054151,30.00000000
2018-02-26 21:26:32,0.00054150,63.00000000
2018-02-26 21:26:33,0.00054220,32.00000000
2018-02-26 21:26:33,0.00054233,5.00000000
2018-02-26 21:26:33,0.00054258,5.00000000
2018-02-26 21:26:33,0.00054287,3.00000000
2018-02-26 21:26:33,0.00054288,53.00000000
2018-02-26 21:26:36,0.00054285,10.00000000
2018-02-26 21:26:36,0.00054286,9.00000000
2018-02-26 21:26:36,0.00054287,1.00000000
2018-02-26 21:26:43,0.00054286,9.00000000
2018-02-26 21:26:43,0.00054287,11.00000000
2018-02-26 21:26:43,0.00054288,10.00000000
2018-02-26 21:26:46,0.00054212,10.00000000
2018-02-26 21:26:49,0.00054287,3.00000000
2018-02-26 21:26:52,0.00054287,6.00000000
2018-02-26 21:26:52,0.00054287,10.00000000
2018-02-26 21:26:56,0.00054211,4.00000000
2018-02-26 21:26:57,0.00054200,10.00000000
2018-02-26 21:26:57,0.00054284,9.00000000
2018-02-26 21:26:57,0.00054285,10.00000000
2018-02-26 21:26:58,0.00054287,20.00000000
2018-02-26 21:27:12,0.00054287,9.00000000
2018-02-26 21:27:12,0.00054288,4.00000000
2018-02-26 21:27:12,0.00054290,8.00000000
2018-02-26 21:27:13,0.00054281,3.00000000
2018-02-26 21:27:13,0.00054315,4.00000000
2018-02-26 21:27:13,0.00054343,5.00000000
2018-02-26 21:27:13,0.00054371,1.00000000
2018-02-26 21:27:16,0.00054220,65.00000000
2018-02-26 21:27:17,0.00054221,2.00000000
2018-02-26 21:27:21,0.00054232,8.00000000
2018-02-26 21:27:21,0.00054228,2.00000000
2018-02-26 21:27:21,0.00054228,8.00000000
2018-02-26 21:27:23,0.00054223,9.00000000
2018-02-26 21:27:24,0.00054250,86.00000000
2018-02-26 21:27:25,0.00054250,335.00000000
2018-02-26 21:27:27,0.00054250,4701.00000000
2018-02-26 21:27:29,0.00054249,10.00000000
2018-02-26 21:27:29,0.00054250,219.00000000
2018-02-26 21:27:36,0.00054221,2.00000000
2018-02-26 21:27:41,0.00054222,10.00000000
2018-02-26 21:27:41,0.00054221,20.00000000
2018-02-26 21:27:41,0.00054217,24.00000000
2018-02-26 21:27:42,0.00054217,14.00000000
2018-02-26 21:27:42,0.00054212,303.00000000
2018-02-26 21:27:42,0.00054207,5.00000000
2018-02-26 21:27:42,0.00054200,3.00000000
2018-02-26 21:27:42,0.00054200,2.00000000
2018-02-26 21:27:42,0.00054179,4.00000000
2018-02-26 21:27:42,0.00054152,3.00000000
2018-02-26 21:27:42,0.00054151,3.00000000
2018-02-26 21:27:42,0.00054150,256.00000000
2018-02-26 21:27:42,0.00054149,5.00000000
2018-02-26 21:27:42,0.00054124,19.00000000
2018-02-26 21:27:42,0.00054122,5.00000000
2018-02-26 21:27:42,0.00054121,17.00000000
2018-02-26 21:27:50,0.00054125,160.00000000
2018-02-26 21:27:50,0.00054102,10.00000000
2018-02-26 21:27:50,0.00054101,9.00000000
2018-02-26 21:27:50,0.00054100,446.00000000
2018-02-26 21:27:50,0.00054100,676.00000000
2018-02-26 21:27:50,0.00054100,174.00000000
2018-02-26 21:27:50,0.00054100,4.00000000
2018-02-26 21:27:50,0.00054097,5.00000000
2018-02-26 21:27:51,0.00054069,5.00000000
2018-02-26 21:27:53,0.00054100,19.00000000
2018-02-26 21:27:58,0.00054196,66.00000000
2018-02-26 21:27:58,0.00054197,24.00000000
2018-02-26 21:28:12,0.00054190,116.00000000
2018-02-26 21:28:12,0.00054200,79.00000000
2018-02-26 21:28:19,0.00054197,301.00000000
2018-02-26 21:28:22,0.00054199,10.00000000
2018-02-26 21:28:22,0.00054200,66.00000000
2018-02-26 21:28:25,0.00054165,15.00000000
2018-02-26 21:28:26,0.00054100,18.00000000
2018-02-26 21:28:26,0.00054100,47.00000000
2018-02-26 21:28:26,0.00054199,20.00000000
2018-02-26 21:28:26,0.00054200,30.00000000
2018-02-26 21:28:28,0.00054197,5.00000000
2018-02-26 21:28:30,0.00054100,51.00000000
2018-02-26 21:28:30,0.00054080,11.00000000
2018-02-26 21:28:36,0.00054150,4.00000000
2018-02-26 21:28:38,0.00054150,8.00000000
2018-02-26 21:28:40,0.00054198,9.00000000
2018-02-26 21:28:41,0.00054150,25.00000000
2018-02-26 21:28:41,0.00054078,62.00000000
2018-02-26 21:28:41,0.00054075,20.00000000
2018-02-26 21:28:41,0.00054062,9.00000000
2018-02-26 21:28:41,0.00054043,70.00000000
2018-02-26 21:28:41,0.00054040,93.00000000
2018-02-26 21:28:44,0.00054172,10.00000000
2018-02-26 21:28:44,0.00054173,5.00000000
2018-02-26 21:28:51,0.00054173,1.00000000
2018-02-26 21:28:54,0.00054172,2.00000000
2018-02-26 21:28:55,0.00054172,29.00000000
2018-02-26 21:28:57,0.00054150,8.00000000
2018-02-26 21:29:01,0.00054173,3.00000000
2018-02-26 21:29:05,0.00054172,1.00000000
2018-02-26 21:29:09,0.00054171,8.00000000
2018-02-26 21:29:09,0.00054172,17.00000000
2018-02-26 21:29:09,0.00054173,11.00000000
2018-02-26 21:29:19,0.00054120,31.00000000
2018-02-26 21:29:21,0.00054065,20.00000000
2018-02-26 21:29:21,0.00054064,27.00000000
2018-02-26 21:29:21,0.00054039,30.00000000
2018-02-26 21:29:21,0.00054038,73.00000000
2018-02-26 21:29:21,0.00054038,6.00000000
2018-02-26 21:29:21,0.00054037,9.00000000
2018-02-26 21:29:22,0.00054067,4.00000000
2018-02-26 21:29:23,0.00054169,184.00000000
2018-02-26 21:29:30,0.00054024,20.00000000
2018-02-26 21:29:32,0.00054149,5.00000000
2018-02-26 21:29:35,0.00054147,5.00000000
2018-02-26 21:29:36,0.00054146,15.00000000
2018-02-26 21:29:36,0.00054147,10.00000000
2018-02-26 21:29:38,0.00054147,7.00000000
2018-02-26 21:29:39,0.00054031,16.00000000
2018-02-26 21:29:41,0.00054144,6.00000000
2018-02-26 21:29:41,0.00054145,9.00000000
2018-02-26 21:29:41,0.00054147,23.00000000
2018-02-26 21:29:41,0.00054163,4.00000000
2018-02-26 21:29:41,0.00054169,186.00000000
2018-02-26 21:30:00,0.00054146,3.00000000
2018-02-26 21:30:02,0.00054146,36.00000000
2018-02-26 21:30:02,0.00054101,10.00000000
2018-02-26 21:30:02,0.00054100,45.00000000
2018-02-26 21:30:02,0.00054147,3.00000000
2018-02-26 21:30:03,0.00054100,31.00000000
2018-02-26 21:30:08,0.00054169,2.00000000
2018-02-26 21:30:10,0.00054169,10.00000000
2018-02-26 21:30:10,0.00054169,55.00000000
2018-02-26 21:30:11,0.00054100,6.00000000
2018-02-26 21:30:20,0.00054101,5.00000000
2018-02-26 21:30:22,0.00054101,5.00000000
2018-02-26 21:30:22,0.00054100,145.00000000
2018-02-26 21:30:27,0.00054121,8.00000000
2018-02-26 21:30:35,0.00054100,337.00000000
2018-02-26 21:30:36,0.00054121,40.00000000
2018-02-26 21:30:36,0.00054101,185.00000000
2018-02-26 21:30:36,0.00054100,28.00000000
2018-02-26 21:30:39,0.00054100,39.00000000
2018-02-26 21:30:47,0.00054157,6.00000000
2018-02-26 21:30:48,0.00054100,13.00000000
2018-02-26 21:30:50,0.00054100,8.00000000
2018-02-26 21:30:55,0.00054100,102.00000000
2018-02-26 21:30:55,0.00054100,26.00000000
2018-02-26 21:31:01,0.00054162,12.00000000
2018-02-26 21:31:01,0.00054163,20.00000000
2018-02-26 21:31:01,0.00054164,6.00000000
2018-02-26 21:31:02,0.00054168,82.00000000
2018-02-26 21:31:02,0.00054169,9.00000000
2018-02-26 21:31:02,0.00054175,3.00000000
2018-02-26 21:31:03,0.00054102,10.00000000
2018-02-26 21:31:03,0.00054101,174.00000000
2018-02-26 21:31:03,0.00054100,1064.00000000
2018-02-26 21:31:03,0.00054100,524.00000000
2018-02-26 21:31:03,0.00054100,209.00000000
2018-02-26 21:31:13,0.00054103,4.00000000
2018-02-26 21:31:15,0.00054103,6.00000000
2018-02-26 21:31:15,0.00054101,36.00000000
2018-02-26 21:31:15,0.00054100,13.00000000
2018-02-26 21:31:21,0.00054103,15.00000000
2018-02-26 21:31:28,0.00054150,386.00000000
2018-02-26 21:31:31,0.00054103,50.00000000
2018-02-26 21:31:37,0.00054150,4.00000000
2018-02-26 21:31:51,0.00054149,20.00000000
2018-02-26 21:31:51,0.00054149,10.00000000
2018-02-26 21:31:54,0.00054150,191.00000000
2018-02-26 21:31:55,0.00054150,20.00000000
2018-02-26 21:31:55,0.00054150,36.00000000
2018-02-26 21:31:56,0.00054149,33.00000000
2018-02-26 21:32:00,0.00054150,4.00000000
2018-02-26 21:32:02,0.00054150,1003.00000000
2018-02-26 21:32:04,0.00054150,198.00000000
2018-02-26 21:32:15,0.00054103,30.00000000
2018-02-26 21:32:15,0.00054150,56.00000000
2018-02-26 21:32:25,0.00054146,9.00000000
2018-02-26 21:32:25,0.00054150,9.00000000
2018-02-26 21:32:26,0.00054121,7.00000000
2018-02-26 21:32:30,0.00054150,18.00000000
2018-02-26 21:32:30,0.00054150,62.00000000
2018-02-26 21:32:30,0.00054150,15.00000000
2018-02-26 21:32:39,0.00054150,18.00000000
2018-02-26 21:32:47,0.00054121,4.00000000
2018-02-26 21:32:47,0.00054121,4.00000000
2018-02-26 21:32:48,0.00054121,6.00000000
2018-02-26 21:32:48,0.00054103,9.00000000
2018-02-26 21:32:48,0.00054103,10.00000000
2018-02-26 21:32:48,0.00054150,1134.00000000
2018-02-26 21:32:52,0.00054149,9.00000000
2018-02-26 21:32:52,0.00054150,229.00000000
2018-02-26 21:32:53,0.00054150,335.00000000
2018-02-26 21:32:53,0.00054103,311.00000000
2018-02-26 21:33:02,0.00054104,10.00000000
2018-02-26 21:33:02,0.00054103,255.00000000
2018-02-26 21:33:07,0.00054192,11.00000000
2018-02-26 21:33:07,0.00054104,49.00000000
2018-02-26 21:33:07,0.00054103,141.00000000
2018-02-26 21:33:09,0.00054103,2.00000000
2018-02-26 21:33:11,0.00054103,5.00000000
2018-02-26 21:33:14,0.00054101,10.00000000
2018-02-26 21:33:15,0.00054103,100.00000000
2018-02-26 21:33:20,0.00054101,141.00000000
2018-02-26 21:33:20,0.00054100,23.00000000
2018-02-26 21:33:20,0.00054090,14.00000000
2018-02-26 21:33:20,0.00054084,73.00000000
2018-02-26 21:33:20,0.00054039,4.00000000
2018-02-26 21:33:20,0.00054032,30.00000000
2018-02-26 21:33:20,0.00054031,39.00000000
2018-02-26 21:33:20,0.00054021,48.00000000
2018-02-26 21:33:20,0.00054020,4.00000000
2018-02-26 21:33:20,0.00054014,7.00000000
2018-02-26 21:33:20,0.00054013,4.00000000
2018-02-26 21:33:20,0.00054000,151.00000000
2018-02-26 21:33:21,0.00054103,65.00000000
2018-02-26 21:33:29,0.00054103,8.00000000
2018-02-26 21:33:31,0.00054103,21.00000000
2018-02-26 21:33:33,0.00054002,2.00000000
2018-02-26 21:33:40,0.00054001,181.00000000
2018-02-26 21:33:40,0.00054000,1260.00000000
2018-02-26 21:33:44,0.00054050,5.00000000
2018-02-26 21:33:47,0.00053997,4.00000000
2018-02-26 21:33:47,0.00053992,6.00000000
2018-02-26 21:33:47,0.00053968,62.00000000
2018-02-26 21:33:47,0.00053966,30.00000000
2018-02-26 21:33:47,0.00053965,9.00000000
2018-02-26 21:33:47,0.00053956,106.00000000
2018-02-26 21:33:48,0.00054002,25.00000000
2018-02-26 21:33:48,0.00054094,4.00000000
2018-02-26 21:33:48,0.00054099,73.00000000
2018-02-26 21:33:48,0.00054101,2.00000000
2018-02-26 21:33:48,0.00054102,7.00000000
2018-02-26 21:33:48,0.00054103,26.00000000
2018-02-26 21:33:52,0.00054103,123.00000000
2018-02-26 21:33:52,0.00054103,152.00000000
2018-02-26 21:34:20,0.00053979,11.00000000
2018-02-26 21:34:20,0.00053978,74.00000000
2018-02-26 21:34:20,0.00053977,5.00000000
2018-02-26 21:34:21,0.00053970,8.00000000
2018-02-26 21:34:21,0.00053957,30.00000000
2018-02-26 21:34:21,0.00053956,2911.00000000
2018-02-26 21:34:22,0.00053956,10.00000000
2018-02-26 21:34:24,0.00053975,6.00000000
2018-02-26 21:34:25,0.00053973,10.00000000
2018-02-26 21:34:25,0.00053975,318.00000000
2018-02-26 21:34:25,0.00053976,2022.00000000
2018-02-26 21:34:31,0.00053956,4.00000000
2018-02-26 21:34:32,0.00053956,232.00000000
2018-02-26 21:34:32,0.00053977,130.00000000
2018-02-26 21:34:33,0.00053955,9.00000000
2018-02-26 21:34:33,0.00053977,639.00000000
2018-02-26 21:34:38,0.00053976,13.00000000
2018-02-26 21:34:45,0.00053940,18.00000000
2018-02-26 21:34:47,0.00053937,4.00000000
2018-02-26 21:34:51,0.00053900,15.00000000
2018-02-26 21:34:51,0.00053850,29.00000000
2018-02-26 21:34:51,0.00053840,9.00000000
2018-02-26 21:34:51,0.00053835,119.00000000
2018-02-26 21:34:52,0.00053835,79.00000000
2018-02-26 21:34:52,0.00053827,3.00000000
2018-02-26 21:34:52,0.00053823,27.00000000
2018-02-26 21:34:52,0.00053818,1995.00000000
2018-02-26 21:34:52,0.00053815,4.00000000
2018-02-26 21:34:52,0.00053810,143.00000000
2018-02-26 21:34:52,0.00053810,29.00000000
2018-02-26 21:34:55,0.00053841,9.00000000
2018-02-26 21:34:55,0.00053818,9.00000000
2018-02-26 21:34:55,0.00053801,54.00000000
2018-02-26 21:34:56,0.00053900,98.00000000
2018-02-26 21:34:57,0.00053818,18.00000000
2018-02-26 21:34:57,0.00053818,34.00000000
2018-02-26 21:34:57,0.00053818,41.00000000
2018-02-26 21:34:57,0.00053818,41.00000000
2018-02-26 21:34:57,0.00053818,41.00000000
2018-02-26 21:34:57,0.00053806,4.00000000
2018-02-26 21:34:57,0.00053801,6.00000000
2018-02-26 21:34:57,0.00053800,85.00000000
2018-02-26 21:34:57,0.00053799,10.00000000
2018-02-26 21:34:57,0.00053798,6.00000000
2018-02-26 21:34:57,0.00053785,4.00000000
2018-02-26 21:34:57,0.00053781,13.00000000
2018-02-26 21:34:57,0.00053779,30.00000000
2018-02-26 21:34:57,0.00053700,39.00000000
2018-02-26 21:34:57,0.00053694,37.00000000
2018-02-26 21:34:57,0.00053691,13.00000000
2018-02-26 21:34:57,0.00053688,5.00000000
2018-02-26 21:34:57,0.00053683,37.00000000
2018-02-26 21:34:57,0.00053670,40.00000000
2018-02-26 21:34:57,0.00053669,9.00000000
2018-02-26 21:34:57,0.00053668,3.00000000
2018-02-26 21:34:57,0.00053666,375.00000000
2018-02-26 21:34:57,0.00053647,4.00000000
2018-02-26 21:34:57,0.00053636,761.00000000
2018-02-26 21:34:57,0.00053630,2.00000000
2018-02-26 21:34:57,0.00053623,13.00000000
2018-02-26 21:34:57,0.00053616,5.00000000
2018-02-26 21:34:57,0.00053614,4.00000000
2018-02-26 21:34:57,0.00053613,203.00000000
2018-02-26 21:34:57,0.00053612,56.00000000
2018-02-26 21:34:57,0.00053610,75.00000000
2018-02-26 21:34:57,0.00053601,5.00000000
2018-02-26 21:34:57,0.00053600,432.00000000
2018-02-26 21:34:57,0.00053590,5.00000000
2018-02-26 21:34:57,0.00053588,2.00000000
2018-02-26 21:34:57,0.00053587,2.00000000
2018-02-26 21:34:57,0.00053582,7.00000000
2018-02-26 21:34:57,0.00053580,22.00000000
2018-02-26 21:34:57,0.00053579,8.00000000
2018-02-26 21:34:57,0.00053571,186.00000000
2018-02-26 21:34:57,0.00053568,17.00000000
2018-02-26 21:34:57,0.00053562,107.00000000
2018-02-26 21:34:57,0.00053559,10.00000000
2018-02-26 21:34:57,0.00053535,3.00000000
2018-02-26 21:34:57,0.00053530,14.00000000
2018-02-26 21:34:57,0.00053522,280.00000000
2018-02-26 21:34:57,0.00053521,7.00000000
2018-02-26 21:34:57,0.00053517,186.00000000
2018-02-26 21:34:57,0.00053508,44.00000000
2018-02-26 21:34:57,0.00053504,3.00000000
2018-02-26 21:34:57,0.00053501,18.00000000
2018-02-26 21:34:57,0.00053500,4201.00000000
2018-02-26 21:34:57,0.00053600,3.00000000
2018-02-26 21:34:57,0.00053500,45.00000000
2018-02-26 21:34:57,0.00053500,44.00000000
2018-02-26 21:34:57,0.00053500,7.00000000
2018-02-26 21:34:57,0.00053600,10.00000000
2018-02-26 21:34:57,0.00053600,4.00000000
2018-02-26 21:34:57,0.00053600,13.00000000
2018-02-26 21:34:57,0.00053656,13.00000000
2018-02-26 21:34:57,0.00053753,4.00000000
2018-02-26 21:34:57,0.00053753,34.00000000
2018-02-26 21:34:57,0.00053802,9.00000000
2018-02-26 21:34:57,0.00053801,19.00000000
2018-02-26 21:34:57,0.00053801,79.00000000
2018-02-26 21:34:58,0.00053801,23.00000000
2018-02-26 21:34:58,0.00053721,2.00000000
2018-02-26 21:34:59,0.00053750,2.00000000
2018-02-26 21:34:59,0.00053663,6.00000000
2018-02-26 21:34:59,0.00053719,9.00000000
2018-02-26 21:35:00,0.00053641,4.00000000
2018-02-26 21:35:00,0.00053720,2.00000000
2018-02-26 21:35:00,0.00053750,2.00000000
2018-02-26 21:35:02,0.00053693,11.00000000
2018-02-26 21:35:02,0.00053693,2.00000000
2018-02-26 21:35:02,0.00053750,1.00000000
2018-02-26 21:35:02,0.00053799,11.00000000
2018-02-26 21:35:03,0.00053800,30.00000000
2018-02-26 21:35:03,0.00053801,212.00000000
2018-02-26 21:35:03,0.00053806,50.00000000
2018-02-26 21:35:04,0.00053798,16.00000000
2018-02-26 21:35:04,0.00053798,14.00000000
2018-02-26 21:35:04,0.00053799,16.00000000
2018-02-26 21:35:04,0.00053798,25.00000000
2018-02-26 21:35:04,0.00053798,5.00000000
2018-02-26 21:35:04,0.00053799,75.00000000
2018-02-26 21:35:06,0.00053797,5.00000000
2018-02-26 21:35:06,0.00053797,6.00000000
2018-02-26 21:35:06,0.00053797,7.00000000
2018-02-26 21:35:06,0.00053797,12.00000000
2018-02-26 21:35:06,0.00053798,76.00000000
2018-02-26 21:35:07,0.00053797,18.00000000
2018-02-26 21:35:07,0.00053750,10.00000000
2018-02-26 21:35:08,0.00053750,238.00000000
2018-02-26 21:35:08,0.00053750,6.00000000
2018-02-26 21:35:10,0.00053748,55.00000000
2018-02-26 21:35:10,0.00053748,4.00000000
2018-02-26 21:35:10,0.00053640,5.00000000
2018-02-26 21:35:10,0.00053640,18.00000000
2018-02-26 21:35:10,0.00053640,3.00000000
2018-02-26 21:35:15,0.00053746,2.00000000
2018-02-26 21:35:16,0.00053746,18.00000000
2018-02-26 21:35:18,0.00053746,10.00000000
2018-02-26 21:35:19,0.00053746,175.00000000
2018-02-26 21:35:19,0.00053746,17.00000000
2018-02-26 21:35:21,0.00053800,20.00000000
2018-02-26 21:35:22,0.00053746,76.00000000
2018-02-26 21:35:23,0.00053800,26.00000000
2018-02-26 21:35:23,0.00053746,104.00000000
2018-02-26 21:35:23,0.00053701,324.00000000
2018-02-26 21:35:23,0.00053700,383.00000000
2018-02-26 21:35:25,0.00053746,2.00000000
2018-02-26 21:35:26,0.00053746,21.00000000
2018-02-26 21:35:26,0.00053746,3.00000000
2018-02-26 21:35:30,0.00053746,7.00000000
2018-02-26 21:35:30,0.00053708,8.00000000
2018-02-26 21:35:30,0.00053704,3.00000000
2018-02-26 21:35:30,0.00053700,916.00000000
2018-02-26 21:35:30,0.00053660,59.00000000
2018-02-26 21:35:32,0.00053659,25.00000000
2018-02-26 21:35:32,0.00053650,48.00000000
2018-02-26 21:35:32,0.00053640,21.00000000
2018-02-26 21:35:32,0.00053623,3.00000000
2018-02-26 21:35:32,0.00053615,4.00000000
2018-02-26 21:35:32,0.00053611,9.00000000
2018-02-26 21:35:33,0.00053700,3.00000000
2018-02-26 21:35:33,0.00053700,22.00000000
2018-02-26 21:35:34,0.00053700,3.00000000
2018-02-26 21:35:34,0.00053610,17.00000000
2018-02-26 21:35:34,0.00053601,11.00000000
2018-02-26 21:35:34,0.00053600,13.00000000
2018-02-26 21:35:35,0.00053738,13.00000000
2018-02-26 21:35:35,0.00053738,61.00000000
2018-02-26 21:35:35,0.00053739,5.00000000
2018-02-26 21:35:36,0.00053622,8.00000000
2018-02-26 21:35:37,0.00053604,74.00000000
2018-02-26 21:35:37,0.00053603,20.00000000
2018-02-26 21:35:37,0.00053600,63.00000000
2018-02-26 21:35:38,0.00053589,30.00000000
2018-02-26 21:35:38,0.00053587,2.00000000
2018-02-26 21:35:38,0.00053586,2.00000000
2018-02-26 21:35:39,0.00053720,2.00000000
2018-02-26 21:35:39,0.00053737,74.00000000
2018-02-26 21:35:39,0.00053738,30.00000000
2018-02-26 21:35:39,0.00053739,329.00000000
2018-02-26 21:35:39,0.00053740,100.00000000
2018-02-26 21:35:40,0.00053719,2.00000000
2018-02-26 21:35:40,0.00053740,775.00000000
2018-02-26 21:35:41,0.00053740,10.00000000
2018-02-26 21:35:42,0.00053740,19.00000000
2018-02-26 21:35:42,0.00053660,46.00000000
2018-02-26 21:35:43,0.00053660,6.00000000
2018-02-26 21:35:43,0.00053740,81.00000000
2018-02-26 21:35:44,0.00053600,10.00000000
2018-02-26 21:35:44,0.00053586,3.00000000
2018-02-26 21:35:44,0.00053586,487.00000000
2018-02-26 21:35:44,0.00053660,132.00000000
2018-02-26 21:35:52,0.00053718,4.00000000
2018-02-26 21:35:53,0.00053718,232.00000000
2018-02-26 21:35:53,0.00053660,53.00000000
2018-02-26 21:35:54,0.00053660,147.00000000
2018-02-26 21:35:54,0.00053660,59.00000000
2018-02-26 21:35:54,0.00053660,392.00000000
2018-02-26 21:35:59,0.00053622,14.00000000
2018-02-26 21:35:59,0.00053612,9.00000000
2018-02-26 21:35:59,0.00053602,5.00000000
2018-02-26 21:36:01,0.00053599,69.00000000
2018-02-26 21:36:01,0.00053598,9.00000000
2018-02-26 21:36:01,0.00053593,30.00000000
2018-02-26 21:36:03,0.00053585,2.00000000
2018-02-26 21:36:03,0.00053582,9.00000000
2018-02-26 21:36:03,0.00053529,217.00000000
2018-02-26 21:36:03,0.00053525,10.00000000
2018-02-26 21:36:03,0.00053507,4.00000000
2018-02-26 21:36:03,0.00053500,205.00000000
2018-02-26 21:36:05,0.00053716,6.00000000
2018-02-26 21:36:06,0.00053640,4.00000000
2018-02-26 21:36:06,0.00053662,6.00000000
2018-02-26 21:36:08,0.00053528,6.00000000
2018-02-26 21:36:08,0.00053522,10.00000000
2018-02-26 21:36:08,0.00053520,250.00000000
2018-02-26 21:36:08,0.00053507,377.00000000
2018-02-26 21:36:08,0.00053711,10.00000000
2018-02-26 21:36:08,0.00053661,6.00000000
2018-02-26 21:36:09,0.00053711,64.00000000
2018-02-26 21:36:09,0.00053711,5.00000000
2018-02-26 21:36:09,0.00053711,5.00000000
2018-02-26 21:36:10,0.00053602,85.00000000
2018-02-26 21:36:10,0.00053680,32.00000000
2018-02-26 21:36:10,0.00053680,84.00000000
2018-02-26 21:36:10,0.00053680,13.00000000
2018-02-26 21:36:10,0.00053680,121.00000000
2018-02-26 21:36:11,0.00053663,608.00000000
2018-02-26 21:36:12,0.00053663,429.00000000
2018-02-26 21:36:16,0.00053663,140.00000000
2018-02-26 21:36:16,0.00053709,10.00000000
2018-02-26 21:36:19,0.00053699,176.00000000
2018-02-26 21:36:19,0.00053711,33.00000000
2018-02-26 21:36:19,0.00053712,67.00000000
2018-02-26 21:36:20,0.00053709,46.00000000
2018-02-26 21:36:21,0.00053709,64.00000000
2018-02-26 21:36:25,0.00053660,73.00000000
2018-02-26 21:36:26,0.00053660,212.00000000
2018-02-26 21:36:26,0.00053660,171.00000000
2018-02-26 21:36:26,0.00053559,10.00000000
2018-02-26 21:36:26,0.00053558,74.00000000
2018-02-26 21:36:27,0.00053660,13.00000000
2018-02-26 21:36:27,0.00053659,27.00000000
2018-02-26 21:36:28,0.00053659,10.00000000
2018-02-26 21:36:32,0.00053659,10.00000000
2018-02-26 21:36:32,0.00053650,17.00000000
2018-02-26 21:36:32,0.00053580,18.00000000
2018-02-26 21:36:32,0.00053540,9.00000000
2018-02-26 21:36:34,0.00053649,3.00000000
2018-02-26 21:36:35,0.00053649,24.00000000
2018-02-26 21:36:36,0.00053650,33.00000000
2018-02-26 21:36:36,0.00053650,282.00000000
2018-02-26 21:36:37,0.00053650,102.00000000
2018-02-26 21:36:39,0.00053650,105.00000000
2018-02-26 21:36:40,0.00053648,10.00000000
2018-02-26 21:36:40,0.00053650,977.00000000
2018-02-26 21:36:40,0.00053660,845.00000000
2018-02-26 21:36:47,0.00053710,890.00000000
2018-02-26 21:36:48,0.00053710,4.00000000
2018-02-26 21:36:48,0.00053661,324.00000000
2018-02-26 21:36:48,0.00053660,4793.00000000
2018-02-26 21:36:50,0.00053710,4.00000000
2018-02-26 21:36:50,0.00053710,171.00000000
2018-02-26 21:36:50,0.00053718,2.00000000
2018-02-26 21:36:50,0.00053719,407.00000000
2018-02-26 21:36:51,0.00053710,156.00000000
2018-02-26 21:36:51,0.00053660,444.00000000
2018-02-26 21:36:52,0.00053719,8.00000000
2018-02-26 21:36:54,0.00053660,1578.00000000
2018-02-26 21:36:54,0.00053660,56.00000000
2018-02-26 21:36:55,0.00053660,3.00000000
2018-02-26 21:36:58,0.00053660,556.00000000
2018-02-26 21:36:59,0.00053585,3.00000000
2018-02-26 21:36:59,0.00053584,2.00000000
2018-02-26 21:36:59,0.00053529,24.00000000
2018-02-26 21:36:59,0.00053528,50.00000000
2018-02-26 21:36:59,0.00053528,3.00000000
2018-02-26 21:36:59,0.00053527,6.00000000
2018-02-26 21:36:59,0.00053521,13.00000000
2018-02-26 21:36:59,0.00053585,186.00000000
2018-02-26 21:36:59,0.00053585,341.00000000
2018-02-26 21:36:59,0.00053585,9.00000000
2018-02-26 21:36:59,0.00053585,3.00000000
2018-02-26 21:37:00,0.00053585,18.00000000
2018-02-26 21:37:00,0.00053585,572.00000000
2018-02-26 21:37:00,0.00053627,74.00000000
2018-02-26 21:37:00,0.00053660,283.00000000
2018-02-26 21:37:01,0.00053660,82.00000000
2018-02-26 21:37:02,0.00053660,5.00000000
2018-02-26 21:37:04,0.00053585,80.00000000
2018-02-26 21:37:04,0.00053552,74.00000000
2018-02-26 21:37:04,0.00053520,500.00000000
2018-02-26 21:37:04,0.00053506,4.00000000
2018-02-26 21:37:04,0.00053500,1909.00000000
2018-02-26 21:37:04,0.00053492,14.00000000
2018-02-26 21:37:04,0.00053478,10.00000000
2018-02-26 21:37:04,0.00053475,16.00000000
2018-02-26 21:37:04,0.00053449,34.00000000
2018-02-26 21:37:04,0.00053410,576.00000000
2018-02-26 21:37:04,0.00053353,56.00000000
2018-02-26 21:37:04,0.00053338,187.00000000
2018-02-26 21:37:04,0.00053323,15.00000000
2018-02-26 21:37:04,0.00053321,1838.00000000
2018-02-26 21:37:04,0.00053310,75.00000000
2018-02-26 21:37:04,0.00053300,94.00000000
2018-02-26 21:37:04,0.00053287,6.00000000
2018-02-26 21:37:04,0.00053284,165.00000000
2018-02-26 21:37:04,0.00053277,4.00000000
2018-02-26 21:37:04,0.00053266,1147.00000000
2018-02-26 21:37:04,0.00053264,187.00000000
2018-02-26 21:37:04,0.00053260,6.00000000
2018-02-26 21:37:04,0.00053250,117.00000000
2018-02-26 21:37:04,0.00053245,4.00000000
2018-02-26 21:37:04,0.00053215,2.00000000
2018-02-26 21:37:04,0.00053212,281.00000000
2018-02-26 21:37:04,0.00053210,75.00000000
2018-02-26 21:37:04,0.00053209,82.00000000
2018-02-26 21:37:04,0.00053208,19.00000000
2018-02-26 21:37:04,0.00053201,110.00000000
2018-02-26 21:37:04,0.00053200,623.00000000
2018-02-26 21:37:04,0.00053200,146.00000000
2018-02-26 21:37:04,0.00053200,306.00000000
2018-02-26 21:37:04,0.00053318,2.00000000
2018-02-26 21:37:04,0.00053319,6.00000000
2018-02-26 21:37:04,0.00053529,3.00000000
2018-02-26 21:37:04,0.00053529,3.00000000
2018-02-26 21:37:05,0.00053528,62.00000000
2018-02-26 21:37:05,0.00053528,28.00000000
2018-02-26 21:37:05,0.00053475,7.00000000
2018-02-26 21:37:06,0.00053526,11.00000000
2018-02-26 21:37:06,0.00053474,5.00000000
2018-02-26 21:37:07,0.00053525,10.00000000
2018-02-26 21:37:07,0.00053526,1.00000000
2018-02-26 21:37:07,0.00053471,9.00000000
2018-02-26 21:37:08,0.00053470,13.00000000
2018-02-26 21:37:08,0.00053240,3.00000000
2018-02-26 21:37:08,0.00053240,5.00000000
2018-02-26 21:37:08,0.00053240,2.00000000
2018-02-26 21:37:08,0.00053239,1.00000000
2018-02-26 21:37:08,0.00053470,21.00000000
2018-02-26 21:37:08,0.00053470,22.00000000
2018-02-26 21:37:09,0.00053348,4.00000000
2018-02-26 21:37:09,0.00053246,9.00000000
2018-02-26 21:37:09,0.00053246,68.00000000
2018-02-26 21:37:09,0.00053469,10.00000000
2018-02-26 21:37:09,0.00053470,6.00000000
2018-02-26 21:37:09,0.00053471,83.00000000
2018-02-26 21:37:09,0.00053524,13.00000000
2018-02-26 21:37:09,0.00053525,7.00000000
2018-02-26 21:37:09,0.00053390,14.00000000
2018-02-26 21:37:09,0.00053390,3.00000000
2018-02-26 21:37:10,0.00053525,6.00000000
2018-02-26 21:37:11,0.00053529,10.00000000
2018-02-26 21:37:12,0.00053399,12.00000000
2018-02-26 21:37:13,0.00053410,4.00000000
2018-02-26 21:37:13,0.00053400,62.00000000
2018-02-26 21:37:13,0.00053399,30.00000000
2018-02-26 21:37:13,0.00053398,54.00000000
2018-02-26 21:37:14,0.00053527,149.00000000
2018-02-26 21:37:14,0.00053527,84.00000000
2018-02-26 21:37:14,0.00053528,10.00000000
2018-02-26 21:37:14,0.00053404,10.00000000
2018-02-26 21:37:14,0.00053399,30.00000000
2018-02-26 21:37:14,0.00053398,60.00000000
2018-02-26 21:37:14,0.00053398,90.00000000
2018-02-26 21:37:14,0.00053397,9.00000000
2018-02-26 21:37:14,0.00053398,30.00000000
2018-02-26 21:37:14,0.00053394,9.00000000
2018-02-26 21:37:14,0.00053390,34.00000000
2018-02-26 21:37:14,0.00053260,50.00000000
2018-02-26 21:37:14,0.00053249,153.00000000
2018-02-26 21:37:14,0.00053249,32.00000000
2018-02-26 21:37:14,0.00053249,30.00000000
2018-02-26 21:37:14,0.00053249,74.00000000
2018-02-26 21:37:15,0.00053520,26.00000000
2018-02-26 21:37:15,0.00053520,42.00000000
2018-02-26 21:37:15,0.00053401,12.00000000
2018-02-26 21:37:15,0.00053401,253.00000000
2018-02-26 21:37:15,0.00053400,4.00000000
2018-02-26 21:37:15,0.00053399,35.00000000
2018-02-26 21:37:16,0.00053403,7.00000000
2018-02-26 21:37:16,0.00053470,42.00000000
2018-02-26 21:37:16,0.00053470,8.00000000
2018-02-26 21:37:16,0.00053519,28.00000000
2018-02-26 21:37:17,0.00053510,4.00000000
2018-02-26 21:37:17,0.00053514,10.00000000
2018-02-26 21:37:17,0.00053517,3.00000000
2018-02-26 21:37:20,0.00053415,9.00000000
2018-02-26 21:37:22,0.00053499,95.00000000
2018-02-26 21:37:22,0.00053499,22.00000000
2018-02-26 21:37:22,0.00053499,6.00000000
2018-02-26 21:37:23,0.00053460,13.00000000
2018-02-26 21:37:23,0.00053460,359.00000000
2018-02-26 21:37:23,0.00053412,3.00000000
2018-02-26 21:37:24,0.00053412,18.00000000
2018-02-26 21:37:24,0.00053412,2.00000000
2018-02-26 21:37:24,0.00053412,32.00000000
2018-02-26 21:37:24,0.00053412,14.00000000
2018-02-26 21:37:24,0.00053412,14.00000000
2018-02-26 21:37:24,0.00053412,104.00000000
2018-02-26 21:37:25,0.00053459,9.00000000
2018-02-26 21:37:25,0.00053460,128.00000000
2018-02-26 21:37:25,0.00053403,50.00000000
2018-02-26 21:37:26,0.00053517,22.00000000
2018-02-26 21:37:26,0.00053406,24.00000000
2018-02-26 21:37:26,0.00053406,30.00000000
2018-02-26 21:37:26,0.00053517,24.00000000
2018-02-26 21:37:27,0.00053517,4.00000000
2018-02-26 21:37:28,0.00053409,44.00000000
2018-02-26 21:37:32,0.00053409,10.00000000
2018-02-26 21:37:32,0.00053404,30.00000000
2018-02-26 21:37:32,0.00053403,35.00000000
2018-02-26 21:37:33,0.00053511,8.00000000
2018-02-26 21:37:34,0.00053403,10.00000000
2018-02-26 21:37:34,0.00053511,2.00000000
2018-02-26 21:37:34,0.00053515,30.00000000
2018-02-26 21:37:34,0.00053516,18.00000000
2018-02-26 21:37:35,0.00053404,30.00000000
2018-02-26 21:37:35,0.00053403,179.00000000
2018-02-26 21:37:35,0.00053403,30.00000000
2018-02-26 21:37:35,0.00053403,13.00000000
2018-02-26 21:37:35,0.00053403,20.00000000
2018-02-26 21:37:36,0.00053403,13.00000000
2018-02-26 21:37:36,0.00053403,68.00000000
2018-02-26 21:37:38,0.00053409,10.00000000
2018-02-26 21:37:38,0.00053407,22.00000000
2018-02-26 21:37:38,0.00053400,8.00000000
2018-02-26 21:37:38,0.00053390,10.00000000
2018-02-26 21:37:41,0.00053511,14.00000000
2018-02-26 21:37:41,0.00053511,2.00000000
2018-02-26 21:37:42,0.00053390,32.00000000
2018-02-26 21:37:45,0.00053391,10.00000000
2018-02-26 21:37:45,0.00053390,184.00000000
2018-02-26 21:37:45,0.00053390,18.00000000
2018-02-26 21:37:45,0.00053390,18.00000000
2018-02-26 21:37:45,0.00053390,22.00000000
2018-02-26 21:37:45,0.00053390,22.00000000
2018-02-26 21:37:45,0.00053390,22.00000000
2018-02-26 21:37:45,0.00053390,9.00000000
2018-02-26 21:37:46,0.00053390,6.00000000
2018-02-26 21:37:46,0.00053390,24.00000000
2018-02-26 21:37:49,0.00053282,9.00000000
2018-02-26 21:37:49,0.00053280,50.00000000
2018-02-26 21:37:49,0.00053276,15.00000000
2018-02-26 21:37:49,0.00053260,26.00000000
2018-02-26 21:37:51,0.00053389,72.00000000
2018-02-26 21:37:51,0.00053389,3.00000000
2018-02-26 21:37:52,0.00053389,27.00000000
2018-02-26 21:37:53,0.00053389,3.00000000
2018-02-26 21:37:54,0.00053389,20.00000000
2018-02-26 21:37:55,0.00053389,7.00000000
2018-02-26 21:37:55,0.00053389,30.00000000
2018-02-26 21:37:56,0.00053390,103.00000000
2018-02-26 21:37:58,0.00053461,5.00000000
2018-02-26 21:37:59,0.00053460,10.00000000
2018-02-26 21:37:59,0.00053460,1.00000000
2018-02-26 21:38:00,0.00053460,11.00000000
2018-02-26 21:38:03,0.00053510,4.00000000
2018-02-26 21:38:03,0.00053510,6.00000000
2018-02-26 21:38:06,0.00053513,4.00000000
2018-02-26 21:38:07,0.00053513,5.00000000
2018-02-26 21:38:08,0.00053460,13.00000000
2018-02-26 21:38:08,0.00053390,50.00000000
2018-02-26 21:38:08,0.00053513,6.00000000
2018-02-26 21:38:08,0.00053513,9.00000000
2018-02-26 21:38:09,0.00053395,4.00000000
2018-02-26 21:38:09,0.00053391,104.00000000
2018-02-26 21:38:09,0.00053390,77.00000000
2018-02-26 21:38:10,0.00053500,76.00000000
2018-02-26 21:38:10,0.00053502,74.00000000
2018-02-26 21:38:10,0.00053505,4.00000000
2018-02-26 21:38:10,0.00053512,30.00000000
2018-02-26 21:38:12,0.00053510,339.00000000
2018-02-26 21:38:12,0.00053400,24.00000000
2018-02-26 21:38:12,0.00053400,6.00000000
2018-02-26 21:38:12,0.00053511,9.00000000
2018-02-26 21:38:12,0.00053512,16.00000000
2018-02-26 21:38:12,0.00053513,25.00000000
2018-02-26 21:38:12,0.00053528,8.00000000
2018-02-26 21:38:12,0.00053584,112.00000000
2018-02-26 21:38:12,0.00053599,9.00000000
2018-02-26 21:38:12,0.00053633,36.00000000
2018-02-26 21:38:12,0.00053639,1575.00000000
2018-02-26 21:38:12,0.00053639,4.00000000
2018-02-26 21:38:14,0.00053638,5.00000000
2018-02-26 21:38:15,0.00053637,10.00000000
2018-02-26 21:38:15,0.00053638,25.00000000
2018-02-26 21:38:15,0.00053639,49.00000000
2018-02-26 21:38:15,0.00053638,18.00000000
2018-02-26 21:38:15,0.00053638,12.00000000
2018-02-26 21:38:15,0.00053513,20.00000000
2018-02-26 21:38:15,0.00053512,4.00000000
2018-02-26 21:38:15,0.00053506,59.00000000
2018-02-26 21:38:16,0.00053507,59.00000000
2018-02-26 21:38:16,0.00053506,15.00000000
2018-02-26 21:38:16,0.00053505,4.00000000
2018-02-26 21:38:16,0.00053503,9.00000000
2018-02-26 21:38:16,0.00053438,118.00000000
2018-02-26 21:38:16,0.00053435,10.00000000
2018-02-26 21:38:16,0.00053430,35.00000000
2018-02-26 21:38:16,0.00053638,4.00000000
2018-02-26 21:38:16,0.00053637,5.00000000
2018-02-26 21:38:17,0.00053637,4.00000000
2018-02-26 21:38:17,0.00053637,1.00000000
2018-02-26 21:38:17,0.00053638,4.00000000
2018-02-26 21:38:18,0.00053610,35.00000000
2018-02-26 21:38:18,0.00053637,1.00000000
2018-02-26 21:38:18,0.00053637,5.00000000
2018-02-26 21:38:18,0.00053633,10.00000000
2018-02-26 21:38:18,0.00053637,11.00000000
2018-02-26 21:38:18,0.00053637,3.00000000
2018-02-26 21:38:18,0.00053637,7.00000000
2018-02-26 21:38:18,0.00053512,4.00000000
2018-02-26 21:38:18,0.00053430,15.00000000
2018-02-26 21:38:18,0.00053420,16.00000000
2018-02-26 21:38:18,0.00053637,5.00000000
2018-02-26 21:38:18,0.00053637,2.00000000
2018-02-26 21:38:18,0.00053637,6.00000000
2018-02-26 21:38:19,0.00053636,5.00000000
2018-02-26 21:38:19,0.00053636,5.00000000
2018-02-26 21:38:19,0.00053637,4.00000000
2018-02-26 21:38:19,0.00053637,16.00000000
2018-02-26 21:38:19,0.00053637,5.00000000
2018-02-26 21:38:19,0.00053610,7.00000000
2018-02-26 21:38:20,0.00053610,5.00000000
2018-02-26 21:38:23,0.00053556,10.00000000
2018-02-26 21:38:23,0.00053555,115.00000000
2018-02-26 21:38:23,0.00053610,3.00000000
2018-02-26 21:38:24,0.00053620,2.00000000
2018-02-26 21:38:26,0.00053555,86.00000000
2018-02-26 21:38:28,0.00053619,9.00000000
2018-02-26 21:38:29,0.00053555,30.00000000
2018-02-26 21:38:29,0.00053555,15.00000000
2018-02-26 21:38:29,0.00053620,7.00000000
2018-02-26 21:38:29,0.00053555,12.00000000
2018-02-26 21:38:29,0.00053555,155.00000000
2018-02-26 21:38:29,0.00053555,87.00000000
2018-02-26 21:38:30,0.00053620,2.00000000
2018-02-26 21:38:31,0.00053553,25.00000000
2018-02-26 21:38:31,0.00053552,10.00000000
2018-02-26 21:38:31,0.00053553,42.00000000
2018-02-26 21:38:32,0.00053553,1.00000000
2018-02-26 21:38:32,0.00053554,30.00000000
2018-02-26 21:38:32,0.00053555,49.00000000
2018-02-26 21:38:32,0.00053554,2.00000000
2018-02-26 21:38:32,0.00053554,10.00000000
2018-02-26 21:38:32,0.00053555,190.00000000
2018-02-26 21:38:33,0.00053555,2.00000000
2018-02-26 21:38:34,0.00053555,37.00000000
2018-02-26 21:38:35,0.00053430,10.00000000
2018-02-26 21:38:35,0.00053429,74.00000000
2018-02-26 21:38:37,0.00053553,10.00000000
2018-02-26 21:38:37,0.00053554,36.00000000
2018-02-26 21:38:38,0.00053554,38.00000000
2018-02-26 21:38:38,0.00053555,146.00000000
2018-02-26 21:38:39,0.00053556,10.00000000
2018-02-26 21:38:39,0.00053555,37.00000000
2018-02-26 21:38:40,0.00053555,23.00000000
2018-02-26 21:38:42,0.00053487,2.00000000
2018-02-26 21:38:42,0.00053620,2.00000000
2018-02-26 21:38:51,0.00053620,3.00000000
2018-02-26 21:38:53,0.00053620,8.00000000
2018-02-26 21:39:00,0.00053620,290.00000000
2018-02-26 21:39:00,0.00053487,72.00000000
2018-02-26 21:39:00,0.00053486,9.00000000
2018-02-26 21:39:01,0.00053619,2.00000000
2018-02-26 21:39:01,0.00053620,836.00000000
2018-02-26 21:39:01,0.00053620,186.00000000
2018-02-26 21:39:01,0.00053618,10.00000000
2018-02-26 21:39:01,0.00053620,828.00000000
2018-02-26 21:39:01,0.00053500,2.00000000
2018-02-26 21:39:02,0.00053620,10.00000000
2018-02-26 21:39:02,0.00053502,20.00000000
2018-02-26 21:39:02,0.00053501,147.00000000
2018-02-26 21:39:02,0.00053492,10.00000000
2018-02-26 21:39:04,0.00053617,7.00000000
2018-02-26 21:39:08,0.00053610,20.00000000
2018-02-26 21:39:08,0.00053611,72.00000000
2018-02-26 21:39:08,0.00053617,79.00000000
2018-02-26 21:39:12,0.00053501,74.00000000
2018-02-26 21:39:12,0.00053500,324.00000000
2018-02-26 21:39:14,0.00053501,20.00000000
2018-02-26 21:39:14,0.00053500,85.00000000
2018-02-26 21:39:14,0.00053500,10.00000000
2018-02-26 21:39:17,0.00053611,20.00000000
2018-02-26 21:39:17,0.00053612,8.00000000
2018-02-26 21:39:17,0.00053459,7.00000000
2018-02-26 21:39:17,0.00053612,7.00000000
2018-02-26 21:39:28,0.00053424,20.00000000
2018-02-26 21:39:28,0.00053423,7.00000000
2018-02-26 21:39:28,0.00053402,9.00000000
2018-02-26 21:39:28,0.00053400,5.00000000
2018-02-26 21:39:28,0.00053390,39.00000000
2018-02-26 21:39:28,0.00053360,18.00000000
2018-02-26 21:39:28,0.00053591,20.00000000
2018-02-26 21:39:30,0.00053361,20.00000000
2018-02-26 21:39:30,0.00053360,3.00000000
2018-02-26 21:39:30,0.00053358,20.00000000
2018-02-26 21:39:30,0.00053342,7.00000000
2018-02-26 21:39:31,0.00053592,4.00000000
2018-02-26 21:39:32,0.00053591,4.00000000
2018-02-26 21:39:33,0.00053587,5.00000000
2018-02-26 21:39:38,0.00053580,9.00000000
2018-02-26 21:39:38,0.00053587,10.00000000
2018-02-26 21:39:41,0.00053500,140.00000000
2018-02-26 21:39:41,0.00053492,7.00000000
2018-02-26 21:39:41,0.00053424,9.00000000
2018-02-26 21:39:41,0.00053380,50.00000000
2018-02-26 21:39:41,0.00053342,23.00000000
2018-02-26 21:39:41,0.00053340,440.00000000
2018-02-26 21:39:50,0.00053480,186.00000000
2018-02-26 21:39:51,0.00053480,2.00000000
2018-02-26 21:39:55,0.00053478,7.00000000
2018-02-26 21:39:55,0.00053479,2.00000000
2018-02-26 21:39:58,0.00053399,9.00000000
2018-02-26 21:40:00,0.00053460,132.00000000
2018-02-26 21:40:02,0.00053399,4.00000000
2018-02-26 21:40:04,0.00053392,11.00000000
2018-02-26 21:40:04,0.00053391,9.00000000
2018-02-26 21:40:04,0.00053390,556.00000000
2018-02-26 21:40:04,0.00053390,88.00000000
2018-02-26 21:40:04,0.00053390,5.00000000
2018-02-26 21:40:04,0.00053390,2.00000000
2018-02-26 21:40:04,0.00053460,90.00000000
2018-02-26 21:40:06,0.00053459,18.00000000
2018-02-26 21:40:06,0.00053458,4.00000000
2018-02-26 21:40:07,0.00053391,11.00000000
2018-02-26 21:40:07,0.00053332,6.00000000
2018-02-26 21:40:08,0.00053450,21.00000000
2018-02-26 21:40:15,0.00053419,3.00000000
2018-02-26 21:40:15,0.00053420,30.00000000
2018-02-26 21:40:15,0.00053440,7.00000000
2018-02-26 21:40:19,0.00053439,17.00000000
2018-02-26 21:40:20,0.00053439,18.00000000
2018-02-26 21:40:20,0.00053439,81.00000000
2018-02-26 21:40:20,0.00053439,8.00000000
2018-02-26 21:40:21,0.00053430,27.00000000
2018-02-26 21:40:21,0.00053430,16.00000000
2018-02-26 21:40:25,0.00053399,1.00000000
2018-02-26 21:40:29,0.00053430,50.00000000
2018-02-26 21:40:30,0.00053430,32.00000000
2018-02-26 21:40:31,0.00053439,5.00000000
2018-02-26 21:40:37,0.00053399,100.00000000
2018-02-26 21:40:41,0.00053399,50.00000000
2018-02-26 21:40:49,0.00053437,10.00000000
2018-02-26 21:40:49,0.00053439,8.00000000
2018-02-26 21:40:49,0.00053439,7.00000000
2018-02-26 21:40:49,0.00053439,245.00000000
2018-02-26 21:40:50,0.00053439,143.00000000
2018-02-26 21:40:53,0.00053440,25.00000000
2018-02-26 21:41:07,0.00053449,2.00000000
2018-02-26 21:41:07,0.00053450,11.00000000
2018-02-26 21:41:08,0.00053450,61.00000000
2018-02-26 21:41:13,0.00053440,4.00000000
2018-02-26 21:41:14,0.00053440,21.00000000
2018-02-26 21:41:15,0.00053450,8.00000000
2018-02-26 21:41:15,0.00053457,31.00000000
2018-02-26 21:41:16,0.00053459,131.00000000
2018-02-26 21:41:16,0.00053459,48.00000000
2018-02-26 21:41:21,0.00053480,5.00000000
2018-02-26 21:41:21,0.00053480,6.00000000
2018-02-26 21:41:24,0.00053440,156.00000000
2018-02-26 21:41:28,0.00053460,38.00000000
2018-02-26 21:41:28,0.00053479,49.00000000
2018-02-26 21:41:28,0.00053480,3.00000000
2018-02-26 21:41:28,0.00053440,88.00000000
2018-02-26 21:41:29,0.00053480,3.00000000
2018-02-26 21:41:29,0.00053500,15.00000000
2018-02-26 21:41:30,0.00053500,500.00000000
2018-02-26 21:41:31,0.00053440,217.00000000
2018-02-26 21:41:31,0.00053400,11.00000000
2018-02-26 21:41:31,0.00053399,193.00000000
2018-02-26 21:41:32,0.00053500,103.00000000
2018-02-26 21:41:33,0.00053500,210.00000000
2018-02-26 21:41:33,0.00053500,28.00000000
2018-02-26 21:41:33,0.00053500,27.00000000
2018-02-26 21:41:34,0.00053500,187.00000000
2018-02-26 21:41:37,0.00053440,4.00000000
2018-02-26 21:41:38,0.00053500,6.00000000
2018-02-26 21:41:39,0.00053500,9.00000000
2018-02-26 21:41:39,0.00053440,279.00000000
2018-02-26 21:41:40,0.00053500,8.00000000
2018-02-26 21:42:00,0.00053440,82.00000000
2018-02-26 21:42:03,0.00053440,907.00000000
2018-02-26 21:42:03,0.00053400,28.00000000
2018-02-26 21:42:03,0.00053399,93.00000000
2018-02-26 21:42:03,0.00053392,62.00000000
2018-02-26 21:42:03,0.00053380,20.00000000
2018-02-26 21:42:03,0.00053365,9.00000000
2018-02-26 21:42:03,0.00053350,611.00000000
2018-02-26 21:42:03,0.00053333,51.00000000
2018-02-26 21:42:03,0.00053322,3093.00000000
2018-02-26 21:42:08,0.00053498,18.00000000
2018-02-26 21:42:09,0.00053450,7.00000000
2018-02-26 21:42:09,0.00053328,4.00000000
2018-02-26 21:42:09,0.00053324,6.00000000
2018-02-26 21:42:15,0.00053432,16.00000000
2018-02-26 21:42:15,0.00053434,74.00000000
2018-02-26 21:42:15,0.00053436,9.00000000
2018-02-26 21:42:15,0.00053437,21.00000000
2018-02-26 21:42:20,0.00053334,20.00000000
2018-02-26 21:42:20,0.00053333,4.00000000
2018-02-26 21:42:28,0.00053334,205.00000000
2018-02-26 21:42:28,0.00053333,6.00000000
2018-02-26 21:42:28,0.00053330,75.00000000
2018-02-26 21:42:28,0.00053323,412.00000000
2018-02-26 21:42:28,0.00053320,30.00000000
2018-02-26 21:42:28,0.00053302,9.00000000
2018-02-26 21:42:28,0.00053300,11.00000000
2018-02-26 21:42:31,0.00053432,10.00000000
2018-02-26 21:42:31,0.00053433,10.00000000
2018-02-26 21:42:31,0.00053437,79.00000000
2018-02-26 21:42:31,0.00053438,4.00000000
2018-02-26 21:42:31,0.00053440,20.00000000
2018-02-26 21:42:31,0.00053400,37.00000000
2018-02-26 21:42:32,0.00053337,6.00000000
2018-02-26 21:42:32,0.00053300,14.00000000
2018-02-26 21:42:33,0.00053400,20.00000000
2018-02-26 21:42:33,0.00053302,10.00000000
2018-02-26 21:42:33,0.00053300,162.00000000
2018-02-26 21:42:33,0.00053285,30.00000000
2018-02-26 21:42:33,0.00053250,298.00000000
2018-02-26 21:42:35,0.00053398,9.00000000
2018-02-26 21:42:35,0.00053399,30.00000000
2018-02-26 21:42:35,0.00053400,66.00000000
2018-02-26 21:42:37,0.00053400,47.00000000
2018-02-26 21:42:38,0.00053400,4.00000000
2018-02-26 21:42:41,0.00053340,105.00000000
2018-02-26 21:42:43,0.00053340,327.00000000
2018-02-26 21:42:46,0.00053399,20.00000000
2018-02-26 21:42:51,0.00053340,20.00000000
2018-02-26 21:42:51,0.00053399,130.00000000
2018-02-26 21:42:51,0.00053400,197.00000000
2018-02-26 21:42:52,0.00053340,20.00000000
2018-02-26 21:42:56,0.00053400,10.00000000
2018-02-26 21:43:01,0.00053399,100.00000000
2018-02-26 21:43:03,0.00053400,14.00000000
2018-02-26 21:43:05,0.00053400,967.00000000
2018-02-26 21:43:05,0.00053400,208.00000000
2018-02-26 21:43:05,0.00053400,2.00000000
2018-02-26 21:43:08,0.00053399,11.00000000
2018-02-26 21:43:11,0.00053400,10.00000000
2018-02-26 21:43:15,0.00053399,234.00000000
2018-02-26 21:43:19,0.00053400,133.00000000
2018-02-26 21:43:20,0.00053400,2.00000000
2018-02-26 21:43:20,0.00053400,7.00000000
2018-02-26 21:43:21,0.00053400,1281.00000000
2018-02-26 21:43:21,0.00053400,4.00000000
2018-02-26 21:43:22,0.00053400,10.00000000
2018-02-26 21:43:23,0.00053400,429.00000000
2018-02-26 21:43:23,0.00053400,8.00000000
2018-02-26 21:43:23,0.00053400,110.00000000
2018-02-26 21:43:23,0.00053400,54.00000000
2018-02-26 21:43:25,0.00053400,3.00000000
2018-02-26 21:43:25,0.00053400,30.00000000
2018-02-26 21:43:27,0.00053400,10.00000000
2018-02-26 21:43:28,0.00053400,162.00000000
2018-02-26 21:43:29,0.00053400,56.00000000
2018-02-26 21:43:29,0.00053400,80.00000000
2018-02-26 21:43:33,0.00053420,15.00000000
2018-02-26 21:43:35,0.00053440,13.00000000
2018-02-26 21:43:35,0.00053442,4.00000000
2018-02-26 21:43:35,0.00053443,33.00000000
2018-02-26 21:43:36,0.00053450,6.00000000
2018-02-26 21:43:36,0.00053400,355.00000000
2018-02-26 21:43:39,0.00053499,3.00000000
2018-02-26 21:43:40,0.00053500,61.00000000
2018-02-26 21:43:42,0.00053500,4.00000000
2018-02-26 21:43:42,0.00053450,50.00000000
2018-02-26 21:43:42,0.00053443,22.00000000
2018-02-26 21:43:42,0.00053440,599.00000000
2018-02-26 21:43:42,0.00053440,9.00000000
2018-02-26 21:43:44,0.00053500,5.00000000
2018-02-26 21:43:45,0.00053450,50.00000000
2018-02-26 21:43:46,0.00053460,107.00000000
2018-02-26 21:43:50,0.00053500,58.00000000
2018-02-26 21:43:50,0.00053500,26.00000000
2018-02-26 21:43:51,0.00053460,9.00000000
2018-02-26 21:43:52,0.00053460,5.00000000
2018-02-26 21:43:53,0.00053500,20.00000000
2018-02-26 21:43:55,0.00053460,9.00000000
2018-02-26 21:43:58,0.00053500,13.00000000
2018-02-26 21:44:00,0.00053460,36.00000000
2018-02-26 21:44:01,0.00053440,2.00000000
2018-02-26 21:44:04,0.00053500,4.00000000
2018-02-26 21:44:08,0.00053480,2.00000000
2018-02-26 21:44:12,0.00053480,114.00000000
2018-02-26 21:44:12,0.00053480,37.00000000
2018-02-26 21:44:13,0.00053480,20.00000000
2018-02-26 21:44:13,0.00053480,139.00000000
2018-02-26 21:44:14,0.00053500,50.00000000
2018-02-26 21:44:14,0.00053500,50.00000000
2018-02-26 21:44:14,0.00053480,18.00000000
2018-02-26 21:44:14,0.00053500,50.00000000
2018-02-26 21:44:14,0.00053500,50.00000000
2018-02-26 21:44:14,0.00053500,250.00000000
2018-02-26 21:44:14,0.00053500,50.00000000
2018-02-26 21:44:14,0.00053500,50.00000000
2018-02-26 21:44:15,0.00053500,50.00000000
2018-02-26 21:44:15,0.00053500,146.00000000
2018-02-26 21:44:15,0.00053500,104.00000000
2018-02-26 21:44:16,0.00053480,178.00000000
2018-02-26 21:44:16,0.00053500,100.00000000
2018-02-26 21:44:22,0.00053549,20.00000000
2018-02-26 21:44:23,0.00053549,3.00000000
2018-02-26 21:44:24,0.00053549,19.00000000
2018-02-26 21:44:24,0.00053549,288.00000000
2018-02-26 21:44:24,0.00053549,10.00000000
2018-02-26 21:44:26,0.00053550,1.00000000
2018-02-26 21:44:26,0.00053550,1.00000000
2018-02-26 21:44:26,0.00053555,50.00000000
2018-02-26 21:44:27,0.00053550,32.00000000
2018-02-26 21:44:27,0.00053550,15.00000000
2018-02-26 21:44:27,0.00053549,245.00000000
2018-02-26 21:44:27,0.00053549,55.00000000
2018-02-26 21:44:28,0.00053549,436.00000000
2018-02-26 21:44:28,0.00053555,28.00000000
2018-02-26 21:44:28,0.00053560,359.00000000
2018-02-26 21:44:28,0.00053569,89.00000000
2018-02-26 21:44:29,0.00053569,100.00000000
2018-02-26 21:44:31,0.00053550,5.00000000
2018-02-26 21:44:35,0.00053550,16.00000000
2018-02-26 21:44:35,0.00053550,40.00000000
2018-02-26 21:44:38,0.00053569,4.00000000
2018-02-26 21:44:38,0.00053600,21.00000000
2018-02-26 21:44:38,0.00053600,3562.00000000
2018-02-26 21:44:38,0.00053564,4.00000000
2018-02-26 21:44:38,0.00053550,18.00000000
2018-02-26 21:44:39,0.00053564,5.00000000
2018-02-26 21:44:40,0.00053550,70.00000000
2018-02-26 21:44:40,0.00053549,578.00000000
2018-02-26 21:44:41,0.00053564,8.00000000
2018-02-26 21:44:43,0.00053564,5.00000000
2018-02-26 21:44:44,0.00053564,71.00000000
