DATE,PRICE,VOLUME
2018-02-25 19:00:04,0.00060683,3.00000000
2018-02-25 19:00:04,0.00060697,5.00000000
2018-02-25 19:00:05,0.00060699,39.00000000
2018-02-25 19:00:07,0.00060644,28.00000000
2018-02-25 19:00:10,0.00060699,122.00000000
2018-02-25 19:00:10,0.00060699,72.00000000
2018-02-25 19:00:22,0.00060680,100.00000000
2018-02-25 19:00:27,0.00060680,23.00000000
2018-02-25 19:00:30,0.00060650,4.00000000
2018-02-25 19:00:34,0.00060680,16.00000000
2018-02-25 19:00:35,0.00060700,2.00000000
2018-02-25 19:00:36,0.00060650,126.00000000
2018-02-25 19:00:38,0.00060650,124.00000000
2018-02-25 19:00:39,0.00060680,10.00000000
2018-02-25 19:00:39,0.00060700,7.00000000
2018-02-25 19:00:39,0.00060680,4.00000000
2018-02-25 19:00:41,0.00060680,51.00000000
2018-02-25 19:00:57,0.00060650,99.00000000
2018-02-25 19:00:58,0.00060650,330.00000000
2018-02-25 19:00:58,0.00060644,447.00000000
2018-02-25 19:00:58,0.00060640,256.00000000
2018-02-25 19:00:58,0.00060639,466.00000000
2018-02-25 19:00:58,0.00060632,46.00000000
2018-02-25 19:01:01,0.00060645,12.00000000
2018-02-25 19:01:02,0.00060645,16.00000000
2018-02-25 19:01:04,0.00060645,68.00000000
2018-02-25 19:01:06,0.00060680,13.00000000
2018-02-25 19:01:06,0.00060680,18.00000000
2018-02-25 19:01:07,0.00060680,81.00000000
2018-02-25 19:01:08,0.00060680,8.00000000
2018-02-25 19:01:08,0.00060680,10.00000000
2018-02-25 19:01:08,0.00060680,15.00000000
2018-02-25 19:01:10,0.00060680,18.00000000
2018-02-25 19:01:11,0.00060680,236.00000000
2018-02-25 19:01:12,0.00060680,22.00000000
2018-02-25 19:01:12,0.00060680,250.00000000
2018-02-25 19:01:12,0.00060680,2.00000000
2018-02-25 19:01:14,0.00060680,2.00000000
2018-02-25 19:01:15,0.00060680,3.00000000
2018-02-25 19:01:16,0.00060680,5.00000000
2018-02-25 19:01:17,0.00060680,6.00000000
2018-02-25 19:01:18,0.00060680,196.00000000
2018-02-25 19:01:19,0.00060680,295.00000000
2018-02-25 19:01:23,0.00060699,63.00000000
2018-02-25 19:01:23,0.00060680,12.00000000
2018-02-25 19:01:25,0.00060681,8.00000000
2018-02-25 19:01:28,0.00060681,4.00000000
2018-02-25 19:01:28,0.00060681,3.00000000
2018-02-25 19:01:29,0.00060681,68.00000000
2018-02-25 19:01:31,0.00060681,1618.00000000
2018-02-25 19:01:31,0.00060680,93.00000000
2018-02-25 19:01:32,0.00060680,8.00000000
2018-02-25 19:01:32,0.00060680,10.00000000
2018-02-25 19:01:33,0.00060680,764.00000000
2018-02-25 19:01:34,0.00060680,6.00000000
2018-02-25 19:01:35,0.00060680,2.00000000
2018-02-25 19:01:35,0.00060680,379.00000000
2018-02-25 19:01:35,0.00060680,50.00000000
2018-02-25 19:01:36,0.00060680,21.00000000
2018-02-25 19:01:36,0.00060680,102.00000000
2018-02-25 19:01:37,0.00060680,107.00000000
2018-02-25 19:01:37,0.00060680,109.00000000
2018-02-25 19:01:38,0.00060680,110.00000000
2018-02-25 19:01:38,0.00060680,7.00000000
2018-02-25 19:01:39,0.00060680,14.00000000
2018-02-25 19:01:39,0.00060681,168.00000000
2018-02-25 19:01:51,0.00060633,20.00000000
2018-02-25 19:01:52,0.00060680,96.00000000
2018-02-25 19:01:56,0.00060677,2.00000000
2018-02-25 19:01:56,0.00060681,20.00000000
2018-02-25 19:02:08,0.00060650,11.00000000
2018-02-25 19:02:08,0.00060633,54.00000000
2018-02-25 19:02:08,0.00060633,10.00000000
2018-02-25 19:02:11,0.00060681,153.00000000
2018-02-25 19:02:11,0.00060681,2.00000000
2018-02-25 19:02:13,0.00060681,9.00000000
2018-02-25 19:02:13,0.00060681,358.00000000
2018-02-25 19:02:13,0.00060681,198.00000000
2018-02-25 19:02:13,0.00060681,104.00000000
2018-02-25 19:02:17,0.00060699,33.00000000
2018-02-25 19:02:22,0.00060633,78.00000000
2018-02-25 19:02:23,0.00060698,274.00000000
2018-02-25 19:02:23,0.00060699,554.00000000
2018-02-25 19:02:23,0.00060700,1089.00000000
2018-02-25 19:02:24,0.00060680,10.00000000
2018-02-25 19:02:29,0.00060633,8.00000000
2018-02-25 19:02:37,0.00060700,343.00000000
2018-02-25 19:02:47,0.00060633,253.00000000
2018-02-25 19:02:47,0.00060632,90.00000000
2018-02-25 19:02:47,0.00060632,1.00000000
2018-02-25 19:02:55,0.00060633,6.00000000
2018-02-25 19:02:58,0.00060630,7.00000000
2018-02-25 19:03:01,0.00060630,32.00000000
2018-02-25 19:03:08,0.00060630,29.00000000
2018-02-25 19:03:11,0.00060632,19.00000000
2018-02-25 19:03:11,0.00060630,156.00000000
2018-02-25 19:03:11,0.00060630,60.00000000
2018-02-25 19:03:16,0.00060699,9.00000000
2018-02-25 19:03:16,0.00060700,13.00000000
2018-02-25 19:03:21,0.00060633,241.00000000
2018-02-25 19:03:21,0.00060633,274.00000000
2018-02-25 19:03:22,0.00060633,38.00000000
2018-02-25 19:03:22,0.00060633,463.00000000
2018-02-25 19:03:22,0.00060633,53.00000000
2018-02-25 19:03:23,0.00060633,26.00000000
2018-02-25 19:03:24,0.00060700,4.00000000
2018-02-25 19:03:26,0.00060700,16.00000000
2018-02-25 19:03:27,0.00060700,8.00000000
2018-02-25 19:03:33,0.00060700,803.00000000
2018-02-25 19:03:37,0.00060700,86.00000000
2018-02-25 19:03:40,0.00060633,200.00000000
2018-02-25 19:03:40,0.00060630,215.00000000
2018-02-25 19:03:40,0.00060630,73.00000000
2018-02-25 19:03:42,0.00060630,43.00000000
2018-02-25 19:03:42,0.00060630,144.00000000
2018-02-25 19:03:43,0.00060630,113.00000000
2018-02-25 19:03:45,0.00060628,9.00000000
2018-02-25 19:04:08,0.00060660,17.00000000
2018-02-25 19:04:09,0.00060628,67.00000000
2018-02-25 19:04:09,0.00060627,98.00000000
2018-02-25 19:04:09,0.00060625,153.00000000
2018-02-25 19:04:19,0.00060660,34.00000000
2018-02-25 19:04:24,0.00060631,35.00000000
2018-02-25 19:04:26,0.00060625,62.00000000
2018-02-25 19:04:30,0.00060660,50.00000000
2018-02-25 19:04:31,0.00060660,35.00000000
2018-02-25 19:04:34,0.00060660,53.00000000
2018-02-25 19:04:42,0.00060631,30.00000000
2018-02-25 19:04:42,0.00060625,88.00000000
2018-02-25 19:04:44,0.00060660,5.00000000
2018-02-25 19:04:45,0.00060660,62.00000000
2018-02-25 19:04:45,0.00060660,24.00000000
2018-02-25 19:04:53,0.00060660,17.00000000
2018-02-25 19:04:58,0.00060698,15.00000000
2018-02-25 19:04:59,0.00060698,135.00000000
2018-02-25 19:04:59,0.00060699,339.00000000
2018-02-25 19:05:14,0.00060699,3.00000000
2018-02-25 19:05:18,0.00060699,7.00000000
2018-02-25 19:05:24,0.00060699,145.00000000
2018-02-25 19:05:36,0.00060633,15.00000000
2018-02-25 19:05:37,0.00060699,17.00000000
2018-02-25 19:05:50,0.00060699,89.00000000
2018-02-25 19:05:57,0.00060698,3.00000000
2018-02-25 19:06:15,0.00060696,7.00000000
2018-02-25 19:06:20,0.00060632,29.00000000
2018-02-25 19:06:23,0.00060680,16.00000000
2018-02-25 19:06:25,0.00060680,3.00000000
2018-02-25 19:06:32,0.00060632,227.00000000
2018-02-25 19:06:32,0.00060625,330.00000000
2018-02-25 19:06:40,0.00060613,4.00000000
2018-02-25 19:06:41,0.00060611,10.00000000
2018-02-25 19:06:41,0.00060625,14.00000000
2018-02-25 19:06:41,0.00060680,133.00000000
2018-02-25 19:06:48,0.00060613,10.00000000
2018-02-25 19:06:51,0.00060625,84.00000000
2018-02-25 19:06:51,0.00060680,14.00000000
2018-02-25 19:06:53,0.00060613,12.00000000
2018-02-25 19:06:53,0.00060613,33.00000000
2018-02-25 19:06:53,0.00060613,604.00000000
2018-02-25 19:06:53,0.00060611,138.00000000
2018-02-25 19:06:54,0.00060603,50.00000000
2018-02-25 19:06:54,0.00060602,819.00000000
2018-02-25 19:06:55,0.00060600,5.00000000
2018-02-25 19:06:55,0.00060600,329.00000000
2018-02-25 19:06:56,0.00060678,120.00000000
2018-02-25 19:07:02,0.00060588,4.00000000
2018-02-25 19:07:02,0.00060585,3.00000000
2018-02-25 19:07:02,0.00060623,21.00000000
2018-02-25 19:07:02,0.00060623,21.00000000
2018-02-25 19:07:02,0.00060678,172.00000000
2018-02-25 19:07:04,0.00060620,4.00000000
2018-02-25 19:07:04,0.00060678,16.00000000
2018-02-25 19:07:05,0.00060678,409.00000000
2018-02-25 19:07:05,0.00060680,22.00000000
2018-02-25 19:07:05,0.00060680,65.00000000
2018-02-25 19:07:05,0.00060680,181.00000000
2018-02-25 19:07:05,0.00060680,36.00000000
2018-02-25 19:07:05,0.00060678,57.00000000
2018-02-25 19:07:07,0.00060678,10.00000000
2018-02-25 19:07:10,0.00060678,3.00000000
2018-02-25 19:07:15,0.00060678,10.00000000
2018-02-25 19:07:19,0.00060676,65.00000000
2018-02-25 19:07:19,0.00060677,46.00000000
2018-02-25 19:07:19,0.00060678,59.00000000
2018-02-25 19:07:19,0.00060678,139.00000000
2018-02-25 19:07:19,0.00060678,2.00000000
2018-02-25 19:07:19,0.00060678,23.00000000
2018-02-25 19:07:19,0.00060678,3.00000000
2018-02-25 19:07:22,0.00060626,42.00000000
2018-02-25 19:07:27,0.00060693,6.00000000
2018-02-25 19:07:27,0.00060694,10.00000000
2018-02-25 19:07:27,0.00060694,6.00000000
2018-02-25 19:07:27,0.00060582,6.00000000
2018-02-25 19:07:34,0.00060601,4.00000000
2018-02-25 19:07:35,0.00060600,269.00000000
2018-02-25 19:07:41,0.00060584,4.00000000
2018-02-25 19:07:53,0.00060600,7.00000000
2018-02-25 19:07:54,0.00060600,16.00000000
2018-02-25 19:07:59,0.00060600,50.00000000
2018-02-25 19:08:07,0.00060600,8.00000000
2018-02-25 19:08:11,0.00060581,1087.00000000
2018-02-25 19:08:13,0.00060580,8.00000000
2018-02-25 19:08:14,0.00060580,4.00000000
2018-02-25 19:08:14,0.00060581,87.00000000
2018-02-25 19:08:17,0.00060580,83.00000000
2018-02-25 19:08:18,0.00060580,6.00000000
2018-02-25 19:08:19,0.00060581,46.00000000
2018-02-25 19:08:20,0.00060580,167.00000000
2018-02-25 19:08:21,0.00060580,15.00000000
2018-02-25 19:08:24,0.00060550,75.00000000
2018-02-25 19:08:25,0.00060579,5.00000000
2018-02-25 19:08:25,0.00060580,22.00000000
2018-02-25 19:08:28,0.00060580,11.00000000
2018-02-25 19:08:29,0.00060528,9.00000000
2018-02-25 19:08:34,0.00060528,6.00000000
2018-02-25 19:08:36,0.00060525,22.00000000
2018-02-25 19:08:37,0.00060528,6.00000000
2018-02-25 19:08:42,0.00060550,3.00000000
2018-02-25 19:08:45,0.00060550,97.00000000
2018-02-25 19:08:45,0.00060528,103.00000000
2018-02-25 19:08:47,0.00060525,28.00000000
2018-02-25 19:08:51,0.00060579,15.00000000
2018-02-25 19:08:51,0.00060580,21.00000000
2018-02-25 19:08:55,0.00060530,61.00000000
2018-02-25 19:08:55,0.00060530,53.00000000
2018-02-25 19:08:56,0.00060530,5.00000000
2018-02-25 19:08:58,0.00060530,17.00000000
2018-02-25 19:08:59,0.00060520,3.00000000
2018-02-25 19:09:00,0.00060530,1.00000000
2018-02-25 19:09:00,0.00060530,1.00000000
2018-02-25 19:09:01,0.00060530,16.00000000
2018-02-25 19:09:02,0.00060530,5.00000000
2018-02-25 19:09:03,0.00060530,17.00000000
2018-02-25 19:09:04,0.00060530,8.00000000
2018-02-25 19:09:05,0.00060530,3.00000000
2018-02-25 19:09:05,0.00060530,7.00000000
2018-02-25 19:09:05,0.00060530,3.00000000
2018-02-25 19:09:07,0.00060530,20.00000000
2018-02-25 19:09:11,0.00060568,75.00000000
2018-02-25 19:09:17,0.00060568,21.00000000
2018-02-25 19:09:24,0.00060530,10.00000000
2018-02-25 19:09:25,0.00060565,8.00000000
2018-02-25 19:09:25,0.00060568,8.00000000
2018-02-25 19:09:25,0.00060568,31.00000000
2018-02-25 19:09:25,0.00060568,50.00000000
2018-02-25 19:09:30,0.00060568,9.00000000
2018-02-25 19:09:31,0.00060568,2.00000000
2018-02-25 19:09:33,0.00060568,25.00000000
2018-02-25 19:09:33,0.00060568,14.00000000
2018-02-25 19:09:38,0.00060568,4.00000000
2018-02-25 19:09:38,0.00060568,10.00000000
2018-02-25 19:09:44,0.00060532,18.00000000
2018-02-25 19:09:46,0.00060532,310.00000000
2018-02-25 19:09:46,0.00060532,130.00000000
2018-02-25 19:09:47,0.00060532,174.00000000
2018-02-25 19:09:47,0.00060532,100.00000000
2018-02-25 19:09:47,0.00060532,47.00000000
2018-02-25 19:09:48,0.00060532,10.00000000
2018-02-25 19:09:49,0.00060532,5.00000000
2018-02-25 19:09:49,0.00060532,74.00000000
2018-02-25 19:09:49,0.00060532,67.00000000
2018-02-25 19:09:51,0.00060532,8.00000000
2018-02-25 19:09:51,0.00060532,10.00000000
2018-02-25 19:09:51,0.00060532,3.00000000
2018-02-25 19:09:55,0.00060532,15.00000000
2018-02-25 19:09:55,0.00060531,15.00000000
2018-02-25 19:09:55,0.00060530,60.00000000
2018-02-25 19:09:58,0.00060532,8.00000000
2018-02-25 19:09:59,0.00060532,18.00000000
2018-02-25 19:10:02,0.00060530,18.00000000
2018-02-25 19:10:04,0.00060532,2.00000000
2018-02-25 19:10:07,0.00060530,10.00000000
2018-02-25 19:10:09,0.00060532,71.00000000
2018-02-25 19:10:11,0.00060532,18.00000000
2018-02-25 19:10:13,0.00060532,72.00000000
2018-02-25 19:10:15,0.00060532,2.00000000
2018-02-25 19:10:15,0.00060532,2.00000000
2018-02-25 19:10:20,0.00060532,2.00000000
2018-02-25 19:10:20,0.00060532,13.00000000
2018-02-25 19:10:21,0.00060532,3.00000000
2018-02-25 19:10:22,0.00060532,108.00000000
2018-02-25 19:10:22,0.00060532,29.00000000
2018-02-25 19:10:22,0.00060532,16.00000000
2018-02-25 19:10:23,0.00060530,18.00000000
2018-02-25 19:10:23,0.00060532,3.00000000
2018-02-25 19:10:24,0.00060532,14.00000000
2018-02-25 19:10:24,0.00060532,25.00000000
2018-02-25 19:10:24,0.00060532,20.00000000
2018-02-25 19:10:24,0.00060532,201.00000000
2018-02-25 19:10:30,0.00060532,35.00000000
2018-02-25 19:10:41,0.00060568,8.00000000
2018-02-25 19:10:41,0.00060568,67.00000000
2018-02-25 19:10:44,0.00060580,59.00000000
2018-02-25 19:10:46,0.00060534,10.00000000
2018-02-25 19:10:46,0.00060533,4.00000000
2018-02-25 19:10:46,0.00060530,329.00000000
2018-02-25 19:10:46,0.00060520,29.00000000
2018-02-25 19:10:51,0.00060522,163.00000000
2018-02-25 19:10:51,0.00060520,148.00000000
2018-02-25 19:10:52,0.00060640,163.00000000
2018-02-25 19:10:52,0.00060642,6.00000000
2018-02-25 19:10:52,0.00060645,10.00000000
2018-02-25 19:10:53,0.00060639,11.00000000
2018-02-25 19:11:01,0.00060533,4.00000000
2018-02-25 19:11:01,0.00060530,31.00000000
2018-02-25 19:11:05,0.00060644,5.00000000
2018-02-25 19:11:39,0.00060559,2.00000000
2018-02-25 19:11:39,0.00060521,173.00000000
2018-02-25 19:11:39,0.00060520,94.00000000
2018-02-25 19:11:39,0.00060521,7.00000000
2018-02-25 19:11:40,0.00060599,26.00000000
2018-02-25 19:11:40,0.00060601,4.00000000
2018-02-25 19:11:50,0.00060610,101.00000000
2018-02-25 19:11:50,0.00060644,145.00000000
2018-02-25 19:12:06,0.00060601,2.00000000
2018-02-25 19:12:13,0.00060529,4.00000000
2018-02-25 19:12:13,0.00060528,100.00000000
2018-02-25 19:12:13,0.00060525,216.00000000
2018-02-25 19:12:15,0.00060601,8.00000000
2018-02-25 19:12:15,0.00060601,8.00000000
2018-02-25 19:12:15,0.00060601,3.00000000
2018-02-25 19:12:15,0.00060601,8.00000000
2018-02-25 19:12:15,0.00060601,3.00000000
2018-02-25 19:12:15,0.00060601,16.00000000
2018-02-25 19:12:15,0.00060601,7.00000000
2018-02-25 19:12:15,0.00060601,8.00000000
2018-02-25 19:12:18,0.00060525,22.00000000
2018-02-25 19:12:19,0.00060601,101.00000000
2018-02-25 19:12:20,0.00060521,49.00000000
2018-02-25 19:12:20,0.00060520,38.00000000
2018-02-25 19:12:20,0.00060512,82.00000000
2018-02-25 19:12:20,0.00060601,16.00000000
2018-02-25 19:12:21,0.00060601,8.00000000
2018-02-25 19:12:24,0.00060525,174.00000000
2018-02-25 19:12:24,0.00060515,4.00000000
2018-02-25 19:12:26,0.00060598,4.00000000
2018-02-25 19:12:28,0.00060601,3.00000000
2018-02-25 19:12:28,0.00060601,16.00000000
2018-02-25 19:12:28,0.00060601,16.00000000
2018-02-25 19:12:28,0.00060601,13.00000000
2018-02-25 19:12:28,0.00060601,16.00000000
2018-02-25 19:12:33,0.00060601,165.00000000
2018-02-25 19:12:33,0.00060601,122.00000000
2018-02-25 19:12:33,0.00060601,49.00000000
2018-02-25 19:12:33,0.00060601,280.00000000
2018-02-25 19:12:33,0.00060633,49.00000000
2018-02-25 19:12:33,0.00060642,681.00000000
2018-02-25 19:12:33,0.00060643,85.00000000
2018-02-25 19:12:33,0.00060644,200.00000000
2018-02-25 19:12:33,0.00060647,280.00000000
2018-02-25 19:12:33,0.00060647,3.00000000
2018-02-25 19:12:34,0.00060646,3.00000000
2018-02-25 19:12:34,0.00060646,3.00000000
2018-02-25 19:12:34,0.00060646,4.00000000
2018-02-25 19:12:34,0.00060647,3.00000000
2018-02-25 19:12:34,0.00060647,16.00000000
2018-02-25 19:12:34,0.00060646,3.00000000
2018-02-25 19:12:38,0.00060645,14.00000000
2018-02-25 19:12:40,0.00060645,93.00000000
2018-02-25 19:12:40,0.00060645,78.00000000
2018-02-25 19:12:43,0.00060645,206.00000000
2018-02-25 19:12:43,0.00060646,125.00000000
2018-02-25 19:12:43,0.00060647,580.00000000
2018-02-25 19:12:43,0.00060649,636.00000000
2018-02-25 19:12:43,0.00060649,226.00000000
2018-02-25 19:12:43,0.00060649,2.00000000
2018-02-25 19:12:44,0.00060649,40.00000000
2018-02-25 19:12:47,0.00060650,46.00000000
2018-02-25 19:12:48,0.00060649,173.00000000
2018-02-25 19:12:49,0.00060649,78.00000000
2018-02-25 19:12:50,0.00060650,10.00000000
2018-02-25 19:12:50,0.00060650,52.00000000
2018-02-25 19:13:05,0.00060673,153.00000000
2018-02-25 19:13:05,0.00060651,5.00000000
2018-02-25 19:13:10,0.00060694,6.00000000
2018-02-25 19:13:10,0.00060695,10.00000000
2018-02-25 19:13:19,0.00060695,5.00000000
2018-02-25 19:13:27,0.00060652,34.00000000
2018-02-25 19:13:27,0.00060652,29.00000000
2018-02-25 19:13:27,0.00060652,10.00000000
2018-02-25 19:13:29,0.00060652,27.00000000
2018-02-25 19:13:29,0.00060651,55.00000000
2018-02-25 19:13:30,0.00060651,2.00000000
2018-02-25 19:13:30,0.00060694,8.00000000
2018-02-25 19:13:30,0.00060695,2.00000000
2018-02-25 19:13:30,0.00060696,9.00000000
2018-02-25 19:13:30,0.00060651,44.00000000
2018-02-25 19:13:31,0.00060652,21.00000000
2018-02-25 19:13:32,0.00060652,8.00000000
2018-02-25 19:13:32,0.00060652,17.00000000
2018-02-25 19:13:32,0.00060652,52.00000000
2018-02-25 19:13:33,0.00060652,2.00000000
2018-02-25 19:13:34,0.00060650,345.00000000
2018-02-25 19:13:56,0.00060696,13.00000000
2018-02-25 19:13:58,0.00060696,8.00000000
2018-02-25 19:14:06,0.00060696,21.00000000
2018-02-25 19:14:19,0.00060688,12.00000000
2018-02-25 19:14:21,0.00060688,12.00000000
2018-02-25 19:14:21,0.00060696,253.00000000
2018-02-25 19:14:22,0.00060696,3.00000000
2018-02-25 19:14:23,0.00060696,3.00000000
2018-02-25 19:14:24,0.00060670,9.00000000
2018-02-25 19:14:25,0.00060696,8.00000000
2018-02-25 19:14:27,0.00060696,38.00000000
2018-02-25 19:14:27,0.00060697,565.00000000
2018-02-25 19:14:29,0.00060696,50.00000000
2018-02-25 19:14:30,0.00060652,47.00000000
2018-02-25 19:14:31,0.00060652,53.00000000
2018-02-25 19:14:31,0.00060651,202.00000000
2018-02-25 19:14:31,0.00060651,89.00000000
2018-02-25 19:14:36,0.00060650,134.00000000
2018-02-25 19:14:36,0.00060644,4.00000000
2018-02-25 19:14:36,0.00060601,66.00000000
2018-02-25 19:14:36,0.00060540,37.00000000
2018-02-25 19:14:36,0.00060524,115.00000000
2018-02-25 19:14:39,0.00060688,10.00000000
2018-02-25 19:14:39,0.00060694,3.00000000
2018-02-25 19:14:39,0.00060696,30.00000000
2018-02-25 19:14:39,0.00060697,207.00000000
2018-02-25 19:14:39,0.00060696,30.00000000
2018-02-25 19:14:39,0.00060696,30.00000000
2018-02-25 19:14:39,0.00060696,30.00000000
2018-02-25 19:14:39,0.00060696,10.00000000
2018-02-25 19:14:39,0.00060536,4.00000000
2018-02-25 19:14:39,0.00060533,96.00000000
2018-02-25 19:14:49,0.00060688,3.00000000
2018-02-25 19:14:59,0.00060688,1.00000000
2018-02-25 19:15:09,0.00060696,75.00000000
2018-02-25 19:15:10,0.00060654,8.00000000
2018-02-25 19:15:12,0.00060697,33.00000000
2018-02-25 19:15:19,0.00060654,85.00000000
2018-02-25 19:15:20,0.00060697,121.00000000
2018-02-25 19:15:20,0.00060699,85.00000000
2018-02-25 19:15:20,0.00060700,504.00000000
2018-02-25 19:15:29,0.00060700,92.00000000
2018-02-25 19:15:37,0.00060700,4.00000000
2018-02-25 19:15:39,0.00060700,27.00000000
2018-02-25 19:15:52,0.00060700,25.00000000
2018-02-25 19:15:53,0.00060700,447.00000000
2018-02-25 19:15:58,0.00060700,12.00000000
2018-02-25 19:16:11,0.00060700,65.00000000
2018-02-25 19:16:16,0.00060700,55.00000000
2018-02-25 19:16:22,0.00060688,31.00000000
2018-02-25 19:16:25,0.00060700,83.00000000
2018-02-25 19:16:25,0.00060700,54.00000000
2018-02-25 19:16:28,0.00060688,188.00000000
2018-02-25 19:16:34,0.00060700,4.00000000
2018-02-25 19:16:38,0.00060689,100.00000000
2018-02-25 19:16:38,0.00060688,257.00000000
2018-02-25 19:16:39,0.00060688,16.00000000
2018-02-25 19:16:39,0.00060700,73.00000000
2018-02-25 19:16:55,0.00060700,3054.00000000
2018-02-25 19:16:59,0.00060700,80.00000000
2018-02-25 19:16:59,0.00060697,86.00000000
2018-02-25 19:17:01,0.00060696,8.00000000
2018-02-25 19:17:04,0.00060699,100.00000000
2018-02-25 19:17:04,0.00060700,993.00000000
2018-02-25 19:17:08,0.00060700,101.00000000
2018-02-25 19:17:09,0.00060700,191.00000000
2018-02-25 19:17:10,0.00060700,502.00000000
2018-02-25 19:17:11,0.00060700,166.00000000
2018-02-25 19:17:11,0.00060700,100.00000000
2018-02-25 19:17:17,0.00060697,114.00000000
2018-02-25 19:17:17,0.00060696,20.00000000
2018-02-25 19:17:18,0.00060700,41.00000000
2018-02-25 19:17:18,0.00060700,19.00000000
2018-02-25 19:17:18,0.00060700,216.00000000
2018-02-25 19:17:19,0.00060700,19.00000000
2018-02-25 19:17:19,0.00060696,68.00000000
2018-02-25 19:17:20,0.00060700,19.00000000
2018-02-25 19:17:21,0.00060700,19.00000000
2018-02-25 19:17:23,0.00060700,366.00000000
2018-02-25 19:17:23,0.00060700,165.00000000
2018-02-25 19:17:23,0.00060700,80.00000000
2018-02-25 19:17:24,0.00060704,2.00000000
2018-02-25 19:17:24,0.00060730,20.00000000
2018-02-25 19:17:24,0.00060734,484.00000000
2018-02-25 19:17:24,0.00060700,4.00000000
2018-02-25 19:17:29,0.00060734,222.00000000
2018-02-25 19:17:29,0.00060734,2.00000000
2018-02-25 19:17:30,0.00060734,37.00000000
2018-02-25 19:17:30,0.00060734,57.00000000
2018-02-25 19:17:30,0.00060734,41.00000000
2018-02-25 19:17:30,0.00060700,16.00000000
2018-02-25 19:17:31,0.00060732,58.00000000
2018-02-25 19:17:32,0.00060700,9.00000000
2018-02-25 19:17:34,0.00060747,4.00000000
2018-02-25 19:17:34,0.00060700,400.00000000
2018-02-25 19:17:37,0.00060749,96.00000000
2018-02-25 19:17:37,0.00060750,220.00000000
2018-02-25 19:17:38,0.00060750,265.00000000
2018-02-25 19:17:38,0.00060696,199.00000000
2018-02-25 19:17:39,0.00060696,3.00000000
2018-02-25 19:17:43,0.00060750,6.00000000
2018-02-25 19:17:44,0.00060700,164.00000000
2018-02-25 19:17:45,0.00060700,24.00000000
2018-02-25 19:17:45,0.00060696,115.00000000
2018-02-25 19:17:46,0.00060696,72.00000000
2018-02-25 19:17:49,0.00060750,620.00000000
2018-02-25 19:17:50,0.00060750,295.00000000
2018-02-25 19:17:50,0.00060750,30.00000000
2018-02-25 19:17:50,0.00060750,7.00000000
2018-02-25 19:17:50,0.00060750,20.00000000
2018-02-25 19:17:50,0.00060750,49.00000000
2018-02-25 19:17:53,0.00060750,2.00000000
2018-02-25 19:17:53,0.00060750,2.00000000
2018-02-25 19:17:55,0.00060750,8.00000000
2018-02-25 19:17:55,0.00060750,79.00000000
2018-02-25 19:17:55,0.00060750,552.00000000
2018-02-25 19:17:57,0.00060750,128.00000000
2018-02-25 19:18:06,0.00060700,362.00000000
2018-02-25 19:18:06,0.00060700,7.00000000
2018-02-25 19:18:06,0.00060700,70.00000000
2018-02-25 19:18:06,0.00060750,50.00000000
2018-02-25 19:18:09,0.00060750,21.00000000
2018-02-25 19:18:11,0.00060700,7.00000000
2018-02-25 19:18:12,0.00060700,3.00000000
2018-02-25 19:18:13,0.00060769,116.00000000
2018-02-25 19:18:13,0.00060770,26.00000000
2018-02-25 19:18:13,0.00060701,10.00000000
2018-02-25 19:18:14,0.00060700,196.00000000
2018-02-25 19:18:19,0.00060701,29.00000000
2018-02-25 19:18:19,0.00060700,209.00000000
2018-02-25 19:18:26,0.00060700,15.00000000
2018-02-25 19:18:26,0.00060700,30.00000000
2018-02-25 19:18:28,0.00060696,46.00000000
2018-02-25 19:18:28,0.00060696,78.00000000
2018-02-25 19:18:30,0.00060750,25.00000000
2018-02-25 19:18:32,0.00060750,9.00000000
2018-02-25 19:18:32,0.00060750,7.00000000
2018-02-25 19:18:32,0.00060696,2.00000000
2018-02-25 19:18:32,0.00060745,85.00000000
2018-02-25 19:18:34,0.00060700,2.00000000
2018-02-25 19:18:34,0.00060700,17.00000000
2018-02-25 19:18:36,0.00060700,15.00000000
2018-02-25 19:18:38,0.00060700,3.00000000
2018-02-25 19:18:43,0.00060700,3.00000000
2018-02-25 19:18:51,0.00060701,2.00000000
2018-02-25 19:18:51,0.00060701,2.00000000
2018-02-25 19:18:52,0.00060701,30.00000000
2018-02-25 19:18:53,0.00060703,4.00000000
2018-02-25 19:18:53,0.00060701,32.00000000
2018-02-25 19:18:53,0.00060700,395.00000000
2018-02-25 19:18:54,0.00060696,873.00000000
2018-02-25 19:18:55,0.00060702,40.00000000
2018-02-25 19:18:55,0.00060696,44.00000000
2018-02-25 19:18:57,0.00060696,502.00000000
2018-02-25 19:19:00,0.00060700,2.00000000
2018-02-25 19:19:03,0.00060700,105.00000000
2018-02-25 19:19:07,0.00060700,20.00000000
2018-02-25 19:19:11,0.00060696,3.00000000
2018-02-25 19:19:16,0.00060696,666.00000000
2018-02-25 19:19:29,0.00060700,79.00000000
2018-02-25 19:19:29,0.00060745,22.00000000
2018-02-25 19:19:29,0.00060770,94.00000000
2018-02-25 19:19:30,0.00060696,154.00000000
2018-02-25 19:19:32,0.00060711,30.00000000
2018-02-25 19:19:34,0.00060769,16.00000000
2018-02-25 19:19:37,0.00060696,100.00000000
2018-02-25 19:19:37,0.00060696,2.00000000
2018-02-25 19:19:37,0.00060696,29.00000000
2018-02-25 19:19:37,0.00060696,415.00000000
2018-02-25 19:19:38,0.00060696,150.00000000
2018-02-25 19:19:41,0.00060696,5.00000000
2018-02-25 19:19:42,0.00060696,95.00000000
2018-02-25 19:19:44,0.00060696,4.00000000
2018-02-25 19:19:45,0.00060696,20.00000000
2018-02-25 19:19:48,0.00060696,9.00000000
2018-02-25 19:19:49,0.00060696,134.00000000
2018-02-25 19:19:53,0.00060755,8.00000000
2018-02-25 19:19:54,0.00060696,8.00000000
2018-02-25 19:19:58,0.00060696,7.00000000
2018-02-25 19:19:59,0.00060696,129.00000000
2018-02-25 19:19:59,0.00060696,2.00000000
2018-02-25 19:20:01,0.00060754,51.00000000
2018-02-25 19:20:03,0.00060754,38.00000000
2018-02-25 19:20:04,0.00060696,21.00000000
2018-02-25 19:20:04,0.00060696,7.00000000
2018-02-25 19:20:04,0.00060696,40.00000000
2018-02-25 19:20:04,0.00060696,240.00000000
2018-02-25 19:20:05,0.00060696,26.00000000
2018-02-25 19:20:05,0.00060754,18.00000000
2018-02-25 19:20:07,0.00060696,5.00000000
2018-02-25 19:20:08,0.00060696,43.00000000
2018-02-25 19:20:09,0.00060700,5.00000000
2018-02-25 19:20:09,0.00060700,225.00000000
2018-02-25 19:20:14,0.00060700,3.00000000
2018-02-25 19:20:15,0.00060700,15.00000000
2018-02-25 19:20:19,0.00060700,46.00000000
2018-02-25 19:20:22,0.00060700,48.00000000
2018-02-25 19:20:23,0.00060700,76.00000000
2018-02-25 19:20:24,0.00060700,150.00000000
2018-02-25 19:20:24,0.00060700,53.00000000
2018-02-25 19:20:24,0.00060700,42.00000000
2018-02-25 19:20:24,0.00060700,10.00000000
2018-02-25 19:20:24,0.00060700,32.00000000
2018-02-25 19:20:27,0.00060700,16.00000000
2018-02-25 19:20:29,0.00060700,36.00000000
2018-02-25 19:20:31,0.00060700,12.00000000
2018-02-25 19:20:32,0.00060700,17.00000000
2018-02-25 19:20:35,0.00060753,15.00000000
2018-02-25 19:20:41,0.00060753,12.00000000
2018-02-25 19:20:46,0.00060700,13.00000000
2018-02-25 19:20:47,0.00060753,39.00000000
2018-02-25 19:20:47,0.00060753,31.00000000
2018-02-25 19:20:47,0.00060753,6.00000000
2018-02-25 19:20:49,0.00060700,80.00000000
2018-02-25 19:20:51,0.00060700,12.00000000
2018-02-25 19:20:51,0.00060750,37.00000000
2018-02-25 19:20:52,0.00060751,25.00000000
2018-02-25 19:20:52,0.00060752,3.00000000
2018-02-25 19:20:52,0.00060754,141.00000000
2018-02-25 19:20:55,0.00060754,14.00000000
2018-02-25 19:20:55,0.00060755,20.00000000
2018-02-25 19:20:58,0.00060750,22.00000000
2018-02-25 19:20:58,0.00060754,66.00000000
2018-02-25 19:20:58,0.00060755,122.00000000
2018-02-25 19:20:59,0.00060754,230.00000000
2018-02-25 19:20:59,0.00060754,2.00000000
2018-02-25 19:20:59,0.00060754,2.00000000
2018-02-25 19:21:02,0.00060754,153.00000000
2018-02-25 19:21:02,0.00060754,154.00000000
2018-02-25 19:21:04,0.00060754,225.00000000
2018-02-25 19:21:06,0.00060700,18.00000000
2018-02-25 19:21:15,0.00060755,25.00000000
2018-02-25 19:21:17,0.00060700,200.00000000
2018-02-25 19:21:26,0.00060755,16.00000000
2018-02-25 19:21:33,0.00060700,100.00000000
2018-02-25 19:21:33,0.00060755,32.00000000
2018-02-25 19:21:40,0.00060700,6.00000000
2018-02-25 19:21:41,0.00060700,353.00000000
2018-02-25 19:21:55,0.00060700,20.00000000
2018-02-25 19:21:58,0.00060700,20.00000000
2018-02-25 19:21:58,0.00060755,5.00000000
2018-02-25 19:21:59,0.00060755,26.00000000
2018-02-25 19:22:00,0.00060700,500.00000000
2018-02-25 19:22:01,0.00060700,87.00000000
2018-02-25 19:22:03,0.00060754,8.00000000
2018-02-25 19:22:04,0.00060701,25.00000000
2018-02-25 19:22:25,0.00060702,10.00000000
2018-02-25 19:22:27,0.00060708,95.00000000
2018-02-25 19:22:27,0.00060702,74.00000000
2018-02-25 19:22:31,0.00060755,12.00000000
2018-02-25 19:22:36,0.00060755,605.00000000
2018-02-25 19:22:36,0.00060789,1361.00000000
2018-02-25 19:22:36,0.00060794,115.00000000
2018-02-25 19:22:36,0.00060798,30.00000000
2018-02-25 19:22:36,0.00060799,502.00000000
2018-02-25 19:22:36,0.00060800,1626.00000000
2018-02-25 19:22:41,0.00060790,4.00000000
2018-02-25 19:22:41,0.00060800,1317.00000000
2018-02-25 19:22:43,0.00060705,4.00000000
2018-02-25 19:22:43,0.00060703,18.00000000
2018-02-25 19:22:43,0.00060702,11.00000000
2018-02-25 19:22:44,0.00060702,27.00000000
2018-02-25 19:22:47,0.00060797,4.00000000
2018-02-25 19:22:47,0.00060799,8.00000000
2018-02-25 19:22:47,0.00060800,4.00000000
2018-02-25 19:22:47,0.00060810,339.00000000
2018-02-25 19:22:47,0.00060835,58.00000000
2018-02-25 19:22:47,0.00060704,21.00000000
2018-02-25 19:22:53,0.00060702,21.00000000
2018-02-25 19:22:53,0.00060704,4.00000000
2018-02-25 19:22:54,0.00060704,150.00000000
2018-02-25 19:22:55,0.00060800,1598.00000000
2018-02-25 19:22:55,0.00060800,1321.00000000
2018-02-25 19:22:58,0.00060790,4.00000000
2018-02-25 19:22:58,0.00060797,4.00000000
2018-02-25 19:22:58,0.00060833,8.00000000
2018-02-25 19:22:58,0.00060835,57.00000000
2018-02-25 19:22:58,0.00060834,10.00000000
2018-02-25 19:22:58,0.00060835,130.00000000
2018-02-25 19:22:58,0.00060705,22.00000000
2018-02-25 19:23:00,0.00060835,40.00000000
2018-02-25 19:23:09,0.00060799,22.00000000
2018-02-25 19:23:09,0.00060800,4.00000000
2018-02-25 19:23:12,0.00060794,4.00000000
2018-02-25 19:23:15,0.00060721,20.00000000
2018-02-25 19:23:16,0.00060720,4.00000000
2018-02-25 19:23:18,0.00060725,88.00000000
2018-02-25 19:23:19,0.00060794,18.00000000
2018-02-25 19:23:19,0.00060794,9.00000000
2018-02-25 19:23:20,0.00060794,18.00000000
2018-02-25 19:23:20,0.00060725,6.00000000
2018-02-25 19:23:20,0.00060725,29.00000000
2018-02-25 19:23:21,0.00060725,3.00000000
2018-02-25 19:23:22,0.00060725,18.00000000
2018-02-25 19:23:23,0.00060725,235.00000000
2018-02-25 19:23:25,0.00060794,29.00000000
2018-02-25 19:23:25,0.00060794,14.00000000
2018-02-25 19:23:25,0.00060794,3.00000000
2018-02-25 19:23:25,0.00060741,49.00000000
2018-02-25 19:23:26,0.00060789,17.00000000
2018-02-25 19:23:26,0.00060792,11.00000000
2018-02-25 19:23:26,0.00060741,37.00000000
2018-02-25 19:23:26,0.00060741,36.00000000
2018-02-25 19:23:27,0.00060741,8.00000000
2018-02-25 19:23:27,0.00060741,7.00000000
2018-02-25 19:23:27,0.00060750,1244.00000000
2018-02-25 19:23:27,0.00060741,2.00000000
2018-02-25 19:23:30,0.00060741,997.00000000
2018-02-25 19:23:31,0.00060725,348.00000000
2018-02-25 19:23:31,0.00060725,10.00000000
2018-02-25 19:23:32,0.00060744,380.00000000
2018-02-25 19:23:32,0.00060725,63.00000000
2018-02-25 19:23:33,0.00060718,130.00000000
2018-02-25 19:23:33,0.00060718,122.00000000
2018-02-25 19:23:35,0.00060718,438.00000000
2018-02-25 19:23:35,0.00060714,2.00000000
2018-02-25 19:23:37,0.00060714,29.00000000
2018-02-25 19:23:38,0.00060714,81.00000000
2018-02-25 19:23:38,0.00060710,15.00000000
2018-02-25 19:23:39,0.00060708,269.00000000
2018-02-25 19:23:40,0.00060797,4.00000000
2018-02-25 19:23:40,0.00060799,8.00000000
2018-02-25 19:23:40,0.00060800,19.00000000
2018-02-25 19:23:41,0.00060712,4.00000000
2018-02-25 19:23:43,0.00060720,25.00000000
2018-02-25 19:23:44,0.00060720,2.00000000
2018-02-25 19:23:44,0.00060720,27.00000000
2018-02-25 19:23:44,0.00060720,71.00000000
2018-02-25 19:23:45,0.00060720,517.00000000
2018-02-25 19:23:46,0.00060720,449.00000000
2018-02-25 19:23:46,0.00060720,3.00000000
2018-02-25 19:23:46,0.00060720,16.00000000
2018-02-25 19:23:48,0.00060720,161.00000000
2018-02-25 19:23:48,0.00060714,264.00000000
2018-02-25 19:23:51,0.00060721,5.00000000
2018-02-25 19:23:52,0.00060721,4.00000000
2018-02-25 19:23:52,0.00060721,39.00000000
2018-02-25 19:23:53,0.00060720,11.00000000
2018-02-25 19:23:57,0.00060785,4.00000000
2018-02-25 19:24:02,0.00060741,31.00000000
2018-02-25 19:24:02,0.00060741,2.00000000
2018-02-25 19:24:04,0.00060741,46.00000000
2018-02-25 19:24:35,0.00060788,42.00000000
2018-02-25 19:24:37,0.00060741,30.00000000
2018-02-25 19:24:46,0.00060799,179.00000000
2018-02-25 19:24:46,0.00060800,1821.00000000
2018-02-25 19:24:54,0.00060800,25.00000000
2018-02-25 19:24:56,0.00060800,262.00000000
2018-02-25 19:24:57,0.00060800,532.00000000
2018-02-25 19:24:59,0.00060800,29.00000000
2018-02-25 19:25:02,0.00060800,208.00000000
2018-02-25 19:25:02,0.00060800,2.00000000
2018-02-25 19:25:05,0.00060800,29.00000000
2018-02-25 19:25:05,0.00060828,94.00000000
2018-02-25 19:25:16,0.00060829,4.00000000
2018-02-25 19:25:16,0.00060835,46.00000000
2018-02-25 19:25:16,0.00060835,16.00000000
2018-02-25 19:25:16,0.00060835,9.00000000
2018-02-25 19:25:17,0.00060868,8.00000000
2018-02-25 19:25:17,0.00060835,9.00000000
2018-02-25 19:25:18,0.00060868,23.00000000
2018-02-25 19:25:18,0.00060871,50.00000000
2018-02-25 19:25:18,0.00060879,30.00000000
2018-02-25 19:25:18,0.00060880,5.00000000
2018-02-25 19:25:18,0.00060900,4.00000000
2018-02-25 19:25:18,0.00060900,3.00000000
2018-02-25 19:25:19,0.00060900,51.00000000
2018-02-25 19:25:20,0.00060900,1.00000000
2018-02-25 19:25:20,0.00060910,8.00000000
2018-02-25 19:25:20,0.00060912,168.00000000
2018-02-25 19:25:20,0.00060912,166.00000000
2018-02-25 19:25:20,0.00060912,23.00000000
2018-02-25 19:25:21,0.00060912,3.00000000
2018-02-25 19:25:23,0.00060912,14.00000000
2018-02-25 19:25:26,0.00060912,8.00000000
2018-02-25 19:25:28,0.00060912,6.00000000
2018-02-25 19:25:28,0.00060912,2.00000000
2018-02-25 19:25:28,0.00060912,3.00000000
2018-02-25 19:25:31,0.00060912,2.00000000
2018-02-25 19:25:32,0.00060912,41.00000000
2018-02-25 19:25:32,0.00060918,27.00000000
2018-02-25 19:25:32,0.00060920,2.00000000
2018-02-25 19:25:32,0.00060921,5.00000000
2018-02-25 19:25:32,0.00060929,8.00000000
2018-02-25 19:25:32,0.00060942,69.00000000
2018-02-25 19:25:33,0.00060942,10.00000000
2018-02-25 19:25:33,0.00060942,4.00000000
2018-02-25 19:25:33,0.00060942,4.00000000
2018-02-25 19:25:33,0.00060941,4.00000000
2018-02-25 19:25:33,0.00060942,10.00000000
2018-02-25 19:25:33,0.00060942,80.00000000
2018-02-25 19:25:35,0.00060942,14.00000000
2018-02-25 19:25:35,0.00060941,12.00000000
2018-02-25 19:25:37,0.00060942,2.00000000
2018-02-25 19:25:37,0.00060942,56.00000000
2018-02-25 19:25:38,0.00060942,60.00000000
2018-02-25 19:25:39,0.00060950,12.00000000
2018-02-25 19:25:39,0.00060950,12.00000000
2018-02-25 19:25:39,0.00060950,10.00000000
2018-02-25 19:25:39,0.00060950,174.00000000
2018-02-25 19:25:41,0.00060950,14.00000000
2018-02-25 19:25:41,0.00060950,375.00000000
2018-02-25 19:25:41,0.00060952,376.00000000
2018-02-25 19:25:42,0.00060952,628.00000000
2018-02-25 19:25:42,0.00060952,184.00000000
2018-02-25 19:25:45,0.00060952,61.00000000
2018-02-25 19:25:50,0.00060973,5.00000000
2018-02-25 19:25:50,0.00060973,20.00000000
2018-02-25 19:25:51,0.00060975,130.00000000
2018-02-25 19:25:51,0.00060976,113.00000000
2018-02-25 19:25:51,0.00060979,545.00000000
2018-02-25 19:25:51,0.00060987,64.00000000
2018-02-25 19:25:51,0.00060988,12.00000000
2018-02-25 19:25:54,0.00060988,18.00000000
2018-02-25 19:25:55,0.00060988,6.00000000
2018-02-25 19:25:55,0.00060973,6.00000000
2018-02-25 19:25:55,0.00060973,10.00000000
2018-02-25 19:25:57,0.00060973,12.00000000
2018-02-25 19:25:57,0.00060990,90.00000000
2018-02-25 19:25:57,0.00060990,375.00000000
2018-02-25 19:25:57,0.00060990,74.00000000
2018-02-25 19:25:58,0.00060990,216.00000000
2018-02-25 19:25:59,0.00060990,10.00000000
2018-02-25 19:26:01,0.00060974,4.00000000
2018-02-25 19:26:02,0.00060990,315.00000000
2018-02-25 19:26:03,0.00060974,1.00000000
2018-02-25 19:26:03,0.00060974,11.00000000
2018-02-25 19:26:03,0.00060973,110.00000000
2018-02-25 19:26:06,0.00060990,59.00000000
2018-02-25 19:26:07,0.00060990,111.00000000
2018-02-25 19:26:07,0.00060996,114.00000000
2018-02-25 19:26:07,0.00060999,75.00000000
2018-02-25 19:26:09,0.00060999,10.00000000
2018-02-25 19:26:13,0.00060999,8.00000000
2018-02-25 19:26:13,0.00060999,37.00000000
2018-02-25 19:26:15,0.00060999,29.00000000
2018-02-25 19:26:18,0.00060999,10.00000000
2018-02-25 19:26:18,0.00060999,10.00000000
2018-02-25 19:26:19,0.00060999,8.00000000
2018-02-25 19:26:19,0.00060999,5.00000000
2018-02-25 19:26:19,0.00060999,780.00000000
2018-02-25 19:26:19,0.00061000,857.00000000
2018-02-25 19:26:19,0.00060990,31.00000000
2018-02-25 19:26:19,0.00061000,7.00000000
2018-02-25 19:26:19,0.00061000,194.00000000
2018-02-25 19:26:19,0.00061000,86.00000000
2018-02-25 19:26:19,0.00061000,86.00000000
2018-02-25 19:26:19,0.00061000,153.00000000
2018-02-25 19:26:19,0.00061000,9.00000000
2018-02-25 19:26:20,0.00061000,114.00000000
2018-02-25 19:26:20,0.00061000,10.00000000
2018-02-25 19:26:21,0.00061000,1248.00000000
2018-02-25 19:26:22,0.00061000,1627.00000000
2018-02-25 19:26:23,0.00061000,132.00000000
2018-02-25 19:26:24,0.00061000,100.00000000
2018-02-25 19:26:25,0.00061006,8.00000000
2018-02-25 19:26:26,0.00061002,5.00000000
2018-02-25 19:26:28,0.00061006,49.00000000
2018-02-25 19:26:28,0.00061006,37.00000000
2018-02-25 19:26:29,0.00061010,3.00000000
2018-02-25 19:26:29,0.00061023,126.00000000
2018-02-25 19:26:29,0.00061025,52.00000000
2018-02-25 19:26:31,0.00061006,3.00000000
2018-02-25 19:26:32,0.00061006,33.00000000
2018-02-25 19:26:34,0.00061025,38.00000000
2018-02-25 19:26:36,0.00061025,10.00000000
2018-02-25 19:26:36,0.00061006,100.00000000
2018-02-25 19:26:37,0.00061025,20.00000000
2018-02-25 19:26:37,0.00061025,249.00000000
2018-02-25 19:26:39,0.00061025,140.00000000
2018-02-25 19:26:40,0.00061025,16.00000000
2018-02-25 19:26:40,0.00061025,39.00000000
2018-02-25 19:26:41,0.00061025,13.00000000
2018-02-25 19:26:42,0.00061025,141.00000000
2018-02-25 19:26:44,0.00061025,172.00000000
2018-02-25 19:26:45,0.00061025,163.00000000
2018-02-25 19:26:47,0.00061025,37.00000000
2018-02-25 19:26:47,0.00061033,2.00000000
2018-02-25 19:26:48,0.00061033,40.00000000
2018-02-25 19:26:48,0.00061034,8.00000000
2018-02-25 19:26:48,0.00061044,12.00000000
2018-02-25 19:26:51,0.00061044,5.00000000
2018-02-25 19:26:51,0.00061054,2.00000000
2018-02-25 19:26:51,0.00061070,6.00000000
2018-02-25 19:26:54,0.00061070,25.00000000
2018-02-25 19:26:59,0.00061044,28.00000000
2018-02-25 19:26:59,0.00061029,12.00000000
2018-02-25 19:26:59,0.00061025,115.00000000
2018-02-25 19:27:03,0.00061070,782.00000000
2018-02-25 19:27:03,0.00061083,48.00000000
2018-02-25 19:27:03,0.00061100,23.00000000
2018-02-25 19:27:05,0.00061100,5.00000000
2018-02-25 19:27:08,0.00061044,6.00000000
2018-02-25 19:27:08,0.00061030,4.00000000
2018-02-25 19:27:10,0.00061070,207.00000000
2018-02-25 19:27:10,0.00061100,329.00000000
2018-02-25 19:27:10,0.00061030,3.00000000
2018-02-25 19:27:11,0.00061100,8.00000000
2018-02-25 19:27:13,0.00061100,17.00000000
2018-02-25 19:27:15,0.00061030,100.00000000
2018-02-25 19:27:15,0.00061100,21.00000000
2018-02-25 19:27:16,0.00061100,4.00000000
2018-02-25 19:27:16,0.00061110,4.00000000
2018-02-25 19:27:23,0.00061110,70.00000000
2018-02-25 19:27:23,0.00061111,350.00000000
2018-02-25 19:27:23,0.00061111,21.00000000
2018-02-25 19:27:25,0.00061112,1.00000000
2018-02-25 19:27:25,0.00061111,8.00000000
2018-02-25 19:27:27,0.00061112,29.00000000
2018-02-25 19:27:29,0.00061112,170.00000000
2018-02-25 19:27:29,0.00061122,25.00000000
2018-02-25 19:27:29,0.00061127,28.00000000
2018-02-25 19:27:29,0.00061130,3.00000000
2018-02-25 19:27:29,0.00061135,9.00000000
2018-02-25 19:27:29,0.00061139,450.00000000
2018-02-25 19:27:29,0.00061140,100.00000000
2018-02-25 19:27:29,0.00061150,23.00000000
2018-02-25 19:27:29,0.00061174,142.00000000
2018-02-25 19:27:29,0.00061180,744.00000000
2018-02-25 19:27:29,0.00061192,60.00000000
2018-02-25 19:27:29,0.00061195,375.00000000
2018-02-25 19:27:29,0.00061196,1093.00000000
2018-02-25 19:27:29,0.00061199,140.00000000
2018-02-25 19:27:29,0.00061200,4177.00000000
2018-02-25 19:27:29,0.00061200,41.00000000
2018-02-25 19:27:31,0.00061200,4.00000000
2018-02-25 19:27:32,0.00061200,392.00000000
2018-02-25 19:27:33,0.00061111,41.00000000
2018-02-25 19:27:35,0.00061200,3.00000000
2018-02-25 19:27:35,0.00061111,400.00000000
2018-02-25 19:27:36,0.00061200,2.00000000
2018-02-25 19:27:36,0.00061200,3.00000000
2018-02-25 19:27:36,0.00061200,4.00000000
2018-02-25 19:27:37,0.00061200,41.00000000
2018-02-25 19:27:37,0.00061200,374.00000000
2018-02-25 19:27:38,0.00061200,5.00000000
2018-02-25 19:27:38,0.00061200,3.00000000
2018-02-25 19:27:38,0.00061200,7.00000000
2018-02-25 19:27:38,0.00061200,6.00000000
2018-02-25 19:27:38,0.00061200,6.00000000
2018-02-25 19:27:38,0.00061200,7.00000000
2018-02-25 19:27:38,0.00061200,6.00000000
2018-02-25 19:27:39,0.00061200,10.00000000
2018-02-25 19:27:39,0.00061200,73.00000000
2018-02-25 19:27:39,0.00061200,136.00000000
2018-02-25 19:27:39,0.00061200,9.00000000
2018-02-25 19:27:40,0.00061200,3.00000000
2018-02-25 19:27:41,0.00061200,28.00000000
2018-02-25 19:27:41,0.00061200,33.00000000
2018-02-25 19:27:41,0.00061200,3.00000000
2018-02-25 19:27:42,0.00061200,33.00000000
2018-02-25 19:27:42,0.00061200,3.00000000
2018-02-25 19:27:44,0.00061130,10.00000000
2018-02-25 19:27:44,0.00061200,3.00000000
2018-02-25 19:27:44,0.00061200,5.00000000
2018-02-25 19:27:44,0.00061200,2.00000000
2018-02-25 19:27:45,0.00061200,3.00000000
2018-02-25 19:27:45,0.00061114,3.00000000
2018-02-25 19:27:45,0.00061200,13.00000000
2018-02-25 19:27:46,0.00061200,209.00000000
2018-02-25 19:27:46,0.00061200,3.00000000
2018-02-25 19:27:46,0.00061200,2.00000000
2018-02-25 19:27:46,0.00061200,3.00000000
2018-02-25 19:27:46,0.00061200,3.00000000
2018-02-25 19:27:47,0.00061200,1252.00000000
2018-02-25 19:27:47,0.00061200,250.00000000
2018-02-25 19:27:47,0.00061200,2.00000000
2018-02-25 19:27:48,0.00061200,100.00000000
2018-02-25 19:27:49,0.00061200,127.00000000
2018-02-25 19:27:50,0.00061200,2.00000000
2018-02-25 19:27:50,0.00061200,300.00000000
2018-02-25 19:27:50,0.00061200,2.00000000
2018-02-25 19:27:50,0.00061200,702.00000000
2018-02-25 19:27:51,0.00061200,8.00000000
2018-02-25 19:27:51,0.00061200,9.00000000
2018-02-25 19:27:51,0.00061200,554.00000000
2018-02-25 19:27:52,0.00061200,26.00000000
2018-02-25 19:27:53,0.00061200,36.00000000
2018-02-25 19:27:54,0.00061200,105.00000000
2018-02-25 19:27:56,0.00061200,18.00000000
2018-02-25 19:27:56,0.00061200,18.00000000
2018-02-25 19:27:56,0.00061203,18.00000000
2018-02-25 19:27:57,0.00061200,1.00000000
2018-02-25 19:27:57,0.00061115,72.00000000
2018-02-25 19:27:57,0.00061114,34.00000000
2018-02-25 19:27:57,0.00061111,1391.00000000
2018-02-25 19:27:57,0.00061110,32.00000000
2018-02-25 19:27:57,0.00061080,49.00000000
2018-02-25 19:27:57,0.00061028,49.00000000
2018-02-25 19:27:57,0.00061027,80.00000000
2018-02-25 19:27:57,0.00061026,80.00000000
2018-02-25 19:27:57,0.00061200,30.00000000
2018-02-25 19:27:58,0.00061200,23.00000000
2018-02-25 19:27:59,0.00061027,100.00000000
2018-02-25 19:27:59,0.00061030,4.00000000
2018-02-25 19:27:59,0.00061030,2.00000000
2018-02-25 19:28:00,0.00061033,4.00000000
2018-02-25 19:28:00,0.00061035,3.00000000
2018-02-25 19:28:00,0.00061077,3.00000000
2018-02-25 19:28:01,0.00061077,4.00000000
2018-02-25 19:28:01,0.00061077,3.00000000
2018-02-25 19:28:01,0.00061077,9.00000000
2018-02-25 19:28:01,0.00061077,5.00000000
2018-02-25 19:28:01,0.00061077,4.00000000
2018-02-25 19:28:01,0.00061077,62.00000000
2018-02-25 19:28:01,0.00061035,1.00000000
2018-02-25 19:28:01,0.00061031,30.00000000
2018-02-25 19:28:02,0.00061031,30.00000000
2018-02-25 19:28:02,0.00061030,30.00000000
2018-02-25 19:28:02,0.00061030,30.00000000
2018-02-25 19:28:02,0.00061030,30.00000000
2018-02-25 19:28:02,0.00061030,30.00000000
2018-02-25 19:28:02,0.00061028,106.00000000
2018-02-25 19:28:02,0.00061030,9.00000000
2018-02-25 19:28:03,0.00061031,12.00000000
2018-02-25 19:28:03,0.00061031,4.00000000
2018-02-25 19:28:03,0.00061031,3.00000000
2018-02-25 19:28:03,0.00061031,56.00000000
2018-02-25 19:28:03,0.00061031,32.00000000
2018-02-25 19:28:03,0.00061031,6.00000000
2018-02-25 19:28:03,0.00061034,4.00000000
2018-02-25 19:28:04,0.00061029,60.00000000
2018-02-25 19:28:04,0.00061030,5.00000000
2018-02-25 19:28:04,0.00061030,4.00000000
2018-02-25 19:28:04,0.00061030,4.00000000
2018-02-25 19:28:04,0.00061029,8.00000000
2018-02-25 19:28:04,0.00061045,2.00000000
2018-02-25 19:28:05,0.00061045,8.00000000
2018-02-25 19:28:05,0.00061045,3.00000000
2018-02-25 19:28:07,0.00061048,13.00000000
2018-02-25 19:28:07,0.00061025,12.00000000
2018-02-25 19:28:07,0.00061065,52.00000000
2018-02-25 19:28:07,0.00061065,3.00000000
2018-02-25 19:28:07,0.00061025,5.00000000
2018-02-25 19:28:11,0.00061057,58.00000000
2018-02-25 19:28:11,0.00061059,4.00000000
2018-02-25 19:28:12,0.00061065,11.00000000
2018-02-25 19:28:12,0.00061051,18.00000000
2018-02-25 19:28:13,0.00061070,32.00000000
2018-02-25 19:28:14,0.00061070,72.00000000
2018-02-25 19:28:14,0.00061070,28.00000000
2018-02-25 19:28:14,0.00061074,6.00000000
2018-02-25 19:28:14,0.00061075,68.00000000
2018-02-25 19:28:14,0.00061077,2.00000000
2018-02-25 19:28:14,0.00061078,16.00000000
2018-02-25 19:28:14,0.00061070,4.00000000
2018-02-25 19:28:14,0.00061070,11.00000000
2018-02-25 19:28:15,0.00061070,9.00000000
2018-02-25 19:28:15,0.00061070,5.00000000
2018-02-25 19:28:15,0.00061070,3.00000000
2018-02-25 19:28:15,0.00061070,15.00000000
2018-02-25 19:28:16,0.00061073,4.00000000
2018-02-25 19:28:17,0.00061111,4.00000000
2018-02-25 19:28:17,0.00061111,4.00000000
2018-02-25 19:28:17,0.00061111,3.00000000
2018-02-25 19:28:17,0.00061111,3.00000000
2018-02-25 19:28:18,0.00061111,25.00000000
2018-02-25 19:28:18,0.00061070,4.00000000
2018-02-25 19:28:21,0.00061075,3.00000000
2018-02-25 19:28:22,0.00061180,77.00000000
2018-02-25 19:28:22,0.00061181,4.00000000
2018-02-25 19:28:22,0.00061183,4.00000000
2018-02-25 19:28:22,0.00061186,354.00000000
2018-02-25 19:28:23,0.00061080,4.00000000
2018-02-25 19:28:23,0.00061075,1.00000000
2018-02-25 19:28:23,0.00061070,29.00000000
2018-02-25 19:28:25,0.00061073,4.00000000
2018-02-25 19:28:25,0.00061070,5.00000000
2018-02-25 19:28:25,0.00061176,4.00000000
2018-02-25 19:28:25,0.00061186,274.00000000
2018-02-25 19:28:25,0.00061186,25.00000000
2018-02-25 19:28:25,0.00061186,4.00000000
2018-02-25 19:28:27,0.00061186,4.00000000
2018-02-25 19:28:29,0.00061186,5.00000000
2018-02-25 19:28:29,0.00061186,4.00000000
2018-02-25 19:28:34,0.00061186,384.00000000
2018-02-25 19:28:35,0.00061186,10.00000000
2018-02-25 19:28:41,0.00061083,4.00000000
2018-02-25 19:28:41,0.00061080,39.00000000
2018-02-25 19:28:42,0.00061085,4.00000000
2018-02-25 19:28:42,0.00061181,4.00000000
2018-02-25 19:28:42,0.00061186,6.00000000
2018-02-25 19:28:46,0.00061180,2.00000000
2018-02-25 19:28:46,0.00061183,4.00000000
2018-02-25 19:28:46,0.00061186,15.00000000
2018-02-25 19:28:46,0.00061195,4.00000000
2018-02-25 19:28:46,0.00061200,10.00000000
2018-02-25 19:28:46,0.00061202,49.00000000
2018-02-25 19:28:46,0.00061203,20.00000000
2018-02-25 19:28:46,0.00061210,3.00000000
2018-02-25 19:28:46,0.00061215,5.00000000
2018-02-25 19:28:46,0.00061216,78.00000000
2018-02-25 19:28:46,0.00061223,12.00000000
2018-02-25 19:28:46,0.00061240,7.00000000
2018-02-25 19:28:58,0.00061239,3.00000000
2018-02-25 19:28:59,0.00061192,8.00000000
2018-02-25 19:28:59,0.00061186,409.00000000
2018-02-25 19:28:59,0.00061240,162.00000000
2018-02-25 19:29:00,0.00061240,42.00000000
2018-02-25 19:29:02,0.00061243,3.00000000
2018-02-25 19:29:03,0.00061242,20.00000000
2018-02-25 19:29:07,0.00061186,5.00000000
2018-02-25 19:29:09,0.00061240,2.00000000
2018-02-25 19:29:09,0.00061243,28.00000000
2018-02-25 19:29:11,0.00061200,225.00000000
2018-02-25 19:29:11,0.00061243,8.00000000
2018-02-25 19:29:14,0.00061243,5.00000000
2018-02-25 19:29:16,0.00061243,18.00000000
2018-02-25 19:29:16,0.00061244,70.00000000
2018-02-25 19:29:16,0.00061250,25.00000000
2018-02-25 19:29:16,0.00061258,17.00000000
2018-02-25 19:29:16,0.00061266,93.00000000
2018-02-25 19:29:16,0.00061280,4.00000000
2018-02-25 19:29:16,0.00061288,49.00000000
2018-02-25 19:29:16,0.00061290,129.00000000
2018-02-25 19:29:16,0.00061294,30.00000000
2018-02-25 19:29:16,0.00061294,4.00000000
2018-02-25 19:29:17,0.00061294,13.00000000
2018-02-25 19:29:17,0.00061294,123.00000000
2018-02-25 19:29:20,0.00061250,32.00000000
2018-02-25 19:29:20,0.00061276,39.00000000
2018-02-25 19:29:21,0.00061294,539.00000000
2018-02-25 19:29:21,0.00061294,110.00000000
2018-02-25 19:29:22,0.00061294,76.00000000
2018-02-25 19:29:22,0.00061294,3.00000000
2018-02-25 19:29:22,0.00061294,10.00000000
2018-02-25 19:29:22,0.00061295,2083.00000000
2018-02-25 19:29:23,0.00061294,3.00000000
2018-02-25 19:29:23,0.00061294,231.00000000
2018-02-25 19:29:24,0.00061294,1485.00000000
2018-02-25 19:29:27,0.00061203,4.00000000
2018-02-25 19:29:29,0.00061200,4.00000000
2018-02-25 19:29:29,0.00061200,34.00000000
2018-02-25 19:29:31,0.00061200,4.00000000
2018-02-25 19:29:31,0.00061200,8.00000000
2018-02-25 19:29:31,0.00061200,4.00000000
2018-02-25 19:29:31,0.00061200,6.00000000
2018-02-25 19:29:32,0.00061205,28.00000000
2018-02-25 19:29:34,0.00061205,3.00000000
2018-02-25 19:29:34,0.00061291,4.00000000
2018-02-25 19:29:34,0.00061295,22.00000000
2018-02-25 19:29:34,0.00061295,14.00000000
2018-02-25 19:29:34,0.00061299,500.00000000
2018-02-25 19:29:34,0.00061300,1140.00000000
2018-02-25 19:29:34,0.00061300,3.00000000
2018-02-25 19:29:34,0.00061300,4.00000000
2018-02-25 19:29:35,0.00061300,249.00000000
2018-02-25 19:29:38,0.00061300,110.00000000
2018-02-25 19:29:38,0.00061300,38.00000000
2018-02-25 19:29:39,0.00061205,39.00000000
2018-02-25 19:29:41,0.00061208,4.00000000
2018-02-25 19:29:41,0.00061206,17.00000000
2018-02-25 19:29:41,0.00061301,12.00000000
2018-02-25 19:29:42,0.00061206,604.00000000
2018-02-25 19:29:44,0.00061206,14.00000000
2018-02-25 19:29:54,0.00061211,4.00000000
2018-02-25 19:29:56,0.00061250,19.00000000
2018-02-25 19:29:56,0.00061211,7.00000000
2018-02-25 19:29:56,0.00061210,4.00000000
2018-02-25 19:29:56,0.00061250,3.00000000
2018-02-25 19:30:00,0.00061247,4.00000000
2018-02-25 19:30:00,0.00061250,2.00000000
2018-02-25 19:30:01,0.00061290,90.00000000
2018-02-25 19:30:05,0.00061290,43.00000000
2018-02-25 19:30:05,0.00061300,287.00000000
2018-02-25 19:30:06,0.00061300,120.00000000
2018-02-25 19:30:06,0.00061301,31.00000000
2018-02-25 19:30:06,0.00061307,229.00000000
2018-02-25 19:30:07,0.00061230,17.00000000
2018-02-25 19:30:09,0.00061290,12.00000000
2018-02-25 19:30:09,0.00061300,159.00000000
2018-02-25 19:30:09,0.00061300,49.00000000
2018-02-25 19:30:09,0.00061307,2.00000000
2018-02-25 19:30:10,0.00061230,3.00000000
2018-02-25 19:30:10,0.00061211,32.00000000
2018-02-25 19:30:10,0.00061210,641.00000000
2018-02-25 19:30:10,0.00061208,323.00000000
2018-02-25 19:30:10,0.00061307,14.00000000
2018-02-25 19:30:10,0.00061308,3.00000000
2018-02-25 19:30:12,0.00061308,13.00000000
2018-02-25 19:30:12,0.00061310,26.00000000
2018-02-25 19:30:14,0.00061211,4.00000000
2018-02-25 19:30:14,0.00061209,645.00000000
2018-02-25 19:30:20,0.00061307,4.00000000
2018-02-25 19:30:21,0.00061307,140.00000000
2018-02-25 19:30:22,0.00061310,84.00000000
2018-02-25 19:30:25,0.00061310,338.00000000
2018-02-25 19:30:25,0.00061310,263.00000000
2018-02-25 19:30:26,0.00061310,4.00000000
2018-02-25 19:30:32,0.00061333,12.00000000
2018-02-25 19:30:32,0.00061333,2.00000000
2018-02-25 19:30:32,0.00061333,244.00000000
2018-02-25 19:30:32,0.00061333,5.00000000
2018-02-25 19:30:33,0.00061333,148.00000000
2018-02-25 19:30:33,0.00061333,50.00000000
2018-02-25 19:30:33,0.00061350,43.00000000
2018-02-25 19:30:34,0.00061350,150.00000000
2018-02-25 19:30:35,0.00061311,7.00000000
2018-02-25 19:30:35,0.00061310,18.00000000
2018-02-25 19:30:35,0.00061350,41.00000000
2018-02-25 19:30:36,0.00061358,44.00000000
2018-02-25 19:30:37,0.00061358,3.00000000
2018-02-25 19:30:38,0.00061358,11.00000000
2018-02-25 19:30:38,0.00061363,35.00000000
2018-02-25 19:30:38,0.00061365,100.00000000
2018-02-25 19:30:38,0.00061369,250.00000000
2018-02-25 19:30:38,0.00061370,1.00000000
2018-02-25 19:30:39,0.00061368,11.00000000
2018-02-25 19:30:41,0.00061368,39.00000000
2018-02-25 19:30:41,0.00061370,60.00000000
2018-02-25 19:30:44,0.00061367,15.00000000
2018-02-25 19:30:45,0.00061375,26.00000000
2018-02-25 19:30:45,0.00061367,14.00000000
2018-02-25 19:30:46,0.00061375,1042.00000000
2018-02-25 19:30:46,0.00061375,10.00000000
2018-02-25 19:30:47,0.00061375,204.00000000
2018-02-25 19:30:48,0.00061375,39.00000000
2018-02-25 19:30:48,0.00061375,124.00000000
2018-02-25 19:30:49,0.00061374,200.00000000
2018-02-25 19:30:49,0.00061350,109.00000000
2018-02-25 19:30:51,0.00061374,73.00000000
2018-02-25 19:30:52,0.00061374,9.00000000
2018-02-25 19:30:52,0.00061350,497.00000000
2018-02-25 19:30:53,0.00061350,19.00000000
2018-02-25 19:30:53,0.00061350,5.00000000
2018-02-25 19:30:54,0.00061333,66.00000000
2018-02-25 19:30:55,0.00061350,714.00000000
2018-02-25 19:30:55,0.00061374,1328.00000000
2018-02-25 19:30:55,0.00061374,275.00000000
2018-02-25 19:30:59,0.00061374,11.00000000
2018-02-25 19:31:01,0.00061374,21.00000000
2018-02-25 19:31:01,0.00061374,101.00000000
2018-02-25 19:31:04,0.00061374,12.00000000
2018-02-25 19:31:04,0.00061374,151.00000000
2018-02-25 19:31:04,0.00061375,195.00000000
2018-02-25 19:31:06,0.00061374,22.00000000
2018-02-25 19:31:07,0.00061364,5.00000000
2018-02-25 19:31:07,0.00061311,1504.00000000
2018-02-25 19:31:07,0.00061310,542.00000000
2018-02-25 19:31:07,0.00061310,140.00000000
2018-02-25 19:31:07,0.00061310,29.00000000
2018-02-25 19:31:08,0.00061310,14.00000000
2018-02-25 19:31:08,0.00061310,74.00000000
2018-02-25 19:31:09,0.00061310,149.00000000
2018-02-25 19:31:09,0.00061310,51.00000000
2018-02-25 19:31:10,0.00061310,670.00000000
2018-02-25 19:31:10,0.00061241,3.00000000
2018-02-25 19:31:11,0.00061241,4.00000000
2018-02-25 19:31:11,0.00061310,531.00000000
2018-02-25 19:31:11,0.00061333,11.00000000
2018-02-25 19:31:12,0.00061333,4.00000000
2018-02-25 19:31:12,0.00061333,3.00000000
2018-02-25 19:31:13,0.00061333,1.00000000
2018-02-25 19:31:13,0.00061240,15.00000000
2018-02-25 19:31:13,0.00061242,6.00000000
2018-02-25 19:31:13,0.00061242,7.00000000
2018-02-25 19:31:14,0.00061241,4.00000000
2018-02-25 19:31:15,0.00061358,9.00000000
2018-02-25 19:31:16,0.00061247,6.00000000
2018-02-25 19:31:16,0.00061246,4.00000000
2018-02-25 19:31:16,0.00061243,4.00000000
2018-02-25 19:31:16,0.00061241,3.00000000
2018-02-25 19:31:16,0.00061240,34.00000000
2018-02-25 19:31:16,0.00061239,42.00000000
2018-02-25 19:31:19,0.00061250,8.00000000
2018-02-25 19:31:19,0.00061244,4.00000000
2018-02-25 19:31:19,0.00061239,216.00000000
2018-02-25 19:31:19,0.00061230,196.00000000
2018-02-25 19:31:19,0.00061209,183.00000000
2018-02-25 19:31:19,0.00061208,1030.00000000
2018-02-25 19:31:20,0.00061339,4.00000000
2018-02-25 19:31:21,0.00061341,20.00000000
2018-02-25 19:31:21,0.00061345,4.00000000
2018-02-25 19:31:21,0.00061356,8.00000000
2018-02-25 19:31:21,0.00061356,17.00000000
2018-02-25 19:31:23,0.00061338,4.00000000
2018-02-25 19:31:23,0.00061351,4.00000000
2018-02-25 19:31:24,0.00061250,19.00000000
2018-02-25 19:31:24,0.00061249,8.00000000
2018-02-25 19:31:24,0.00061244,1.00000000
2018-02-25 19:31:26,0.00061300,49.00000000
2018-02-25 19:31:32,0.00061258,4.00000000
2018-02-25 19:31:33,0.00061258,1.00000000
2018-02-25 19:31:42,0.00061300,567.00000000
2018-02-25 19:31:43,0.00061259,46.00000000
2018-02-25 19:31:44,0.00061300,39.00000000
2018-02-25 19:31:44,0.00061300,2.00000000
2018-02-25 19:31:45,0.00061258,3.00000000
2018-02-25 19:31:45,0.00061250,16.00000000
2018-02-25 19:31:45,0.00061249,32.00000000
2018-02-25 19:31:45,0.00061244,3.00000000
2018-02-25 19:31:45,0.00061239,46.00000000
2018-02-25 19:31:45,0.00061250,717.00000000
2018-02-25 19:31:45,0.00061300,3.00000000
2018-02-25 19:31:47,0.00061239,11.00000000
2018-02-25 19:31:47,0.00061229,196.00000000
2018-02-25 19:31:47,0.00061208,495.00000000
2018-02-25 19:31:47,0.00061208,120.00000000
2018-02-25 19:31:49,0.00061211,4.00000000
2018-02-25 19:31:49,0.00061208,9.00000000
2018-02-25 19:31:49,0.00061208,84.00000000
2018-02-25 19:31:50,0.00061208,1.00000000
2018-02-25 19:31:50,0.00061299,3.00000000
2018-02-25 19:31:51,0.00061239,4.00000000
2018-02-25 19:31:53,0.00061260,7.00000000
2018-02-25 19:31:53,0.00061250,500.00000000
2018-02-25 19:31:53,0.00061239,4.00000000
2018-02-25 19:31:53,0.00061250,407.00000000
2018-02-25 19:31:54,0.00061250,46.00000000
2018-02-25 19:31:54,0.00061250,8.00000000
2018-02-25 19:31:56,0.00061250,15.00000000
2018-02-25 19:31:56,0.00061250,3.00000000
2018-02-25 19:31:57,0.00061247,4.00000000
2018-02-25 19:31:57,0.00061250,457.00000000
2018-02-25 19:31:57,0.00061290,11.00000000
2018-02-25 19:31:58,0.00061299,6.00000000
2018-02-25 19:31:58,0.00061299,7.00000000
2018-02-25 19:31:59,0.00061299,91.00000000
2018-02-25 19:31:59,0.00061299,993.00000000
2018-02-25 19:31:59,0.00061300,2029.00000000
2018-02-25 19:31:59,0.00061338,4.00000000
2018-02-25 19:31:59,0.00061349,42.00000000
2018-02-25 19:31:59,0.00061351,4.00000000
2018-02-25 19:31:59,0.00061354,230.00000000
2018-02-25 19:31:59,0.00061372,48.00000000
2018-02-25 19:31:59,0.00061373,374.00000000
2018-02-25 19:31:59,0.00061374,324.00000000
2018-02-25 19:31:59,0.00061375,2094.00000000
2018-02-25 19:31:59,0.00061386,2008.00000000
2018-02-25 19:32:00,0.00061385,4.00000000
2018-02-25 19:32:01,0.00061299,100.00000000
2018-02-25 19:32:02,0.00061266,4.00000000
2018-02-25 19:32:02,0.00061266,10.00000000
2018-02-25 19:32:02,0.00061265,4.00000000
2018-02-25 19:32:02,0.00061261,22.00000000
2018-02-25 19:32:03,0.00061380,6.00000000
2018-02-25 19:32:03,0.00061380,14.00000000
2018-02-25 19:32:03,0.00061381,2.00000000
2018-02-25 19:32:04,0.00061299,32.00000000
2018-02-25 19:32:04,0.00061299,32.00000000
2018-02-25 19:32:05,0.00061299,29.00000000
2018-02-25 19:32:06,0.00061265,10.00000000
2018-02-25 19:32:07,0.00061264,4.00000000
2018-02-25 19:32:07,0.00061261,26.00000000
2018-02-25 19:32:07,0.00061258,100.00000000
2018-02-25 19:32:07,0.00061239,2.00000000
2018-02-25 19:32:07,0.00061203,32.00000000
2018-02-25 19:32:07,0.00061200,102.00000000
2018-02-25 19:32:07,0.00061186,93.00000000
2018-02-25 19:32:07,0.00061172,101.00000000
2018-02-25 19:32:07,0.00061171,186.00000000
2018-02-25 19:32:07,0.00061171,30.00000000
2018-02-25 19:32:07,0.00061265,15.00000000
2018-02-25 19:32:09,0.00061171,27.00000000
2018-02-25 19:32:09,0.00061265,8.00000000
2018-02-25 19:32:09,0.00061290,4.00000000
2018-02-25 19:32:09,0.00061293,26.00000000
2018-02-25 19:32:09,0.00061299,50.00000000
2018-02-25 19:32:09,0.00061173,4.00000000
2018-02-25 19:32:10,0.00061266,4.00000000
2018-02-25 19:32:10,0.00061294,4.00000000
2018-02-25 19:32:10,0.00061299,4.00000000
2018-02-25 19:32:11,0.00061299,6.00000000
2018-02-25 19:32:11,0.00061266,8.00000000
2018-02-25 19:32:11,0.00061268,4.00000000
2018-02-25 19:32:11,0.00061268,6.00000000
2018-02-25 19:32:12,0.00061268,8.00000000
2018-02-25 19:32:13,0.00061299,87.00000000
2018-02-25 19:32:14,0.00061283,4.00000000
2018-02-25 19:32:14,0.00061271,3.00000000
2018-02-25 19:32:14,0.00061268,6.00000000
2018-02-25 19:32:14,0.00061266,7.00000000
2018-02-25 19:32:15,0.00061299,10.00000000
2018-02-25 19:32:16,0.00061266,9.00000000
2018-02-25 19:32:16,0.00061264,6.00000000
2018-02-25 19:32:17,0.00061264,4.00000000
2018-02-25 19:32:17,0.00061200,5.00000000
2018-02-25 19:32:17,0.00061178,1.00000000
2018-02-25 19:32:18,0.00061178,3.00000000
2018-02-25 19:32:18,0.00061176,81.00000000
2018-02-25 19:32:18,0.00061299,5.00000000
2018-02-25 19:32:22,0.00061191,6.00000000
2018-02-25 19:32:22,0.00061190,13.00000000
2018-02-25 19:32:23,0.00061193,4.00000000
2018-02-25 19:32:23,0.00061184,4.00000000
2018-02-25 19:32:23,0.00061176,4.00000000
2018-02-25 19:32:23,0.00061171,372.00000000
2018-02-25 19:32:24,0.00061292,65.00000000
2018-02-25 19:32:26,0.00061189,4.00000000
2018-02-25 19:32:26,0.00061184,16.00000000
2018-02-25 19:32:26,0.00061178,21.00000000
2018-02-25 19:32:29,0.00061267,96.00000000
2018-02-25 19:32:30,0.00061267,34.00000000
2018-02-25 19:32:31,0.00061267,70.00000000
2018-02-25 19:32:31,0.00061178,59.00000000
2018-02-25 19:32:34,0.00061272,10.00000000
2018-02-25 19:32:34,0.00061272,10.00000000
2018-02-25 19:32:34,0.00061274,4.00000000
2018-02-25 19:32:34,0.00061284,4.00000000
2018-02-25 19:32:34,0.00061294,3.00000000
2018-02-25 19:32:35,0.00061178,75.00000000
2018-02-25 19:32:35,0.00061179,2.00000000
2018-02-25 19:32:37,0.00061185,5.00000000
2018-02-25 19:32:37,0.00061184,3.00000000
2018-02-25 19:32:37,0.00061183,4.00000000
2018-02-25 19:32:37,0.00061181,4.00000000
2018-02-25 19:32:37,0.00061178,41.00000000
2018-02-25 19:32:38,0.00061178,12.00000000
2018-02-25 19:32:39,0.00061178,3.00000000
2018-02-25 19:32:40,0.00061284,20.00000000
2018-02-25 19:32:42,0.00061183,4.00000000
2018-02-25 19:32:42,0.00061179,1.00000000
2018-02-25 19:32:42,0.00061284,4.00000000
2018-02-25 19:32:44,0.00061179,19.00000000
2018-02-25 19:32:44,0.00061178,28.00000000
2018-02-25 19:32:52,0.00061280,10.00000000
2018-02-25 19:32:53,0.00061289,4.00000000
2018-02-25 19:32:53,0.00061294,1.00000000
2018-02-25 19:32:53,0.00061295,45.00000000
2018-02-25 19:32:54,0.00061259,5.00000000
2018-02-25 19:32:58,0.00061289,3.00000000
2018-02-25 19:32:58,0.00061200,7.00000000
2018-02-25 19:33:01,0.00061292,4.00000000
2018-02-25 19:33:01,0.00061295,311.00000000
2018-02-25 19:33:01,0.00061299,445.00000000
2018-02-25 19:33:01,0.00061300,44.00000000
2018-02-25 19:33:01,0.00061322,26.00000000
2018-02-25 19:33:01,0.00061349,30.00000000
2018-02-25 19:33:01,0.00061370,20.00000000
2018-02-25 19:33:01,0.00061375,2.00000000
2018-02-25 19:33:01,0.00061380,16.00000000
2018-02-25 19:33:01,0.00061381,42.00000000
2018-02-25 19:33:01,0.00061384,58.00000000
2018-02-25 19:33:01,0.00061385,103.00000000
2018-02-25 19:33:01,0.00061386,1218.00000000
2018-02-25 19:33:02,0.00061310,9.00000000
2018-02-25 19:33:02,0.00061320,6.00000000
2018-02-25 19:33:02,0.00061386,1.00000000
2018-02-25 19:33:03,0.00061294,30.00000000
2018-02-25 19:33:03,0.00061386,11.00000000
2018-02-25 19:33:04,0.00061386,20.00000000
2018-02-25 19:33:06,0.00061386,47.00000000
2018-02-25 19:33:06,0.00061292,247.00000000
2018-02-25 19:33:07,0.00061290,10.00000000
2018-02-25 19:33:11,0.00061202,4.00000000
2018-02-25 19:33:12,0.00061205,4.00000000
2018-02-25 19:33:12,0.00061202,17.00000000
2018-02-25 19:33:12,0.00061202,9.00000000
2018-02-25 19:33:13,0.00061202,4.00000000
2018-02-25 19:33:14,0.00061287,4.00000000
2018-02-25 19:33:15,0.00061203,3.00000000
2018-02-25 19:33:18,0.00061290,12.00000000
2018-02-25 19:33:18,0.00061290,3.00000000
2018-02-25 19:33:20,0.00061290,2.00000000
2018-02-25 19:33:22,0.00061280,44.00000000
2018-02-25 19:33:22,0.00061203,60.00000000
2018-02-25 19:33:27,0.00061203,4.00000000
2018-02-25 19:33:28,0.00061290,12.00000000
2018-02-25 19:33:29,0.00061203,5.00000000
2018-02-25 19:33:29,0.00061290,49.00000000
2018-02-25 19:33:29,0.00061290,48.00000000
2018-02-25 19:33:29,0.00061290,49.00000000
2018-02-25 19:33:29,0.00061290,16.00000000
2018-02-25 19:33:31,0.00061290,55.00000000
2018-02-25 19:33:34,0.00061389,5.00000000
2018-02-25 19:33:35,0.00061390,3.00000000
2018-02-25 19:33:35,0.00061390,29.00000000
2018-02-25 19:33:41,0.00061389,57.00000000
2018-02-25 19:33:41,0.00061390,15.00000000
2018-02-25 19:33:42,0.00061390,18.00000000
2018-02-25 19:33:43,0.00061390,432.00000000
2018-02-25 19:33:43,0.00061293,4.00000000
2018-02-25 19:33:43,0.00061290,56.00000000
2018-02-25 19:33:44,0.00061390,37.00000000
2018-02-25 19:33:44,0.00061390,15.00000000
2018-02-25 19:33:45,0.00061300,10.00000000
2018-02-25 19:33:45,0.00061385,4.00000000
2018-02-25 19:33:45,0.00061386,4.00000000
2018-02-25 19:33:45,0.00061386,6.00000000
2018-02-25 19:33:45,0.00061387,4.00000000
2018-02-25 19:33:46,0.00061389,2.00000000
2018-02-25 19:33:47,0.00061389,16.00000000
2018-02-25 19:33:48,0.00061389,12.00000000
2018-02-25 19:33:48,0.00061390,853.00000000
2018-02-25 19:33:48,0.00061392,2.00000000
2018-02-25 19:33:48,0.00061396,23.00000000
2018-02-25 19:33:48,0.00061397,34.00000000
2018-02-25 19:33:48,0.00061399,119.00000000
2018-02-25 19:33:48,0.00061400,17.00000000
2018-02-25 19:33:51,0.00061394,10.00000000
2018-02-25 19:33:51,0.00061293,2.00000000
2018-02-25 19:33:52,0.00061398,10.00000000
2018-02-25 19:33:53,0.00061399,30.00000000
2018-02-25 19:33:54,0.00061399,21.00000000
2018-02-25 19:33:54,0.00061399,8.00000000
2018-02-25 19:33:56,0.00061399,80.00000000
2018-02-25 19:33:56,0.00061400,88.00000000
2018-02-25 19:33:57,0.00061399,30.00000000
2018-02-25 19:33:57,0.00061400,10.00000000
2018-02-25 19:33:59,0.00061377,4.00000000
2018-02-25 19:34:00,0.00061400,641.00000000
2018-02-25 19:34:01,0.00061400,830.00000000
2018-02-25 19:34:02,0.00061400,225.00000000
2018-02-25 19:34:03,0.00061400,1250.00000000
2018-02-25 19:34:04,0.00061400,6.00000000
2018-02-25 19:34:04,0.00061378,3.00000000
2018-02-25 19:34:06,0.00061400,41.00000000
2018-02-25 19:34:06,0.00061400,1.00000000
2018-02-25 19:34:07,0.00061400,31.00000000
2018-02-25 19:34:09,0.00061400,7.00000000
2018-02-25 19:34:10,0.00061399,1588.00000000
2018-02-25 19:34:10,0.00061399,323.00000000
2018-02-25 19:34:11,0.00061399,140.00000000
2018-02-25 19:34:11,0.00061399,7.00000000
2018-02-25 19:34:14,0.00061399,272.00000000
2018-02-25 19:34:14,0.00061398,15.00000000
2018-02-25 19:34:16,0.00061399,28.00000000
2018-02-25 19:34:16,0.00061399,3.00000000
2018-02-25 19:34:19,0.00061398,48.00000000
2018-02-25 19:34:24,0.00061398,144.00000000
2018-02-25 19:34:24,0.00061398,92.00000000
2018-02-25 19:34:33,0.00061398,114.00000000
2018-02-25 19:34:33,0.00061399,32.00000000
2018-02-25 19:34:33,0.00061400,2.00000000
2018-02-25 19:34:35,0.00061400,11.00000000
2018-02-25 19:34:35,0.00061400,212.00000000
2018-02-25 19:34:37,0.00061398,39.00000000
2018-02-25 19:34:44,0.00061400,1139.00000000
2018-02-25 19:34:45,0.00061400,92.00000000
2018-02-25 19:34:46,0.00061400,8.00000000
2018-02-25 19:34:47,0.00061402,7.00000000
2018-02-25 19:34:47,0.00061402,8.00000000
2018-02-25 19:34:47,0.00061401,7.00000000
2018-02-25 19:34:48,0.00061411,8.00000000
2018-02-25 19:34:49,0.00061401,8.00000000
2018-02-25 19:34:49,0.00061400,128.00000000
2018-02-25 19:34:49,0.00061398,424.00000000
2018-02-25 19:34:58,0.00061398,15.00000000
2018-02-25 19:34:58,0.00061398,15.00000000
2018-02-25 19:34:58,0.00061398,7.00000000
2018-02-25 19:34:58,0.00061390,15.00000000
2018-02-25 19:34:58,0.00061398,63.00000000
2018-02-25 19:34:59,0.00061398,12.00000000
2018-02-25 19:34:59,0.00061398,173.00000000
2018-02-25 19:35:00,0.00061398,9.00000000
2018-02-25 19:35:00,0.00061398,709.00000000
2018-02-25 19:35:00,0.00061399,709.00000000
2018-02-25 19:35:00,0.00061399,221.00000000
2018-02-25 19:35:00,0.00061401,259.00000000
2018-02-25 19:35:00,0.00061411,1210.00000000
2018-02-25 19:35:00,0.00061419,73.00000000
2018-02-25 19:35:01,0.00061399,16.00000000
2018-02-25 19:35:02,0.00061398,6.00000000
2018-02-25 19:35:06,0.00061398,322.00000000
2018-02-25 19:35:08,0.00061398,778.00000000
2018-02-25 19:35:08,0.00061398,50.00000000
2018-02-25 19:35:08,0.00061398,116.00000000
2018-02-25 19:35:09,0.00061397,73.00000000
2018-02-25 19:35:09,0.00061398,383.00000000
2018-02-25 19:35:10,0.00061397,48.00000000
2018-02-25 19:35:10,0.00061397,154.00000000
2018-02-25 19:35:10,0.00061398,48.00000000
2018-02-25 19:35:10,0.00061398,35.00000000
2018-02-25 19:35:10,0.00061400,230.00000000
2018-02-25 19:35:11,0.00061400,3.00000000
2018-02-25 19:35:12,0.00061400,3.00000000
2018-02-25 19:35:12,0.00061400,28.00000000
2018-02-25 19:35:14,0.00061400,40.00000000
2018-02-25 19:35:18,0.00061398,46.00000000
2018-02-25 19:35:18,0.00061398,149.00000000
2018-02-25 19:35:18,0.00061400,779.00000000
2018-02-25 19:35:21,0.00061400,7.00000000
2018-02-25 19:35:21,0.00061400,1.00000000
2018-02-25 19:35:23,0.00061400,201.00000000
2018-02-25 19:35:23,0.00061400,201.00000000
2018-02-25 19:35:23,0.00061400,48.00000000
2018-02-25 19:35:23,0.00061400,1.00000000
2018-02-25 19:35:24,0.00061399,15.00000000
2018-02-25 19:35:26,0.00061415,40.00000000
2018-02-25 19:35:27,0.00061415,4.00000000
2018-02-25 19:35:28,0.00061415,39.00000000
2018-02-25 19:35:28,0.00061415,4.00000000
2018-02-25 19:35:28,0.00061415,4.00000000
2018-02-25 19:35:28,0.00061415,4.00000000
2018-02-25 19:35:30,0.00061399,52.00000000
2018-02-25 19:35:30,0.00061414,201.00000000
2018-02-25 19:35:30,0.00061415,175.00000000
2018-02-25 19:35:30,0.00061415,399.00000000
2018-02-25 19:35:32,0.00061415,16.00000000
2018-02-25 19:35:35,0.00061415,234.00000000
2018-02-25 19:35:35,0.00061415,7.00000000
2018-02-25 19:35:36,0.00061400,36.00000000
2018-02-25 19:35:41,0.00061415,3.00000000
2018-02-25 19:35:44,0.00061415,319.00000000
2018-02-25 19:35:44,0.00061420,243.00000000
2018-02-25 19:35:44,0.00061444,115.00000000
2018-02-25 19:35:46,0.00061444,247.00000000
2018-02-25 19:35:47,0.00061440,116.00000000
2018-02-25 19:35:48,0.00061450,566.00000000
2018-02-25 19:35:50,0.00061450,243.00000000
2018-02-25 19:35:50,0.00061479,163.00000000
2018-02-25 19:35:51,0.00061400,378.00000000
2018-02-25 19:35:51,0.00061400,32.00000000
2018-02-25 19:35:51,0.00061400,46.00000000
2018-02-25 19:35:52,0.00061474,8.00000000
2018-02-25 19:35:53,0.00061479,11.00000000
2018-02-25 19:35:56,0.00061464,2.00000000
2018-02-25 19:35:56,0.00061479,27.00000000
2018-02-25 19:35:56,0.00061479,276.00000000
2018-02-25 19:35:56,0.00061479,23.00000000
2018-02-25 19:36:00,0.00061480,68.00000000
2018-02-25 19:36:02,0.00061480,261.00000000
2018-02-25 19:36:03,0.00061480,10.00000000
2018-02-25 19:36:04,0.00061480,37.00000000
2018-02-25 19:36:04,0.00061484,1.00000000
2018-02-25 19:36:05,0.00061480,6.00000000
2018-02-25 19:36:05,0.00061479,33.00000000
2018-02-25 19:36:07,0.00061480,4.00000000
2018-02-25 19:36:08,0.00061480,10.00000000
2018-02-25 19:36:10,0.00061479,2.00000000
2018-02-25 19:36:11,0.00061480,4.00000000
2018-02-25 19:36:11,0.00061480,6.00000000
2018-02-25 19:36:11,0.00061479,4.00000000
2018-02-25 19:36:12,0.00061484,19.00000000
2018-02-25 19:36:12,0.00061486,5.00000000
2018-02-25 19:36:13,0.00061486,29.00000000
2018-02-25 19:36:13,0.00061490,748.00000000
2018-02-25 19:36:13,0.00061491,157.00000000
2018-02-25 19:36:13,0.00061495,137.00000000
2018-02-25 19:36:17,0.00061484,57.00000000
2018-02-25 19:36:20,0.00061495,105.00000000
2018-02-25 19:36:25,0.00061495,2.00000000
2018-02-25 19:36:25,0.00061490,10.00000000
2018-02-25 19:36:25,0.00061485,6.00000000
2018-02-25 19:36:25,0.00061485,7.00000000
2018-02-25 19:36:25,0.00061484,22.00000000
2018-02-25 19:36:29,0.00061495,20.00000000
2018-02-25 19:36:30,0.00061486,13.00000000
2018-02-25 19:36:31,0.00061495,23.00000000
2018-02-25 19:36:31,0.00061498,113.00000000
2018-02-25 19:36:32,0.00061498,25.00000000
2018-02-25 19:36:33,0.00061498,16.00000000
2018-02-25 19:36:33,0.00061498,12.00000000
2018-02-25 19:36:33,0.00061498,25.00000000
2018-02-25 19:36:33,0.00061498,18.00000000
2018-02-25 19:36:34,0.00061498,7.00000000
2018-02-25 19:36:36,0.00061495,302.00000000
2018-02-25 19:36:41,0.00061494,25.00000000
2018-02-25 19:36:41,0.00061495,13.00000000
2018-02-25 19:36:41,0.00061495,660.00000000
2018-02-25 19:36:41,0.00061495,92.00000000
2018-02-25 19:36:42,0.00061495,34.00000000
2018-02-25 19:36:44,0.00061495,280.00000000
2018-02-25 19:36:44,0.00061495,48.00000000
2018-02-25 19:36:46,0.00061498,16.00000000
2018-02-25 19:36:46,0.00061498,72.00000000
2018-02-25 19:36:47,0.00061498,41.00000000
2018-02-25 19:36:51,0.00061496,7.00000000
2018-02-25 19:36:52,0.00061498,210.00000000
2018-02-25 19:36:54,0.00061498,171.00000000
2018-02-25 19:36:57,0.00061498,128.00000000
2018-02-25 19:36:57,0.00061498,619.00000000
2018-02-25 19:36:57,0.00061499,682.00000000
2018-02-25 19:36:59,0.00061498,24.00000000
2018-02-25 19:37:00,0.00061498,192.00000000
2018-02-25 19:37:01,0.00061498,3.00000000
2018-02-25 19:37:01,0.00061498,23.00000000
2018-02-25 19:37:01,0.00061499,57.00000000
2018-02-25 19:37:01,0.00061499,320.00000000
2018-02-25 19:37:01,0.00061500,5777.00000000
2018-02-25 19:37:02,0.00061500,151.00000000
2018-02-25 19:37:06,0.00061500,534.00000000
2018-02-25 19:37:06,0.00061501,50.00000000
2018-02-25 19:37:06,0.00061502,83.00000000
2018-02-25 19:37:06,0.00061509,159.00000000
2018-02-25 19:37:06,0.00061509,9.00000000
2018-02-25 19:37:07,0.00061509,2.00000000
2018-02-25 19:37:07,0.00061509,3.00000000
2018-02-25 19:37:07,0.00061509,17.00000000
2018-02-25 19:37:07,0.00061509,220.00000000
2018-02-25 19:37:08,0.00061510,73.00000000
2018-02-25 19:37:09,0.00061510,259.00000000
2018-02-25 19:37:10,0.00061500,10.00000000
2018-02-25 19:37:10,0.00061518,2.00000000
2018-02-25 19:37:10,0.00061518,3.00000000
2018-02-25 19:37:10,0.00061519,18.00000000
2018-02-25 19:37:11,0.00061500,64.00000000
2018-02-25 19:37:11,0.00061500,10.00000000
2018-02-25 19:37:11,0.00061500,112.00000000
2018-02-25 19:37:11,0.00061519,597.00000000
2018-02-25 19:37:11,0.00061519,2.00000000
2018-02-25 19:37:11,0.00061499,19.00000000
2018-02-25 19:37:11,0.00061498,19.00000000
2018-02-25 19:37:11,0.00061519,7.00000000
2018-02-25 19:37:12,0.00061519,196.00000000
2018-02-25 19:37:13,0.00061519,2.00000000
2018-02-25 19:37:13,0.00061519,2.00000000
2018-02-25 19:37:13,0.00061519,4.00000000
2018-02-25 19:37:13,0.00061519,57.00000000
2018-02-25 19:37:13,0.00061519,2.00000000
2018-02-25 19:37:13,0.00061519,2.00000000
2018-02-25 19:37:13,0.00061519,17.00000000
2018-02-25 19:37:14,0.00061500,52.00000000
2018-02-25 19:37:15,0.00061498,37.00000000
2018-02-25 19:37:19,0.00061500,12.00000000
2018-02-25 19:37:20,0.00061500,7.00000000
2018-02-25 19:37:22,0.00061499,14.00000000
2018-02-25 19:37:23,0.00061500,7.00000000
2018-02-25 19:37:26,0.00061508,7.00000000
2018-02-25 19:37:27,0.00061500,19.00000000
2018-02-25 19:37:30,0.00061508,23.00000000
2018-02-25 19:37:30,0.00061519,54.00000000
2018-02-25 19:37:31,0.00061501,81.00000000
2018-02-25 19:37:31,0.00061500,682.00000000
2018-02-25 19:37:31,0.00061499,18.00000000
2018-02-25 19:37:31,0.00061498,3.00000000
2018-02-25 19:37:32,0.00061498,56.00000000
2018-02-25 19:37:33,0.00061498,23.00000000
2018-02-25 19:37:33,0.00061498,50.00000000
2018-02-25 19:37:35,0.00061498,358.00000000
2018-02-25 19:37:35,0.00061498,169.00000000
2018-02-25 19:37:36,0.00061498,40.00000000
2018-02-25 19:37:38,0.00061505,46.00000000
2018-02-25 19:37:38,0.00061518,3.00000000
2018-02-25 19:37:39,0.00061518,5.00000000
2018-02-25 19:37:39,0.00061519,11.00000000
2018-02-25 19:37:40,0.00061519,375.00000000
2018-02-25 19:37:42,0.00061519,5.00000000
2018-02-25 19:37:50,0.00061518,55.00000000
2018-02-25 19:37:52,0.00061518,112.00000000
2018-02-25 19:37:53,0.00061501,51.00000000
2018-02-25 19:37:53,0.00061500,529.00000000
2018-02-25 19:37:55,0.00061500,55.00000000
2018-02-25 19:37:57,0.00061500,99.00000000
2018-02-25 19:37:59,0.00061500,27.00000000
2018-02-25 19:38:00,0.00061500,139.00000000
2018-02-25 19:38:00,0.00061500,20.00000000
2018-02-25 19:38:01,0.00061500,38.00000000
2018-02-25 19:38:01,0.00061499,386.00000000
2018-02-25 19:38:01,0.00061498,160.00000000
2018-02-25 19:38:01,0.00061496,359.00000000
2018-02-25 19:38:02,0.00061496,23.00000000
2018-02-25 19:38:06,0.00061496,6.00000000
2018-02-25 19:38:07,0.00061496,9.00000000
2018-02-25 19:38:08,0.00061499,5.00000000
2018-02-25 19:38:08,0.00061499,41.00000000
2018-02-25 19:38:08,0.00061515,29.00000000
2018-02-25 19:38:08,0.00061517,13.00000000
2018-02-25 19:38:08,0.00061518,87.00000000
2018-02-25 19:38:11,0.00061518,5.00000000
2018-02-25 19:38:11,0.00061518,20.00000000
2018-02-25 19:38:12,0.00061498,5.00000000
2018-02-25 19:38:13,0.00061498,38.00000000
2018-02-25 19:38:14,0.00061500,136.00000000
2018-02-25 19:38:14,0.00061518,83.00000000
2018-02-25 19:38:17,0.00061498,145.00000000
2018-02-25 19:38:17,0.00061496,515.00000000
2018-02-25 19:38:18,0.00061496,65.00000000
2018-02-25 19:38:18,0.00061496,54.00000000
2018-02-25 19:38:18,0.00061496,48.00000000
2018-02-25 19:38:18,0.00061496,65.00000000
2018-02-25 19:38:19,0.00061496,18.00000000
2018-02-25 19:38:23,0.00061496,50.00000000
2018-02-25 19:38:24,0.00061495,30.00000000
2018-02-25 19:38:25,0.00061495,23.00000000
2018-02-25 19:38:25,0.00061494,117.00000000
2018-02-25 19:38:25,0.00061494,83.00000000
2018-02-25 19:38:31,0.00061494,2.00000000
2018-02-25 19:38:32,0.00061487,7.00000000
2018-02-25 19:38:38,0.00061487,10.00000000
2018-02-25 19:38:38,0.00061486,18.00000000
2018-02-25 19:38:38,0.00061480,223.00000000
2018-02-25 19:38:39,0.00061479,125.00000000
2018-02-25 19:38:39,0.00061450,20.00000000
2018-02-25 19:38:39,0.00061400,26.00000000
2018-02-25 19:38:39,0.00061400,5.00000000
2018-02-25 19:38:42,0.00061400,481.00000000
2018-02-25 19:38:42,0.00061399,111.00000000
2018-02-25 19:38:42,0.00061398,117.00000000
2018-02-25 19:38:44,0.00061440,100.00000000
2018-02-25 19:38:45,0.00061440,34.00000000
2018-02-25 19:38:45,0.00061450,10.00000000
2018-02-25 19:38:45,0.00061398,77.00000000
2018-02-25 19:38:45,0.00061400,5.00000000
2018-02-25 19:38:46,0.00061440,97.00000000
2018-02-25 19:38:46,0.00061450,237.00000000
2018-02-25 19:38:46,0.00061480,137.00000000
2018-02-25 19:38:46,0.00061487,417.00000000
2018-02-25 19:38:46,0.00061493,981.00000000
2018-02-25 19:38:46,0.00061496,178.00000000
2018-02-25 19:38:46,0.00061500,225.00000000
2018-02-25 19:38:46,0.00061517,4.00000000
2018-02-25 19:38:46,0.00061518,1632.00000000
2018-02-25 19:38:46,0.00061519,256.00000000
2018-02-25 19:38:46,0.00061440,16.00000000
2018-02-25 19:38:46,0.00061400,24.00000000
2018-02-25 19:38:47,0.00061401,57.00000000
2018-02-25 19:38:47,0.00061401,18.00000000
2018-02-25 19:38:47,0.00061494,4.00000000
2018-02-25 19:38:48,0.00061403,4.00000000
2018-02-25 19:38:48,0.00061401,27.00000000
2018-02-25 19:38:51,0.00061491,4.00000000
2018-02-25 19:38:51,0.00061494,24.00000000
2018-02-25 19:38:51,0.00061500,10.00000000
2018-02-25 19:38:51,0.00061500,5.00000000
2018-02-25 19:38:52,0.00061494,21.00000000
2018-02-25 19:38:52,0.00061401,394.00000000
2018-02-25 19:38:53,0.00061401,315.00000000
2018-02-25 19:38:55,0.00061500,80.00000000
2018-02-25 19:38:55,0.00061517,2.00000000
2018-02-25 19:38:56,0.00061409,4.00000000
2018-02-25 19:38:56,0.00061404,4.00000000
2018-02-25 19:38:56,0.00061401,379.00000000
2018-02-25 19:38:58,0.00061484,4.00000000
2018-02-25 19:38:58,0.00061487,101.00000000
2018-02-25 19:38:59,0.00061487,41.00000000
2018-02-25 19:38:59,0.00061500,30.00000000
2018-02-25 19:39:01,0.00061500,6.00000000
2018-02-25 19:39:01,0.00061500,52.00000000
2018-02-25 19:39:01,0.00061500,3.00000000
2018-02-25 19:39:01,0.00061500,52.00000000
2018-02-25 19:39:01,0.00061500,14.00000000
2018-02-25 19:39:01,0.00061500,6.00000000
2018-02-25 19:39:01,0.00061500,16.00000000
2018-02-25 19:39:01,0.00061487,22.00000000
2018-02-25 19:39:03,0.00061499,8.00000000
2018-02-25 19:39:07,0.00061498,52.00000000
2018-02-25 19:39:07,0.00061499,547.00000000
2018-02-25 19:39:08,0.00061487,20.00000000
2018-02-25 19:39:09,0.00061487,402.00000000
2018-02-25 19:39:09,0.00061487,20.00000000
2018-02-25 19:39:09,0.00061499,479.00000000
2018-02-25 19:39:10,0.00061426,29.00000000
2018-02-25 19:39:10,0.00061499,1570.00000000
2018-02-25 19:39:12,0.00061499,499.00000000
2018-02-25 19:39:14,0.00061499,26.00000000
2018-02-25 19:39:15,0.00061494,6.00000000
2018-02-25 19:39:15,0.00061494,89.00000000
2018-02-25 19:39:21,0.00061494,17.00000000
2018-02-25 19:39:21,0.00061499,6.00000000
2018-02-25 19:39:21,0.00061499,20.00000000
2018-02-25 19:39:23,0.00061498,5.00000000
2018-02-25 19:39:25,0.00061490,8.00000000
2018-02-25 19:39:26,0.00061498,7.00000000
2018-02-25 19:39:27,0.00061490,11.00000000
2018-02-25 19:39:27,0.00061490,28.00000000
2018-02-25 19:39:27,0.00061490,2.00000000
2018-02-25 19:39:27,0.00061498,8.00000000
2018-02-25 19:39:29,0.00061490,16.00000000
2018-02-25 19:39:31,0.00061486,309.00000000
2018-02-25 19:39:31,0.00061473,138.00000000
2018-02-25 19:39:31,0.00061472,197.00000000
2018-02-25 19:39:32,0.00061499,6.00000000
2018-02-25 19:39:32,0.00061499,494.00000000
2018-02-25 19:39:35,0.00061486,20.00000000
2018-02-25 19:39:38,0.00061486,289.00000000
2018-02-25 19:39:38,0.00061499,285.00000000
2018-02-25 19:39:40,0.00061499,183.00000000
2018-02-25 19:39:40,0.00061472,4.00000000
2018-02-25 19:39:40,0.00061499,142.00000000
2018-02-25 19:39:42,0.00061499,5.00000000
2018-02-25 19:39:43,0.00061486,450.00000000
2018-02-25 19:39:47,0.00061498,75.00000000
2018-02-25 19:39:50,0.00061499,52.00000000
2018-02-25 19:39:51,0.00061498,555.00000000
2018-02-25 19:39:51,0.00061498,665.00000000
2018-02-25 19:39:51,0.00061499,917.00000000
2018-02-25 19:39:51,0.00061500,174.00000000
2018-02-25 19:39:54,0.00061500,770.00000000
2018-02-25 19:39:55,0.00061500,1.00000000
2018-02-25 19:39:55,0.00061500,56.00000000
2018-02-25 19:39:56,0.00061500,50.00000000
2018-02-25 19:39:57,0.00061500,6.00000000
2018-02-25 19:39:57,0.00061500,6.00000000
2018-02-25 19:39:57,0.00061500,6.00000000
2018-02-25 19:39:57,0.00061500,7.00000000
2018-02-25 19:39:59,0.00061500,129.00000000
2018-02-25 19:40:03,0.00061500,17.00000000
2018-02-25 19:40:05,0.00061498,5.00000000
2018-02-25 19:40:06,0.00061500,311.00000000
2018-02-25 19:40:06,0.00061500,7.00000000
2018-02-25 19:40:10,0.00061500,283.00000000
2018-02-25 19:40:10,0.00061511,21.00000000
2018-02-25 19:40:10,0.00061512,11.00000000
2018-02-25 19:40:16,0.00061500,65.00000000
2018-02-25 19:40:16,0.00061498,722.00000000
2018-02-25 19:40:17,0.00061512,16.00000000
2018-02-25 19:40:17,0.00061512,8.00000000
2018-02-25 19:40:20,0.00061498,21.00000000
2018-02-25 19:40:22,0.00061512,69.00000000
2018-02-25 19:40:28,0.00061510,1.00000000
2018-02-25 19:40:28,0.00061510,9.00000000
2018-02-25 19:40:28,0.00061512,20.00000000
2018-02-25 19:40:29,0.00061517,5.00000000
2018-02-25 19:40:29,0.00061517,50.00000000
2018-02-25 19:40:30,0.00061517,5.00000000
2018-02-25 19:40:30,0.00061517,20.00000000
2018-02-25 19:40:32,0.00061517,22.00000000
2018-02-25 19:40:32,0.00061517,5.00000000
2018-02-25 19:40:32,0.00061517,30.00000000
2018-02-25 19:40:32,0.00061518,21.00000000
2018-02-25 19:40:32,0.00061518,5.00000000
2018-02-25 19:40:32,0.00061519,45.00000000
2018-02-25 19:40:37,0.00061519,834.00000000
2018-02-25 19:40:37,0.00061519,5.00000000
2018-02-25 19:40:37,0.00061519,5.00000000
2018-02-25 19:40:37,0.00061519,118.00000000
2018-02-25 19:40:37,0.00061519,118.00000000
2018-02-25 19:40:39,0.00061519,48.00000000
2018-02-25 19:40:43,0.00061518,38.00000000
2018-02-25 19:40:50,0.00061519,2.00000000
2018-02-25 19:40:51,0.00061518,3.00000000
2018-02-25 19:40:54,0.00061518,125.00000000
2018-02-25 19:40:55,0.00061519,5.00000000
2018-02-25 19:40:55,0.00061519,5.00000000
2018-02-25 19:40:55,0.00061519,25.00000000
2018-02-25 19:40:55,0.00061519,25.00000000
2018-02-25 19:40:55,0.00061519,5.00000000
2018-02-25 19:40:55,0.00061519,5.00000000
2018-02-25 19:40:56,0.00061519,5.00000000
2018-02-25 19:40:56,0.00061519,5.00000000
2018-02-25 19:40:56,0.00061519,33.00000000
2018-02-25 19:40:56,0.00061519,33.00000000
2018-02-25 19:40:58,0.00061518,33.00000000
2018-02-25 19:40:59,0.00061519,17.00000000
2018-02-25 19:41:00,0.00061518,20.00000000
2018-02-25 19:41:01,0.00061519,200.00000000
2018-02-25 19:41:02,0.00061519,26.00000000
2018-02-25 19:41:03,0.00061519,8.00000000
2018-02-25 19:41:03,0.00061519,6.00000000
2018-02-25 19:41:03,0.00061519,8.00000000
2018-02-25 19:41:03,0.00061519,6.00000000
2018-02-25 19:41:03,0.00061519,9.00000000
2018-02-25 19:41:04,0.00061518,69.00000000
2018-02-25 19:41:05,0.00061519,484.00000000
2018-02-25 19:41:05,0.00061520,1445.00000000
2018-02-25 19:41:07,0.00061519,126.00000000
2018-02-25 19:41:08,0.00061519,6.00000000
2018-02-25 19:41:10,0.00061519,72.00000000
2018-02-25 19:41:10,0.00061519,3.00000000
2018-02-25 19:41:10,0.00061518,1087.00000000
2018-02-25 19:41:11,0.00061520,62.00000000
2018-02-25 19:41:11,0.00061520,6.00000000
2018-02-25 19:41:11,0.00061520,156.00000000
2018-02-25 19:41:11,0.00061520,6.00000000
2018-02-25 19:41:13,0.00061520,6.00000000
2018-02-25 19:41:14,0.00061519,85.00000000
2018-02-25 19:41:14,0.00061518,27.00000000
2018-02-25 19:41:16,0.00061519,7.00000000
2018-02-25 19:41:16,0.00061518,32.00000000
2018-02-25 19:41:16,0.00061517,52.00000000
2018-02-25 19:41:16,0.00061512,54.00000000
2018-02-25 19:41:17,0.00061510,9.00000000
2018-02-25 19:41:20,0.00061510,2.00000000
2018-02-25 19:41:20,0.00061510,68.00000000
2018-02-25 19:41:23,0.00061519,110.00000000
2018-02-25 19:41:23,0.00061519,110.00000000
2018-02-25 19:41:23,0.00061519,48.00000000
2018-02-25 19:41:24,0.00061519,14.00000000
2018-02-25 19:41:25,0.00061513,24.00000000
2018-02-25 19:41:26,0.00061519,359.00000000
2018-02-25 19:41:31,0.00061519,139.00000000
2018-02-25 19:41:31,0.00061520,2397.00000000
2018-02-25 19:41:31,0.00061520,194.00000000
2018-02-25 19:41:35,0.00061513,201.00000000
2018-02-25 19:41:36,0.00061519,108.00000000
2018-02-25 19:41:36,0.00061520,37.00000000
2018-02-25 19:41:39,0.00061520,6.00000000
2018-02-25 19:41:41,0.00061520,5.00000000
2018-02-25 19:41:44,0.00061519,47.00000000
2018-02-25 19:41:44,0.00061519,140.00000000
2018-02-25 19:41:46,0.00061520,63.00000000
2018-02-25 19:41:47,0.00061520,60.00000000
2018-02-25 19:41:51,0.00061520,45.00000000
2018-02-25 19:41:52,0.00061520,24.00000000
2018-02-25 19:41:53,0.00061520,6.00000000
2018-02-25 19:41:54,0.00061519,94.00000000
2018-02-25 19:41:58,0.00061519,17.00000000
2018-02-25 19:41:58,0.00061513,71.00000000
2018-02-25 19:41:58,0.00061510,115.00000000
2018-02-25 19:41:58,0.00061506,73.00000000
2018-02-25 19:42:01,0.00061520,46.00000000
2018-02-25 19:42:02,0.00061506,252.00000000
2018-02-25 19:42:02,0.00061502,31.00000000
2018-02-25 19:42:02,0.00061501,162.00000000
2018-02-25 19:42:02,0.00061500,614.00000000
2018-02-25 19:42:02,0.00061500,8.00000000
2018-02-25 19:42:03,0.00061500,12.00000000
2018-02-25 19:42:04,0.00061500,28.00000000
2018-02-25 19:42:09,0.00061500,39.00000000
2018-02-25 19:42:09,0.00061499,14.00000000
2018-02-25 19:42:11,0.00061500,10.00000000
2018-02-25 19:42:12,0.00061500,287.00000000
2018-02-25 19:42:12,0.00061520,1718.00000000
2018-02-25 19:42:13,0.00061500,2.00000000
2018-02-25 19:42:14,0.00061500,5.00000000
2018-02-25 19:42:16,0.00061500,9.00000000
2018-02-25 19:42:16,0.00061499,130.00000000
2018-02-25 19:42:16,0.00061498,54.00000000
2018-02-25 19:42:16,0.00061486,56.00000000
2018-02-25 19:42:16,0.00061410,590.00000000
2018-02-25 19:42:23,0.00061489,8.00000000
2018-02-25 19:42:23,0.00061486,6.00000000
2018-02-25 19:42:23,0.00061421,12.00000000
2018-02-25 19:42:25,0.00061500,8.00000000
2018-02-25 19:42:25,0.00061500,8.00000000
2018-02-25 19:42:25,0.00061430,8.00000000
2018-02-25 19:42:25,0.00061421,8.00000000
2018-02-25 19:42:25,0.00061413,4.00000000
2018-02-25 19:42:25,0.00061410,331.00000000
2018-02-25 19:42:28,0.00061438,3.00000000
2018-02-25 19:42:35,0.00061500,17.00000000
2018-02-25 19:42:35,0.00061500,17.00000000
2018-02-25 19:42:35,0.00061500,17.00000000
2018-02-25 19:42:36,0.00061410,8.00000000
2018-02-25 19:42:36,0.00061419,21.00000000
2018-02-25 19:42:36,0.00061410,4.00000000
2018-02-25 19:42:37,0.00061410,544.00000000
2018-02-25 19:42:37,0.00061409,50.00000000
2018-02-25 19:42:37,0.00061408,36.00000000
2018-02-25 19:42:37,0.00061404,32.00000000
2018-02-25 19:42:37,0.00061402,26.00000000
2018-02-25 19:42:37,0.00061400,414.00000000
2018-02-25 19:42:37,0.00061398,116.00000000
2018-02-25 19:42:37,0.00061396,48.00000000
2018-02-25 19:42:37,0.00061390,78.00000000
2018-02-25 19:42:37,0.00061388,82.00000000
2018-02-25 19:42:37,0.00061387,341.00000000
2018-02-25 19:42:37,0.00061386,529.00000000
2018-02-25 19:42:37,0.00061386,61.00000000
2018-02-25 19:42:38,0.00061410,124.00000000
2018-02-25 19:42:38,0.00061410,16.00000000
2018-02-25 19:42:38,0.00061410,600.00000000
2018-02-25 19:42:38,0.00061500,13.00000000
2018-02-25 19:42:38,0.00061518,23.00000000
2018-02-25 19:42:38,0.00061519,5.00000000
2018-02-25 19:42:38,0.00061500,2.00000000
2018-02-25 19:42:38,0.00061410,48.00000000
2018-02-25 19:42:38,0.00061410,165.00000000
2018-02-25 19:42:39,0.00061391,4.00000000
2018-02-25 19:42:39,0.00061386,682.00000000
2018-02-25 19:42:39,0.00061380,1848.00000000
2018-02-25 19:42:39,0.00061492,4.00000000
2018-02-25 19:42:39,0.00061497,4.00000000
2018-02-25 19:42:39,0.00061500,143.00000000
2018-02-25 19:42:39,0.00061513,48.00000000
2018-02-25 19:42:39,0.00061519,134.00000000
2018-02-25 19:42:39,0.00061520,259.00000000
2018-02-25 19:42:40,0.00061401,8.00000000
2018-02-25 19:42:40,0.00061377,12.00000000
2018-02-25 19:42:40,0.00061373,196.00000000
2018-02-25 19:42:40,0.00061352,16.00000000
2018-02-25 19:42:41,0.00061410,8.00000000
2018-02-25 19:42:43,0.00061500,39.00000000
2018-02-25 19:42:45,0.00061428,2.00000000
2018-02-25 19:42:45,0.00061421,8.00000000
2018-02-25 19:42:45,0.00061416,4.00000000
2018-02-25 19:42:45,0.00061410,230.00000000
2018-02-25 19:42:45,0.00061401,8.00000000
2018-02-25 19:42:45,0.00061393,48.00000000
2018-02-25 19:42:45,0.00061355,30.00000000
2018-02-25 19:42:45,0.00061352,59.00000000
2018-02-25 19:42:46,0.00061499,10.00000000
2018-02-25 19:42:46,0.00061500,40.00000000
2018-02-25 19:42:47,0.00061374,5.00000000
2018-02-25 19:42:47,0.00061374,146.00000000
2018-02-25 19:42:48,0.00061377,3.00000000
2018-02-25 19:42:49,0.00061378,4.00000000
2018-02-25 19:42:49,0.00061497,74.00000000
2018-02-25 19:42:50,0.00061383,4.00000000
2018-02-25 19:42:54,0.00061476,10.00000000
2018-02-25 19:42:58,0.00061391,6.00000000
2018-02-25 19:42:58,0.00061390,8.00000000
2018-02-25 19:42:58,0.00061383,11.00000000
2018-02-25 19:42:59,0.00061390,222.00000000
2018-02-25 19:42:59,0.00061388,2.00000000
2018-02-25 19:42:59,0.00061388,3.00000000
2018-02-25 19:43:01,0.00061388,1.00000000
2018-02-25 19:43:02,0.00061388,64.00000000
2018-02-25 19:43:02,0.00061390,129.00000000
2018-02-25 19:43:03,0.00061383,36.00000000
2018-02-25 19:43:05,0.00061390,12.00000000
2018-02-25 19:43:05,0.00061390,4.00000000
2018-02-25 19:43:05,0.00061390,2.00000000
2018-02-25 19:43:05,0.00061383,10.00000000
2018-02-25 19:43:05,0.00061371,4.00000000
2018-02-25 19:43:05,0.00061352,25.00000000
2018-02-25 19:43:05,0.00061350,70.00000000
2018-02-25 19:43:05,0.00061330,56.00000000
2018-02-25 19:43:05,0.00061300,45.00000000
2018-02-25 19:43:05,0.00061296,25.00000000
2018-02-25 19:43:06,0.00061296,17.00000000
2018-02-25 19:43:06,0.00061296,17.00000000
2018-02-25 19:43:06,0.00061296,14.00000000
2018-02-25 19:43:06,0.00061296,17.00000000
2018-02-25 19:43:06,0.00061296,14.00000000
2018-02-25 19:43:06,0.00061296,2.00000000
2018-02-25 19:43:06,0.00061296,2.00000000
2018-02-25 19:43:06,0.00061296,17.00000000
2018-02-25 19:43:06,0.00061296,11.00000000
2018-02-25 19:43:08,0.00061377,7.00000000
2018-02-25 19:43:08,0.00061377,4.00000000
2018-02-25 19:43:08,0.00061377,5.00000000
2018-02-25 19:43:09,0.00061377,49.00000000
2018-02-25 19:43:09,0.00061377,7.00000000
2018-02-25 19:43:13,0.00061390,2.00000000
2018-02-25 19:43:13,0.00061390,2.00000000
2018-02-25 19:43:14,0.00061377,12.00000000
2018-02-25 19:43:14,0.00061377,43.00000000
2018-02-25 19:43:14,0.00061377,92.00000000
2018-02-25 19:43:14,0.00061390,797.00000000
2018-02-25 19:43:16,0.00061383,117.00000000
2018-02-25 19:43:16,0.00061378,9.00000000
2018-02-25 19:43:17,0.00061297,33.00000000
2018-02-25 19:43:18,0.00061377,5.00000000
2018-02-25 19:43:18,0.00061298,4.00000000
2018-02-25 19:43:18,0.00061298,4.00000000
2018-02-25 19:43:18,0.00061297,1.00000000
2018-02-25 19:43:19,0.00061297,48.00000000
2018-02-25 19:43:19,0.00061377,37.00000000
2018-02-25 19:43:20,0.00061296,33.00000000
2018-02-25 19:43:21,0.00061296,4.00000000
2018-02-25 19:43:22,0.00061296,4.00000000
2018-02-25 19:43:22,0.00061296,2.00000000
2018-02-25 19:43:23,0.00061296,25.00000000
2018-02-25 19:43:24,0.00061296,15.00000000
2018-02-25 19:43:24,0.00061296,21.00000000
2018-02-25 19:43:24,0.00061295,16.00000000
2018-02-25 19:43:24,0.00061290,32.00000000
2018-02-25 19:43:24,0.00061280,49.00000000
2018-02-25 19:43:24,0.00061274,24.00000000
2018-02-25 19:43:24,0.00061274,123.00000000
2018-02-25 19:43:25,0.00061296,3.00000000
2018-02-25 19:43:26,0.00061296,2.00000000
2018-02-25 19:43:26,0.00061274,64.00000000
2018-02-25 19:43:26,0.00061277,4.00000000
2018-02-25 19:43:26,0.00061274,12.00000000
2018-02-25 19:43:31,0.00061275,8.00000000
2018-02-25 19:43:34,0.00061275,1.00000000
2018-02-25 19:43:36,0.00061274,125.00000000
2018-02-25 19:43:36,0.00061275,4.00000000
2018-02-25 19:43:37,0.00061275,76.00000000
2018-02-25 19:43:37,0.00061274,283.00000000
2018-02-25 19:43:39,0.00061274,66.00000000
2018-02-25 19:43:39,0.00061274,400.00000000
2018-02-25 19:43:39,0.00061274,66.00000000
2018-02-25 19:43:40,0.00061274,50.00000000
2018-02-25 19:43:42,0.00061267,18.00000000
2018-02-25 19:43:45,0.00061267,1.00000000
2018-02-25 19:43:45,0.00061220,48.00000000
2018-02-25 19:43:45,0.00061219,159.00000000
2018-02-25 19:43:45,0.00061217,36.00000000
2018-02-25 19:43:45,0.00061216,109.00000000
2018-02-25 19:43:45,0.00061274,35.00000000
2018-02-25 19:43:47,0.00061216,12.00000000
2018-02-25 19:43:49,0.00061221,4.00000000
2018-02-25 19:43:49,0.00061216,129.00000000
2018-02-25 19:43:49,0.00061215,1088.00000000
2018-02-25 19:43:49,0.00061210,39.00000000
2018-02-25 19:43:50,0.00061210,433.00000000
2018-02-25 19:43:50,0.00061200,11.00000000
2018-02-25 19:43:51,0.00061203,77.00000000
2018-02-25 19:43:52,0.00061203,82.00000000
2018-02-25 19:43:52,0.00061205,10.00000000
2018-02-25 19:43:52,0.00061210,429.00000000
2018-02-25 19:43:53,0.00061200,4.00000000
2018-02-25 19:43:54,0.00061200,31.00000000
2018-02-25 19:43:54,0.00061203,17.00000000
2018-02-25 19:43:55,0.00061203,96.00000000
2018-02-25 19:43:56,0.00061203,37.00000000
2018-02-25 19:43:57,0.00061203,432.00000000
2018-02-25 19:43:58,0.00061200,6.00000000
2018-02-25 19:43:58,0.00061190,1231.00000000
2018-02-25 19:44:02,0.00061188,7.00000000
2018-02-25 19:44:02,0.00061178,76.00000000
2018-02-25 19:44:04,0.00061189,45.00000000
2018-02-25 19:44:04,0.00061189,143.00000000
2018-02-25 19:44:04,0.00061189,126.00000000
2018-02-25 19:44:04,0.00061189,100.00000000
2018-02-25 19:44:06,0.00061188,30.00000000
2018-02-25 19:44:06,0.00061190,48.00000000
2018-02-25 19:44:06,0.00061178,3.00000000
2018-02-25 19:44:06,0.00061152,7.00000000
2018-02-25 19:44:06,0.00061101,6.00000000
2018-02-25 19:44:09,0.00061104,1.00000000
2018-02-25 19:44:09,0.00061104,3.00000000
2018-02-25 19:44:10,0.00061190,133.00000000
2018-02-25 19:44:11,0.00061187,4.00000000
2018-02-25 19:44:12,0.00061112,6.00000000
2018-02-25 19:44:12,0.00061101,10.00000000
2018-02-25 19:44:13,0.00061101,21.00000000
2018-02-25 19:44:14,0.00061105,16.00000000
2018-02-25 19:44:14,0.00061105,16.00000000
2018-02-25 19:44:19,0.00061105,2.00000000
2018-02-25 19:44:21,0.00061150,76.00000000
2018-02-25 19:44:21,0.00061150,6.00000000
2018-02-25 19:44:21,0.00061150,81.00000000
2018-02-25 19:44:21,0.00061107,75.00000000
2018-02-25 19:44:21,0.00061105,160.00000000
2018-02-25 19:44:21,0.00061102,200.00000000
2018-02-25 19:44:21,0.00061101,175.00000000
2018-02-25 19:44:21,0.00061100,639.00000000
2018-02-25 19:44:24,0.00061103,2.00000000
2018-02-25 19:44:26,0.00061103,2.00000000
2018-02-25 19:44:26,0.00061100,229.00000000
2018-02-25 19:44:28,0.00061100,4.00000000
2018-02-25 19:44:29,0.00061187,4.00000000
2018-02-25 19:44:29,0.00061189,12.00000000
2018-02-25 19:44:31,0.00061103,4.00000000
2018-02-25 19:44:31,0.00061102,22.00000000
2018-02-25 19:44:31,0.00061100,491.00000000
2018-02-25 19:44:34,0.00061187,4.00000000
2018-02-25 19:44:34,0.00061189,6.00000000
2018-02-25 19:44:34,0.00061190,113.00000000
2018-02-25 19:44:35,0.00061190,11.00000000
2018-02-25 19:44:35,0.00061190,50.00000000
2018-02-25 19:44:35,0.00061178,10.00000000
2018-02-25 19:44:36,0.00061190,77.00000000
2018-02-25 19:44:36,0.00061200,58.00000000
2018-02-25 19:44:36,0.00061190,16.00000000
2018-02-25 19:44:37,0.00061190,10.00000000
2018-02-25 19:44:37,0.00061190,30.00000000
2018-02-25 19:44:37,0.00061210,661.00000000
2018-02-25 19:44:37,0.00061178,46.00000000
2018-02-25 19:44:40,0.00061190,461.00000000
2018-02-25 19:44:40,0.00061178,6.00000000
2018-02-25 19:44:40,0.00061109,6.00000000
2018-02-25 19:44:40,0.00061105,25.00000000
2018-02-25 19:44:42,0.00061190,67.00000000
2018-02-25 19:44:42,0.00061209,13.00000000
2018-02-25 19:44:42,0.00061210,76.00000000
2018-02-25 19:44:42,0.00061210,94.00000000
2018-02-25 19:44:43,0.00061319,10.00000000
2018-02-25 19:44:43,0.00061320,48.00000000
2018-02-25 19:44:43,0.00061321,16.00000000
2018-02-25 19:44:43,0.00061335,30.00000000
2018-02-25 19:44:43,0.00061336,115.00000000
2018-02-25 19:44:43,0.00061339,4.00000000
2018-02-25 19:44:43,0.00061341,48.00000000
2018-02-25 19:44:43,0.00061342,129.00000000
2018-02-25 19:44:43,0.00061342,125.00000000
2018-02-25 19:44:45,0.00061342,45.00000000
2018-02-25 19:44:46,0.00061218,10.00000000
2018-02-25 19:44:46,0.00061217,4.00000000
2018-02-25 19:44:46,0.00061178,272.00000000
2018-02-25 19:44:47,0.00061330,4.00000000
2018-02-25 19:44:47,0.00061341,1.00000000
2018-02-25 19:44:50,0.00061341,29.00000000
2018-02-25 19:44:50,0.00061342,9.00000000
2018-02-25 19:44:52,0.00061341,8.00000000
2018-02-25 19:44:52,0.00061322,8.00000000
2018-02-25 19:44:56,0.00061339,9.00000000
2018-02-25 19:44:58,0.00061339,19.00000000
2018-02-25 19:44:59,0.00061339,13.00000000
2018-02-25 19:45:01,0.00061322,8.00000000
2018-02-25 19:45:01,0.00061222,8.00000000
2018-02-25 19:45:01,0.00061219,272.00000000
2018-02-25 19:45:02,0.00061339,31.00000000
2018-02-25 19:45:09,0.00061222,83.00000000
2018-02-25 19:45:12,0.00061336,4.00000000
2018-02-25 19:45:12,0.00061339,51.00000000
2018-02-25 19:45:16,0.00061225,4.00000000
2018-02-25 19:45:16,0.00061222,19.00000000
2018-02-25 19:45:20,0.00061335,4.00000000
2018-02-25 19:45:20,0.00061338,26.00000000
2018-02-25 19:45:21,0.00061339,34.00000000
2018-02-25 19:45:23,0.00061338,123.00000000
2018-02-25 19:45:29,0.00061338,3.00000000
2018-02-25 19:45:31,0.00061338,4.00000000
2018-02-25 19:45:34,0.00061338,252.00000000
2018-02-25 19:45:37,0.00061338,58.00000000
2018-02-25 19:45:37,0.00061223,16.00000000
2018-02-25 19:45:37,0.00061222,163.00000000
2018-02-25 19:45:37,0.00061218,114.00000000
2018-02-25 19:45:37,0.00061215,49.00000000
2018-02-25 19:45:37,0.00061210,24.00000000
2018-02-25 19:45:39,0.00061225,4.00000000
2018-02-25 19:45:39,0.00061223,92.00000000
2018-02-25 19:45:39,0.00061222,20.00000000
2018-02-25 19:45:39,0.00061215,268.00000000
2018-02-25 19:45:45,0.00061334,4.00000000
2018-02-25 19:45:45,0.00061334,6.00000000
2018-02-25 19:45:45,0.00061335,49.00000000
2018-02-25 19:45:46,0.00061336,80.00000000
2018-02-25 19:45:47,0.00061336,99.00000000
2018-02-25 19:45:47,0.00061223,135.00000000
2018-02-25 19:45:47,0.00061222,173.00000000
2018-02-25 19:45:53,0.00061334,4.00000000
2018-02-25 19:45:53,0.00061338,1.00000000
2018-02-25 19:45:54,0.00061274,37.00000000
2018-02-25 19:45:54,0.00061224,9.00000000
2018-02-25 19:45:54,0.00061222,224.00000000
2018-02-25 19:45:54,0.00061215,14.00000000
2018-02-25 19:46:01,0.00061228,6.00000000
2018-02-25 19:46:03,0.00061223,4.00000000
2018-02-25 19:46:03,0.00061222,15.00000000
2018-02-25 19:46:03,0.00061215,176.00000000
2018-02-25 19:46:03,0.00061215,410.00000000
2018-02-25 19:46:03,0.00061215,8.00000000
2018-02-25 19:46:04,0.00061215,4.00000000
2018-02-25 19:46:04,0.00061210,10.00000000
2018-02-25 19:46:04,0.00061215,544.00000000
2018-02-25 19:46:06,0.00061215,302.00000000
2018-02-25 19:46:06,0.00061216,4.00000000
2018-02-25 19:46:15,0.00061225,10.00000000
2018-02-25 19:46:15,0.00061224,3.00000000
2018-02-25 19:46:15,0.00061228,2.00000000
2018-02-25 19:46:15,0.00061228,27.00000000
2018-02-25 19:46:18,0.00061228,4.00000000
2018-02-25 19:46:18,0.00061224,5.00000000
2018-02-25 19:46:18,0.00061222,121.00000000
2018-02-25 19:46:18,0.00061218,55.00000000
2018-02-25 19:46:18,0.00061218,8.00000000
2018-02-25 19:46:20,0.00061228,28.00000000
2018-02-25 19:46:20,0.00061334,2.00000000
2018-02-25 19:46:23,0.00061219,8.00000000
2018-02-25 19:46:23,0.00061218,259.00000000
2018-02-25 19:46:23,0.00061216,539.00000000
2018-02-25 19:46:25,0.00061228,10.00000000
2018-02-25 19:46:27,0.00061215,162.00000000
2018-02-25 19:46:27,0.00061213,8.00000000
2018-02-25 19:46:27,0.00061210,636.00000000
2018-02-25 19:46:33,0.00061321,7.00000000
2018-02-25 19:46:34,0.00061217,86.00000000
2018-02-25 19:46:38,0.00061302,155.00000000
2018-02-25 19:46:42,0.00061332,14.00000000
2018-02-25 19:46:55,0.00061304,4.00000000
2018-02-25 19:46:55,0.00061302,7.00000000
2018-02-25 19:46:56,0.00061302,37.00000000
2018-02-25 19:46:58,0.00061300,23.00000000
2018-02-25 19:46:58,0.00061332,88.00000000
2018-02-25 19:46:59,0.00061331,6.00000000
2018-02-25 19:46:59,0.00061332,31.00000000
2018-02-25 19:47:13,0.00061329,6.00000000
2018-02-25 19:47:13,0.00061332,7.00000000
2018-02-25 19:47:17,0.00061332,2.00000000
