DATE,PRICE,VOLUME
2018-02-27 09:00:02,0.00051885,2.00000000
2018-02-27 09:00:04,0.00051885,201.00000000
2018-02-27 09:00:07,0.00051885,39.00000000
2018-02-27 09:00:07,0.00051885,19.00000000
2018-02-27 09:00:07,0.00051885,4.00000000
2018-02-27 09:00:07,0.00051885,4.00000000
2018-02-27 09:00:07,0.00051884,19.00000000
2018-02-27 09:00:07,0.00051885,2.00000000
2018-02-27 09:00:07,0.00051885,2.00000000
2018-02-27 09:00:09,0.00051885,9.00000000
2018-02-27 09:00:11,0.00051884,502.00000000
2018-02-27 09:00:12,0.00051885,152.00000000
2018-02-27 09:00:15,0.00051884,246.00000000
2018-02-27 09:00:19,0.00051884,40.00000000
2018-02-27 09:00:25,0.00051882,22.00000000
2018-02-27 09:00:28,0.00051885,9.00000000
2018-02-27 09:00:29,0.00051885,6.00000000
2018-02-27 09:00:34,0.00051885,220.00000000
2018-02-27 09:00:39,0.00051885,220.00000000
2018-02-27 09:00:40,0.00051885,31.00000000
2018-02-27 09:00:40,0.00051886,10.00000000
2018-02-27 09:00:40,0.00051887,82.00000000
2018-02-27 09:00:40,0.00051896,17.00000000
2018-02-27 09:00:42,0.00051883,20.00000000
2018-02-27 09:00:45,0.00051883,69.00000000
2018-02-27 09:00:45,0.00051882,15.00000000
2018-02-27 09:00:45,0.00051880,15.00000000
2018-02-27 09:00:45,0.00051872,87.00000000
2018-02-27 09:00:45,0.00051871,6.00000000
2018-02-27 09:00:49,0.00051896,109.00000000
2018-02-27 09:00:52,0.00051885,3.00000000
2018-02-27 09:00:53,0.00051896,19.00000000
2018-02-27 09:00:56,0.00051885,637.00000000
2018-02-27 09:00:56,0.00051872,72.00000000
2018-02-27 09:00:56,0.00051871,119.00000000
2018-02-27 09:00:56,0.00051850,30.00000000
2018-02-27 09:00:56,0.00051849,9.00000000
2018-02-27 09:00:56,0.00051815,280.00000000
2018-02-27 09:00:56,0.00051813,95.00000000
2018-02-27 09:00:56,0.00051812,166.00000000
2018-02-27 09:00:56,0.00051805,712.00000000
2018-02-27 09:00:56,0.00051803,7.00000000
2018-02-27 09:00:56,0.00051801,5.00000000
2018-02-27 09:00:56,0.00051800,47.00000000
2018-02-27 09:00:56,0.00051750,55.00000000
2018-02-27 09:00:56,0.00051740,56.00000000
2018-02-27 09:00:56,0.00051739,421.00000000
2018-02-27 09:00:56,0.00051738,11.00000000
2018-02-27 09:00:56,0.00051737,30.00000000
2018-02-27 09:00:56,0.00051736,25.00000000
2018-02-27 09:00:56,0.00051723,6484.00000000
2018-02-27 09:00:58,0.00051840,16.00000000
2018-02-27 09:00:58,0.00051895,19.00000000
2018-02-27 09:00:58,0.00051895,19.00000000
2018-02-27 09:00:59,0.00051895,9.00000000
2018-02-27 09:01:01,0.00051777,19.00000000
2018-02-27 09:01:01,0.00051896,19.00000000
2018-02-27 09:01:15,0.00051888,78.00000000
2018-02-27 09:01:15,0.00051890,8.00000000
2018-02-27 09:01:17,0.00051890,11.00000000
2018-02-27 09:01:21,0.00051891,4.00000000
2018-02-27 09:01:21,0.00051895,135.00000000
2018-02-27 09:01:21,0.00051896,71.00000000
2018-02-27 09:01:24,0.00051896,559.00000000
2018-02-27 09:01:24,0.00051897,364.00000000
2018-02-27 09:01:24,0.00051899,113.00000000
2018-02-27 09:01:30,0.00051895,30.00000000
2018-02-27 09:01:30,0.00051899,713.00000000
2018-02-27 09:01:30,0.00051900,3779.00000000
2018-02-27 09:01:30,0.00051900,3.00000000
2018-02-27 09:01:31,0.00051899,75.00000000
2018-02-27 09:01:32,0.00051899,136.00000000
2018-02-27 09:01:32,0.00051900,10.00000000
2018-02-27 09:01:34,0.00051900,529.00000000
2018-02-27 09:01:39,0.00051899,532.00000000
2018-02-27 09:01:41,0.00051890,134.00000000
2018-02-27 09:01:41,0.00051896,561.00000000
2018-02-27 09:01:41,0.00051900,4982.00000000
2018-02-27 09:01:42,0.00051900,38.00000000
2018-02-27 09:01:44,0.00051900,11559.00000000
2018-02-27 09:01:45,0.00051933,41.00000000
2018-02-27 09:01:45,0.00051937,215.00000000
2018-02-27 09:01:45,0.00051954,56.00000000
2018-02-27 09:01:45,0.00051955,182.00000000
2018-02-27 09:01:45,0.00051976,876.00000000
2018-02-27 09:01:45,0.00051976,606.00000000
2018-02-27 09:01:45,0.00051976,561.00000000
2018-02-27 09:01:45,0.00051978,8.00000000
2018-02-27 09:01:45,0.00051990,100.00000000
2018-02-27 09:01:45,0.00052000,201.00000000
2018-02-27 09:01:45,0.00052003,3.00000000
2018-02-27 09:01:45,0.00052029,120.00000000
2018-02-27 09:01:45,0.00052030,16.00000000
2018-02-27 09:01:45,0.00052037,16.00000000
2018-02-27 09:01:45,0.00052050,10.00000000
2018-02-27 09:01:45,0.00052063,8.00000000
2018-02-27 09:01:45,0.00052087,10.00000000
2018-02-27 09:01:46,0.00051999,15.00000000
2018-02-27 09:01:47,0.00051935,3.00000000
2018-02-27 09:01:47,0.00051935,137.00000000
2018-02-27 09:01:47,0.00051935,19.00000000
2018-02-27 09:01:47,0.00051936,10.00000000
2018-02-27 09:01:47,0.00051935,32.00000000
2018-02-27 09:01:47,0.00051933,1.00000000
2018-02-27 09:01:47,0.00051933,51.00000000
2018-02-27 09:01:47,0.00051933,35.00000000
2018-02-27 09:01:47,0.00052184,10.00000000
2018-02-27 09:01:47,0.00052185,4.00000000
2018-02-27 09:01:47,0.00052190,2.00000000
2018-02-27 09:01:47,0.00052200,2.00000000
2018-02-27 09:01:47,0.00051933,383.00000000
2018-02-27 09:01:47,0.00051933,27.00000000
2018-02-27 09:01:48,0.00052177,7.00000000
2018-02-27 09:01:48,0.00051934,6.00000000
2018-02-27 09:01:48,0.00051935,108.00000000
2018-02-27 09:01:48,0.00051935,20.00000000
2018-02-27 09:01:48,0.00052176,38.00000000
2018-02-27 09:01:48,0.00051937,108.00000000
2018-02-27 09:01:48,0.00051971,5.00000000
2018-02-27 09:01:49,0.00051937,19.00000000
2018-02-27 09:01:49,0.00051937,13.00000000
2018-02-27 09:01:49,0.00051961,222.00000000
2018-02-27 09:01:49,0.00051951,185.00000000
2018-02-27 09:01:49,0.00051969,4.00000000
2018-02-27 09:01:49,0.00051969,180.00000000
2018-02-27 09:01:49,0.00051971,5.00000000
2018-02-27 09:01:49,0.00051946,2.00000000
2018-02-27 09:01:50,0.00051951,4.00000000
2018-02-27 09:01:50,0.00051952,77.00000000
2018-02-27 09:01:50,0.00051952,192.00000000
2018-02-27 09:01:50,0.00051949,30.00000000
2018-02-27 09:01:50,0.00051948,130.00000000
2018-02-27 09:01:50,0.00051952,21.00000000
2018-02-27 09:01:50,0.00051951,60.00000000
2018-02-27 09:01:51,0.00051951,64.00000000
2018-02-27 09:01:51,0.00052167,6.00000000
2018-02-27 09:01:51,0.00052168,102.00000000
2018-02-27 09:01:51,0.00051950,100.00000000
2018-02-27 09:01:52,0.00051970,5.00000000
2018-02-27 09:01:52,0.00051950,78.00000000
2018-02-27 09:01:52,0.00051968,9.00000000
2018-02-27 09:01:52,0.00051951,30.00000000
2018-02-27 09:01:52,0.00051951,30.00000000
2018-02-27 09:01:52,0.00051968,132.00000000
2018-02-27 09:01:52,0.00051951,30.00000000
2018-02-27 09:01:52,0.00051959,6.00000000
2018-02-27 09:01:52,0.00051951,2.00000000
2018-02-27 09:01:52,0.00051951,23.00000000
2018-02-27 09:01:52,0.00051951,5.00000000
2018-02-27 09:01:52,0.00051950,23.00000000
2018-02-27 09:01:53,0.00051951,20.00000000
2018-02-27 09:01:53,0.00051968,5.00000000
2018-02-27 09:01:53,0.00051950,128.00000000
2018-02-27 09:01:54,0.00051950,8.00000000
2018-02-27 09:01:54,0.00051950,8.00000000
2018-02-27 09:01:54,0.00051950,9.00000000
2018-02-27 09:01:54,0.00051965,5.00000000
2018-02-27 09:01:54,0.00051933,3.00000000
2018-02-27 09:01:54,0.00051964,5.00000000
2018-02-27 09:01:54,0.00051928,4.00000000
2018-02-27 09:01:56,0.00051953,39.00000000
2018-02-27 09:01:56,0.00051954,105.00000000
2018-02-27 09:01:56,0.00051955,8.00000000
2018-02-27 09:01:56,0.00051970,9.00000000
2018-02-27 09:01:56,0.00052167,354.00000000
2018-02-27 09:01:56,0.00052171,4.00000000
2018-02-27 09:01:56,0.00052173,30.00000000
2018-02-27 09:01:56,0.00052174,76.00000000
2018-02-27 09:01:56,0.00052179,4.00000000
2018-02-27 09:01:56,0.00052192,118.00000000
2018-02-27 09:01:56,0.00052200,19.00000000
2018-02-27 09:01:56,0.00051922,3.00000000
2018-02-27 09:01:56,0.00051922,93.00000000
2018-02-27 09:01:57,0.00051923,3.00000000
2018-02-27 09:01:58,0.00051939,3.00000000
2018-02-27 09:01:58,0.00052165,4.00000000
2018-02-27 09:01:58,0.00052169,192.00000000
2018-02-27 09:01:58,0.00052170,18.00000000
2018-02-27 09:01:58,0.00052171,94.00000000
2018-02-27 09:01:58,0.00052172,488.00000000
2018-02-27 09:01:58,0.00052172,30.00000000
2018-02-27 09:01:58,0.00052172,521.00000000
2018-02-27 09:01:58,0.00052172,74.00000000
2018-02-27 09:01:58,0.00051943,96.00000000
2018-02-27 09:01:58,0.00051941,11.00000000
2018-02-27 09:01:58,0.00051940,90.00000000
2018-02-27 09:01:58,0.00051939,30.00000000
2018-02-27 09:01:58,0.00051937,71.00000000
2018-02-27 09:01:58,0.00051930,8.00000000
2018-02-27 09:01:58,0.00051923,10.00000000
2018-02-27 09:01:58,0.00051917,120.00000000
2018-02-27 09:01:58,0.00051915,31.00000000
2018-02-27 09:01:58,0.00051900,158.00000000
2018-02-27 09:01:58,0.00051900,80.00000000
2018-02-27 09:01:58,0.00051900,150.00000000
2018-02-27 09:01:58,0.00051939,30.00000000
2018-02-27 09:01:58,0.00051900,156.00000000
2018-02-27 09:02:00,0.00051942,192.00000000
2018-02-27 09:02:00,0.00051941,39.00000000
2018-02-27 09:02:00,0.00051940,152.00000000
2018-02-27 09:02:00,0.00051940,61.00000000
2018-02-27 09:02:00,0.00051900,372.00000000
2018-02-27 09:02:00,0.00052157,77.00000000
2018-02-27 09:02:00,0.00052158,5.00000000
2018-02-27 09:02:01,0.00051947,4.00000000
2018-02-27 09:02:01,0.00051941,9.00000000
2018-02-27 09:02:01,0.00051940,10.00000000
2018-02-27 09:02:01,0.00051941,11.00000000
2018-02-27 09:02:01,0.00051941,66.00000000
2018-02-27 09:02:01,0.00052158,3.00000000
2018-02-27 09:02:01,0.00052162,4.00000000
2018-02-27 09:02:01,0.00052167,39.00000000
2018-02-27 09:02:01,0.00052168,40.00000000
2018-02-27 09:02:01,0.00052169,30.00000000
2018-02-27 09:02:01,0.00052169,109.00000000
2018-02-27 09:02:01,0.00052169,30.00000000
2018-02-27 09:02:01,0.00052169,233.00000000
2018-02-27 09:02:02,0.00051942,10.00000000
2018-02-27 09:02:02,0.00051903,30.00000000
2018-02-27 09:02:02,0.00051897,71.00000000
2018-02-27 09:02:02,0.00051814,23.00000000
2018-02-27 09:02:04,0.00051949,3.00000000
2018-02-27 09:02:05,0.00051920,120.00000000
2018-02-27 09:02:06,0.00052160,40.00000000
2018-02-27 09:02:06,0.00052161,4.00000000
2018-02-27 09:02:06,0.00052164,16.00000000
2018-02-27 09:02:08,0.00052154,96.00000000
2018-02-27 09:02:10,0.00052152,6.00000000
2018-02-27 09:02:12,0.00052151,149.00000000
2018-02-27 09:02:12,0.00052152,24.00000000
2018-02-27 09:02:12,0.00052153,6.00000000
2018-02-27 09:02:14,0.00052151,192.00000000
2018-02-27 09:02:14,0.00052153,33.00000000
2018-02-27 09:02:14,0.00052154,390.00000000
2018-02-27 09:02:18,0.00052026,55.00000000
2018-02-27 09:02:19,0.00052147,4.00000000
2018-02-27 09:02:19,0.00052152,9.00000000
2018-02-27 09:02:19,0.00052152,31.00000000
2018-02-27 09:02:20,0.00052152,6.00000000
2018-02-27 09:02:21,0.00052152,175.00000000
2018-02-27 09:02:21,0.00052154,399.00000000
2018-02-27 09:02:21,0.00052155,4.00000000
2018-02-27 09:02:21,0.00052159,30.00000000
2018-02-27 09:02:21,0.00052169,110.00000000
2018-02-27 09:02:21,0.00052172,56.00000000
2018-02-27 09:02:22,0.00052162,30.00000000
2018-02-27 09:02:22,0.00052172,137.00000000
2018-02-27 09:02:22,0.00052206,16.00000000
2018-02-27 09:02:22,0.00052235,5.00000000
2018-02-27 09:02:22,0.00052257,5.00000000
2018-02-27 09:02:22,0.00052300,61.00000000
2018-02-27 09:02:22,0.00052315,19.00000000
2018-02-27 09:02:22,0.00052321,2.00000000
2018-02-27 09:02:22,0.00052331,9.00000000
2018-02-27 09:02:22,0.00052428,5.00000000
2018-02-27 09:02:22,0.00052499,40.00000000
2018-02-27 09:02:22,0.00052500,130.00000000
2018-02-27 09:02:22,0.00052568,41.00000000
2018-02-27 09:02:22,0.00052044,9.00000000
2018-02-27 09:02:22,0.00052046,29.00000000
2018-02-27 09:02:30,0.00052142,29.00000000
2018-02-27 09:02:30,0.00052142,19.00000000
2018-02-27 09:02:30,0.00052142,423.00000000
2018-02-27 09:02:30,0.00052057,4.00000000
2018-02-27 09:02:30,0.00052055,8.00000000
2018-02-27 09:02:30,0.00052054,30.00000000
2018-02-27 09:02:30,0.00052053,59.00000000
2018-02-27 09:02:32,0.00052140,141.00000000
2018-02-27 09:02:32,0.00052144,4.00000000
2018-02-27 09:02:32,0.00052151,9.00000000
2018-02-27 09:02:32,0.00052371,16.00000000
2018-02-27 09:02:32,0.00052562,324.00000000
2018-02-27 09:02:32,0.00052563,506.00000000
2018-02-27 09:02:32,0.00052060,20.00000000
2018-02-27 09:02:33,0.00052137,7.00000000
2018-02-27 09:02:34,0.00052137,5.00000000
2018-02-27 09:02:34,0.00052136,9.00000000
2018-02-27 09:02:35,0.00052149,103.00000000
2018-02-27 09:02:36,0.00052149,17.00000000
2018-02-27 09:02:36,0.00052149,3.00000000
2018-02-27 09:02:36,0.00052101,15.00000000
2018-02-27 09:02:36,0.00052225,16.00000000
2018-02-27 09:02:36,0.00052226,3.00000000
2018-02-27 09:02:36,0.00052150,2.00000000
2018-02-27 09:02:37,0.00052152,7.00000000
2018-02-27 09:02:38,0.00052152,1.00000000
2018-02-27 09:02:40,0.00052137,43.00000000
2018-02-27 09:02:40,0.00052104,65.00000000
2018-02-27 09:02:41,0.00052150,56.00000000
2018-02-27 09:02:41,0.00052151,33.00000000
2018-02-27 09:02:41,0.00052152,47.00000000
2018-02-27 09:02:41,0.00052151,194.00000000
2018-02-27 09:02:43,0.00052152,32.00000000
2018-02-27 09:02:43,0.00052223,17.00000000
2018-02-27 09:02:43,0.00052281,31.00000000
2018-02-27 09:02:44,0.00052161,3.00000000
2018-02-27 09:02:45,0.00052166,4.00000000
2018-02-27 09:02:45,0.00052165,2.00000000
2018-02-27 09:02:50,0.00052270,4.00000000
2018-02-27 09:02:50,0.00052275,19.00000000
2018-02-27 09:02:50,0.00052276,4.00000000
2018-02-27 09:02:50,0.00052280,11.00000000
2018-02-27 09:02:50,0.00052177,8.00000000
2018-02-27 09:02:50,0.00052176,4.00000000
2018-02-27 09:02:50,0.00052175,30.00000000
2018-02-27 09:02:50,0.00052174,40.00000000
2018-02-27 09:02:51,0.00052182,5.00000000
2018-02-27 09:02:52,0.00052183,59.00000000
2018-02-27 09:02:54,0.00052271,57.00000000
2018-02-27 09:02:54,0.00052271,2.00000000
2018-02-27 09:02:54,0.00052272,4.00000000
2018-02-27 09:02:54,0.00052275,56.00000000
2018-02-27 09:02:55,0.00052347,86.00000000
2018-02-27 09:02:55,0.00052348,89.00000000
2018-02-27 09:02:55,0.00052348,30.00000000
2018-02-27 09:02:55,0.00052350,80.00000000
2018-02-27 09:02:55,0.00052350,8.00000000
2018-02-27 09:02:55,0.00052468,10.00000000
2018-02-27 09:02:56,0.00052350,43.00000000
2018-02-27 09:02:56,0.00052350,14.00000000
2018-02-27 09:02:56,0.00052353,10.00000000
2018-02-27 09:02:56,0.00052353,7.00000000
2018-02-27 09:02:58,0.00052360,43.00000000
2018-02-27 09:02:58,0.00052358,4.00000000
2018-02-27 09:03:02,0.00052460,19.00000000
2018-02-27 09:03:02,0.00052464,39.00000000
2018-02-27 09:03:02,0.00052460,14.00000000
2018-02-27 09:03:02,0.00052460,42.00000000
2018-02-27 09:03:04,0.00052357,319.00000000
2018-02-27 09:03:04,0.00052356,76.00000000
2018-02-27 09:03:04,0.00052353,94.00000000
2018-02-27 09:03:05,0.00052460,99.00000000
2018-02-27 09:03:05,0.00052461,14.00000000
2018-02-27 09:03:05,0.00052462,6.00000000
2018-02-27 09:03:06,0.00052460,150.00000000
2018-02-27 09:03:06,0.00052360,314.00000000
2018-02-27 09:03:06,0.00052358,314.00000000
2018-02-27 09:03:06,0.00052353,596.00000000
2018-02-27 09:03:07,0.00052351,2.00000000
2018-02-27 09:03:07,0.00052351,71.00000000
2018-02-27 09:03:07,0.00052348,61.00000000
2018-02-27 09:03:07,0.00052290,5.00000000
2018-02-27 09:03:07,0.00052280,170.00000000
2018-02-27 09:03:07,0.00052275,26.00000000
2018-02-27 09:03:07,0.00052207,9.00000000
2018-02-27 09:03:07,0.00052193,40.00000000
2018-02-27 09:03:07,0.00052192,86.00000000
2018-02-27 09:03:07,0.00052192,201.00000000
2018-02-27 09:03:07,0.00052188,4.00000000
2018-02-27 09:03:08,0.00052181,36.00000000
2018-02-27 09:03:08,0.00052180,190.00000000
2018-02-27 09:03:08,0.00052181,30.00000000
2018-02-27 09:03:08,0.00052161,2.00000000
2018-02-27 09:03:08,0.00052181,9.00000000
2018-02-27 09:03:09,0.00052195,18.00000000
2018-02-27 09:03:09,0.00052181,21.00000000
2018-02-27 09:03:09,0.00052180,10.00000000
2018-02-27 09:03:10,0.00052320,18.00000000
2018-02-27 09:03:10,0.00052196,9.00000000
2018-02-27 09:03:10,0.00052166,4.00000000
2018-02-27 09:03:11,0.00052181,9.00000000
2018-02-27 09:03:12,0.00052313,4.00000000
2018-02-27 09:03:12,0.00052317,12.00000000
2018-02-27 09:03:12,0.00052310,9.00000000
2018-02-27 09:03:12,0.00052186,4.00000000
2018-02-27 09:03:13,0.00052199,9.00000000
2018-02-27 09:03:13,0.00052196,129.00000000
2018-02-27 09:03:13,0.00052187,9.00000000
2018-02-27 09:03:15,0.00052202,4.00000000
2018-02-27 09:03:17,0.00052216,7.00000000
2018-02-27 09:03:17,0.00052208,9.00000000
2018-02-27 09:03:17,0.00052207,9.00000000
2018-02-27 09:03:17,0.00052191,8.00000000
2018-02-27 09:03:17,0.00052155,3.00000000
2018-02-27 09:03:17,0.00052150,64.00000000
2018-02-27 09:03:17,0.00052150,19.00000000
2018-02-27 09:03:17,0.00052150,64.00000000
2018-02-27 09:03:17,0.00052148,190.00000000
2018-02-27 09:03:17,0.00052150,314.00000000
2018-02-27 09:03:17,0.00052137,19.00000000
2018-02-27 09:03:18,0.00052297,46.00000000
2018-02-27 09:03:18,0.00052298,4.00000000
2018-02-27 09:03:18,0.00052141,30.00000000
2018-02-27 09:03:18,0.00052140,101.00000000
2018-02-27 09:03:18,0.00052139,156.00000000
2018-02-27 09:03:20,0.00052200,10.00000000
2018-02-27 09:03:20,0.00052144,36.00000000
2018-02-27 09:03:24,0.00052269,2.00000000
2018-02-27 09:03:26,0.00052265,90.00000000
2018-02-27 09:03:26,0.00052266,10.00000000
2018-02-27 09:03:26,0.00052265,10.00000000
2018-02-27 09:03:29,0.00052215,2.00000000
2018-02-27 09:03:29,0.00052215,1395.00000000
2018-02-27 09:03:30,0.00052213,22.00000000
2018-02-27 09:03:31,0.00052210,68.00000000
2018-02-27 09:03:31,0.00052141,35.00000000
2018-02-27 09:03:31,0.00052210,54.00000000
2018-02-27 09:03:31,0.00052212,9.00000000
2018-02-27 09:03:31,0.00052215,2.00000000
2018-02-27 09:03:35,0.00052141,233.00000000
2018-02-27 09:03:35,0.00052137,50.00000000
2018-02-27 09:03:35,0.00052136,30.00000000
2018-02-27 09:03:35,0.00052105,56.00000000
2018-02-27 09:03:35,0.00052104,131.00000000
2018-02-27 09:03:36,0.00052118,9.00000000
2018-02-27 09:03:39,0.00052206,21.00000000
2018-02-27 09:03:39,0.00052207,4.00000000
2018-02-27 09:03:39,0.00052211,32.00000000
2018-02-27 09:03:39,0.00052120,108.00000000
2018-02-27 09:03:42,0.00052200,50.00000000
2018-02-27 09:03:42,0.00052252,4.00000000
2018-02-27 09:03:42,0.00052255,50.00000000
2018-02-27 09:03:48,0.00052255,80.00000000
2018-02-27 09:03:49,0.00052255,6.00000000
2018-02-27 09:03:50,0.00052255,100.00000000
2018-02-27 09:03:51,0.00052263,9.00000000
2018-02-27 09:03:54,0.00052255,100.00000000
2018-02-27 09:04:00,0.00052260,99.00000000
2018-02-27 09:04:03,0.00052255,97.00000000
2018-02-27 09:04:04,0.00052254,10.00000000
2018-02-27 09:04:04,0.00052255,3.00000000
2018-02-27 09:04:05,0.00052256,10.00000000
2018-02-27 09:04:05,0.00052255,175.00000000
2018-02-27 09:04:13,0.00052236,39.00000000
2018-02-27 09:04:16,0.00052155,24.00000000
2018-02-27 09:04:16,0.00052148,8.00000000
2018-02-27 09:04:16,0.00052146,48.00000000
2018-02-27 09:04:18,0.00052233,6.00000000
2018-02-27 09:04:18,0.00052233,2.00000000
2018-02-27 09:04:18,0.00052233,6.00000000
2018-02-27 09:04:21,0.00052157,3.00000000
2018-02-27 09:04:21,0.00052158,10.00000000
2018-02-27 09:04:21,0.00052157,6.00000000
2018-02-27 09:04:21,0.00052152,8.00000000
2018-02-27 09:04:21,0.00052149,10.00000000
2018-02-27 09:04:21,0.00052146,120.00000000
2018-02-27 09:04:21,0.00052140,13.00000000
2018-02-27 09:04:27,0.00052257,13.00000000
2018-02-27 09:04:29,0.00052253,8.00000000
2018-02-27 09:04:29,0.00052255,20.00000000
2018-02-27 09:04:29,0.00052256,176.00000000
2018-02-27 09:04:29,0.00052258,10.00000000
2018-02-27 09:04:29,0.00052260,15.00000000
2018-02-27 09:04:29,0.00052262,49.00000000
2018-02-27 09:04:29,0.00052263,56.00000000
2018-02-27 09:04:29,0.00052263,125.00000000
2018-02-27 09:04:29,0.00052263,70.00000000
2018-02-27 09:04:29,0.00052265,30.00000000
2018-02-27 09:04:30,0.00052237,9.00000000
2018-02-27 09:04:31,0.00052237,22.00000000
2018-02-27 09:04:32,0.00052167,4.00000000
2018-02-27 09:04:33,0.00052168,10.00000000
2018-02-27 09:04:34,0.00052157,76.00000000
2018-02-27 09:04:35,0.00052237,36.00000000
2018-02-27 09:04:35,0.00052174,9.00000000
2018-02-27 09:04:36,0.00052160,8.00000000
2018-02-27 09:04:37,0.00052180,9.00000000
2018-02-27 09:04:37,0.00052167,15.00000000
2018-02-27 09:04:39,0.00052167,15.00000000
2018-02-27 09:04:40,0.00052150,37.00000000
2018-02-27 09:04:40,0.00052146,9.00000000
2018-02-27 09:04:40,0.00052141,115.00000000
2018-02-27 09:04:42,0.00052200,211.00000000
2018-02-27 09:04:52,0.00052207,19.00000000
2018-02-27 09:04:56,0.00052207,3.00000000
2018-02-27 09:05:00,0.00052207,98.00000000
2018-02-27 09:05:00,0.00052207,11.00000000
2018-02-27 09:05:00,0.00052207,203.00000000
2018-02-27 09:05:01,0.00052207,7.00000000
2018-02-27 09:05:02,0.00052207,192.00000000
2018-02-27 09:05:02,0.00052207,26.00000000
2018-02-27 09:05:16,0.00052205,30.00000000
2018-02-27 09:05:17,0.00052158,5.00000000
2018-02-27 09:05:17,0.00052141,23.00000000
2018-02-27 09:05:26,0.00052141,29.00000000
2018-02-27 09:05:27,0.00052141,31.00000000
2018-02-27 09:05:28,0.00052141,1214.00000000
2018-02-27 09:05:34,0.00052141,78.00000000
2018-02-27 09:05:38,0.00052141,616.00000000
2018-02-27 09:05:38,0.00052204,25.00000000
2018-02-27 09:05:38,0.00052205,32.00000000
2018-02-27 09:05:38,0.00052207,327.00000000
2018-02-27 09:05:41,0.00052140,332.00000000
2018-02-27 09:05:41,0.00052121,451.00000000
2018-02-27 09:05:42,0.00052207,371.00000000
2018-02-27 09:05:42,0.00052232,33.00000000
2018-02-27 09:05:42,0.00052233,4.00000000
2018-02-27 09:05:42,0.00052242,8.00000000
2018-02-27 09:05:42,0.00052245,75.00000000
2018-02-27 09:05:42,0.00052245,1.00000000
2018-02-27 09:05:43,0.00052254,10.00000000
2018-02-27 09:05:43,0.00052255,8.00000000
2018-02-27 09:05:45,0.00052255,39.00000000
2018-02-27 09:05:46,0.00052265,8.00000000
2018-02-27 09:05:46,0.00052268,14.00000000
2018-02-27 09:05:52,0.00052167,20.00000000
2018-02-27 09:05:52,0.00052166,33.00000000
2018-02-27 09:05:52,0.00052154,8.00000000
2018-02-27 09:05:52,0.00052150,9.00000000
2018-02-27 09:05:52,0.00052149,9.00000000
2018-02-27 09:05:52,0.00052142,89.00000000
2018-02-27 09:05:52,0.00052141,616.00000000
2018-02-27 09:05:52,0.00052138,76.00000000
2018-02-27 09:05:52,0.00052134,30.00000000
2018-02-27 09:05:52,0.00052121,56.00000000
2018-02-27 09:05:52,0.00052120,39.00000000
2018-02-27 09:05:52,0.00052118,18.00000000
2018-02-27 09:05:54,0.00052138,85.00000000
2018-02-27 09:05:54,0.00052138,19.00000000
2018-02-27 09:05:54,0.00052138,71.00000000
2018-02-27 09:05:54,0.00052138,85.00000000
2018-02-27 09:05:54,0.00052127,19.00000000
2018-02-27 09:05:54,0.00052137,7.00000000
2018-02-27 09:05:59,0.00052118,321.00000000
2018-02-27 09:05:59,0.00052104,138.00000000
2018-02-27 09:05:59,0.00052100,3.00000000
2018-02-27 09:05:59,0.00052104,9.00000000
2018-02-27 09:05:59,0.00052130,35.00000000
2018-02-27 09:06:00,0.00052130,6.00000000
2018-02-27 09:06:01,0.00052130,36.00000000
2018-02-27 09:06:02,0.00052118,30.00000000
2018-02-27 09:06:02,0.00052100,1149.00000000
2018-02-27 09:06:03,0.00052085,9.00000000
2018-02-27 09:06:05,0.00052130,39.00000000
2018-02-27 09:06:05,0.00052138,553.00000000
2018-02-27 09:06:06,0.00052138,29.00000000
2018-02-27 09:06:06,0.00052085,15.00000000
2018-02-27 09:06:06,0.00052085,3.00000000
2018-02-27 09:06:08,0.00052058,2.00000000
2018-02-27 09:06:08,0.00052085,100.00000000
2018-02-27 09:06:09,0.00052085,26.00000000
2018-02-27 09:06:09,0.00052138,10.00000000
2018-02-27 09:06:11,0.00052143,38.00000000
2018-02-27 09:06:16,0.00052236,26.00000000
2018-02-27 09:06:19,0.00052138,38.00000000
2018-02-27 09:06:22,0.00052138,29.00000000
2018-02-27 09:06:23,0.00052138,4.00000000
2018-02-27 09:06:29,0.00052138,306.00000000
2018-02-27 09:06:34,0.00052136,12.00000000
2018-02-27 09:06:34,0.00052138,557.00000000
2018-02-27 09:06:34,0.00052146,9.00000000
2018-02-27 09:06:34,0.00052171,39.00000000
2018-02-27 09:06:34,0.00052174,18.00000000
2018-02-27 09:06:34,0.00052200,1440.00000000
2018-02-27 09:06:37,0.00052198,9.00000000
2018-02-27 09:06:37,0.00052199,30.00000000
2018-02-27 09:06:37,0.00052200,1515.00000000
2018-02-27 09:06:46,0.00052138,15.00000000
2018-02-27 09:06:46,0.00052132,2.00000000
2018-02-27 09:06:50,0.00052144,36.00000000
2018-02-27 09:06:53,0.00052144,25.00000000
2018-02-27 09:06:54,0.00052144,8.00000000
2018-02-27 09:06:55,0.00052144,7.00000000
2018-02-27 09:06:56,0.00052144,15.00000000
2018-02-27 09:07:00,0.00052138,1167.00000000
2018-02-27 09:07:01,0.00052137,42.00000000
2018-02-27 09:07:01,0.00052138,114.00000000
2018-02-27 09:07:03,0.00052100,2.00000000
2018-02-27 09:07:06,0.00052137,15.00000000
2018-02-27 09:07:06,0.00052138,861.00000000
2018-02-27 09:07:12,0.00052085,24.00000000
2018-02-27 09:07:13,0.00052085,24.00000000
2018-02-27 09:07:13,0.00052125,2034.00000000
2018-02-27 09:07:14,0.00052125,51.00000000
2018-02-27 09:07:16,0.00052125,3.00000000
2018-02-27 09:07:18,0.00052125,3.00000000
2018-02-27 09:07:19,0.00052059,4.00000000
2018-02-27 09:07:20,0.00052059,79.00000000
2018-02-27 09:07:20,0.00052058,18.00000000
2018-02-27 09:07:20,0.00052125,2627.00000000
2018-02-27 09:07:24,0.00052120,33.00000000
2018-02-27 09:07:24,0.00052124,59.00000000
2018-02-27 09:07:25,0.00052058,15.00000000
2018-02-27 09:07:30,0.00052100,6.00000000
2018-02-27 09:07:33,0.00052100,3.00000000
2018-02-27 09:07:34,0.00052100,8.00000000
2018-02-27 09:07:36,0.00052100,2.00000000
2018-02-27 09:07:37,0.00052100,7.00000000
2018-02-27 09:07:45,0.00052085,9.00000000
2018-02-27 09:07:45,0.00052124,135.00000000
2018-02-27 09:07:55,0.00052123,2.00000000
2018-02-27 09:07:55,0.00052123,6.00000000
2018-02-27 09:07:59,0.00052122,56.00000000
2018-02-27 09:07:59,0.00052123,11.00000000
2018-02-27 09:07:59,0.00052124,179.00000000
2018-02-27 09:08:11,0.00052121,10.00000000
2018-02-27 09:08:11,0.00052122,14.00000000
2018-02-27 09:08:13,0.00052059,5.00000000
2018-02-27 09:08:24,0.00052061,10.00000000
2018-02-27 09:08:24,0.00052060,50.00000000
2018-02-27 09:08:24,0.00052059,4.00000000
2018-02-27 09:08:25,0.00052100,312.00000000
2018-02-27 09:08:40,0.00052100,608.00000000
2018-02-27 09:08:41,0.00052100,53.00000000
2018-02-27 09:08:41,0.00052060,45.00000000
2018-02-27 09:08:41,0.00052059,2.00000000
2018-02-27 09:08:43,0.00052059,4.00000000
2018-02-27 09:08:47,0.00052060,10.00000000
2018-02-27 09:08:47,0.00052059,101.00000000
2018-02-27 09:08:48,0.00052059,2.00000000
2018-02-27 09:08:55,0.00052060,27.00000000
2018-02-27 09:09:02,0.00052060,24.00000000
2018-02-27 09:09:02,0.00052059,33.00000000
2018-02-27 09:09:03,0.00052111,4.00000000
2018-02-27 09:09:09,0.00052111,4.00000000
2018-02-27 09:09:26,0.00052111,174.00000000
2018-02-27 09:09:26,0.00052111,201.00000000
2018-02-27 09:09:35,0.00052115,80.00000000
2018-02-27 09:09:35,0.00052120,92.00000000
2018-02-27 09:09:40,0.00052121,41.00000000
2018-02-27 09:09:40,0.00052124,1.00000000
2018-02-27 09:09:47,0.00052120,56.00000000
2018-02-27 09:09:47,0.00052120,119.00000000
2018-02-27 09:09:48,0.00052120,141.00000000
2018-02-27 09:09:48,0.00052120,42.00000000
2018-02-27 09:09:51,0.00052120,6.00000000
2018-02-27 09:09:56,0.00052121,3.00000000
2018-02-27 09:09:56,0.00052121,9.00000000
2018-02-27 09:10:02,0.00052121,20.00000000
2018-02-27 09:10:03,0.00052121,17.00000000
2018-02-27 09:10:04,0.00052124,9.00000000
2018-02-27 09:10:04,0.00052141,88.00000000
2018-02-27 09:10:04,0.00052121,9.00000000
2018-02-27 09:10:06,0.00052121,12.00000000
2018-02-27 09:10:13,0.00052141,172.00000000
2018-02-27 09:10:16,0.00052122,53.00000000
2018-02-27 09:10:19,0.00052122,20.00000000
2018-02-27 09:10:30,0.00052122,145.00000000
2018-02-27 09:10:34,0.00052122,134.00000000
2018-02-27 09:10:34,0.00052121,19.00000000
2018-02-27 09:10:34,0.00052121,260.00000000
2018-02-27 09:10:35,0.00052143,20.00000000
2018-02-27 09:10:38,0.00052121,34.00000000
2018-02-27 09:10:41,0.00052143,12.00000000
2018-02-27 09:10:47,0.00052142,30.00000000
2018-02-27 09:10:47,0.00052143,93.00000000
2018-02-27 09:10:47,0.00052151,15.00000000
2018-02-27 09:10:47,0.00052163,76.00000000
2018-02-27 09:10:48,0.00052197,10.00000000
2018-02-27 09:10:48,0.00052197,21.00000000
2018-02-27 09:10:48,0.00052199,2.00000000
2018-02-27 09:10:48,0.00052199,84.00000000
2018-02-27 09:10:48,0.00052200,20.00000000
2018-02-27 09:10:48,0.00052200,4.00000000
2018-02-27 09:10:49,0.00052253,2.00000000
2018-02-27 09:10:49,0.00052253,21.00000000
2018-02-27 09:10:49,0.00052163,6.00000000
2018-02-27 09:10:51,0.00052166,5.00000000
2018-02-27 09:11:01,0.00052210,200.00000000
2018-02-27 09:11:01,0.00052253,22.00000000
2018-02-27 09:11:09,0.00052253,18.00000000
2018-02-27 09:11:12,0.00052252,58.00000000
2018-02-27 09:11:12,0.00052253,164.00000000
2018-02-27 09:11:17,0.00052225,59.00000000
2018-02-27 09:11:17,0.00052166,3.00000000
2018-02-27 09:11:19,0.00052250,8.00000000
2018-02-27 09:11:19,0.00052253,11.00000000
2018-02-27 09:11:21,0.00052252,84.00000000
2018-02-27 09:11:21,0.00052166,6.00000000
2018-02-27 09:11:29,0.00052251,9.00000000
2018-02-27 09:11:29,0.00052253,100.00000000
2018-02-27 09:11:29,0.00052268,59.00000000
2018-02-27 09:11:29,0.00052272,30.00000000
2018-02-27 09:11:29,0.00052300,21.00000000
2018-02-27 09:11:29,0.00052273,30.00000000
2018-02-27 09:11:29,0.00052300,28.00000000
2018-02-27 09:11:32,0.00052181,30.00000000
2018-02-27 09:11:33,0.00052251,52.00000000
2018-02-27 09:11:34,0.00052300,29.00000000
2018-02-27 09:11:34,0.00052300,18.00000000
2018-02-27 09:11:34,0.00052300,96.00000000
2018-02-27 09:11:34,0.00052183,47.00000000
2018-02-27 09:11:34,0.00052184,89.00000000
2018-02-27 09:11:34,0.00052181,46.00000000
2018-02-27 09:11:34,0.00052188,4.00000000
2018-02-27 09:11:35,0.00052329,2.00000000
2018-02-27 09:11:37,0.00052180,2.00000000
2018-02-27 09:11:37,0.00052179,11.00000000
2018-02-27 09:11:37,0.00052318,47.00000000
2018-02-27 09:11:37,0.00052320,109.00000000
2018-02-27 09:11:37,0.00052325,36.00000000
2018-02-27 09:11:37,0.00052326,76.00000000
2018-02-27 09:11:37,0.00052332,4.00000000
2018-02-27 09:11:37,0.00052337,50.00000000
2018-02-27 09:11:37,0.00052343,10.00000000
2018-02-27 09:11:37,0.00052344,4.00000000
2018-02-27 09:11:37,0.00052348,56.00000000
2018-02-27 09:11:37,0.00052349,45.00000000
2018-02-27 09:11:38,0.00052184,1.00000000
2018-02-27 09:11:38,0.00052321,18.00000000
2018-02-27 09:11:38,0.00052379,7.00000000
2018-02-27 09:11:39,0.00052186,58.00000000
2018-02-27 09:11:40,0.00052379,23.00000000
2018-02-27 09:11:40,0.00052374,4.00000000
2018-02-27 09:11:40,0.00052379,25.00000000
2018-02-27 09:11:40,0.00052380,77.00000000
2018-02-27 09:11:40,0.00052337,188.00000000
2018-02-27 09:11:43,0.00052329,34.00000000
2018-02-27 09:11:43,0.00052329,33.00000000
2018-02-27 09:11:43,0.00052208,19.00000000
2018-02-27 09:11:43,0.00052232,10.00000000
2018-02-27 09:11:48,0.00052230,77.00000000
2018-02-27 09:11:48,0.00052232,24.00000000
2018-02-27 09:11:52,0.00052229,18.00000000
2018-02-27 09:11:53,0.00052229,22.00000000
2018-02-27 09:11:53,0.00052337,45.00000000
2018-02-27 09:11:53,0.00052378,9.00000000
2018-02-27 09:11:53,0.00052399,43.00000000
2018-02-27 09:11:53,0.00052400,18.00000000
2018-02-27 09:11:53,0.00052425,397.00000000
2018-02-27 09:11:54,0.00052319,8.00000000
2018-02-27 09:11:54,0.00052422,15.00000000
2018-02-27 09:11:55,0.00052425,3.00000000
2018-02-27 09:11:56,0.00052422,3.00000000
2018-02-27 09:11:57,0.00052249,31.00000000
2018-02-27 09:11:57,0.00052248,59.00000000
2018-02-27 09:12:01,0.00052390,20.00000000
2018-02-27 09:12:01,0.00052393,21.00000000
2018-02-27 09:12:01,0.00052396,59.00000000
2018-02-27 09:12:01,0.00052417,232.00000000
2018-02-27 09:12:01,0.00052422,2.00000000
2018-02-27 09:12:01,0.00052425,1252.00000000
2018-02-27 09:12:01,0.00052259,89.00000000
2018-02-27 09:12:01,0.00052258,8.00000000
2018-02-27 09:12:01,0.00052253,42.00000000
2018-02-27 09:12:01,0.00052253,29.00000000
2018-02-27 09:12:06,0.00052256,8.00000000
2018-02-27 09:12:06,0.00052415,8.00000000
2018-02-27 09:12:06,0.00052416,8.00000000
2018-02-27 09:12:06,0.00052418,19.00000000
2018-02-27 09:12:06,0.00052425,1559.00000000
2018-02-27 09:12:06,0.00052477,794.00000000
2018-02-27 09:12:11,0.00052376,100.00000000
2018-02-27 09:12:11,0.00052480,15.00000000
2018-02-27 09:12:11,0.00052480,1.00000000
2018-02-27 09:12:12,0.00052415,8.00000000
2018-02-27 09:12:13,0.00052379,20.00000000
2018-02-27 09:12:14,0.00052385,1.00000000
2018-02-27 09:12:14,0.00052385,1.00000000
2018-02-27 09:12:16,0.00052403,100.00000000
2018-02-27 09:12:16,0.00052405,8.00000000
2018-02-27 09:12:16,0.00052406,89.00000000
2018-02-27 09:12:16,0.00052415,44.00000000
2018-02-27 09:12:16,0.00052499,190.00000000
2018-02-27 09:12:16,0.00052500,756.00000000
2018-02-27 09:12:19,0.00052499,210.00000000
2018-02-27 09:12:19,0.00052500,381.00000000
2018-02-27 09:12:19,0.00052400,8.00000000
2018-02-27 09:12:19,0.00052396,10.00000000
2018-02-27 09:12:19,0.00052389,56.00000000
2018-02-27 09:12:21,0.00052388,46.00000000
2018-02-27 09:12:22,0.00052388,69.00000000
2018-02-27 09:12:22,0.00052489,9.00000000
2018-02-27 09:12:22,0.00052500,218.00000000
2018-02-27 09:12:23,0.00052380,56.00000000
2018-02-27 09:12:24,0.00052499,58.00000000
2018-02-27 09:12:24,0.00052500,1574.00000000
2018-02-27 09:12:24,0.00052500,6.00000000
2018-02-27 09:12:24,0.00052500,177.00000000
2018-02-27 09:12:24,0.00052500,23.00000000
2018-02-27 09:12:24,0.00052501,7.00000000
2018-02-27 09:12:25,0.00052550,56.00000000
2018-02-27 09:12:25,0.00052552,92.00000000
2018-02-27 09:12:25,0.00052501,190.00000000
2018-02-27 09:12:27,0.00052501,127.00000000
2018-02-27 09:12:27,0.00052500,8657.00000000
2018-02-27 09:12:28,0.00052500,147.00000000
2018-02-27 09:12:29,0.00052500,43.00000000
2018-02-27 09:12:29,0.00052552,198.00000000
2018-02-27 09:12:29,0.00052552,6.00000000
2018-02-27 09:12:29,0.00052570,74.00000000
2018-02-27 09:12:29,0.00052578,13.00000000
2018-02-27 09:12:29,0.00052596,82.00000000
2018-02-27 09:12:29,0.00052608,15.00000000
2018-02-27 09:12:31,0.00052552,190.00000000
2018-02-27 09:12:32,0.00052552,2001.00000000
2018-02-27 09:12:33,0.00052550,10.00000000
2018-02-27 09:12:33,0.00052551,51.00000000
2018-02-27 09:12:33,0.00052552,12.00000000
2018-02-27 09:12:35,0.00052409,2.00000000
2018-02-27 09:12:35,0.00052552,8.00000000
2018-02-27 09:12:35,0.00052412,7.00000000
2018-02-27 09:12:36,0.00052415,10.00000000
2018-02-27 09:12:37,0.00052419,2.00000000
2018-02-27 09:12:38,0.00052420,6.00000000
2018-02-27 09:12:38,0.00052420,2.00000000
2018-02-27 09:12:38,0.00052419,4.00000000
2018-02-27 09:12:38,0.00052419,4.00000000
2018-02-27 09:12:38,0.00052418,69.00000000
2018-02-27 09:12:39,0.00052500,2.00000000
2018-02-27 09:12:39,0.00052500,111.00000000
2018-02-27 09:12:39,0.00052500,8.00000000
2018-02-27 09:12:40,0.00052500,14.00000000
2018-02-27 09:12:41,0.00052500,915.00000000
2018-02-27 09:12:41,0.00052404,1989.00000000
2018-02-27 09:12:41,0.00052405,7.00000000
2018-02-27 09:12:44,0.00052537,25.00000000
2018-02-27 09:12:46,0.00052537,165.00000000
2018-02-27 09:12:48,0.00052537,119.00000000
2018-02-27 09:12:48,0.00052537,10.00000000
2018-02-27 09:12:51,0.00052537,551.00000000
2018-02-27 09:12:51,0.00052537,295.00000000
2018-02-27 09:12:52,0.00052508,1.00000000
2018-02-27 09:12:58,0.00052508,22.00000000
2018-02-27 09:12:58,0.00052536,10.00000000
2018-02-27 09:13:00,0.00052509,120.00000000
2018-02-27 09:13:01,0.00052509,19.00000000
2018-02-27 09:13:01,0.00052509,19.00000000
2018-02-27 09:13:02,0.00052509,111.00000000
2018-02-27 09:13:02,0.00052508,420.00000000
2018-02-27 09:13:02,0.00052508,48.00000000
2018-02-27 09:13:02,0.00052508,3.00000000
2018-02-27 09:13:02,0.00052508,5.00000000
2018-02-27 09:13:03,0.00052508,136.00000000
2018-02-27 09:13:04,0.00052509,14.00000000
2018-02-27 09:13:05,0.00052509,17.00000000
2018-02-27 09:13:06,0.00052535,21.00000000
2018-02-27 09:13:06,0.00052536,19.00000000
2018-02-27 09:13:06,0.00052509,25.00000000
2018-02-27 09:13:07,0.00052509,108.00000000
2018-02-27 09:13:07,0.00052508,35.00000000
2018-02-27 09:13:11,0.00052512,2.00000000
2018-02-27 09:13:12,0.00052512,100.00000000
2018-02-27 09:13:17,0.00052534,31.00000000
2018-02-27 09:13:19,0.00052515,1.00000000
2018-02-27 09:13:20,0.00052515,10.00000000
2018-02-27 09:13:21,0.00052515,93.00000000
2018-02-27 09:13:25,0.00052534,18.00000000
2018-02-27 09:13:25,0.00052536,93.00000000
2018-02-27 09:13:25,0.00052537,712.00000000
2018-02-27 09:13:26,0.00052537,5.00000000
2018-02-27 09:13:29,0.00052537,24.00000000
2018-02-27 09:13:39,0.00052553,7.00000000
2018-02-27 09:13:40,0.00052553,41.00000000
2018-02-27 09:13:40,0.00052554,52.00000000
2018-02-27 09:13:45,0.00052554,42.00000000
2018-02-27 09:13:48,0.00052608,68.00000000
2018-02-27 09:13:49,0.00052608,19.00000000
2018-02-27 09:13:49,0.00052608,91.00000000
2018-02-27 09:13:50,0.00052600,3.00000000
2018-02-27 09:13:50,0.00052600,21.00000000
2018-02-27 09:13:51,0.00052608,33.00000000
2018-02-27 09:13:51,0.00052608,113.00000000
2018-02-27 09:13:51,0.00052600,101.00000000
2018-02-27 09:13:52,0.00052608,5.00000000
2018-02-27 09:13:52,0.00052600,6.00000000
2018-02-27 09:13:53,0.00052600,265.00000000
2018-02-27 09:13:53,0.00052600,28.00000000
2018-02-27 09:13:54,0.00052600,21.00000000
2018-02-27 09:13:54,0.00052600,19.00000000
2018-02-27 09:13:54,0.00052607,34.00000000
2018-02-27 09:13:55,0.00052607,7.00000000
2018-02-27 09:13:55,0.00052608,25.00000000
2018-02-27 09:13:55,0.00052600,14.00000000
2018-02-27 09:13:55,0.00052600,39.00000000
2018-02-27 09:13:56,0.00052600,112.00000000
2018-02-27 09:13:56,0.00052608,8.00000000
2018-02-27 09:13:56,0.00052600,64.00000000
2018-02-27 09:13:57,0.00052608,15.00000000
2018-02-27 09:13:58,0.00052600,15.00000000
2018-02-27 09:13:59,0.00052600,250.00000000
2018-02-27 09:14:06,0.00052600,5.00000000
2018-02-27 09:14:07,0.00052600,49.00000000
2018-02-27 09:14:08,0.00052600,9.00000000
2018-02-27 09:14:10,0.00052554,7.00000000
2018-02-27 09:14:14,0.00052554,20.00000000
2018-02-27 09:14:15,0.00052554,42.00000000
2018-02-27 09:14:15,0.00052599,45.00000000
2018-02-27 09:14:15,0.00052600,33.00000000
2018-02-27 09:14:16,0.00052600,2.00000000
2018-02-27 09:14:17,0.00052600,97.00000000
2018-02-27 09:14:18,0.00052608,39.00000000
2018-02-27 09:14:19,0.00052600,16.00000000
2018-02-27 09:14:30,0.00052608,144.00000000
2018-02-27 09:14:30,0.00052608,100.00000000
2018-02-27 09:14:31,0.00052608,4.00000000
2018-02-27 09:14:31,0.00052608,44.00000000
2018-02-27 09:14:38,0.00052624,5.00000000
2018-02-27 09:14:38,0.00052624,7.00000000
2018-02-27 09:14:38,0.00052625,51.00000000
2018-02-27 09:14:38,0.00052625,19.00000000
2018-02-27 09:14:38,0.00052653,9.00000000
2018-02-27 09:14:38,0.00052659,76.00000000
2018-02-27 09:14:38,0.00052666,221.00000000
2018-02-27 09:14:38,0.00052690,50.00000000
2018-02-27 09:14:38,0.00052700,55.00000000
2018-02-27 09:14:38,0.00052742,72.00000000
2018-02-27 09:14:38,0.00052750,10.00000000
2018-02-27 09:14:38,0.00052770,74.00000000
2018-02-27 09:14:38,0.00052784,99.00000000
2018-02-27 09:14:40,0.00052616,74.00000000
2018-02-27 09:14:41,0.00052621,8.00000000
2018-02-27 09:14:41,0.00052782,17.00000000
2018-02-27 09:14:41,0.00052783,3.00000000
2018-02-27 09:14:41,0.00052624,44.00000000
2018-02-27 09:14:41,0.00052783,108.00000000
2018-02-27 09:14:41,0.00052784,61.00000000
2018-02-27 09:14:41,0.00052624,4.00000000
2018-02-27 09:14:44,0.00052776,8.00000000
2018-02-27 09:14:44,0.00052784,511.00000000
2018-02-27 09:14:44,0.00052787,129.00000000
2018-02-27 09:14:44,0.00052787,15.00000000
2018-02-27 09:14:44,0.00052787,96.00000000
2018-02-27 09:14:44,0.00052787,44.00000000
2018-02-27 09:14:44,0.00052787,18.00000000
2018-02-27 09:14:44,0.00052787,61.00000000
2018-02-27 09:14:44,0.00052787,61.00000000
2018-02-27 09:14:44,0.00052787,282.00000000
2018-02-27 09:14:44,0.00052787,127.00000000
2018-02-27 09:14:44,0.00052637,141.00000000
2018-02-27 09:14:44,0.00052635,20.00000000
2018-02-27 09:14:44,0.00052633,20.00000000
2018-02-27 09:14:44,0.00052632,75.00000000
2018-02-27 09:14:44,0.00052628,26.00000000
2018-02-27 09:14:47,0.00052781,285.00000000
2018-02-27 09:14:47,0.00052783,101.00000000
2018-02-27 09:14:47,0.00052787,20.00000000
2018-02-27 09:14:47,0.00052787,10.00000000
2018-02-27 09:14:47,0.00052787,11.00000000
2018-02-27 09:14:48,0.00052788,3.00000000
2018-02-27 09:14:48,0.00052788,7.00000000
2018-02-27 09:14:49,0.00052787,12.00000000
2018-02-27 09:14:51,0.00052779,10.00000000
2018-02-27 09:14:51,0.00052780,33.00000000
2018-02-27 09:14:53,0.00052661,6.00000000
2018-02-27 09:14:53,0.00052664,6.00000000
2018-02-27 09:14:54,0.00052780,10.00000000
2018-02-27 09:14:54,0.00052667,2.00000000
2018-02-27 09:14:54,0.00052668,10.00000000
2018-02-27 09:14:54,0.00052667,38.00000000
2018-02-27 09:14:55,0.00052667,5.00000000
2018-02-27 09:14:55,0.00052667,5.00000000
2018-02-27 09:14:55,0.00052667,6.00000000
2018-02-27 09:14:56,0.00052670,5.00000000
2018-02-27 09:14:57,0.00052780,3.00000000
2018-02-27 09:15:01,0.00052778,73.00000000
2018-02-27 09:15:01,0.00052780,67.00000000
2018-02-27 09:15:04,0.00052778,145.00000000
2018-02-27 09:15:06,0.00052675,8.00000000
2018-02-27 09:15:10,0.00052643,10.00000000
2018-02-27 09:15:10,0.00052608,365.00000000
2018-02-27 09:15:10,0.00052601,4.00000000
2018-02-27 09:15:10,0.00052600,11.00000000
2018-02-27 09:15:10,0.00052594,120.00000000
2018-02-27 09:15:11,0.00052568,15.00000000
2018-02-27 09:15:11,0.00052558,89.00000000
2018-02-27 09:15:11,0.00052557,68.00000000
2018-02-27 09:15:11,0.00052557,15.00000000
2018-02-27 09:15:11,0.00052556,30.00000000
2018-02-27 09:15:11,0.00052554,129.00000000
2018-02-27 09:15:11,0.00052555,30.00000000
2018-02-27 09:15:11,0.00052554,166.00000000
2018-02-27 09:15:11,0.00052554,37.00000000
2018-02-27 09:15:11,0.00052553,30.00000000
2018-02-27 09:15:11,0.00052552,70.00000000
2018-02-27 09:15:11,0.00052552,6.00000000
2018-02-27 09:15:12,0.00052650,17.00000000
2018-02-27 09:15:12,0.00052650,18.00000000
2018-02-27 09:15:12,0.00052567,5.00000000
2018-02-27 09:15:14,0.00052552,10.00000000
2018-02-27 09:15:14,0.00052549,15.00000000
2018-02-27 09:15:15,0.00052652,15.00000000
2018-02-27 09:15:16,0.00052551,3.00000000
2018-02-27 09:15:16,0.00052551,11.00000000
2018-02-27 09:15:17,0.00052552,7.00000000
2018-02-27 09:15:17,0.00052552,18.00000000
2018-02-27 09:15:17,0.00052552,7.00000000
2018-02-27 09:15:17,0.00052552,75.00000000
2018-02-27 09:15:17,0.00052649,6.00000000
2018-02-27 09:15:18,0.00052561,9.00000000
2018-02-27 09:15:19,0.00052540,6.00000000
2018-02-27 09:15:20,0.00052554,22.00000000
2018-02-27 09:15:20,0.00052554,4.00000000
2018-02-27 09:15:21,0.00052540,277.00000000
2018-02-27 09:15:21,0.00052540,92.00000000
2018-02-27 09:15:21,0.00052540,61.00000000
2018-02-27 09:15:21,0.00052540,165.00000000
2018-02-27 09:15:24,0.00052642,19.00000000
2018-02-27 09:15:24,0.00052646,10.00000000
2018-02-27 09:15:24,0.00052647,55.00000000
2018-02-27 09:15:24,0.00052674,320.00000000
2018-02-27 09:15:24,0.00052730,120.00000000
2018-02-27 09:15:25,0.00052675,345.00000000
2018-02-27 09:15:27,0.00052650,6.00000000
2018-02-27 09:15:30,0.00052650,3.00000000
2018-02-27 09:15:30,0.00052650,3.00000000
2018-02-27 09:15:31,0.00052650,37.00000000
2018-02-27 09:15:31,0.00052674,42.00000000
2018-02-27 09:15:33,0.00052651,90.00000000
2018-02-27 09:15:34,0.00052651,15.00000000
2018-02-27 09:15:36,0.00052651,67.00000000
2018-02-27 09:15:42,0.00052652,28.00000000
2018-02-27 09:15:42,0.00052652,39.00000000
2018-02-27 09:15:44,0.00052652,7.00000000
2018-02-27 09:15:50,0.00052728,18.00000000
2018-02-27 09:15:59,0.00052699,89.00000000
2018-02-27 09:15:59,0.00052700,54.00000000
2018-02-27 09:15:59,0.00052700,1.00000000
2018-02-27 09:16:00,0.00052653,168.00000000
2018-02-27 09:16:00,0.00052651,449.00000000
2018-02-27 09:16:05,0.00052726,9.00000000
2018-02-27 09:16:05,0.00052728,10.00000000
2018-02-27 09:16:05,0.00052735,41.00000000
2018-02-27 09:16:05,0.00052747,8.00000000
2018-02-27 09:16:05,0.00052750,30.00000000
2018-02-27 09:16:05,0.00052651,142.00000000
2018-02-27 09:16:06,0.00052651,359.00000000
2018-02-27 09:16:07,0.00052653,8.00000000
2018-02-27 09:16:08,0.00052651,78.00000000
2018-02-27 09:16:10,0.00052650,454.00000000
2018-02-27 09:16:12,0.00052726,40.00000000
2018-02-27 09:16:15,0.00052650,18.00000000
2018-02-27 09:16:15,0.00052650,91.00000000
2018-02-27 09:16:16,0.00052650,5.00000000
2018-02-27 09:16:18,0.00052726,34.00000000
2018-02-27 09:16:21,0.00052651,1.00000000
2018-02-27 09:16:27,0.00052726,53.00000000
2018-02-27 09:16:27,0.00052742,8.00000000
2018-02-27 09:16:27,0.00052745,53.00000000
2018-02-27 09:16:27,0.00052749,136.00000000
2018-02-27 09:16:33,0.00052654,7.00000000
2018-02-27 09:16:36,0.00052738,11.00000000
2018-02-27 09:16:36,0.00052739,9.00000000
2018-02-27 09:16:36,0.00052744,39.00000000
2018-02-27 09:16:36,0.00052749,34.00000000
2018-02-27 09:16:36,0.00052750,220.00000000
2018-02-27 09:16:38,0.00052651,17.00000000
2018-02-27 09:16:38,0.00052652,4.00000000
2018-02-27 09:16:39,0.00052653,6.00000000
2018-02-27 09:16:39,0.00052653,14.00000000
2018-02-27 09:16:41,0.00052651,7.00000000
2018-02-27 09:16:41,0.00052655,33.00000000
2018-02-27 09:16:41,0.00052731,9.00000000
2018-02-27 09:16:41,0.00052750,83.00000000
2018-02-27 09:16:41,0.00052777,42.00000000
2018-02-27 09:16:41,0.00052778,33.00000000
2018-02-27 09:16:44,0.00052739,5.00000000
2018-02-27 09:16:53,0.00052663,8.00000000
2018-02-27 09:16:53,0.00052660,54.00000000
2018-02-27 09:16:53,0.00052655,21.00000000
2018-02-27 09:16:54,0.00052673,5.00000000
2018-02-27 09:16:55,0.00052738,10.00000000
2018-02-27 09:16:56,0.00052735,8.00000000
2018-02-27 09:16:56,0.00052738,28.00000000
2018-02-27 09:16:56,0.00052739,6.00000000
2018-02-27 09:17:00,0.00052739,226.00000000
2018-02-27 09:17:08,0.00052656,8.00000000
2018-02-27 09:17:09,0.00052651,53.00000000
2018-02-27 09:17:09,0.00052650,39.00000000
2018-02-27 09:17:16,0.00052651,131.00000000
2018-02-27 09:17:16,0.00052650,18807.00000000
2018-02-27 09:17:16,0.00052650,131.00000000
2018-02-27 09:17:16,0.00052648,30.00000000
2018-02-27 09:17:16,0.00052626,188.00000000
2018-02-27 09:17:16,0.00052624,33.00000000
2018-02-27 09:17:22,0.00052560,10.00000000
2018-02-27 09:17:22,0.00052558,120.00000000
2018-02-27 09:17:22,0.00052540,14.00000000
2018-02-27 09:17:29,0.00052542,10.00000000
2018-02-27 09:17:29,0.00052540,366.00000000
2018-02-27 09:17:29,0.00052537,255.00000000
2018-02-27 09:17:30,0.00052535,10.00000000
2018-02-27 09:17:31,0.00052517,9.00000000
2018-02-27 09:17:32,0.00052512,203.00000000
2018-02-27 09:17:32,0.00052512,97.00000000
2018-02-27 09:17:32,0.00052509,147.00000000
2018-02-27 09:17:32,0.00052509,15.00000000
2018-02-27 09:17:32,0.00052508,16.00000000
2018-02-27 09:17:32,0.00052500,38.00000000
2018-02-27 09:17:32,0.00052534,75.00000000
2018-02-27 09:17:33,0.00052529,55.00000000
2018-02-27 09:17:38,0.00052442,15.00000000
2018-02-27 09:17:38,0.00052433,15.00000000
2018-02-27 09:17:39,0.00052523,48.00000000
2018-02-27 09:17:42,0.00052523,81.00000000
2018-02-27 09:17:43,0.00052448,59.00000000
2018-02-27 09:17:43,0.00052433,6.00000000
2018-02-27 09:17:43,0.00052412,83.00000000
2018-02-27 09:17:43,0.00052411,386.00000000
2018-02-27 09:17:43,0.00052405,30.00000000
2018-02-27 09:17:43,0.00052333,52.00000000
2018-02-27 09:17:43,0.00052265,9.00000000
2018-02-27 09:17:43,0.00052254,21.00000000
2018-02-27 09:17:43,0.00052232,75.00000000
2018-02-27 09:17:43,0.00052231,40.00000000
2018-02-27 09:17:43,0.00052230,482.00000000
2018-02-27 09:17:43,0.00052197,355.00000000
2018-02-27 09:17:44,0.00052527,10.00000000
2018-02-27 09:17:44,0.00052528,44.00000000
2018-02-27 09:17:44,0.00052528,10.00000000
2018-02-27 09:17:44,0.00052529,3.00000000
2018-02-27 09:17:45,0.00052457,10.00000000
2018-02-27 09:17:45,0.00052456,15.00000000
2018-02-27 09:17:45,0.00052433,2.00000000
2018-02-27 09:17:45,0.00052433,66.00000000
2018-02-27 09:17:45,0.00052433,13.00000000
2018-02-27 09:17:45,0.00052433,13.00000000
2018-02-27 09:17:45,0.00052433,88.00000000
2018-02-27 09:17:45,0.00052433,8.00000000
2018-02-27 09:17:45,0.00052433,7.00000000
2018-02-27 09:17:45,0.00052433,8.00000000
2018-02-27 09:17:46,0.00052433,47.00000000
2018-02-27 09:17:46,0.00052433,19.00000000
2018-02-27 09:17:47,0.00052411,2.00000000
2018-02-27 09:17:55,0.00052410,2.00000000
2018-02-27 09:17:56,0.00052410,36.00000000
2018-02-27 09:17:56,0.00052305,264.00000000
2018-02-27 09:17:56,0.00052305,23.00000000
2018-02-27 09:17:58,0.00052424,22.00000000
2018-02-27 09:18:00,0.00052305,6.00000000
2018-02-27 09:18:04,0.00052408,9.00000000
2018-02-27 09:18:04,0.00052406,111.00000000
2018-02-27 09:18:05,0.00052406,55.00000000
2018-02-27 09:18:06,0.00052310,13.00000000
2018-02-27 09:18:06,0.00052305,19.00000000
2018-02-27 09:18:06,0.00052305,11.00000000
2018-02-27 09:18:06,0.00052409,10.00000000
2018-02-27 09:18:06,0.00052409,7.00000000
2018-02-27 09:18:07,0.00052408,50.00000000
2018-02-27 09:18:07,0.00052409,13.00000000
2018-02-27 09:18:07,0.00052410,99.00000000
2018-02-27 09:18:07,0.00052417,76.00000000
2018-02-27 09:18:07,0.00052424,32.00000000
2018-02-27 09:18:07,0.00052424,30.00000000
2018-02-27 09:18:07,0.00052424,30.00000000
2018-02-27 09:18:07,0.00052424,30.00000000
2018-02-27 09:18:07,0.00052424,30.00000000
2018-02-27 09:18:07,0.00052424,21.00000000
2018-02-27 09:18:07,0.00052424,417.00000000
2018-02-27 09:18:07,0.00052400,228.00000000
2018-02-27 09:18:09,0.00052406,8.00000000
2018-02-27 09:18:11,0.00052406,35.00000000
2018-02-27 09:18:11,0.00052406,43.00000000
2018-02-27 09:18:12,0.00052400,51.00000000
2018-02-27 09:18:13,0.00052430,4.00000000
2018-02-27 09:18:14,0.00052406,30.00000000
2018-02-27 09:18:20,0.00052429,5.00000000
2018-02-27 09:18:20,0.00052429,4.00000000
2018-02-27 09:18:20,0.00052430,5.00000000
2018-02-27 09:18:20,0.00052432,35.00000000
2018-02-27 09:18:20,0.00052502,116.00000000
2018-02-27 09:18:26,0.00052368,52.00000000
2018-02-27 09:18:26,0.00052499,10.00000000
2018-02-27 09:18:26,0.00052500,29.00000000
2018-02-27 09:18:38,0.00052495,43.00000000
2018-02-27 09:18:38,0.00052428,10.00000000
2018-02-27 09:18:38,0.00052427,5.00000000
2018-02-27 09:18:38,0.00052412,76.00000000
2018-02-27 09:18:38,0.00052406,29.00000000
2018-02-27 09:18:41,0.00052495,9.00000000
2018-02-27 09:18:41,0.00052497,31.00000000
2018-02-27 09:18:41,0.00052409,8.00000000
2018-02-27 09:18:41,0.00052371,64.00000000
2018-02-27 09:18:42,0.00052376,99.00000000
2018-02-27 09:18:47,0.00052482,5.00000000
2018-02-27 09:18:48,0.00052477,5.00000000
2018-02-27 09:18:59,0.00052445,5.00000000
2018-02-27 09:19:11,0.00052382,68.00000000
2018-02-27 09:19:11,0.00052381,10.00000000
2018-02-27 09:19:11,0.00052376,25.00000000
2018-02-27 09:19:11,0.00052427,4.00000000
2018-02-27 09:19:14,0.00052421,85.00000000
2018-02-27 09:19:14,0.00052423,84.00000000
2018-02-27 09:19:14,0.00052426,126.00000000
2018-02-27 09:19:20,0.00052400,16.00000000
2018-02-27 09:19:23,0.00052400,5.00000000
2018-02-27 09:19:23,0.00052429,18.00000000
2018-02-27 09:19:24,0.00052400,79.00000000
2018-02-27 09:19:34,0.00052400,5.00000000
2018-02-27 09:19:35,0.00052400,100.00000000
2018-02-27 09:19:36,0.00052400,7.00000000
2018-02-27 09:19:43,0.00052378,37.00000000
2018-02-27 09:19:43,0.00052376,1.00000000
2018-02-27 09:19:44,0.00052400,58.00000000
2018-02-27 09:19:56,0.00052388,5.00000000
2018-02-27 09:20:03,0.00052275,15.00000000
2018-02-27 09:20:03,0.00052264,109.00000000
2018-02-27 09:20:03,0.00052257,74.00000000
2018-02-27 09:20:03,0.00052250,51.00000000
2018-02-27 09:20:03,0.00052208,117.00000000
2018-02-27 09:20:03,0.00052197,249.00000000
2018-02-27 09:20:07,0.00052266,11.00000000
2018-02-27 09:20:10,0.00052364,20.00000000
2018-02-27 09:20:10,0.00052366,165.00000000
2018-02-27 09:20:10,0.00052368,8.00000000
2018-02-27 09:20:10,0.00052386,147.00000000
2018-02-27 09:20:11,0.00052389,10.00000000
2018-02-27 09:20:11,0.00052388,269.00000000
2018-02-27 09:20:13,0.00052372,5.00000000
2018-02-27 09:20:14,0.00052369,5.00000000
2018-02-27 09:20:14,0.00052255,10.00000000
2018-02-27 09:20:14,0.00052254,8.00000000
2018-02-27 09:20:18,0.00052364,5.00000000
2018-02-27 09:20:25,0.00052263,8.00000000
2018-02-27 09:20:25,0.00052259,30.00000000
2018-02-27 09:20:25,0.00052258,19.00000000
2018-02-27 09:20:34,0.00052253,19.00000000
2018-02-27 09:20:34,0.00052253,57.00000000
2018-02-27 09:20:34,0.00052252,10.00000000
2018-02-27 09:20:34,0.00052253,1.00000000
2018-02-27 09:20:34,0.00052253,4.00000000
2018-02-27 09:20:34,0.00052252,10.00000000
2018-02-27 09:20:34,0.00052202,9.00000000
2018-02-27 09:20:35,0.00052253,5.00000000
2018-02-27 09:20:35,0.00052253,16.00000000
2018-02-27 09:20:35,0.00052252,8.00000000
2018-02-27 09:20:36,0.00052252,2.00000000
2018-02-27 09:20:37,0.00052341,2.00000000
2018-02-27 09:20:41,0.00052338,8.00000000
2018-02-27 09:20:41,0.00052341,27.00000000
2018-02-27 09:20:41,0.00052343,11.00000000
2018-02-27 09:20:41,0.00052348,54.00000000
2018-02-27 09:20:49,0.00052261,8.00000000
2018-02-27 09:20:49,0.00052258,18.00000000
2018-02-27 09:20:49,0.00052258,88.00000000
2018-02-27 09:20:50,0.00052258,12.00000000
2018-02-27 09:20:50,0.00052258,17.00000000
2018-02-27 09:20:50,0.00052258,4.00000000
2018-02-27 09:20:50,0.00052258,184.00000000
2018-02-27 09:20:57,0.00052258,10.00000000
2018-02-27 09:20:58,0.00052258,2.00000000
2018-02-27 09:20:58,0.00052258,662.00000000
2018-02-27 09:20:58,0.00052258,15.00000000
2018-02-27 09:20:58,0.00052258,184.00000000
2018-02-27 09:20:59,0.00052258,4.00000000
2018-02-27 09:20:59,0.00052258,2.00000000
2018-02-27 09:20:59,0.00052258,26.00000000
2018-02-27 09:21:00,0.00052258,5.00000000
2018-02-27 09:21:00,0.00052347,8.00000000
2018-02-27 09:21:00,0.00052349,11.00000000
2018-02-27 09:21:00,0.00052349,19.00000000
2018-02-27 09:21:00,0.00052350,601.00000000
2018-02-27 09:21:00,0.00052358,31.00000000
2018-02-27 09:21:00,0.00052361,30.00000000
2018-02-27 09:21:00,0.00052374,31.00000000
2018-02-27 09:21:00,0.00052397,31.00000000
2018-02-27 09:21:00,0.00052400,387.00000000
2018-02-27 09:21:00,0.00052420,36.00000000
2018-02-27 09:21:00,0.00052425,92.00000000
2018-02-27 09:21:00,0.00052426,1184.00000000
2018-02-27 09:21:08,0.00052382,5.00000000
2018-02-27 09:21:11,0.00052284,17.00000000
2018-02-27 09:21:11,0.00052283,1.00000000
2018-02-27 09:21:16,0.00052380,3.00000000
2018-02-27 09:21:16,0.00052381,16.00000000
2018-02-27 09:21:16,0.00052381,3.00000000
2018-02-27 09:21:16,0.00052381,6.00000000
2018-02-27 09:21:16,0.00052381,7.00000000
2018-02-27 09:21:16,0.00052381,3.00000000
2018-02-27 09:21:17,0.00052381,3.00000000
2018-02-27 09:21:17,0.00052380,2.00000000
2018-02-27 09:21:18,0.00052381,8.00000000
2018-02-27 09:21:18,0.00052382,28.00000000
2018-02-27 09:21:18,0.00052382,19.00000000
2018-02-27 09:21:18,0.00052382,33.00000000
2018-02-27 09:21:27,0.00052382,197.00000000
2018-02-27 09:21:27,0.00052383,4.00000000
2018-02-27 09:21:27,0.00052399,78.00000000
2018-02-27 09:21:27,0.00052400,243.00000000
2018-02-27 09:21:27,0.00052426,97.00000000
2018-02-27 09:21:27,0.00052426,173.00000000
2018-02-27 09:21:31,0.00052426,10.00000000
2018-02-27 09:21:32,0.00052381,21.00000000
2018-02-27 09:21:37,0.00052381,4.00000000
2018-02-27 09:21:38,0.00052381,4.00000000
2018-02-27 09:21:47,0.00052424,9.00000000
2018-02-27 09:21:51,0.00052383,10.00000000
2018-02-27 09:21:51,0.00052382,3.00000000
2018-02-27 09:21:51,0.00052324,3.00000000
2018-02-27 09:21:51,0.00052324,1.00000000
2018-02-27 09:21:51,0.00052323,2.00000000
2018-02-27 09:21:52,0.00052323,43.00000000
2018-02-27 09:21:52,0.00052323,16.00000000
2018-02-27 09:21:52,0.00052381,7.00000000
2018-02-27 09:21:52,0.00052383,10.00000000
2018-02-27 09:21:52,0.00052423,3.00000000
2018-02-27 09:22:00,0.00052422,5.00000000
2018-02-27 09:22:08,0.00052419,5.00000000
2018-02-27 09:22:08,0.00052420,156.00000000
2018-02-27 09:22:11,0.00052422,27.00000000
2018-02-27 09:22:13,0.00052422,202.00000000
2018-02-27 09:22:14,0.00052422,16.00000000
2018-02-27 09:22:14,0.00052423,86.00000000
2018-02-27 09:22:14,0.00052426,617.00000000
2018-02-27 09:22:17,0.00052426,102.00000000
2018-02-27 09:22:17,0.00052435,10.00000000
2018-02-27 09:22:23,0.00052435,22.00000000
2018-02-27 09:22:23,0.00052487,33.00000000
2018-02-27 09:22:23,0.00052498,34.00000000
2018-02-27 09:22:23,0.00052500,46.00000000
2018-02-27 09:22:39,0.00052422,4.00000000
2018-02-27 09:22:39,0.00052420,11.00000000
2018-02-27 09:22:39,0.00052381,3.00000000
2018-02-27 09:22:39,0.00052347,55.00000000
2018-02-27 09:22:39,0.00052333,132.00000000
2018-02-27 09:22:41,0.00052420,4.00000000
2018-02-27 09:22:41,0.00052425,16.00000000
2018-02-27 09:22:48,0.00052423,5.00000000
2018-02-27 09:22:48,0.00052425,12.00000000
2018-02-27 09:22:48,0.00052426,13.00000000
2018-02-27 09:22:48,0.00052500,239.00000000
2018-02-27 09:22:49,0.00052500,14.00000000
2018-02-27 09:22:49,0.00052500,16.00000000
2018-02-27 09:22:49,0.00052500,663.00000000
2018-02-27 09:22:54,0.00052350,4.00000000
2018-02-27 09:22:56,0.00052422,28.00000000
2018-02-27 09:23:02,0.00052533,42.00000000
2018-02-27 09:23:03,0.00052434,8.00000000
2018-02-27 09:23:03,0.00052425,12.00000000
2018-02-27 09:23:03,0.00052533,81.00000000
2018-02-27 09:23:13,0.00052529,26.00000000
2018-02-27 09:23:17,0.00052427,226.00000000
2018-02-27 09:23:29,0.00052526,8.00000000
2018-02-27 09:23:29,0.00052529,1.00000000
2018-02-27 09:23:29,0.00052534,10.00000000
2018-02-27 09:23:31,0.00052525,20.00000000
2018-02-27 09:23:40,0.00052516,16.00000000
2018-02-27 09:23:40,0.00052520,17.00000000
2018-02-27 09:23:40,0.00052525,7.00000000
2018-02-27 09:23:40,0.00052533,5.00000000
2018-02-27 09:23:40,0.00052433,4.00000000
2018-02-27 09:23:41,0.00052433,26.00000000
2018-02-27 09:23:41,0.00052432,617.00000000
2018-02-27 09:23:44,0.00052436,6.00000000
2018-02-27 09:23:47,0.00052516,9.00000000
2018-02-27 09:23:47,0.00052534,16.00000000
2018-02-27 09:23:48,0.00052516,53.00000000
2018-02-27 09:23:49,0.00052516,8.00000000
2018-02-27 09:23:50,0.00052516,2.00000000
2018-02-27 09:23:51,0.00052515,16.00000000
2018-02-27 09:23:53,0.00052515,8.00000000
2018-02-27 09:23:53,0.00052534,12.00000000
2018-02-27 09:23:55,0.00052476,26.00000000
2018-02-27 09:23:57,0.00052513,6.00000000
2018-02-27 09:23:57,0.00052534,13.00000000
2018-02-27 09:23:57,0.00052534,45.00000000
2018-02-27 09:23:57,0.00052534,6.00000000
2018-02-27 09:23:58,0.00052534,17.00000000
2018-02-27 09:23:58,0.00052534,110.00000000
2018-02-27 09:24:03,0.00052534,14.00000000
2018-02-27 09:24:04,0.00052534,40.00000000
2018-02-27 09:24:07,0.00052534,70.00000000
2018-02-27 09:24:08,0.00052568,21.00000000
2018-02-27 09:24:08,0.00052599,45.00000000
2018-02-27 09:24:08,0.00052600,395.00000000
2018-02-27 09:24:13,0.00052476,72.00000000
2018-02-27 09:24:25,0.00052534,18.00000000
2018-02-27 09:24:25,0.00052500,590.00000000
2018-02-27 09:24:40,0.00052500,56.00000000
2018-02-27 09:24:40,0.00052481,13.00000000
2018-02-27 09:24:40,0.00052476,17.00000000
2018-02-27 09:24:41,0.00052453,32.00000000
2018-02-27 09:24:41,0.00052451,41.00000000
2018-02-27 09:24:43,0.00052476,161.00000000
2018-02-27 09:24:45,0.00052476,54.00000000
2018-02-27 09:24:47,0.00052476,90.00000000
2018-02-27 09:24:48,0.00052500,15.00000000
2018-02-27 09:24:48,0.00052500,602.00000000
2018-02-27 09:24:51,0.00052500,15.00000000
2018-02-27 09:24:51,0.00052476,9.00000000
2018-02-27 09:24:54,0.00052516,15.00000000
2018-02-27 09:24:58,0.00052476,20.00000000
2018-02-27 09:25:08,0.00052516,16.00000000
2018-02-27 09:25:08,0.00052516,5.00000000
2018-02-27 09:25:12,0.00052515,85.00000000
2018-02-27 09:25:12,0.00052516,44.00000000
2018-02-27 09:25:12,0.00052566,25.00000000
2018-02-27 09:25:12,0.00052567,25.00000000
2018-02-27 09:25:12,0.00052600,255.00000000
2018-02-27 09:25:12,0.00052617,30.00000000
2018-02-27 09:25:12,0.00052629,103.00000000
2018-02-27 09:25:21,0.00052614,50.00000000
2018-02-27 09:25:21,0.00052615,7.00000000
2018-02-27 09:25:23,0.00052629,5.00000000
2018-02-27 09:25:23,0.00052628,5.00000000
2018-02-27 09:25:24,0.00052628,4.00000000
2018-02-27 09:25:24,0.00052629,121.00000000
2018-02-27 09:25:24,0.00052681,18.00000000
2018-02-27 09:25:30,0.00052675,3.00000000
2018-02-27 09:25:31,0.00052666,30.00000000
2018-02-27 09:25:31,0.00052675,70.00000000
2018-02-27 09:25:32,0.00052562,18.00000000
2018-02-27 09:25:32,0.00052565,7.00000000
2018-02-27 09:25:34,0.00052675,54.00000000
2018-02-27 09:25:34,0.00052676,31.00000000
2018-02-27 09:25:40,0.00052572,10.00000000
2018-02-27 09:25:40,0.00052571,8.00000000
2018-02-27 09:25:40,0.00052544,8.00000000
2018-02-27 09:25:40,0.00052544,5.00000000
2018-02-27 09:25:41,0.00052545,10.00000000
2018-02-27 09:25:41,0.00052544,48.00000000
2018-02-27 09:25:42,0.00052544,15.00000000
2018-02-27 09:25:42,0.00052668,5.00000000
2018-02-27 09:25:43,0.00052663,20.00000000
2018-02-27 09:25:43,0.00052665,19.00000000
2018-02-27 09:25:43,0.00052574,24.00000000
2018-02-27 09:25:44,0.00052661,10.00000000
2018-02-27 09:25:47,0.00052530,20.00000000
2018-02-27 09:25:47,0.00052529,83.00000000
2018-02-27 09:25:49,0.00052653,2.00000000
2018-02-27 09:25:49,0.00052655,108.00000000
2018-02-27 09:25:49,0.00052657,15.00000000
2018-02-27 09:25:49,0.00052550,74.00000000
2018-02-27 09:25:50,0.00052533,189.00000000
2018-02-27 09:25:50,0.00052531,50.00000000
2018-02-27 09:25:50,0.00052531,167.00000000
2018-02-27 09:25:50,0.00052651,11.00000000
2018-02-27 09:25:50,0.00052531,30.00000000
2018-02-27 09:25:53,0.00052528,36.00000000
2018-02-27 09:25:53,0.00052528,16.00000000
2018-02-27 09:25:54,0.00052522,70.00000000
2018-02-27 09:25:54,0.00052516,220.00000000
2018-02-27 09:25:55,0.00052625,40.00000000
2018-02-27 09:26:03,0.00052602,36.00000000
2018-02-27 09:26:07,0.00052553,16.00000000
2018-02-27 09:26:07,0.00052531,4.00000000
2018-02-27 09:26:07,0.00052553,86.00000000
2018-02-27 09:26:07,0.00052555,10.00000000
2018-02-27 09:26:07,0.00052573,88.00000000
2018-02-27 09:26:07,0.00052596,30.00000000
2018-02-27 09:26:07,0.00052598,9.00000000
2018-02-27 09:26:07,0.00052627,61.00000000
2018-02-27 09:26:07,0.00052636,261.00000000
2018-02-27 09:26:07,0.00052637,286.00000000
2018-02-27 09:26:07,0.00052642,8.00000000
2018-02-27 09:26:07,0.00052647,30.00000000
2018-02-27 09:26:07,0.00052658,23.00000000
2018-02-27 09:26:07,0.00052676,120.00000000
2018-02-27 09:26:09,0.00052537,39.00000000
2018-02-27 09:26:13,0.00052544,73.00000000
2018-02-27 09:26:13,0.00052544,3.00000000
2018-02-27 09:26:13,0.00052541,30.00000000
2018-02-27 09:26:14,0.00052540,30.00000000
2018-02-27 09:26:15,0.00052532,24.00000000
2018-02-27 09:26:19,0.00052532,30.00000000
2018-02-27 09:26:19,0.00052531,2.00000000
2018-02-27 09:26:44,0.00052536,38.00000000
2018-02-27 09:26:45,0.00052561,800.00000000
2018-02-27 09:26:49,0.00052561,5.00000000
2018-02-27 09:26:49,0.00052561,41.00000000
2018-02-27 09:26:50,0.00052561,1628.00000000
2018-02-27 09:26:50,0.00052563,5.00000000
2018-02-27 09:26:50,0.00052564,22.00000000
2018-02-27 09:26:50,0.00052567,30.00000000
2018-02-27 09:26:50,0.00052570,49.00000000
2018-02-27 09:26:50,0.00052570,21.00000000
2018-02-27 09:27:01,0.00052570,100.00000000
2018-02-27 09:27:04,0.00052571,22.00000000
2018-02-27 09:27:04,0.00052623,7.00000000
2018-02-27 09:27:04,0.00052626,12.00000000
2018-02-27 09:27:05,0.00052570,2.00000000
2018-02-27 09:27:06,0.00052650,5.00000000
2018-02-27 09:27:06,0.00052573,8.00000000
2018-02-27 09:27:06,0.00052570,14.00000000
2018-02-27 09:27:08,0.00052647,8.00000000
2018-02-27 09:27:08,0.00052650,33.00000000
2018-02-27 09:27:08,0.00052570,22.00000000
2018-02-27 09:27:08,0.00052673,17.00000000
2018-02-27 09:27:09,0.00052571,10.00000000
2018-02-27 09:27:09,0.00052574,8.00000000
2018-02-27 09:27:09,0.00052570,10.00000000
2018-02-27 09:27:10,0.00052561,19.00000000
2018-02-27 09:27:10,0.00052561,19.00000000
2018-02-27 09:27:10,0.00052561,8.00000000
2018-02-27 09:27:10,0.00052558,8.00000000
2018-02-27 09:27:10,0.00052558,25.00000000
2018-02-27 09:27:10,0.00052532,8.00000000
2018-02-27 09:27:10,0.00052532,19.00000000
2018-02-27 09:27:10,0.00052532,3.00000000
2018-02-27 09:27:10,0.00052532,58.00000000
2018-02-27 09:27:10,0.00052531,118.00000000
2018-02-27 09:27:11,0.00052517,190.00000000
2018-02-27 09:27:11,0.00052517,33.00000000
2018-02-27 09:27:12,0.00052517,19.00000000
2018-02-27 09:27:13,0.00052517,42.00000000
2018-02-27 09:27:13,0.00052569,9.00000000
2018-02-27 09:27:15,0.00052568,2.00000000
2018-02-27 09:27:17,0.00052527,2.00000000
2018-02-27 09:27:27,0.00052568,72.00000000
2018-02-27 09:27:31,0.00052527,36.00000000
2018-02-27 09:27:31,0.00052517,197.00000000
2018-02-27 09:27:32,0.00052500,20.00000000
2018-02-27 09:27:35,0.00052523,15.00000000
2018-02-27 09:27:35,0.00052524,14.00000000
2018-02-27 09:27:35,0.00052525,20.00000000
2018-02-27 09:27:36,0.00052501,17.00000000
2018-02-27 09:27:36,0.00052500,59.00000000
2018-02-27 09:27:38,0.00052500,95.00000000
2018-02-27 09:27:38,0.00052500,31.00000000
2018-02-27 09:27:54,0.00052501,2092.00000000
2018-02-27 09:28:00,0.00052501,37.00000000
2018-02-27 09:28:04,0.00052476,95.00000000
2018-02-27 09:28:04,0.00052433,250.00000000
2018-02-27 09:28:04,0.00052432,1579.00000000
2018-02-27 09:28:09,0.00052432,29.00000000
2018-02-27 09:28:10,0.00052432,1.00000000
2018-02-27 09:28:12,0.00052500,19.00000000
2018-02-27 09:28:12,0.00052501,124.00000000
2018-02-27 09:28:12,0.00052522,20.00000000
2018-02-27 09:28:12,0.00052553,35.00000000
2018-02-27 09:28:12,0.00052554,19.00000000
2018-02-27 09:28:12,0.00052555,56.00000000
2018-02-27 09:28:19,0.00052445,3.00000000
2018-02-27 09:28:27,0.00052498,8.00000000
2018-02-27 09:28:27,0.00052500,61.00000000
2018-02-27 09:28:43,0.00052497,18.00000000
2018-02-27 09:28:43,0.00052497,1.00000000
2018-02-27 09:28:43,0.00052498,189.00000000
2018-02-27 09:28:47,0.00052500,19.00000000
2018-02-27 09:28:52,0.00052499,15.00000000
2018-02-27 09:29:02,0.00052480,18.00000000
2018-02-27 09:29:02,0.00052499,79.00000000
2018-02-27 09:29:02,0.00052500,1409.00000000
2018-02-27 09:29:02,0.00052548,76.00000000
2018-02-27 09:29:02,0.00052554,712.00000000
2018-02-27 09:29:02,0.00052555,845.00000000
2018-02-27 09:29:03,0.00052554,9.00000000
2018-02-27 09:29:07,0.00052499,56.00000000
2018-02-27 09:29:07,0.00052448,9.00000000
2018-02-27 09:29:07,0.00052445,7.00000000
2018-02-27 09:29:07,0.00052432,856.00000000
2018-02-27 09:29:07,0.00052395,104.00000000
2018-02-27 09:29:08,0.00052500,10.00000000
2018-02-27 09:29:08,0.00052445,719.00000000
2018-02-27 09:29:11,0.00052390,18.00000000
2018-02-27 09:29:11,0.00052390,3.00000000
2018-02-27 09:29:15,0.00052500,46.00000000
2018-02-27 09:29:16,0.00052421,18.00000000
2018-02-27 09:29:19,0.00052438,9.00000000
2018-02-27 09:29:19,0.00052431,8.00000000
2018-02-27 09:29:19,0.00052428,4.00000000
2018-02-27 09:29:19,0.00052418,57.00000000
2018-02-27 09:29:20,0.00052519,18.00000000
2018-02-27 09:29:20,0.00052525,16.00000000
2018-02-27 09:29:20,0.00052526,18.00000000
2018-02-27 09:29:20,0.00052527,2.00000000
2018-02-27 09:29:20,0.00052534,46.00000000
2018-02-27 09:29:26,0.00052447,2.00000000
2018-02-27 09:29:26,0.00052447,7.00000000
2018-02-27 09:29:26,0.00052442,10.00000000
2018-02-27 09:29:27,0.00052443,190.00000000
2018-02-27 09:29:27,0.00052441,9.00000000
2018-02-27 09:29:27,0.00052419,2.00000000
2018-02-27 09:29:28,0.00052498,19.00000000
2018-02-27 09:29:40,0.00052452,9.00000000
2018-02-27 09:29:41,0.00052442,10.00000000
2018-02-27 09:29:41,0.00052440,21.00000000
2018-02-27 09:29:44,0.00052440,25.00000000
2018-02-27 09:29:45,0.00052440,116.00000000
2018-02-27 09:29:45,0.00052477,23.00000000
2018-02-27 09:29:53,0.00052439,17.00000000
2018-02-27 09:29:53,0.00052500,40.00000000
2018-02-27 09:29:53,0.00052502,11.00000000
2018-02-27 09:29:53,0.00052539,8.00000000
2018-02-27 09:29:53,0.00052551,2.00000000
2018-02-27 09:29:55,0.00052408,1.00000000
2018-02-27 09:29:55,0.00052477,514.00000000
2018-02-27 09:29:55,0.00052477,115.00000000
2018-02-27 09:30:00,0.00052477,20.00000000
2018-02-27 09:30:05,0.00052530,2.00000000
2018-02-27 09:30:07,0.00052530,9.00000000
2018-02-27 09:30:08,0.00052530,54.00000000
2018-02-27 09:30:08,0.00052530,18.00000000
2018-02-27 09:30:08,0.00052550,20.00000000
2018-02-27 09:30:11,0.00052477,143.00000000
2018-02-27 09:30:11,0.00052409,30.00000000
2018-02-27 09:30:11,0.00052402,162.00000000
2018-02-27 09:30:11,0.00052369,5.00000000
2018-02-27 09:30:11,0.00052350,71.00000000
2018-02-27 09:30:11,0.00052338,4.00000000
2018-02-27 09:30:11,0.00052326,118.00000000
2018-02-27 09:30:11,0.00052325,34.00000000
2018-02-27 09:30:34,0.00052373,10.00000000
2018-02-27 09:30:34,0.00052372,17.00000000
2018-02-27 09:30:34,0.00052352,9.00000000
2018-02-27 09:30:34,0.00052331,64.00000000
2018-02-27 09:30:37,0.00052475,96.00000000
2018-02-27 09:30:37,0.00052476,14.00000000
2018-02-27 09:30:42,0.00052470,74.00000000
2018-02-27 09:30:42,0.00052471,4.00000000
2018-02-27 09:30:42,0.00052475,30.00000000
2018-02-27 09:30:42,0.00052480,113.00000000
2018-02-27 09:30:49,0.00052372,188.00000000
2018-02-27 09:30:49,0.00052371,20.00000000
2018-02-27 09:30:49,0.00052370,76.00000000
2018-02-27 09:30:49,0.00052366,89.00000000
2018-02-27 09:30:49,0.00052356,8.00000000
2018-02-27 09:30:49,0.00052347,9.00000000
2018-02-27 09:30:49,0.00052339,4.00000000
2018-02-27 09:30:49,0.00052325,615.00000000
2018-02-27 09:30:53,0.00052372,54.00000000
2018-02-27 09:30:54,0.00052372,27.00000000
2018-02-27 09:30:54,0.00052372,5.00000000
2018-02-27 09:30:57,0.00052444,189.00000000
2018-02-27 09:30:57,0.00052446,10.00000000
2018-02-27 09:31:03,0.00052451,36.00000000
2018-02-27 09:31:04,0.00052451,53.00000000
2018-02-27 09:31:04,0.00052461,30.00000000
2018-02-27 09:31:04,0.00052462,76.00000000
2018-02-27 09:31:04,0.00052477,23.00000000
2018-02-27 09:31:04,0.00052478,72.00000000
2018-02-27 09:31:04,0.00052499,17.00000000
2018-02-27 09:31:04,0.00052529,17.00000000
2018-02-27 09:31:04,0.00052544,122.00000000
2018-02-27 09:31:04,0.00052549,90.00000000
2018-02-27 09:31:06,0.00052480,172.00000000
2018-02-27 09:31:07,0.00052446,47.00000000
2018-02-27 09:31:08,0.00052539,4.00000000
2018-02-27 09:31:08,0.00052543,5.00000000
2018-02-27 09:31:13,0.00052476,1.00000000
2018-02-27 09:31:14,0.00052476,5.00000000
2018-02-27 09:31:14,0.00052400,16.00000000
2018-02-27 09:31:14,0.00052400,46.00000000
2018-02-27 09:31:14,0.00052400,10.00000000
2018-02-27 09:31:14,0.00052400,26.00000000
2018-02-27 09:31:15,0.00052400,136.00000000
2018-02-27 09:31:15,0.00052476,43.00000000
2018-02-27 09:31:16,0.00052476,23.00000000
2018-02-27 09:31:16,0.00052476,63.00000000
2018-02-27 09:31:16,0.00052543,22.00000000
2018-02-27 09:31:16,0.00052543,8.00000000
2018-02-27 09:31:16,0.00052544,28.00000000
2018-02-27 09:31:16,0.00052529,22.00000000
2018-02-27 09:31:22,0.00052542,8.00000000
2018-02-27 09:31:23,0.00052543,2.00000000
2018-02-27 09:31:23,0.00052543,67.00000000
2018-02-27 09:31:25,0.00052544,3.00000000
2018-02-27 09:31:36,0.00052543,16.00000000
2018-02-27 09:31:36,0.00052544,3.00000000
2018-02-27 09:31:37,0.00052544,31.00000000
2018-02-27 09:31:40,0.00052501,10.00000000
2018-02-27 09:31:40,0.00052500,75.00000000
2018-02-27 09:31:40,0.00052435,76.00000000
2018-02-27 09:31:45,0.00052416,15.00000000
2018-02-27 09:31:45,0.00052394,6.00000000
2018-02-27 09:31:45,0.00052392,30.00000000
2018-02-27 09:31:45,0.00052391,77.00000000
2018-02-27 09:31:45,0.00052420,9.00000000
2018-02-27 09:31:48,0.00052539,95.00000000
2018-02-27 09:31:50,0.00052539,7.00000000
2018-02-27 09:31:50,0.00052420,10.00000000
2018-02-27 09:31:51,0.00052409,20.00000000
2018-02-27 09:31:51,0.00052408,76.00000000
2018-02-27 09:31:51,0.00052407,30.00000000
2018-02-27 09:31:52,0.00052394,15.00000000
2018-02-27 09:31:58,0.00052387,4.00000000
2018-02-27 09:31:58,0.00052337,45.00000000
2018-02-27 09:31:58,0.00052325,344.00000000
2018-02-27 09:31:58,0.00052406,5.00000000
2018-02-27 09:31:58,0.00052407,145.00000000
2018-02-27 09:32:01,0.00052333,15.00000000
2018-02-27 09:32:01,0.00052328,8.00000000
2018-02-27 09:32:01,0.00052325,1.00000000
2018-02-27 09:32:02,0.00052400,3.00000000
2018-02-27 09:32:09,0.00052400,69.00000000
2018-02-27 09:32:12,0.00052325,93.00000000
2018-02-27 09:32:12,0.00052322,1.00000000
2018-02-27 09:32:17,0.00052396,269.00000000
2018-02-27 09:32:17,0.00052399,15.00000000
2018-02-27 09:32:17,0.00052400,7.00000000
2018-02-27 09:32:17,0.00052403,8.00000000
2018-02-27 09:32:17,0.00052407,188.00000000
2018-02-27 09:32:17,0.00052419,16.00000000
2018-02-27 09:32:17,0.00052429,76.00000000
2018-02-27 09:32:19,0.00052489,5.00000000
2018-02-27 09:32:21,0.00052489,5.00000000
2018-02-27 09:32:21,0.00052490,4.00000000
2018-02-27 09:32:21,0.00052520,17.00000000
2018-02-27 09:32:21,0.00052470,17.00000000
2018-02-27 09:32:22,0.00052390,4.00000000
2018-02-27 09:32:23,0.00052538,5.00000000
2018-02-27 09:32:25,0.00052537,5.00000000
2018-02-27 09:32:29,0.00052519,5.00000000
2018-02-27 09:32:31,0.00052417,20.00000000
2018-02-27 09:32:32,0.00052411,113.00000000
2018-02-27 09:32:40,0.00052470,10.00000000
2018-02-27 09:32:40,0.00052494,113.00000000
2018-02-27 09:32:40,0.00052496,30.00000000
2018-02-27 09:32:40,0.00052498,10.00000000
2018-02-27 09:32:42,0.00052470,7.00000000
2018-02-27 09:32:42,0.00052411,37.00000000
2018-02-27 09:32:43,0.00052390,21.00000000
2018-02-27 09:32:43,0.00052518,30.00000000
2018-02-27 09:32:43,0.00052519,73.00000000
2018-02-27 09:32:43,0.00052520,11.00000000
2018-02-27 09:32:45,0.00052517,10.00000000
2018-02-27 09:32:45,0.00052518,37.00000000
2018-02-27 09:32:45,0.00052520,39.00000000
2018-02-27 09:32:46,0.00052536,5.00000000
2018-02-27 09:32:48,0.00052536,10.00000000
2018-02-27 09:32:48,0.00052537,30.00000000
2018-02-27 09:32:48,0.00052538,136.00000000
2018-02-27 09:32:48,0.00052539,451.00000000
2018-02-27 09:32:48,0.00052544,10.00000000
2018-02-27 09:32:48,0.00052548,117.00000000
2018-02-27 09:32:48,0.00052549,293.00000000
2018-02-27 09:32:48,0.00052551,296.00000000
2018-02-27 09:32:48,0.00052554,511.00000000
2018-02-27 09:32:48,0.00052555,16.00000000
2018-02-27 09:32:48,0.00052555,30.00000000
2018-02-27 09:32:48,0.00052555,20.00000000
2018-02-27 09:32:48,0.00052537,7.00000000
2018-02-27 09:32:50,0.00052470,199.00000000
2018-02-27 09:32:50,0.00052538,15.00000000
2018-02-27 09:32:51,0.00052574,5.00000000
2018-02-27 09:32:52,0.00052516,15.00000000
2018-02-27 09:32:54,0.00052505,18.00000000
2018-02-27 09:33:01,0.00052521,2.00000000
2018-02-27 09:33:05,0.00052521,8.00000000
2018-02-27 09:33:05,0.00052520,59.00000000
2018-02-27 09:33:05,0.00052436,30.00000000
2018-02-27 09:33:05,0.00052435,76.00000000
2018-02-27 09:33:05,0.00052430,79.00000000
2018-02-27 09:33:05,0.00052392,109.00000000
2018-02-27 09:33:05,0.00052358,4.00000000
2018-02-27 09:33:05,0.00052354,672.00000000
2018-02-27 09:33:05,0.00052351,55.00000000
2018-02-27 09:33:05,0.00052350,5658.00000000
2018-02-27 09:33:06,0.00052549,5.00000000
2018-02-27 09:33:15,0.00052440,8.00000000
2018-02-27 09:33:15,0.00052439,5.00000000
2018-02-27 09:33:15,0.00052437,7.00000000
2018-02-27 09:33:18,0.00052516,11.00000000
2018-02-27 09:33:20,0.00052500,2.00000000
2018-02-27 09:33:21,0.00052500,14.00000000
2018-02-27 09:33:22,0.00052500,13.00000000
2018-02-27 09:33:23,0.00052500,32.00000000
2018-02-27 09:33:24,0.00052500,7.00000000
2018-02-27 09:33:28,0.00052500,16.00000000
2018-02-27 09:33:29,0.00052500,4.00000000
2018-02-27 09:33:29,0.00052500,39.00000000
2018-02-27 09:33:29,0.00052352,30.00000000
2018-02-27 09:33:29,0.00052351,9.00000000
2018-02-27 09:33:29,0.00052497,88.00000000
2018-02-27 09:33:29,0.00052498,4.00000000
2018-02-27 09:33:30,0.00052500,3.00000000
2018-02-27 09:33:31,0.00052441,6.00000000
2018-02-27 09:33:31,0.00052441,4.00000000
2018-02-27 09:33:32,0.00052440,21.00000000
2018-02-27 09:33:32,0.00052498,159.00000000
2018-02-27 09:33:32,0.00052498,32.00000000
2018-02-27 09:33:32,0.00052356,159.00000000
2018-02-27 09:33:32,0.00052356,32.00000000
2018-02-27 09:33:32,0.00052354,88.00000000
2018-02-27 09:33:32,0.00052352,40.00000000
2018-02-27 09:33:32,0.00052351,31.00000000
2018-02-27 09:33:34,0.00052498,191.00000000
2018-02-27 09:33:34,0.00052500,10.00000000
2018-02-27 09:33:34,0.00052502,113.00000000
2018-02-27 09:33:34,0.00052506,4.00000000
2018-02-27 09:33:34,0.00052510,10.00000000
2018-02-27 09:33:34,0.00052511,15.00000000
2018-02-27 09:33:34,0.00052513,13.00000000
2018-02-27 09:33:34,0.00052519,15.00000000
2018-02-27 09:33:34,0.00052521,40.00000000
2018-02-27 09:33:34,0.00052538,55.00000000
2018-02-27 09:33:34,0.00052540,51.00000000
2018-02-27 09:33:34,0.00052549,71.00000000
2018-02-27 09:33:34,0.00052550,311.00000000
2018-02-27 09:33:35,0.00052501,30.00000000
2018-02-27 09:33:36,0.00052497,23.00000000
2018-02-27 09:33:37,0.00052499,8.00000000
2018-02-27 09:33:37,0.00052506,8.00000000
2018-02-27 09:33:39,0.00052548,2.00000000
2018-02-27 09:33:41,0.00052418,76.00000000
2018-02-27 09:33:41,0.00052417,20.00000000
2018-02-27 09:33:41,0.00052402,42.00000000
2018-02-27 09:33:42,0.00052407,2.00000000
2018-02-27 09:33:52,0.00052499,1.00000000
2018-02-27 09:33:52,0.00052446,21.00000000
2018-02-27 09:33:52,0.00052446,88.00000000
2018-02-27 09:34:01,0.00052404,4.00000000
2018-02-27 09:34:01,0.00052402,3.00000000
2018-02-27 09:34:04,0.00052402,141.00000000
2018-02-27 09:34:04,0.00052402,203.00000000
2018-02-27 09:34:07,0.00052491,1.00000000
2018-02-27 09:34:09,0.00052368,2.00000000
2018-02-27 09:34:09,0.00052367,5.00000000
2018-02-27 09:34:09,0.00052359,4.00000000
2018-02-27 09:34:09,0.00052353,55.00000000
2018-02-27 09:34:09,0.00052353,19.00000000
2018-02-27 09:34:13,0.00052481,20.00000000
2018-02-27 09:34:16,0.00052446,12.00000000
2018-02-27 09:34:17,0.00052407,21.00000000
2018-02-27 09:34:17,0.00052376,9.00000000
2018-02-27 09:34:17,0.00052365,9.00000000
2018-02-27 09:34:17,0.00052353,145.00000000
2018-02-27 09:34:21,0.00052477,76.00000000
2018-02-27 09:34:21,0.00052478,34.00000000
2018-02-27 09:34:24,0.00052472,54.00000000
2018-02-27 09:34:34,0.00052470,36.00000000
2018-02-27 09:34:34,0.00052471,9.00000000
2018-02-27 09:34:34,0.00052472,33.00000000
2018-02-27 09:34:34,0.00052473,212.00000000
2018-02-27 09:34:36,0.00052473,78.00000000
2018-02-27 09:34:42,0.00052470,191.00000000
2018-02-27 09:34:42,0.00052470,29.00000000
2018-02-27 09:34:51,0.00052471,37.00000000
2018-02-27 09:34:53,0.00052471,2.00000000
2018-02-27 09:34:54,0.00052473,2.00000000
2018-02-27 09:34:59,0.00052471,151.00000000
2018-02-27 09:34:59,0.00052473,30.00000000
2018-02-27 09:35:16,0.00052471,13.00000000
2018-02-27 09:35:16,0.00052472,14.00000000
2018-02-27 09:35:16,0.00052473,108.00000000
2018-02-27 09:35:25,0.00052470,24.00000000
2018-02-27 09:35:25,0.00052470,31.00000000
2018-02-27 09:35:25,0.00052472,99.00000000
2018-02-27 09:35:25,0.00052473,860.00000000
2018-02-27 09:35:25,0.00052473,18.00000000
2018-02-27 09:35:26,0.00052473,9.00000000
2018-02-27 09:35:35,0.00052469,5.00000000
2018-02-27 09:35:41,0.00052391,10.00000000
2018-02-27 09:35:41,0.00052390,8.00000000
2018-02-27 09:35:41,0.00052386,32.00000000
2018-02-27 09:35:48,0.00052464,10.00000000
2018-02-27 09:35:48,0.00052465,5.00000000
2018-02-27 09:36:06,0.00052377,20.00000000
2018-02-27 09:36:06,0.00052462,18.00000000
2018-02-27 09:36:11,0.00052376,4.00000000
2018-02-27 09:36:11,0.00052374,18.00000000
2018-02-27 09:36:11,0.00052374,178.00000000
2018-02-27 09:36:14,0.00052374,171.00000000
2018-02-27 09:36:16,0.00052380,7.00000000
2018-02-27 09:36:17,0.00052380,183.00000000
2018-02-27 09:36:17,0.00052377,5.00000000
2018-02-27 09:36:20,0.00052377,45.00000000
2018-02-27 09:36:20,0.00052373,12.00000000
2018-02-27 09:36:27,0.00052376,8.00000000
2018-02-27 09:36:27,0.00052373,29.00000000
2018-02-27 09:36:27,0.00052372,4.00000000
2018-02-27 09:36:27,0.00052364,44.00000000
2018-02-27 09:36:27,0.00052353,115.00000000
2018-02-27 09:36:31,0.00052353,38.00000000
2018-02-27 09:36:31,0.00052352,452.00000000
2018-02-27 09:36:31,0.00052351,210.00000000
2018-02-27 09:36:32,0.00052351,191.00000000
2018-02-27 09:36:35,0.00052350,10.00000000
2018-02-27 09:36:36,0.00052351,2.00000000
2018-02-27 09:36:37,0.00052350,461.00000000
2018-02-27 09:36:42,0.00052350,46.00000000
2018-02-27 09:36:44,0.00052323,10.00000000
2018-02-27 09:36:44,0.00052322,37.00000000
2018-02-27 09:36:44,0.00052300,10.00000000
2018-02-27 09:36:45,0.00052350,2.00000000
2018-02-27 09:36:47,0.00052300,84.00000000
2018-02-27 09:36:48,0.00052301,10.00000000
2018-02-27 09:36:48,0.00052300,51.00000000
2018-02-27 09:36:48,0.00052258,30.00000000
2018-02-27 09:36:48,0.00052253,32.00000000
2018-02-27 09:36:48,0.00052210,785.00000000
2018-02-27 09:36:54,0.00052344,9.00000000
2018-02-27 09:36:57,0.00052335,67.00000000
2018-02-27 09:36:57,0.00052338,4.00000000
2018-02-27 09:36:57,0.00052343,5.00000000
2018-02-27 09:36:57,0.00052348,30.00000000
2018-02-27 09:36:57,0.00052349,12.00000000
2018-02-27 09:36:57,0.00052350,10.00000000
2018-02-27 09:37:01,0.00052238,4.00000000
2018-02-27 09:37:01,0.00052228,7.00000000
2018-02-27 09:37:03,0.00052249,9.00000000
2018-02-27 09:37:03,0.00052240,57.00000000
2018-02-27 09:37:08,0.00052348,5.00000000
2018-02-27 09:37:18,0.00052347,2.00000000
2018-02-27 09:37:22,0.00052347,5.00000000
2018-02-27 09:37:25,0.00052268,8.00000000
2018-02-27 09:37:26,0.00052347,38.00000000
2018-02-27 09:37:31,0.00052276,8.00000000
2018-02-27 09:37:33,0.00052276,2.00000000
2018-02-27 09:37:33,0.00052275,15.00000000
2018-02-27 09:37:33,0.00052268,7.00000000
2018-02-27 09:37:33,0.00052268,82.00000000
2018-02-27 09:37:33,0.00052268,73.00000000
2018-02-27 09:37:33,0.00052268,14.00000000
2018-02-27 09:37:33,0.00052345,8.00000000
2018-02-27 09:37:33,0.00052346,11.00000000
2018-02-27 09:37:33,0.00052347,97.00000000
2018-02-27 09:37:38,0.00052270,87.00000000
2018-02-27 09:37:41,0.00052233,10.00000000
2018-02-27 09:37:45,0.00052229,10.00000000
2018-02-27 09:37:49,0.00052233,8.00000000
2018-02-27 09:37:49,0.00052228,48.00000000
2018-02-27 09:37:51,0.00052228,3.00000000
2018-02-27 09:37:51,0.00052221,4.00000000
2018-02-27 09:37:57,0.00052212,8.00000000
2018-02-27 09:37:58,0.00052316,48.00000000
2018-02-27 09:38:02,0.00052222,10.00000000
2018-02-27 09:38:02,0.00052309,10.00000000
2018-02-27 09:38:02,0.00052310,4.00000000
2018-02-27 09:38:02,0.00052322,14.00000000
2018-02-27 09:38:05,0.00052221,66.00000000
2018-02-27 09:38:05,0.00052320,8.00000000
2018-02-27 09:38:05,0.00052322,9.00000000
2018-02-27 09:38:05,0.00052323,9.00000000
2018-02-27 09:38:06,0.00052336,10.00000000
2018-02-27 09:38:07,0.00052337,22.00000000
2018-02-27 09:38:07,0.00052338,639.00000000
2018-02-27 09:38:15,0.00052310,9.00000000
2018-02-27 09:38:15,0.00052319,11.00000000
2018-02-27 09:38:15,0.00052338,136.00000000
2018-02-27 09:38:15,0.00052338,2.00000000
2018-02-27 09:38:15,0.00052338,223.00000000
2018-02-27 09:38:15,0.00052338,402.00000000
2018-02-27 09:38:15,0.00052338,377.00000000
2018-02-27 09:38:17,0.00052341,11.00000000
2018-02-27 09:38:17,0.00052348,1.00000000
2018-02-27 09:38:20,0.00052348,6.00000000
2018-02-27 09:38:21,0.00052348,171.00000000
2018-02-27 09:38:21,0.00052351,1107.00000000
2018-02-27 09:38:21,0.00052351,25.00000000
2018-02-27 09:38:23,0.00052420,4.00000000
2018-02-27 09:38:26,0.00052356,10.00000000
2018-02-27 09:38:26,0.00052355,8.00000000
2018-02-27 09:38:31,0.00052350,10.00000000
2018-02-27 09:38:31,0.00052351,498.00000000
2018-02-27 09:38:35,0.00052248,10.00000000
2018-02-27 09:38:35,0.00052244,35.00000000
2018-02-27 09:38:42,0.00052349,10.00000000
2018-02-27 09:38:42,0.00052350,35.00000000
2018-02-27 09:38:42,0.00052351,3.00000000
2018-02-27 09:38:43,0.00052352,10.00000000
2018-02-27 09:38:44,0.00052352,20.00000000
2018-02-27 09:38:44,0.00052400,109.00000000
2018-02-27 09:38:44,0.00052400,9.00000000
2018-02-27 09:38:48,0.00052446,8.00000000
2018-02-27 09:38:48,0.00052448,11.00000000
2018-02-27 09:38:48,0.00052461,12.00000000
2018-02-27 09:38:48,0.00052462,12.00000000
2018-02-27 09:38:48,0.00052463,9.00000000
2018-02-27 09:38:48,0.00052464,13.00000000
2018-02-27 09:38:48,0.00052468,17.00000000
2018-02-27 09:38:48,0.00052469,8.00000000
2018-02-27 09:38:48,0.00052470,3.00000000
2018-02-27 09:38:48,0.00052476,17.00000000
2018-02-27 09:38:48,0.00052488,14.00000000
2018-02-27 09:38:50,0.00052428,10.00000000
2018-02-27 09:38:52,0.00052362,40.00000000
2018-02-27 09:38:52,0.00052361,95.00000000
2018-02-27 09:38:54,0.00052428,19.00000000
2018-02-27 09:38:55,0.00052480,20.00000000
2018-02-27 09:38:55,0.00052482,19.00000000
2018-02-27 09:38:55,0.00052485,37.00000000
2018-02-27 09:38:56,0.00052370,20.00000000
2018-02-27 09:38:56,0.00052369,88.00000000
2018-02-27 09:38:56,0.00052368,12.00000000
2018-02-27 09:38:56,0.00052353,30.00000000
2018-02-27 09:38:56,0.00052352,17.00000000
2018-02-27 09:38:56,0.00052352,30.00000000
2018-02-27 09:38:56,0.00052352,30.00000000
2018-02-27 09:38:56,0.00052352,30.00000000
2018-02-27 09:38:56,0.00052352,12.00000000
2018-02-27 09:38:56,0.00052352,248.00000000
2018-02-27 09:38:57,0.00052351,88.00000000
2018-02-27 09:39:01,0.00052419,10.00000000
2018-02-27 09:39:01,0.00052420,1000.00000000
2018-02-27 09:39:01,0.00052420,25.00000000
2018-02-27 09:39:01,0.00052468,207.00000000
2018-02-27 09:39:03,0.00052468,150.00000000
2018-02-27 09:39:03,0.00052421,190.00000000
2018-02-27 09:39:05,0.00052463,8.00000000
2018-02-27 09:39:10,0.00052421,134.00000000
2018-02-27 09:39:10,0.00052420,4.00000000
2018-02-27 09:39:14,0.00052467,10.00000000
2018-02-27 09:39:16,0.00052468,83.00000000
2018-02-27 09:39:16,0.00052466,20.00000000
2018-02-27 09:39:16,0.00052476,4.00000000
2018-02-27 09:39:37,0.00052476,37.00000000
2018-02-27 09:39:37,0.00052476,50.00000000
2018-02-27 09:39:38,0.00052476,13.00000000
2018-02-27 09:39:38,0.00052436,7.00000000
2018-02-27 09:39:38,0.00052460,25.00000000
2018-02-27 09:39:40,0.00052436,23.00000000
2018-02-27 09:39:40,0.00052425,100.00000000
2018-02-27 09:39:40,0.00052420,144.00000000
2018-02-27 09:39:40,0.00052420,131.00000000
2018-02-27 09:39:42,0.00052487,7.00000000
2018-02-27 09:39:48,0.00052373,5.00000000
2018-02-27 09:39:48,0.00052474,10.00000000
2018-02-27 09:39:48,0.00052475,8.00000000
2018-02-27 09:39:48,0.00052482,39.00000000
2018-02-27 09:39:48,0.00052486,12.00000000
2018-02-27 09:40:30,0.00052475,5.00000000
2018-02-27 09:40:30,0.00052476,2.00000000
2018-02-27 09:40:34,0.00052376,20.00000000
2018-02-27 09:40:34,0.00052375,76.00000000
2018-02-27 09:40:34,0.00052352,88.00000000
2018-02-27 09:40:34,0.00052351,203.00000000
2018-02-27 09:40:34,0.00052267,17.00000000
2018-02-27 09:40:34,0.00052251,16.00000000
2018-02-27 09:40:34,0.00052233,784.00000000
2018-02-27 09:40:34,0.00052221,9.00000000
2018-02-27 09:40:34,0.00052218,13.00000000
2018-02-27 09:40:34,0.00052206,10.00000000
2018-02-27 09:40:34,0.00052203,29.00000000
2018-02-27 09:40:35,0.00052204,12.00000000
2018-02-27 09:40:35,0.00052203,37.00000000
2018-02-27 09:40:40,0.00052380,10.00000000
2018-02-27 09:40:40,0.00052380,4.00000000
2018-02-27 09:40:42,0.00052438,88.00000000
2018-02-27 09:40:42,0.00052454,279.00000000
2018-02-27 09:40:43,0.00052437,20.00000000
2018-02-27 09:40:51,0.00052380,210.00000000
2018-02-27 09:40:57,0.00052396,76.00000000
2018-02-27 09:40:57,0.00052397,10.00000000
2018-02-27 09:40:57,0.00052422,30.00000000
2018-02-27 09:40:57,0.00052423,84.00000000
2018-02-27 09:41:11,0.00052404,5.00000000
2018-02-27 09:41:12,0.00052403,5.00000000
2018-02-27 09:41:21,0.00052296,2.00000000
2018-02-27 09:41:26,0.00052398,5.00000000
2018-02-27 09:41:30,0.00052392,2.00000000
2018-02-27 09:41:30,0.00052393,3.00000000
2018-02-27 09:41:33,0.00052398,9.00000000
2018-02-27 09:41:33,0.00052404,5.00000000
2018-02-27 09:41:34,0.00052397,107.00000000
2018-02-27 09:41:34,0.00052398,11.00000000
2018-02-27 09:41:40,0.00052425,4.00000000
2018-02-27 09:41:40,0.00052431,10.00000000
2018-02-27 09:41:40,0.00052434,39.00000000
2018-02-27 09:41:40,0.00052473,469.00000000
2018-02-27 09:41:40,0.00052474,451.00000000
2018-02-27 09:41:40,0.00052476,10.00000000
2018-02-27 09:41:40,0.00052478,10.00000000
2018-02-27 09:41:40,0.00052480,7.00000000
2018-02-27 09:41:42,0.00052476,18.00000000
2018-02-27 09:41:51,0.00052475,9.00000000
2018-02-27 09:41:51,0.00052476,26.00000000
2018-02-27 09:41:51,0.00052479,72.00000000
2018-02-27 09:41:51,0.00052480,44.00000000
2018-02-27 09:41:51,0.00052482,148.00000000
2018-02-27 09:42:01,0.00052482,772.00000000
2018-02-27 09:42:01,0.00052486,199.00000000
2018-02-27 09:42:01,0.00052487,41.00000000
2018-02-27 09:42:01,0.00052488,47.00000000
2018-02-27 09:42:01,0.00052496,17.00000000
2018-02-27 09:42:01,0.00052498,55.00000000
2018-02-27 09:42:01,0.00052499,180.00000000
2018-02-27 09:42:01,0.00052500,383.00000000
2018-02-27 09:42:01,0.00052500,30.00000000
2018-02-27 09:42:01,0.00052500,30.00000000
2018-02-27 09:42:01,0.00052500,30.00000000
2018-02-27 09:42:01,0.00052500,20.00000000
2018-02-27 09:42:02,0.00052504,10.00000000
2018-02-27 09:42:02,0.00052500,14.00000000
2018-02-27 09:42:02,0.00052500,632.00000000
2018-02-27 09:42:02,0.00052500,752.00000000
2018-02-27 09:42:02,0.00052500,150.00000000
2018-02-27 09:42:03,0.00052500,500.00000000
2018-02-27 09:42:05,0.00052500,52.00000000
2018-02-27 09:42:08,0.00052500,592.00000000
2018-02-27 09:42:09,0.00052500,88.00000000
2018-02-27 09:42:10,0.00052503,12.00000000
2018-02-27 09:42:10,0.00052504,10.00000000
2018-02-27 09:42:10,0.00052550,38.00000000
2018-02-27 09:42:13,0.00052502,9.00000000
2018-02-27 09:42:13,0.00052550,45.00000000
2018-02-27 09:42:20,0.00052549,6.00000000
2018-02-27 09:42:20,0.00052549,61.00000000
2018-02-27 09:42:20,0.00052550,135.00000000
2018-02-27 09:42:20,0.00052550,125.00000000
2018-02-27 09:42:20,0.00052550,177.00000000
2018-02-27 09:42:23,0.00052574,10.00000000
2018-02-27 09:42:23,0.00052550,73.00000000
2018-02-27 09:42:24,0.00052550,7.00000000
2018-02-27 09:42:26,0.00052500,10.00000000
2018-02-27 09:42:30,0.00052550,10.00000000
2018-02-27 09:42:34,0.00052550,9.00000000
2018-02-27 09:42:35,0.00052573,18.00000000
2018-02-27 09:42:35,0.00052573,9.00000000
2018-02-27 09:42:35,0.00052573,2.00000000
2018-02-27 09:42:42,0.00052570,9.00000000
2018-02-27 09:42:42,0.00052571,9.00000000
2018-02-27 09:42:42,0.00052574,77.00000000
2018-02-27 09:42:51,0.00052569,9.00000000
2018-02-27 09:42:51,0.00052570,19.00000000
2018-02-27 09:42:51,0.00052574,16.00000000
2018-02-27 09:43:07,0.00052502,7.00000000
2018-02-27 09:43:07,0.00052501,16.00000000
2018-02-27 09:43:10,0.00052501,98.00000000
2018-02-27 09:43:25,0.00052550,2.00000000
2018-02-27 09:43:27,0.00052550,9.00000000
2018-02-27 09:43:32,0.00052550,148.00000000
2018-02-27 09:43:32,0.00052501,130.00000000
2018-02-27 09:43:32,0.00052501,350.00000000
2018-02-27 09:43:33,0.00052501,4.00000000
2018-02-27 09:43:33,0.00052501,10.00000000
2018-02-27 09:43:42,0.00052567,8.00000000
2018-02-27 09:43:42,0.00052568,8.00000000
2018-02-27 09:43:42,0.00052569,3.00000000
2018-02-27 09:43:47,0.00052569,6.00000000
2018-02-27 09:43:47,0.00052574,94.00000000
2018-02-27 09:43:54,0.00052568,8.00000000
2018-02-27 09:43:58,0.00052569,92.00000000
2018-02-27 09:44:02,0.00052574,53.00000000
2018-02-27 09:44:02,0.00052580,1.00000000
2018-02-27 09:44:02,0.00052580,44.00000000
2018-02-27 09:44:02,0.00052595,15.00000000
2018-02-27 09:44:03,0.00052599,17.00000000
2018-02-27 09:44:03,0.00052599,9.00000000
2018-02-27 09:44:08,0.00052574,2.00000000
2018-02-27 09:44:08,0.00052599,65.00000000
2018-02-27 09:44:16,0.00052598,8.00000000
2018-02-27 09:44:16,0.00052599,1.00000000
2018-02-27 09:44:18,0.00052598,29.00000000
2018-02-27 09:44:22,0.00052599,280.00000000
2018-02-27 09:44:24,0.00052599,10.00000000
2018-02-27 09:44:25,0.00052598,338.00000000
2018-02-27 09:44:25,0.00052598,133.00000000
2018-02-27 09:44:26,0.00052599,656.00000000
2018-02-27 09:44:26,0.00052600,451.00000000
2018-02-27 09:44:32,0.00052601,8.00000000
2018-02-27 09:44:42,0.00052620,4.00000000
2018-02-27 09:44:47,0.00052616,10.00000000
2018-02-27 09:44:49,0.00052617,8.00000000
2018-02-27 09:45:00,0.00052619,8.00000000
2018-02-27 09:45:00,0.00052620,54.00000000
2018-02-27 09:45:00,0.00052671,9.00000000
2018-02-27 09:45:05,0.00052671,6.00000000
2018-02-27 09:45:06,0.00052671,4.00000000
2018-02-27 09:45:06,0.00052671,154.00000000
2018-02-27 09:45:07,0.00052671,25.00000000
2018-02-27 09:45:10,0.00052671,37.00000000
2018-02-27 09:45:15,0.00052671,47.00000000
2018-02-27 09:45:17,0.00052671,161.00000000
2018-02-27 09:45:17,0.00052672,69.00000000
2018-02-27 09:45:19,0.00052672,62.00000000
2018-02-27 09:45:20,0.00052671,19.00000000
2018-02-27 09:45:22,0.00052671,100.00000000
2018-02-27 09:45:23,0.00052671,24.00000000
2018-02-27 09:45:26,0.00052672,398.00000000
2018-02-27 09:45:26,0.00052676,442.00000000
2018-02-27 09:45:28,0.00052671,28.00000000
2018-02-27 09:45:32,0.00052670,221.00000000
2018-02-27 09:45:37,0.00052617,1101.00000000
2018-02-27 09:45:42,0.00052600,4.00000000
2018-02-27 09:45:57,0.00052600,91.00000000
2018-02-27 09:45:58,0.00052600,20.00000000
2018-02-27 09:45:59,0.00052600,137.00000000
2018-02-27 09:46:02,0.00052532,10.00000000
2018-02-27 09:46:02,0.00052531,88.00000000
2018-02-27 09:46:02,0.00052530,30.00000000
2018-02-27 09:46:02,0.00052529,9.00000000
2018-02-27 09:46:02,0.00052528,9.00000000
2018-02-27 09:46:02,0.00052520,29.00000000
2018-02-27 09:46:02,0.00052599,3.00000000
2018-02-27 09:46:03,0.00052598,4.00000000
2018-02-27 09:46:03,0.00052598,6.00000000
2018-02-27 09:46:03,0.00052597,88.00000000
2018-02-27 09:46:03,0.00052599,27.00000000
2018-02-27 09:46:05,0.00052538,107.00000000
2018-02-27 09:46:05,0.00052537,8.00000000
2018-02-27 09:46:05,0.00052533,159.00000000
2018-02-27 09:46:05,0.00052533,326.00000000
2018-02-27 09:46:13,0.00052594,4.00000000
2018-02-27 09:46:14,0.00052529,9.00000000
2018-02-27 09:46:14,0.00052522,9.00000000
2018-02-27 09:46:14,0.00052520,288.00000000
2018-02-27 09:46:14,0.00052501,4167.00000000
2018-02-27 09:46:14,0.00052501,19.00000000
2018-02-27 09:46:14,0.00052501,3.00000000
2018-02-27 09:46:14,0.00052501,19.00000000
2018-02-27 09:46:14,0.00052501,10.00000000
2018-02-27 09:46:18,0.00052502,9.00000000
2018-02-27 09:46:18,0.00052501,29.00000000
2018-02-27 09:46:18,0.00052501,10.00000000
2018-02-27 09:46:27,0.00052518,9.00000000
2018-02-27 09:46:27,0.00052501,10.00000000
2018-02-27 09:46:27,0.00052501,19.00000000
2018-02-27 09:46:27,0.00052501,15.00000000
2018-02-27 09:46:27,0.00052501,15.00000000
2018-02-27 09:46:27,0.00052500,6.00000000
2018-02-27 09:46:27,0.00052501,9.00000000
2018-02-27 09:46:27,0.00052468,15.00000000
2018-02-27 09:46:27,0.00052468,61.00000000
2018-02-27 09:46:27,0.00052375,8.00000000
2018-02-27 09:46:32,0.00052399,3.00000000
2018-02-27 09:46:39,0.00052500,190.00000000
2018-02-27 09:46:43,0.00052500,163.00000000
2018-02-27 09:46:44,0.00052498,18.00000000
2018-02-27 09:46:50,0.00052426,19.00000000
2018-02-27 09:46:50,0.00052418,7.00000000
2018-02-27 09:46:50,0.00052409,6.00000000
2018-02-27 09:46:50,0.00052406,7.00000000
2018-02-27 09:46:55,0.00052406,1.00000000
2018-02-27 09:46:55,0.00052388,9.00000000
2018-02-27 09:46:55,0.00052333,5.00000000
2018-02-27 09:46:58,0.00052421,3.00000000
2018-02-27 09:47:06,0.00052368,3.00000000
2018-02-27 09:47:08,0.00052370,7.00000000
2018-02-27 09:47:08,0.00052369,83.00000000
2018-02-27 09:47:08,0.00052364,31.00000000
2018-02-27 09:47:08,0.00052364,18.00000000
2018-02-27 09:47:08,0.00052364,231.00000000
2018-02-27 09:47:08,0.00052364,18.00000000
2018-02-27 09:47:08,0.00052349,10.00000000
2018-02-27 09:47:08,0.00052364,15.00000000
2018-02-27 09:47:08,0.00052364,18.00000000
2018-02-27 09:47:08,0.00052364,68.00000000
2018-02-27 09:47:08,0.00052364,81.00000000
2018-02-27 09:47:09,0.00052363,88.00000000
2018-02-27 09:47:09,0.00052364,906.00000000
2018-02-27 09:47:09,0.00052364,238.00000000
2018-02-27 09:47:10,0.00052364,134.00000000
2018-02-27 09:47:20,0.00052332,18.00000000
2018-02-27 09:47:23,0.00052332,15.00000000
2018-02-27 09:47:25,0.00052332,132.00000000
2018-02-27 09:47:30,0.00052332,31.00000000
2018-02-27 09:47:38,0.00052332,44.00000000
2018-02-27 09:47:42,0.00052302,87.00000000
2018-02-27 09:47:43,0.00052302,9.00000000
2018-02-27 09:47:44,0.00052332,9.00000000
2018-02-27 09:47:53,0.00052302,38.00000000
2018-02-27 09:47:54,0.00052302,7.00000000
2018-02-27 09:47:54,0.00052330,8.00000000
2018-02-27 09:47:54,0.00052331,6.00000000
2018-02-27 09:47:54,0.00052332,193.00000000
2018-02-27 09:47:54,0.00052334,19.00000000
2018-02-27 09:47:54,0.00052361,6.00000000
2018-02-27 09:47:54,0.00052364,316.00000000
2018-02-27 09:47:58,0.00052367,88.00000000
2018-02-27 09:47:58,0.00052366,30.00000000
2018-02-27 09:47:58,0.00052364,1051.00000000
2018-02-27 09:47:58,0.00052302,164.00000000
2018-02-27 09:48:00,0.00052368,41.00000000
2018-02-27 09:48:01,0.00052363,4.00000000
2018-02-27 09:48:15,0.00052331,84.00000000
2018-02-27 09:48:15,0.00052332,23.00000000
2018-02-27 09:48:15,0.00052362,6.00000000
2018-02-27 09:48:17,0.00052363,12.00000000
2018-02-27 09:48:17,0.00052330,15.00000000
2018-02-27 09:48:17,0.00052364,30.00000000
2018-02-27 09:48:22,0.00052364,71.00000000
2018-02-27 09:48:25,0.00052447,15.00000000
2018-02-27 09:48:29,0.00052446,2.00000000
2018-02-27 09:48:29,0.00052488,6.00000000
2018-02-27 09:48:29,0.00052490,280.00000000
2018-02-27 09:48:29,0.00052496,30.00000000
2018-02-27 09:48:29,0.00052497,7.00000000
2018-02-27 09:48:29,0.00052499,37.00000000
2018-02-27 09:48:29,0.00052501,167.00000000
2018-02-27 09:48:33,0.00052367,8.00000000
2018-02-27 09:48:33,0.00052365,8.00000000
2018-02-27 09:48:34,0.00052446,6.00000000
2018-02-27 09:48:34,0.00052495,9.00000000
2018-02-27 09:48:34,0.00052495,22.00000000
2018-02-27 09:48:34,0.00052495,16.00000000
2018-02-27 09:48:34,0.00052495,19.00000000
2018-02-27 09:48:34,0.00052495,7.00000000
2018-02-27 09:48:34,0.00052495,19.00000000
2018-02-27 09:48:34,0.00052495,14.00000000
2018-02-27 09:48:34,0.00052495,9.00000000
2018-02-27 09:48:34,0.00052495,8.00000000
2018-02-27 09:48:34,0.00052495,18.00000000
2018-02-27 09:48:34,0.00052495,3.00000000
2018-02-27 09:48:34,0.00052365,19.00000000
2018-02-27 09:48:38,0.00052491,1.00000000
2018-02-27 09:48:57,0.00052439,8.00000000
2018-02-27 09:48:57,0.00052441,19.00000000
2018-02-27 09:48:57,0.00052442,6.00000000
2018-02-27 09:48:57,0.00052446,20.00000000
2018-02-27 09:48:57,0.00052491,14.00000000
2018-02-27 09:48:58,0.00052491,18.00000000
2018-02-27 09:48:58,0.00052491,6.00000000
2018-02-27 09:48:58,0.00052491,42.00000000
2018-02-27 09:48:58,0.00052365,19.00000000
2018-02-27 09:49:00,0.00052370,8.00000000
2018-02-27 09:49:00,0.00052366,30.00000000
2018-02-27 09:49:00,0.00052365,51.00000000
2018-02-27 09:49:03,0.00052400,31.00000000
2018-02-27 09:49:05,0.00052400,16.00000000
2018-02-27 09:49:08,0.00052400,52.00000000
2018-02-27 09:49:12,0.00052476,6.00000000
2018-02-27 09:49:14,0.00052475,3.00000000
2018-02-27 09:49:16,0.00052400,3.00000000
2018-02-27 09:49:20,0.00052465,1.00000000
2018-02-27 09:49:21,0.00052400,81.00000000
2018-02-27 09:49:22,0.00052402,4.00000000
2018-02-27 09:49:22,0.00052400,74.00000000
2018-02-27 09:49:22,0.00052366,13.00000000
2018-02-27 09:49:22,0.00052365,4.00000000
2018-02-27 09:49:23,0.00052465,1.00000000
2018-02-27 09:49:24,0.00052420,25.00000000
2018-02-27 09:49:25,0.00052420,14.00000000
2018-02-27 09:49:26,0.00052420,9.00000000
2018-02-27 09:49:27,0.00052420,4.00000000
2018-02-27 09:49:30,0.00052365,52.00000000
2018-02-27 09:49:30,0.00052365,54.00000000
2018-02-27 09:49:30,0.00052364,9.00000000
2018-02-27 09:49:31,0.00052420,192.00000000
2018-02-27 09:49:34,0.00052420,757.00000000
2018-02-27 09:49:34,0.00052462,9.00000000
2018-02-27 09:49:34,0.00052464,6.00000000
2018-02-27 09:49:34,0.00052465,3.00000000
2018-02-27 09:49:36,0.00052392,5.00000000
2018-02-27 09:49:38,0.00052400,58.00000000
2018-02-27 09:49:43,0.00052408,50.00000000
2018-02-27 09:49:43,0.00052475,677.00000000
2018-02-27 09:49:46,0.00052406,5.00000000
2018-02-27 09:49:50,0.00052406,15.00000000
2018-02-27 09:49:52,0.00052407,5.00000000
2018-02-27 09:50:03,0.00052408,4.00000000
2018-02-27 09:50:07,0.00052407,42.00000000
2018-02-27 09:50:08,0.00052408,5.00000000
2018-02-27 09:50:09,0.00052475,14.00000000
2018-02-27 09:50:09,0.00052498,9.00000000
2018-02-27 09:50:10,0.00052498,7.00000000
2018-02-27 09:50:10,0.00052498,1.00000000
2018-02-27 09:50:10,0.00052409,7.00000000
2018-02-27 09:50:11,0.00052410,5.00000000
2018-02-27 09:50:30,0.00052498,9.00000000
2018-02-27 09:50:30,0.00052499,10.00000000
2018-02-27 09:50:30,0.00052500,3.00000000
2018-02-27 09:50:30,0.00052500,32.00000000
2018-02-27 09:50:30,0.00052500,289.00000000
2018-02-27 09:50:30,0.00052414,25.00000000
2018-02-27 09:50:36,0.00052414,47.00000000
2018-02-27 09:50:43,0.00052484,8.00000000
2018-02-27 09:50:43,0.00052484,18.00000000
2018-02-27 09:50:43,0.00052485,32.00000000
2018-02-27 09:50:43,0.00052486,9.00000000
2018-02-27 09:50:43,0.00052487,8.00000000
2018-02-27 09:50:43,0.00052490,140.00000000
2018-02-27 09:50:43,0.00052415,17.00000000
2018-02-27 09:50:43,0.00052415,325.00000000
2018-02-27 09:50:43,0.00052414,178.00000000
2018-02-27 09:50:48,0.00052480,1.00000000
2018-02-27 09:50:51,0.00052414,3.00000000
2018-02-27 09:50:55,0.00052410,10.00000000
2018-02-27 09:50:59,0.00052420,4.00000000
2018-02-27 09:50:59,0.00052415,10.00000000
2018-02-27 09:51:10,0.00052414,47.00000000
