DATE,PRICE,VOLUME
2018-02-24 07:00:09,0.00057554,11.00000000
2018-02-24 07:00:09,0.00057505,16.00000000
2018-02-24 07:00:09,0.00057500,5.00000000
2018-02-24 07:00:09,0.00057500,52.00000000
2018-02-24 07:00:09,0.00057500,91.00000000
2018-02-24 07:00:09,0.00057500,540.00000000
2018-02-24 07:00:10,0.00057499,20.00000000
2018-02-24 07:00:10,0.00057500,52.00000000
2018-02-24 07:00:10,0.00057500,5.00000000
2018-02-24 07:00:11,0.00057487,20.00000000
2018-02-24 07:00:11,0.00057470,45.00000000
2018-02-24 07:00:11,0.00057432,162.00000000
2018-02-24 07:00:11,0.00057498,2.00000000
2018-02-24 07:00:15,0.00057498,6.00000000
2018-02-24 07:00:15,0.00057500,348.00000000
2018-02-24 07:00:15,0.00057500,216.00000000
2018-02-24 07:00:15,0.00057500,217.00000000
2018-02-24 07:00:15,0.00057500,214.00000000
2018-02-24 07:00:15,0.00057500,13.00000000
2018-02-24 07:00:18,0.00057498,5.00000000
2018-02-24 07:00:22,0.00057497,17.00000000
2018-02-24 07:00:23,0.00057497,2.00000000
2018-02-24 07:00:26,0.00057497,7.00000000
2018-02-24 07:00:30,0.00057497,23.00000000
2018-02-24 07:00:33,0.00057439,9.00000000
2018-02-24 07:00:33,0.00057433,50.00000000
2018-02-24 07:00:33,0.00057432,358.00000000
2018-02-24 07:00:33,0.00057430,587.00000000
2018-02-24 07:00:34,0.00057496,15.00000000
2018-02-24 07:00:34,0.00057496,15.00000000
2018-02-24 07:00:35,0.00057496,15.00000000
2018-02-24 07:00:36,0.00057496,9.00000000
2018-02-24 07:00:41,0.00057496,14.00000000
2018-02-24 07:00:42,0.00057437,8.00000000
2018-02-24 07:00:42,0.00057436,8.00000000
2018-02-24 07:00:42,0.00057431,9.00000000
2018-02-24 07:00:42,0.00057430,30.00000000
2018-02-24 07:00:42,0.00057427,2.00000000
2018-02-24 07:00:42,0.00057419,10.00000000
2018-02-24 07:00:42,0.00057385,3.00000000
2018-02-24 07:00:48,0.00057460,4.00000000
2018-02-24 07:00:48,0.00057460,5.00000000
2018-02-24 07:00:59,0.00057460,11.00000000
2018-02-24 07:00:59,0.00057462,20.00000000
2018-02-24 07:00:59,0.00057463,20.00000000
2018-02-24 07:00:59,0.00057473,20.00000000
2018-02-24 07:00:59,0.00057494,46.00000000
2018-02-24 07:00:59,0.00057495,59.00000000
2018-02-24 07:01:01,0.00057438,9.00000000
2018-02-24 07:01:01,0.00057419,20.00000000
2018-02-24 07:01:01,0.00057418,3.00000000
2018-02-24 07:01:03,0.00057495,25.00000000
2018-02-24 07:01:07,0.00057495,166.00000000
2018-02-24 07:01:13,0.00057495,4.00000000
2018-02-24 07:01:13,0.00057495,7.00000000
2018-02-24 07:01:14,0.00057460,9.00000000
2018-02-24 07:01:15,0.00057460,26.00000000
2018-02-24 07:01:15,0.00057418,17.00000000
2018-02-24 07:01:15,0.00057398,82.00000000
2018-02-24 07:01:15,0.00057397,20.00000000
2018-02-24 07:01:15,0.00057387,20.00000000
2018-02-24 07:01:15,0.00057386,34.00000000
2018-02-24 07:01:15,0.00057384,72.00000000
2018-02-24 07:01:15,0.00057361,8.00000000
2018-02-24 07:01:15,0.00057360,21.00000000
2018-02-24 07:01:19,0.00057416,20.00000000
2018-02-24 07:01:19,0.00057412,40.00000000
2018-02-24 07:01:20,0.00057412,10.00000000
2018-02-24 07:01:21,0.00057400,25.00000000
2018-02-24 07:01:25,0.00057411,34.00000000
2018-02-24 07:01:25,0.00057400,47.00000000
2018-02-24 07:01:28,0.00057386,20.00000000
2018-02-24 07:01:28,0.00057375,20.00000000
2018-02-24 07:01:28,0.00057372,235.00000000
2018-02-24 07:01:28,0.00057363,20.00000000
2018-02-24 07:01:28,0.00057361,20.00000000
2018-02-24 07:01:28,0.00057360,161.00000000
2018-02-24 07:01:28,0.00057356,136.00000000
2018-02-24 07:01:28,0.00057354,37.00000000
2018-02-24 07:01:28,0.00057353,20.00000000
2018-02-24 07:01:28,0.00057350,17.00000000
2018-02-24 07:01:28,0.00057340,46.00000000
2018-02-24 07:01:28,0.00057322,212.00000000
2018-02-24 07:01:28,0.00057318,12.00000000
2018-02-24 07:01:28,0.00057316,488.00000000
2018-02-24 07:01:28,0.00057315,346.00000000
2018-02-24 07:01:31,0.00057392,20.00000000
2018-02-24 07:01:31,0.00057333,20.00000000
2018-02-24 07:01:31,0.00057321,25.00000000
2018-02-24 07:01:31,0.00057315,1140.00000000
2018-02-24 07:01:35,0.00057327,20.00000000
2018-02-24 07:01:35,0.00057316,20.00000000
2018-02-24 07:01:35,0.00057315,300.00000000
2018-02-24 07:01:36,0.00057391,51.00000000
2018-02-24 07:01:36,0.00057315,1506.00000000
2018-02-24 07:01:37,0.00057385,5.00000000
2018-02-24 07:01:37,0.00057315,39.00000000
2018-02-24 07:01:38,0.00057392,10.00000000
2018-02-24 07:01:39,0.00057392,10.00000000
2018-02-24 07:01:39,0.00057403,20.00000000
2018-02-24 07:01:39,0.00057407,8.00000000
2018-02-24 07:01:39,0.00057409,20.00000000
2018-02-24 07:01:39,0.00057410,12.00000000
2018-02-24 07:01:40,0.00057316,20.00000000
2018-02-24 07:01:40,0.00057315,90.00000000
2018-02-24 07:01:40,0.00057315,2756.00000000
2018-02-24 07:01:41,0.00057376,23.00000000
2018-02-24 07:01:42,0.00057391,10.00000000
2018-02-24 07:01:43,0.00057390,20.00000000
2018-02-24 07:01:43,0.00057390,52.00000000
2018-02-24 07:01:43,0.00057390,28.00000000
2018-02-24 07:01:43,0.00057390,26.00000000
2018-02-24 07:01:43,0.00057390,52.00000000
2018-02-24 07:01:44,0.00057390,52.00000000
2018-02-24 07:01:44,0.00057390,36.00000000
2018-02-24 07:01:44,0.00057391,14.00000000
2018-02-24 07:01:45,0.00057391,174.00000000
2018-02-24 07:01:46,0.00057391,14.00000000
2018-02-24 07:01:48,0.00057391,6.00000000
2018-02-24 07:01:50,0.00057391,23.00000000
2018-02-24 07:01:51,0.00057391,11.00000000
2018-02-24 07:01:53,0.00057391,11.00000000
2018-02-24 07:02:05,0.00057390,29.00000000
2018-02-24 07:02:05,0.00057392,12.00000000
2018-02-24 07:02:10,0.00057390,11.00000000
2018-02-24 07:02:13,0.00057391,3.00000000
2018-02-24 07:02:15,0.00057391,52.00000000
2018-02-24 07:02:15,0.00057391,52.00000000
2018-02-24 07:02:15,0.00057391,43.00000000
2018-02-24 07:02:15,0.00057391,8.00000000
2018-02-24 07:02:15,0.00057391,52.00000000
2018-02-24 07:02:15,0.00057391,14.00000000
2018-02-24 07:02:15,0.00057391,52.00000000
2018-02-24 07:02:15,0.00057391,38.00000000
2018-02-24 07:02:16,0.00057391,84.00000000
2018-02-24 07:02:16,0.00057391,15.00000000
2018-02-24 07:02:16,0.00057392,52.00000000
2018-02-24 07:02:17,0.00057392,48.00000000
2018-02-24 07:02:17,0.00057392,52.00000000
2018-02-24 07:02:17,0.00057392,2.00000000
2018-02-24 07:02:17,0.00057392,20.00000000
2018-02-24 07:02:17,0.00057392,33.00000000
2018-02-24 07:02:21,0.00057392,32.00000000
2018-02-24 07:02:23,0.00057391,16.00000000
2018-02-24 07:02:25,0.00057391,472.00000000
2018-02-24 07:02:25,0.00057391,11.00000000
2018-02-24 07:02:26,0.00057391,20.00000000
2018-02-24 07:02:27,0.00057391,20.00000000
2018-02-24 07:02:28,0.00057391,48.00000000
2018-02-24 07:02:28,0.00057391,121.00000000
2018-02-24 07:02:29,0.00057391,47.00000000
2018-02-24 07:02:30,0.00057391,20.00000000
2018-02-24 07:02:30,0.00057391,98.00000000
2018-02-24 07:02:30,0.00057391,201.00000000
2018-02-24 07:02:32,0.00057391,78.00000000
2018-02-24 07:02:33,0.00057391,83.00000000
2018-02-24 07:02:33,0.00057391,194.00000000
2018-02-24 07:02:34,0.00057391,15.00000000
2018-02-24 07:02:35,0.00057391,13.00000000
2018-02-24 07:02:46,0.00057391,11.00000000
2018-02-24 07:02:55,0.00057391,20.00000000
2018-02-24 07:02:56,0.00057391,26.00000000
2018-02-24 07:03:02,0.00057390,1.00000000
2018-02-24 07:03:02,0.00057333,200.00000000
2018-02-24 07:03:02,0.00057331,20.00000000
2018-02-24 07:03:02,0.00057327,14.00000000
2018-02-24 07:03:02,0.00057322,228.00000000
2018-02-24 07:03:02,0.00057317,34.00000000
2018-02-24 07:03:02,0.00057316,646.00000000
2018-02-24 07:03:02,0.00057315,1467.00000000
2018-02-24 07:03:05,0.00057391,7.00000000
2018-02-24 07:03:06,0.00057391,757.00000000
2018-02-24 07:03:09,0.00057391,14.00000000
2018-02-24 07:03:02,0.00057333,200.00000000
2018-02-24 07:03:11,0.00057391,14.00000000
2018-02-24 07:03:17,0.00057391,8.00000000
2018-02-24 07:03:26,0.00057389,19.00000000
2018-02-24 07:03:28,0.00057319,261.00000000
2018-02-24 07:03:28,0.00057318,139.00000000
2018-02-24 07:03:30,0.00057389,45.00000000
2018-02-24 07:03:31,0.00057389,4.00000000
2018-02-24 07:03:46,0.00057318,1200.00000000
2018-02-24 07:03:49,0.00057319,34.00000000
2018-02-24 07:03:49,0.00057318,34.00000000
2018-02-24 07:03:49,0.00057318,34.00000000
2018-02-24 07:03:49,0.00057318,31.00000000
2018-02-24 07:03:49,0.00057318,34.00000000
2018-02-24 07:03:53,0.00057319,9.00000000
2018-02-24 07:03:54,0.00057318,9.00000000
2018-02-24 07:03:59,0.00057319,9.00000000
2018-02-24 07:04:00,0.00057318,951.00000000
2018-02-24 07:04:02,0.00057318,4.00000000
2018-02-24 07:04:02,0.00057318,575.00000000
2018-02-24 07:04:03,0.00057318,225.00000000
2018-02-24 07:04:04,0.00057318,3.00000000
2018-02-24 07:04:06,0.00057318,681.00000000
2018-02-24 07:04:06,0.00057320,30.00000000
2018-02-24 07:04:06,0.00057388,51.00000000
2018-02-24 07:04:13,0.00057318,800.00000000
2018-02-24 07:04:15,0.00057358,2.00000000
2018-02-24 07:04:20,0.00057358,274.00000000
2018-02-24 07:04:20,0.00057387,170.00000000
2018-02-24 07:04:26,0.00057358,7.00000000
2018-02-24 07:04:27,0.00057358,16.00000000
2018-02-24 07:04:30,0.00057357,12.00000000
2018-02-24 07:04:31,0.00057318,28.00000000
2018-02-24 07:04:31,0.00057317,35.00000000
2018-02-24 07:04:32,0.00057317,38.00000000
2018-02-24 07:04:34,0.00057318,20.00000000
2018-02-24 07:04:36,0.00057317,452.00000000
2018-02-24 07:04:37,0.00057318,7.00000000
2018-02-24 07:04:37,0.00057317,22.00000000
2018-02-24 07:04:41,0.00057317,28.00000000
2018-02-24 07:04:44,0.00057317,534.00000000
2018-02-24 07:04:44,0.00057317,5.00000000
2018-02-24 07:04:47,0.00057317,10.00000000
2018-02-24 07:04:48,0.00057317,48.00000000
2018-02-24 07:04:51,0.00057318,907.00000000
2018-02-24 07:04:59,0.00057387,2.00000000
2018-02-24 07:05:00,0.00057387,5.00000000
2018-02-24 07:05:06,0.00057319,34.00000000
2018-02-24 07:05:06,0.00057318,1618.00000000
2018-02-24 07:05:07,0.00057386,17.00000000
2018-02-24 07:05:07,0.00057386,4.00000000
2018-02-24 07:05:13,0.00057318,630.00000000
2018-02-24 07:05:13,0.00057317,83.00000000
2018-02-24 07:05:13,0.00057315,1180.00000000
2018-02-24 07:05:15,0.00057386,50.00000000
2018-02-24 07:05:19,0.00057315,79.00000000
2018-02-24 07:05:30,0.00057315,480.00000000
2018-02-24 07:05:33,0.00057317,42.00000000
2018-02-24 07:05:33,0.00057318,93.00000000
2018-02-24 07:05:33,0.00057385,17.00000000
2018-02-24 07:05:34,0.00057318,200.00000000
2018-02-24 07:05:37,0.00057318,79.00000000
2018-02-24 07:05:40,0.00057318,17.00000000
2018-02-24 07:05:41,0.00057318,111.00000000
2018-02-24 07:05:41,0.00057318,108.00000000
2018-02-24 07:05:42,0.00057318,225.00000000
2018-02-24 07:05:43,0.00057318,1829.00000000
2018-02-24 07:05:49,0.00057319,52.00000000
2018-02-24 07:05:50,0.00057319,9.00000000
2018-02-24 07:05:50,0.00057382,10.00000000
2018-02-24 07:05:50,0.00057383,3.00000000
2018-02-24 07:05:51,0.00057319,52.00000000
2018-02-24 07:05:51,0.00057319,29.00000000
2018-02-24 07:05:51,0.00057319,36.00000000
2018-02-24 07:05:51,0.00057319,61.00000000
2018-02-24 07:05:51,0.00057318,23.00000000
2018-02-24 07:05:51,0.00057318,46.00000000
2018-02-24 07:05:51,0.00057383,12.00000000
2018-02-24 07:05:53,0.00057319,20.00000000
2018-02-24 07:05:53,0.00057318,52.00000000
2018-02-24 07:05:53,0.00057318,52.00000000
2018-02-24 07:05:53,0.00057318,52.00000000
2018-02-24 07:05:53,0.00057318,11.00000000
2018-02-24 07:05:54,0.00057318,52.00000000
2018-02-24 07:05:54,0.00057318,52.00000000
2018-02-24 07:05:54,0.00057318,52.00000000
2018-02-24 07:05:54,0.00057318,47.00000000
2018-02-24 07:05:54,0.00057318,52.00000000
2018-02-24 07:05:54,0.00057318,52.00000000
2018-02-24 07:05:55,0.00057319,48.00000000
2018-02-24 07:05:55,0.00057319,106.00000000
2018-02-24 07:05:55,0.00057318,78.00000000
2018-02-24 07:05:56,0.00057318,21.00000000
2018-02-24 07:05:56,0.00057318,52.00000000
2018-02-24 07:05:56,0.00057318,52.00000000
2018-02-24 07:05:57,0.00057318,52.00000000
2018-02-24 07:05:57,0.00057318,17.00000000
2018-02-24 07:05:58,0.00057318,7.00000000
2018-02-24 07:05:58,0.00057318,52.00000000
2018-02-24 07:05:58,0.00057318,52.00000000
2018-02-24 07:05:59,0.00057318,52.00000000
2018-02-24 07:05:59,0.00057318,52.00000000
2018-02-24 07:05:59,0.00057318,43.00000000
2018-02-24 07:06:00,0.00057318,21.00000000
2018-02-24 07:06:04,0.00057318,52.00000000
2018-02-24 07:06:04,0.00057382,41.00000000
2018-02-24 07:06:05,0.00057318,151.00000000
2018-02-24 07:06:05,0.00057318,27.00000000
2018-02-24 07:06:05,0.00057319,20.00000000
2018-02-24 07:06:05,0.00057318,31.00000000
2018-02-24 07:06:06,0.00057382,26.00000000
2018-02-24 07:06:07,0.00057318,52.00000000
2018-02-24 07:06:08,0.00057318,52.00000000
2018-02-24 07:06:08,0.00057318,52.00000000
2018-02-24 07:06:10,0.00057380,12.00000000
2018-02-24 07:06:10,0.00057381,5.00000000
2018-02-24 07:06:13,0.00057320,4.00000000
2018-02-24 07:06:18,0.00057320,20.00000000
2018-02-24 07:06:18,0.00057320,15.00000000
2018-02-24 07:06:18,0.00057320,212.00000000
2018-02-24 07:06:18,0.00057320,18.00000000
2018-02-24 07:06:18,0.00057319,64.00000000
2018-02-24 07:06:24,0.00057319,351.00000000
2018-02-24 07:06:24,0.00057319,21.00000000
2018-02-24 07:06:24,0.00057320,215.00000000
2018-02-24 07:06:27,0.00057320,115.00000000
2018-02-24 07:06:28,0.00057373,9.00000000
2018-02-24 07:06:29,0.00057321,9.00000000
2018-02-24 07:06:30,0.00057320,63.00000000
2018-02-24 07:06:30,0.00057320,13.00000000
2018-02-24 07:06:34,0.00057321,34.00000000
2018-02-24 07:06:34,0.00057320,19.00000000
2018-02-24 07:06:34,0.00057319,93.00000000
2018-02-24 07:06:35,0.00057319,52.00000000
2018-02-24 07:06:36,0.00057319,52.00000000
2018-02-24 07:06:36,0.00057319,9.00000000
2018-02-24 07:06:43,0.00057371,20.00000000
2018-02-24 07:06:43,0.00057372,15.00000000
2018-02-24 07:06:53,0.00057320,9.00000000
2018-02-24 07:06:53,0.00057320,116.00000000
2018-02-24 07:06:54,0.00057320,60.00000000
2018-02-24 07:06:56,0.00057320,52.00000000
2018-02-24 07:06:56,0.00057320,14.00000000
2018-02-24 07:06:56,0.00057320,13.00000000
2018-02-24 07:06:58,0.00057320,63.00000000
2018-02-24 07:07:05,0.00057340,4.00000000
2018-02-24 07:07:14,0.00057322,2.00000000
2018-02-24 07:07:21,0.00057340,17.00000000
2018-02-24 07:07:26,0.00057322,348.00000000
2018-02-24 07:07:31,0.00057340,22.00000000
2018-02-24 07:07:32,0.00057322,10.00000000
2018-02-24 07:07:32,0.00057322,2.00000000
2018-02-24 07:07:36,0.00057322,5.00000000
2018-02-24 07:07:39,0.00057340,3.00000000
2018-02-24 07:07:40,0.00057340,618.00000000
2018-02-24 07:07:41,0.00057321,1706.00000000
2018-02-24 07:07:41,0.00057320,1207.00000000
2018-02-24 07:07:41,0.00057319,31.00000000
2018-02-24 07:07:43,0.00057340,5.00000000
2018-02-24 07:07:45,0.00057321,17.00000000
2018-02-24 07:07:48,0.00057337,6.00000000
2018-02-24 07:08:04,0.00057336,11.00000000
2018-02-24 07:08:08,0.00057319,80.00000000
2018-02-24 07:08:08,0.00057318,328.00000000
2018-02-24 07:08:08,0.00057315,13772.00000000
2018-02-24 07:08:08,0.00057336,156.00000000
2018-02-24 07:08:08,0.00057337,629.00000000
2018-02-24 07:08:09,0.00057336,10.00000000
2018-02-24 07:08:12,0.00057337,2.00000000
2018-02-24 07:08:14,0.00057337,2.00000000
2018-02-24 07:08:15,0.00057312,4.00000000
2018-02-24 07:08:15,0.00057310,901.00000000
2018-02-24 07:08:15,0.00057310,789.00000000
2018-02-24 07:08:16,0.00057310,2348.00000000
2018-02-24 07:08:17,0.00057310,197.00000000
2018-02-24 07:08:18,0.00057310,14.00000000
2018-02-24 07:08:19,0.00057310,20.00000000
2018-02-24 07:08:19,0.00057322,13.00000000
2018-02-24 07:08:20,0.00057310,171.00000000
2018-02-24 07:08:20,0.00057306,102.00000000
2018-02-24 07:08:20,0.00057303,278.00000000
2018-02-24 07:08:20,0.00057301,249.00000000
2018-02-24 07:08:20,0.00057300,1200.00000000
2018-02-24 07:08:20,0.00057300,146.00000000
2018-02-24 07:08:20,0.00057322,13.00000000
2018-02-24 07:08:22,0.00057300,97.00000000
2018-02-24 07:08:22,0.00057300,40.00000000
2018-02-24 07:08:23,0.00057300,428.00000000
2018-02-24 07:08:24,0.00057299,85.00000000
2018-02-24 07:08:24,0.00057280,2.00000000
2018-02-24 07:08:24,0.00057277,11.00000000
2018-02-24 07:08:24,0.00057275,44.00000000
2018-02-24 07:08:24,0.00057270,127.00000000
2018-02-24 07:08:24,0.00057270,16.00000000
2018-02-24 07:08:26,0.00057300,45.00000000
2018-02-24 07:08:26,0.00057300,35.00000000
2018-02-24 07:08:27,0.00057300,4.00000000
2018-02-24 07:08:27,0.00057300,52.00000000
2018-02-24 07:08:27,0.00057300,19.00000000
2018-02-24 07:08:27,0.00057300,79.00000000
2018-02-24 07:08:27,0.00057300,17.00000000
2018-02-24 07:08:28,0.00057298,52.00000000
2018-02-24 07:08:28,0.00057298,315.00000000
2018-02-24 07:08:28,0.00057298,263.00000000
2018-02-24 07:08:28,0.00057298,43.00000000
2018-02-24 07:08:28,0.00057298,15.00000000
2018-02-24 07:08:29,0.00057298,52.00000000
2018-02-24 07:08:29,0.00057298,28.00000000
2018-02-24 07:08:29,0.00057298,6.00000000
2018-02-24 07:08:29,0.00057335,28.00000000
2018-02-24 07:08:30,0.00057297,3.00000000
2018-02-24 07:08:30,0.00057270,557.00000000
2018-02-24 07:08:31,0.00057334,10.00000000
2018-02-24 07:08:31,0.00057335,171.00000000
2018-02-24 07:08:32,0.00057271,20.00000000
2018-02-24 07:08:32,0.00057270,764.00000000
2018-02-24 07:08:32,0.00057334,17.00000000
2018-02-24 07:08:33,0.00057334,12.00000000
2018-02-24 07:08:35,0.00057271,12.00000000
2018-02-24 07:08:35,0.00057270,4.00000000
2018-02-24 07:08:37,0.00057270,20.00000000
2018-02-24 07:08:38,0.00057332,20.00000000
2018-02-24 07:08:38,0.00057333,45.00000000
2018-02-24 07:08:38,0.00057333,45.00000000
2018-02-24 07:08:39,0.00057333,7.00000000
2018-02-24 07:08:39,0.00057300,36.00000000
2018-02-24 07:08:39,0.00057300,14.00000000
2018-02-24 07:08:40,0.00057271,20.00000000
2018-02-24 07:08:40,0.00057270,980.00000000
2018-02-24 07:08:41,0.00057331,20.00000000
2018-02-24 07:08:41,0.00057332,17.00000000
2018-02-24 07:08:41,0.00057331,22.00000000
2018-02-24 07:08:41,0.00057331,17.00000000
2018-02-24 07:08:42,0.00057331,68.00000000
2018-02-24 07:08:42,0.00057332,2.00000000
2018-02-24 07:08:43,0.00057332,390.00000000
2018-02-24 07:08:43,0.00057333,17.00000000
2018-02-24 07:08:44,0.00057333,48.00000000
2018-02-24 07:08:44,0.00057333,101.00000000
2018-02-24 07:08:45,0.00057335,35.00000000
2018-02-24 07:08:46,0.00057335,10.00000000
2018-02-24 07:08:47,0.00057271,20.00000000
2018-02-24 07:08:47,0.00057270,532.00000000
2018-02-24 07:08:47,0.00057270,5.00000000
2018-02-24 07:08:47,0.00057270,156.00000000
2018-02-24 07:08:49,0.00057334,12.00000000
2018-02-24 07:08:50,0.00057300,25.00000000
2018-02-24 07:08:50,0.00057300,24.00000000
2018-02-24 07:08:50,0.00057265,12.00000000
2018-02-24 07:08:50,0.00057264,4.00000000
2018-02-24 07:08:50,0.00057256,8.00000000
2018-02-24 07:08:50,0.00057255,668.00000000
2018-02-24 07:08:51,0.00057300,52.00000000
2018-02-24 07:08:51,0.00057300,17.00000000
2018-02-24 07:08:51,0.00057299,10.00000000
2018-02-24 07:08:51,0.00057300,42.00000000
2018-02-24 07:08:51,0.00057300,52.00000000
2018-02-24 07:08:51,0.00057300,17.00000000
2018-02-24 07:08:51,0.00057300,52.00000000
2018-02-24 07:08:51,0.00057300,3.00000000
2018-02-24 07:08:51,0.00057300,10.00000000
2018-02-24 07:08:52,0.00057300,4.00000000
2018-02-24 07:08:52,0.00057300,415.00000000
2018-02-24 07:08:52,0.00057300,36.00000000
2018-02-24 07:08:52,0.00057255,1000.00000000
2018-02-24 07:08:53,0.00057300,209.00000000
2018-02-24 07:08:53,0.00057300,233.00000000
2018-02-24 07:08:54,0.00057300,8.00000000
2018-02-24 07:08:54,0.00057300,57.00000000
2018-02-24 07:08:54,0.00057300,39.00000000
2018-02-24 07:09:01,0.00057330,269.00000000
2018-02-24 07:09:02,0.00057330,135.00000000
2018-02-24 07:09:02,0.00057330,58.00000000
2018-02-24 07:09:02,0.00057271,20.00000000
2018-02-24 07:09:02,0.00057271,30.00000000
2018-02-24 07:09:02,0.00057331,9.00000000
2018-02-24 07:09:03,0.00057331,131.00000000
2018-02-24 07:09:04,0.00057330,20.00000000
2018-02-24 07:09:05,0.00057331,15.00000000
2018-02-24 07:09:05,0.00057331,1115.00000000
2018-02-24 07:09:05,0.00057272,15.00000000
2018-02-24 07:09:05,0.00057333,192.00000000
2018-02-24 07:09:06,0.00057272,5.00000000
2018-02-24 07:09:06,0.00057271,30.00000000
2018-02-24 07:09:06,0.00057270,2.00000000
2018-02-24 07:09:06,0.00057255,46.00000000
2018-02-24 07:09:06,0.00057255,21.00000000
2018-02-24 07:09:06,0.00057255,7.00000000
2018-02-24 07:09:07,0.00057332,5.00000000
2018-02-24 07:09:09,0.00057331,5.00000000
2018-02-24 07:09:11,0.00057331,895.00000000
2018-02-24 07:09:11,0.00057255,242.00000000
2018-02-24 07:09:11,0.00057254,86.00000000
2018-02-24 07:09:11,0.00057250,30.00000000
2018-02-24 07:09:20,0.00057332,5.00000000
2018-02-24 07:09:20,0.00057300,17.00000000
2018-02-24 07:09:24,0.00057332,5.00000000
2018-02-24 07:09:26,0.00057252,30.00000000
2018-02-24 07:09:26,0.00057251,180.00000000
2018-02-24 07:09:26,0.00057251,58.00000000
2018-02-24 07:09:26,0.00057250,8537.00000000
2018-02-24 07:09:26,0.00057242,92.00000000
2018-02-24 07:09:26,0.00057230,3.00000000
2018-02-24 07:09:26,0.00057226,27.00000000
2018-02-24 07:09:26,0.00057222,953.00000000
2018-02-24 07:09:29,0.00057252,1019.00000000
2018-02-24 07:09:30,0.00057252,147.00000000
2018-02-24 07:09:31,0.00057252,40.00000000
2018-02-24 07:09:36,0.00057252,221.00000000
2018-02-24 07:09:38,0.00057252,10.00000000
2018-02-24 07:09:39,0.00057299,10.00000000
2018-02-24 07:09:39,0.00057299,10.00000000
2018-02-24 07:09:39,0.00057252,65.00000000
2018-02-24 07:09:40,0.00057300,7.00000000
2018-02-24 07:09:40,0.00057327,17.00000000
2018-02-24 07:09:45,0.00057324,4.00000000
2018-02-24 07:09:48,0.00057323,17.00000000
2018-02-24 07:09:49,0.00057253,14.00000000
2018-02-24 07:09:49,0.00057253,5.00000000
2018-02-24 07:09:49,0.00057253,38.00000000
2018-02-24 07:09:49,0.00057324,6.00000000
2018-02-24 07:09:52,0.00057324,14.00000000
2018-02-24 07:09:52,0.00057325,32.00000000
2018-02-24 07:09:57,0.00057300,52.00000000
2018-02-24 07:09:57,0.00057300,51.00000000
2018-02-24 07:09:57,0.00057300,13.00000000
2018-02-24 07:09:58,0.00057300,52.00000000
2018-02-24 07:09:58,0.00057300,52.00000000
2018-02-24 07:09:58,0.00057300,46.00000000
2018-02-24 07:10:02,0.00057299,12.00000000
2018-02-24 07:10:13,0.00057298,261.00000000
2018-02-24 07:10:13,0.00057298,22.00000000
2018-02-24 07:10:13,0.00057298,29.00000000
2018-02-24 07:10:13,0.00057298,269.00000000
2018-02-24 07:10:14,0.00057298,43.00000000
2018-02-24 07:10:15,0.00057255,3.00000000
2018-02-24 07:10:15,0.00057298,4.00000000
2018-02-24 07:10:16,0.00057255,7.00000000
2018-02-24 07:10:16,0.00057254,2.00000000
2018-02-24 07:10:26,0.00057294,2.00000000
2018-02-24 07:10:27,0.00057294,16.00000000
2018-02-24 07:10:36,0.00057294,176.00000000
2018-02-24 07:10:38,0.00057295,712.00000000
2018-02-24 07:10:40,0.00057295,36.00000000
2018-02-24 07:10:41,0.00057294,194.00000000
2018-02-24 07:10:42,0.00057295,17.00000000
2018-02-24 07:10:45,0.00057295,25.00000000
2018-02-24 07:10:46,0.00057295,300.00000000
2018-02-24 07:10:48,0.00057295,223.00000000
2018-02-24 07:10:48,0.00057295,24.00000000
2018-02-24 07:10:48,0.00057298,144.00000000
2018-02-24 07:10:48,0.00057300,332.00000000
2018-02-24 07:10:52,0.00057300,500.00000000
2018-02-24 07:10:54,0.00057300,80.00000000
2018-02-24 07:10:57,0.00057300,10.00000000
2018-02-24 07:10:58,0.00057300,1004.00000000
2018-02-24 07:10:59,0.00057300,254.00000000
2018-02-24 07:11:01,0.00057300,7.00000000
2018-02-24 07:11:01,0.00057330,20.00000000
2018-02-24 07:11:10,0.00057330,976.00000000
2018-02-24 07:11:12,0.00057330,297.00000000
2018-02-24 07:11:12,0.00057300,234.00000000
2018-02-24 07:11:16,0.00057331,4.00000000
2018-02-24 07:11:17,0.00057331,2.00000000
2018-02-24 07:11:18,0.00057300,500.00000000
2018-02-24 07:11:22,0.00057301,210.00000000
2018-02-24 07:11:22,0.00057300,500.00000000
2018-02-24 07:11:25,0.00057331,10.00000000
2018-02-24 07:11:27,0.00057300,431.00000000
2018-02-24 07:11:27,0.00057300,205.00000000
2018-02-24 07:11:27,0.00057300,5.00000000
2018-02-24 07:11:28,0.00057274,20.00000000
2018-02-24 07:11:29,0.00057279,20.00000000
2018-02-24 07:11:29,0.00057326,20.00000000
2018-02-24 07:11:31,0.00057326,24.00000000
2018-02-24 07:11:31,0.00057330,3.00000000
2018-02-24 07:11:34,0.00057330,17.00000000
2018-02-24 07:11:34,0.00057331,52.00000000
2018-02-24 07:11:34,0.00057331,52.00000000
2018-02-24 07:11:34,0.00057331,5.00000000
2018-02-24 07:11:34,0.00057331,52.00000000
2018-02-24 07:11:36,0.00057330,2.00000000
2018-02-24 07:11:39,0.00057330,15.00000000
2018-02-24 07:11:39,0.00057330,3.00000000
2018-02-24 07:11:39,0.00057331,37.00000000
2018-02-24 07:11:43,0.00057329,18.00000000
2018-02-24 07:11:44,0.00057329,2.00000000
2018-02-24 07:11:45,0.00057330,83.00000000
2018-02-24 07:11:46,0.00057329,20.00000000
2018-02-24 07:11:47,0.00057330,35.00000000
2018-02-24 07:11:50,0.00057325,3.00000000
2018-02-24 07:11:50,0.00057280,268.00000000
2018-02-24 07:11:50,0.00057279,121.00000000
2018-02-24 07:11:50,0.00057278,20.00000000
2018-02-24 07:11:50,0.00057275,20.00000000
2018-02-24 07:11:50,0.00057229,29.00000000
2018-02-24 07:11:51,0.00057328,830.00000000
2018-02-24 07:11:52,0.00057281,14.00000000
2018-02-24 07:11:52,0.00057281,6.00000000
2018-02-24 07:11:52,0.00057280,20.00000000
2018-02-24 07:11:52,0.00057280,9.00000000
2018-02-24 07:11:54,0.00057281,20.00000000
2018-02-24 07:12:13,0.00057281,12.00000000
2018-02-24 07:12:17,0.00057325,9.00000000
2018-02-24 07:12:19,0.00057281,21.00000000
2018-02-24 07:12:19,0.00057280,9.00000000
2018-02-24 07:12:19,0.00057279,23.00000000
2018-02-24 07:12:19,0.00057278,20.00000000
2018-02-24 07:12:19,0.00057276,20.00000000
2018-02-24 07:12:19,0.00057231,87.00000000
2018-02-24 07:12:19,0.00057230,20.00000000
2018-02-24 07:12:19,0.00057228,24.00000000
2018-02-24 07:12:19,0.00057223,20.00000000
2018-02-24 07:12:22,0.00057273,20.00000000
2018-02-24 07:12:22,0.00057232,4.00000000
2018-02-24 07:12:22,0.00057278,10.00000000
2018-02-24 07:12:22,0.00057279,10.00000000
2018-02-24 07:12:23,0.00057278,9.00000000
2018-02-24 07:12:29,0.00057234,9.00000000
2018-02-24 07:12:29,0.00057233,10.00000000
2018-02-24 07:12:29,0.00057232,16.00000000
2018-02-24 07:12:29,0.00057228,20.00000000
2018-02-24 07:12:29,0.00057222,314.00000000
2018-02-24 07:12:34,0.00057232,16.00000000
2018-02-24 07:12:34,0.00057232,62.00000000
2018-02-24 07:12:34,0.00057233,37.00000000
2018-02-24 07:12:35,0.00057233,4.00000000
2018-02-24 07:12:37,0.00057225,32.00000000
2018-02-24 07:12:37,0.00057223,20.00000000
2018-02-24 07:12:37,0.00057222,433.00000000
2018-02-24 07:12:47,0.00057221,5.00000000
2018-02-24 07:12:55,0.00057220,229.00000000
2018-02-24 07:12:55,0.00057221,951.00000000
2018-02-24 07:12:58,0.00057214,26.00000000
2018-02-24 07:12:58,0.00057210,44.00000000
2018-02-24 07:13:01,0.00057218,8.00000000
2018-02-24 07:13:03,0.00057211,14.00000000
2018-02-24 07:13:03,0.00057210,673.00000000
2018-02-24 07:13:13,0.00057210,80.00000000
2018-02-24 07:13:19,0.00057210,70.00000000
2018-02-24 07:13:20,0.00057210,214.00000000
2018-02-24 07:13:23,0.00057210,10.00000000
2018-02-24 07:13:27,0.00057210,27.00000000
2018-02-24 07:13:30,0.00057210,37.00000000
2018-02-24 07:13:39,0.00057210,26.00000000
2018-02-24 07:13:41,0.00057210,116.00000000
2018-02-24 07:13:43,0.00057210,15.00000000
2018-02-24 07:13:45,0.00057218,4.00000000
2018-02-24 07:13:47,0.00057210,103.00000000
2018-02-24 07:13:47,0.00057218,500.00000000
2018-02-24 07:13:51,0.00057218,122.00000000
2018-02-24 07:13:51,0.00057221,19.00000000
2018-02-24 07:13:51,0.00057222,1222.00000000
2018-02-24 07:13:54,0.00057274,2.00000000
2018-02-24 07:14:02,0.00057222,5.00000000
2018-02-24 07:14:05,0.00057250,60.00000000
2018-02-24 07:14:07,0.00057223,449.00000000
2018-02-24 07:14:07,0.00057222,506.00000000
2018-02-24 07:14:09,0.00057211,53.00000000
2018-02-24 07:14:09,0.00057211,22.00000000
2018-02-24 07:14:09,0.00057211,15.00000000
2018-02-24 07:14:13,0.00057222,82.00000000
2018-02-24 07:14:15,0.00057222,1479.00000000
2018-02-24 07:14:16,0.00057222,82.00000000
2018-02-24 07:14:16,0.00057221,70.00000000
2018-02-24 07:14:16,0.00057222,38.00000000
2018-02-24 07:14:18,0.00057250,8.00000000
2018-02-24 07:14:21,0.00057250,20.00000000
2018-02-24 07:14:23,0.00057250,782.00000000
2018-02-24 07:14:23,0.00057250,27.00000000
2018-02-24 07:14:23,0.00057250,26.00000000
2018-02-24 07:14:27,0.00057250,39.00000000
2018-02-24 07:14:31,0.00057274,188.00000000
2018-02-24 07:14:37,0.00057240,20.00000000
2018-02-24 07:14:37,0.00057250,7.00000000
2018-02-24 07:14:37,0.00057250,29.00000000
2018-02-24 07:14:38,0.00057270,28.00000000
2018-02-24 07:14:38,0.00057274,500.00000000
2018-02-24 07:14:39,0.00057274,58.00000000
2018-02-24 07:14:40,0.00057274,8.00000000
2018-02-24 07:14:41,0.00057274,14.00000000
2018-02-24 07:14:41,0.00057274,19.00000000
2018-02-24 07:14:42,0.00057276,3.00000000
2018-02-24 07:14:43,0.00057276,4.00000000
2018-02-24 07:14:43,0.00057275,152.00000000
2018-02-24 07:14:43,0.00057274,211.00000000
2018-02-24 07:14:46,0.00057276,2.00000000
2018-02-24 07:14:46,0.00057276,53.00000000
2018-02-24 07:14:46,0.00057279,10.00000000
2018-02-24 07:14:46,0.00057283,20.00000000
2018-02-24 07:14:53,0.00057322,6.00000000
2018-02-24 07:14:53,0.00057324,32.00000000
2018-02-24 07:14:54,0.00057324,8.00000000
2018-02-24 07:14:55,0.00057324,329.00000000
2018-02-24 07:14:55,0.00057324,266.00000000
2018-02-24 07:14:55,0.00057325,122.00000000
2018-02-24 07:14:55,0.00057327,20.00000000
2018-02-24 07:14:56,0.00057327,5.00000000
2018-02-24 07:15:03,0.00057327,7.00000000
2018-02-24 07:15:03,0.00057330,719.00000000
2018-02-24 07:15:06,0.00057330,179.00000000
2018-02-24 07:15:08,0.00057331,29.00000000
2018-02-24 07:15:08,0.00057333,20.00000000
2018-02-24 07:15:14,0.00057335,288.00000000
2018-02-24 07:15:14,0.00057335,67.00000000
2018-02-24 07:15:17,0.00057350,67.00000000
2018-02-24 07:15:17,0.00057350,17.00000000
2018-02-24 07:15:17,0.00057350,14.00000000
2018-02-24 07:15:18,0.00057350,197.00000000
2018-02-24 07:15:19,0.00057350,17.00000000
2018-02-24 07:15:20,0.00057350,178.00000000
2018-02-24 07:15:20,0.00057350,4.00000000
2018-02-24 07:15:24,0.00057350,230.00000000
2018-02-24 07:15:24,0.00057360,46.00000000
2018-02-24 07:15:24,0.00057374,156.00000000
2018-02-24 07:15:25,0.00057350,56.00000000
2018-02-24 07:15:25,0.00057350,160.00000000
2018-02-24 07:15:26,0.00057350,40.00000000
2018-02-24 07:15:26,0.00057350,8.00000000
2018-02-24 07:15:27,0.00057360,44.00000000
2018-02-24 07:15:27,0.00057374,344.00000000
2018-02-24 07:15:27,0.00057374,71.00000000
2018-02-24 07:15:28,0.00057350,203.00000000
2018-02-24 07:15:29,0.00057350,5.00000000
2018-02-24 07:15:31,0.00057340,276.00000000
2018-02-24 07:15:31,0.00057336,273.00000000
2018-02-24 07:15:31,0.00057335,133.00000000
2018-02-24 07:15:32,0.00057335,11.00000000
2018-02-24 07:15:34,0.00057340,16.00000000
2018-02-24 07:15:35,0.00057335,5.00000000
2018-02-24 07:15:36,0.00057335,17.00000000
2018-02-24 07:15:36,0.00057340,209.00000000
2018-02-24 07:15:36,0.00057350,50.00000000
2018-02-24 07:15:36,0.00057335,31.00000000
2018-02-24 07:15:51,0.00057335,15.00000000
2018-02-24 07:15:51,0.00057348,65.00000000
2018-02-24 07:15:51,0.00057349,253.00000000
2018-02-24 07:15:59,0.00057386,12.00000000
2018-02-24 07:16:05,0.00057349,19.00000000
2018-02-24 07:16:06,0.00057386,12.00000000
2018-02-24 07:16:06,0.00057349,19.00000000
2018-02-24 07:16:09,0.00057349,123.00000000
2018-02-24 07:16:14,0.00057349,23.00000000
2018-02-24 07:16:15,0.00057349,36.00000000
2018-02-24 07:16:15,0.00057336,114.00000000
2018-02-24 07:16:24,0.00057386,4.00000000
2018-02-24 07:16:24,0.00057387,20.00000000
2018-02-24 07:16:24,0.00057388,20.00000000
2018-02-24 07:16:24,0.00057434,20.00000000
2018-02-24 07:16:24,0.00057436,36.00000000
2018-02-24 07:16:24,0.00057476,477.00000000
2018-02-24 07:16:24,0.00057499,189.00000000
2018-02-24 07:16:24,0.00057500,1028.00000000
2018-02-24 07:16:25,0.00057424,20.00000000
2018-02-24 07:16:26,0.00057385,16.00000000
2018-02-24 07:16:27,0.00057385,4.00000000
2018-02-24 07:16:27,0.00057348,5.00000000
2018-02-24 07:16:27,0.00057342,9.00000000
2018-02-24 07:16:28,0.00057435,2.00000000
2018-02-24 07:16:29,0.00057398,7.00000000
2018-02-24 07:16:29,0.00057399,20.00000000
2018-02-24 07:16:29,0.00057427,5.00000000
2018-02-24 07:16:29,0.00057436,20.00000000
2018-02-24 07:16:33,0.00057384,20.00000000
2018-02-24 07:16:33,0.00057376,20.00000000
2018-02-24 07:16:34,0.00057376,14.00000000
2018-02-24 07:16:34,0.00057384,20.00000000
2018-02-24 07:16:34,0.00057401,112.00000000
2018-02-24 07:16:34,0.00057433,151.00000000
2018-02-24 07:16:34,0.00057475,20.00000000
2018-02-24 07:16:34,0.00057499,72.00000000
2018-02-24 07:16:34,0.00057500,867.00000000
2018-02-24 07:16:35,0.00057354,54.00000000
2018-02-24 07:16:35,0.00057471,20.00000000
2018-02-24 07:16:35,0.00057448,15.00000000
2018-02-24 07:16:36,0.00057448,5.00000000
2018-02-24 07:16:36,0.00057447,20.00000000
2018-02-24 07:16:37,0.00057400,55.00000000
2018-02-24 07:16:37,0.00057402,20.00000000
2018-02-24 07:16:38,0.00057435,48.00000000
2018-02-24 07:16:38,0.00057435,27.00000000
2018-02-24 07:16:40,0.00057386,24.00000000
2018-02-24 07:16:40,0.00057381,20.00000000
2018-02-24 07:16:40,0.00057351,20.00000000
2018-02-24 07:16:40,0.00057350,20.00000000
2018-02-24 07:16:40,0.00057348,20.00000000
2018-02-24 07:16:42,0.00057388,20.00000000
2018-02-24 07:16:42,0.00057389,20.00000000
2018-02-24 07:16:43,0.00057390,20.00000000
2018-02-24 07:16:43,0.00057437,293.00000000
2018-02-24 07:16:45,0.00057437,104.00000000
2018-02-24 07:16:46,0.00057395,20.00000000
2018-02-24 07:16:46,0.00057385,20.00000000
2018-02-24 07:16:46,0.00057351,70.00000000
2018-02-24 07:16:47,0.00057352,20.00000000
2018-02-24 07:16:47,0.00057403,5.00000000
2018-02-24 07:16:47,0.00057403,15.00000000
2018-02-24 07:16:47,0.00057436,15.00000000
2018-02-24 07:16:47,0.00057402,70.00000000
2018-02-24 07:16:48,0.00057351,10.00000000
2018-02-24 07:16:48,0.00057350,15.00000000
2018-02-24 07:16:48,0.00057434,15.00000000
2018-02-24 07:16:48,0.00057434,5.00000000
2018-02-24 07:16:48,0.00057351,7.00000000
2018-02-24 07:16:49,0.00057351,3.00000000
2018-02-24 07:16:49,0.00057400,6.00000000
2018-02-24 07:16:49,0.00057400,14.00000000
2018-02-24 07:16:49,0.00057401,20.00000000
2018-02-24 07:16:49,0.00057402,20.00000000
2018-02-24 07:16:49,0.00057402,5.00000000
2018-02-24 07:16:50,0.00057402,15.00000000
2018-02-24 07:16:51,0.00057358,10.00000000
2018-02-24 07:16:51,0.00057357,5.00000000
2018-02-24 07:16:51,0.00057350,7.00000000
2018-02-24 07:16:51,0.00057358,10.00000000
2018-02-24 07:16:53,0.00057358,20.00000000
2018-02-24 07:16:53,0.00057357,20.00000000
2018-02-24 07:16:53,0.00057350,35.00000000
2018-02-24 07:16:53,0.00057349,33.00000000
2018-02-24 07:16:53,0.00057344,20.00000000
2018-02-24 07:16:53,0.00057340,22.00000000
2018-02-24 07:16:53,0.00057358,18.00000000
2018-02-24 07:16:53,0.00057340,61.00000000
2018-02-24 07:16:53,0.00057340,4.00000000
2018-02-24 07:16:53,0.00057340,48.00000000
2018-02-24 07:16:54,0.00057400,10.00000000
2018-02-24 07:16:54,0.00057401,14.00000000
2018-02-24 07:16:54,0.00057378,20.00000000
2018-02-24 07:16:54,0.00057339,20.00000000
2018-02-24 07:16:54,0.00057337,75.00000000
2018-02-24 07:16:54,0.00057336,35.00000000
2018-02-24 07:16:55,0.00057392,20.00000000
2018-02-24 07:16:55,0.00057400,80.00000000
2018-02-24 07:16:55,0.00057400,16.00000000
2018-02-24 07:16:55,0.00057401,3.00000000
2018-02-24 07:16:55,0.00057401,3.00000000
2018-02-24 07:16:56,0.00057349,20.00000000
2018-02-24 07:16:56,0.00057341,20.00000000
2018-02-24 07:16:56,0.00057336,110.00000000
2018-02-24 07:16:57,0.00057394,5.00000000
2018-02-24 07:16:57,0.00057393,11.00000000
2018-02-24 07:16:57,0.00057401,20.00000000
2018-02-24 07:16:59,0.00057385,20.00000000
2018-02-24 07:16:59,0.00057350,20.00000000
2018-02-24 07:16:59,0.00057336,300.00000000
2018-02-24 07:17:01,0.00057421,60.00000000
2018-02-24 07:17:02,0.00057358,111.00000000
2018-02-24 07:17:04,0.00057358,41.00000000
2018-02-24 07:17:07,0.00057388,17.00000000
2018-02-24 07:17:09,0.00057388,269.00000000
2018-02-24 07:17:11,0.00057388,113.00000000
2018-02-24 07:17:11,0.00057389,20.00000000
2018-02-24 07:17:11,0.00057429,20.00000000
2018-02-24 07:17:11,0.00057436,35.00000000
2018-02-24 07:17:11,0.00057437,8.00000000
2018-02-24 07:17:15,0.00057436,4.00000000
2018-02-24 07:17:15,0.00057385,20.00000000
2018-02-24 07:17:15,0.00057346,86.00000000
2018-02-24 07:17:15,0.00057345,5.00000000
2018-02-24 07:17:15,0.00057338,23.00000000
2018-02-24 07:17:18,0.00057388,86.00000000
2018-02-24 07:17:18,0.00057388,38.00000000
2018-02-24 07:17:19,0.00057389,151.00000000
2018-02-24 07:17:20,0.00057388,5.00000000
2018-02-24 07:17:24,0.00057388,370.00000000
2018-02-24 07:17:24,0.00057348,4.00000000
2018-02-24 07:17:24,0.00057345,20.00000000
2018-02-24 07:17:24,0.00057339,16.00000000
2018-02-24 07:17:26,0.00057389,2.00000000
2018-02-24 07:17:29,0.00057389,17.00000000
2018-02-24 07:17:30,0.00057339,50.00000000
2018-02-24 07:17:31,0.00057339,7.00000000
2018-02-24 07:17:35,0.00057350,450.00000000
2018-02-24 07:17:38,0.00057350,39.00000000
2018-02-24 07:17:39,0.00057350,132.00000000
2018-02-24 07:17:58,0.00057350,191.00000000
2018-02-24 07:17:59,0.00057350,198.00000000
2018-02-24 07:18:00,0.00057340,44.00000000
2018-02-24 07:18:01,0.00057340,25.00000000
2018-02-24 07:18:06,0.00057345,21.00000000
2018-02-24 07:18:06,0.00057340,81.00000000
2018-02-24 07:18:08,0.00057339,1.00000000
2018-02-24 07:18:10,0.00057339,131.00000000
2018-02-24 07:18:11,0.00057339,203.00000000
2018-02-24 07:18:25,0.00057339,35.00000000
2018-02-24 07:18:26,0.00057339,5.00000000
2018-02-24 07:18:26,0.00057339,84.00000000
2018-02-24 07:18:27,0.00057339,35.00000000
2018-02-24 07:18:27,0.00057340,1351.00000000
2018-02-24 07:18:48,0.00057342,238.00000000
2018-02-24 07:18:49,0.00057342,770.00000000
2018-02-24 07:18:53,0.00057341,188.00000000
2018-02-24 07:18:54,0.00057341,800.00000000
2018-02-24 07:19:03,0.00057341,200.00000000
2018-02-24 07:19:03,0.00057341,4.00000000
2018-02-24 07:19:21,0.00057341,198.00000000
2018-02-24 07:19:31,0.00057380,480.00000000
2018-02-24 07:19:33,0.00057380,11.00000000
2018-02-24 07:19:35,0.00057341,106.00000000
2018-02-24 07:19:36,0.00057341,55.00000000
2018-02-24 07:19:37,0.00057341,107.00000000
2018-02-24 07:19:38,0.00057380,337.00000000
2018-02-24 07:19:55,0.00057342,3.00000000
2018-02-24 07:19:55,0.00057341,137.00000000
2018-02-24 07:20:06,0.00057340,64.00000000
2018-02-24 07:20:12,0.00057388,5.00000000
2018-02-24 07:20:12,0.00057388,5.00000000
2018-02-24 07:20:12,0.00057389,10.00000000
2018-02-24 07:20:12,0.00057389,30.00000000
2018-02-24 07:20:12,0.00057389,3.00000000
2018-02-24 07:20:12,0.00057389,8.00000000
2018-02-24 07:20:12,0.00057390,26.00000000
2018-02-24 07:20:12,0.00057390,17.00000000
2018-02-24 07:20:12,0.00057390,15.00000000
2018-02-24 07:20:12,0.00057390,3.00000000
2018-02-24 07:20:13,0.00057390,12.00000000
2018-02-24 07:20:13,0.00057390,5.00000000
2018-02-24 07:20:19,0.00057387,44.00000000
2018-02-24 07:20:21,0.00057387,30.00000000
2018-02-24 07:20:22,0.00057387,125.00000000
2018-02-24 07:20:22,0.00057390,277.00000000
2018-02-24 07:20:22,0.00057396,20.00000000
2018-02-24 07:20:22,0.00057436,16.00000000
2018-02-24 07:20:22,0.00057437,92.00000000
2018-02-24 07:20:22,0.00057485,4.00000000
2018-02-24 07:20:22,0.00057490,20.00000000
2018-02-24 07:20:22,0.00057499,258.00000000
2018-02-24 07:20:22,0.00057500,85.00000000
2018-02-24 07:20:24,0.00057448,20.00000000
2018-02-24 07:20:24,0.00057447,20.00000000
2018-02-24 07:20:24,0.00057385,20.00000000
2018-02-24 07:20:25,0.00057378,20.00000000
2018-02-24 07:20:26,0.00057397,20.00000000
2018-02-24 07:20:26,0.00057428,4.00000000
2018-02-24 07:20:26,0.00057377,20.00000000
2018-02-24 07:20:26,0.00057371,43.00000000
2018-02-24 07:20:26,0.00057371,5.00000000
2018-02-24 07:20:27,0.00057369,4.00000000
2018-02-24 07:20:28,0.00057369,4.00000000
2018-02-24 07:20:28,0.00057402,10.00000000
2018-02-24 07:20:29,0.00057354,20.00000000
2018-02-24 07:20:30,0.00057352,20.00000000
2018-02-24 07:20:30,0.00057343,10.00000000
2018-02-24 07:20:31,0.00057342,10.00000000
2018-02-24 07:20:31,0.00057342,54.00000000
2018-02-24 07:20:31,0.00057341,64.00000000
2018-02-24 07:20:31,0.00057341,27.00000000
2018-02-24 07:20:31,0.00057342,14.00000000
2018-02-24 07:20:31,0.00057343,10.00000000
2018-02-24 07:20:31,0.00057342,6.00000000
2018-02-24 07:20:31,0.00057341,6.00000000
2018-02-24 07:20:31,0.00057351,20.00000000
2018-02-24 07:20:31,0.00057343,20.00000000
2018-02-24 07:20:32,0.00057343,12.00000000
2018-02-24 07:20:32,0.00057343,22.00000000
2018-02-24 07:20:32,0.00057341,22.00000000
2018-02-24 07:20:33,0.00057341,1.00000000
2018-02-24 07:20:33,0.00057340,139.00000000
2018-02-24 07:20:34,0.00057340,12.00000000
2018-02-24 07:20:34,0.00057340,1.00000000
2018-02-24 07:20:34,0.00057338,12.00000000
2018-02-24 07:20:34,0.00057338,27.00000000
2018-02-24 07:20:34,0.00057338,15.00000000
2018-02-24 07:20:34,0.00057337,15.00000000
2018-02-24 07:20:34,0.00057337,230.00000000
2018-02-24 07:20:34,0.00057337,269.00000000
2018-02-24 07:20:34,0.00057336,113.00000000
2018-02-24 07:20:35,0.00057336,52.00000000
2018-02-24 07:20:35,0.00057336,165.00000000
2018-02-24 07:20:35,0.00057336,10.00000000
2018-02-24 07:20:35,0.00057338,15.00000000
2018-02-24 07:20:38,0.00057337,20.00000000
2018-02-24 07:20:44,0.00057337,2965.00000000
2018-02-24 07:20:44,0.00057336,10037.00000000
2018-02-24 07:20:45,0.00057336,5.00000000
2018-02-24 07:20:45,0.00057336,2.00000000
2018-02-24 07:20:45,0.00057336,101.00000000
2018-02-24 07:20:47,0.00057341,33.00000000
2018-02-24 07:20:47,0.00057387,20.00000000
2018-02-24 07:20:50,0.00057336,1351.00000000
2018-02-24 07:20:56,0.00057385,12.00000000
2018-02-24 07:20:57,0.00057385,31.00000000
2018-02-24 07:20:57,0.00057386,354.00000000
2018-02-24 07:20:57,0.00057387,20.00000000
2018-02-24 07:20:57,0.00057388,20.00000000
2018-02-24 07:20:57,0.00057389,20.00000000
2018-02-24 07:20:57,0.00057394,20.00000000
2018-02-24 07:20:57,0.00057402,20.00000000
2018-02-24 07:20:58,0.00057402,18.00000000
2018-02-24 07:20:58,0.00057402,4.00000000
2018-02-24 07:20:59,0.00057402,2.00000000
2018-02-24 07:20:59,0.00057402,3.00000000
2018-02-24 07:20:59,0.00057402,14.00000000
2018-02-24 07:21:00,0.00057402,13.00000000
2018-02-24 07:21:01,0.00057402,14.00000000
2018-02-24 07:21:01,0.00057402,17.00000000
2018-02-24 07:21:01,0.00057402,337.00000000
2018-02-24 07:21:02,0.00057402,62.00000000
2018-02-24 07:21:02,0.00057403,20.00000000
2018-02-24 07:21:02,0.00057405,20.00000000
2018-02-24 07:21:02,0.00057428,16.00000000
2018-02-24 07:21:02,0.00057448,9.00000000
2018-02-24 07:21:02,0.00057457,48.00000000
2018-02-24 07:21:02,0.00057498,34.00000000
2018-02-24 07:21:02,0.00057499,114.00000000
2018-02-24 07:21:02,0.00057402,14.00000000
2018-02-24 07:21:02,0.00057403,10.00000000
2018-02-24 07:21:02,0.00057403,87.00000000
2018-02-24 07:21:03,0.00057402,426.00000000
2018-02-24 07:21:03,0.00057384,5.00000000
2018-02-24 07:21:05,0.00057384,7.00000000
2018-02-24 07:21:08,0.00057337,49.00000000
2018-02-24 07:21:09,0.00057336,69.00000000
2018-02-24 07:21:09,0.00057336,4.00000000
2018-02-24 07:21:09,0.00057336,2.00000000
2018-02-24 07:21:09,0.00057337,7.00000000
2018-02-24 07:21:10,0.00057336,85.00000000
2018-02-24 07:21:11,0.00057336,2004.00000000
2018-02-24 07:21:12,0.00057336,2152.00000000
2018-02-24 07:21:14,0.00057330,5.00000000
2018-02-24 07:21:14,0.00057336,4.00000000
2018-02-24 07:21:18,0.00057300,24.00000000
2018-02-24 07:21:18,0.00057287,24.00000000
2018-02-24 07:21:18,0.00057274,16.00000000
2018-02-24 07:21:24,0.00057286,7.00000000
2018-02-24 07:21:32,0.00057310,357.00000000
2018-02-24 07:21:34,0.00057310,141.00000000
2018-02-24 07:21:34,0.00057325,20.00000000
2018-02-24 07:21:34,0.00057337,28.00000000
2018-02-24 07:21:36,0.00057339,129.00000000
2018-02-24 07:21:39,0.00057339,185.00000000
2018-02-24 07:21:44,0.00057388,17.00000000
2018-02-24 07:21:45,0.00057339,6.00000000
2018-02-24 07:21:49,0.00057340,134.00000000
2018-02-24 07:22:07,0.00057340,279.00000000
2018-02-24 07:22:43,0.00057340,22.00000000
2018-02-24 07:22:43,0.00057340,10.00000000
2018-02-24 07:22:43,0.00057340,4.00000000
2018-02-24 07:22:55,0.00057341,30.00000000
2018-02-24 07:22:55,0.00057340,197.00000000
2018-02-24 07:22:56,0.00057340,44.00000000
2018-02-24 07:22:56,0.00057340,30.00000000
2018-02-24 07:22:56,0.00057340,30.00000000
2018-02-24 07:22:56,0.00057340,30.00000000
2018-02-24 07:22:56,0.00057340,30.00000000
2018-02-24 07:22:59,0.00057339,8.00000000
2018-02-24 07:22:59,0.00057339,12.00000000
2018-02-24 07:22:59,0.00057339,23.00000000
2018-02-24 07:23:06,0.00057340,7.00000000
2018-02-24 07:23:06,0.00057339,12.00000000
2018-02-24 07:23:10,0.00057339,157.00000000
2018-02-24 07:23:11,0.00057339,14.00000000
2018-02-24 07:23:12,0.00057339,139.00000000
2018-02-24 07:23:12,0.00057286,13.00000000
2018-02-24 07:23:12,0.00057274,29.00000000
2018-02-24 07:23:12,0.00057259,54.00000000
2018-02-24 07:23:12,0.00057258,65.00000000
2018-02-24 07:23:31,0.00057310,39.00000000
2018-02-24 07:23:32,0.00057310,24.00000000
2018-02-24 07:23:32,0.00057310,6.00000000
2018-02-24 07:23:32,0.00057310,43.00000000
2018-02-24 07:23:32,0.00057310,23.00000000
2018-02-24 07:23:32,0.00057310,230.00000000
2018-02-24 07:23:32,0.00057310,15.00000000
2018-02-24 07:23:33,0.00057310,52.00000000
2018-02-24 07:23:33,0.00057310,35.00000000
2018-02-24 07:23:33,0.00057310,30.00000000
2018-02-24 07:23:33,0.00057310,6.00000000
2018-02-24 07:23:33,0.00057310,5.00000000
2018-02-24 07:23:33,0.00057310,27.00000000
2018-02-24 07:23:33,0.00057310,51.00000000
2018-02-24 07:23:33,0.00057310,19.00000000
2018-02-24 07:23:33,0.00057310,18.00000000
2018-02-24 07:23:34,0.00057310,28.00000000
2018-02-24 07:23:34,0.00057310,25.00000000
2018-02-24 07:23:34,0.00057311,13.00000000
2018-02-24 07:23:34,0.00057311,5.00000000
2018-02-24 07:23:34,0.00057311,2.00000000
2018-02-24 07:23:34,0.00057325,20.00000000
2018-02-24 07:23:35,0.00057337,59.00000000
2018-02-24 07:23:35,0.00057340,61.00000000
2018-02-24 07:23:39,0.00057340,10.00000000
2018-02-24 07:23:42,0.00057311,4.00000000
2018-02-24 07:23:43,0.00057310,16.00000000
2018-02-24 07:23:54,0.00057313,17.00000000
2018-02-24 07:23:54,0.00057286,20.00000000
2018-02-24 07:23:54,0.00057274,20.00000000
2018-02-24 07:23:54,0.00057260,20.00000000
2018-02-24 07:23:54,0.00057259,20.00000000
2018-02-24 07:23:54,0.00057258,137.00000000
2018-02-24 07:24:01,0.00057310,4.00000000
2018-02-24 07:24:08,0.00057283,20.00000000
2018-02-24 07:24:08,0.00057259,426.00000000
2018-02-24 07:24:10,0.00057310,52.00000000
2018-02-24 07:24:11,0.00057260,20.00000000
2018-02-24 07:24:11,0.00057259,128.00000000
2018-02-24 07:24:18,0.00057262,357.00000000
2018-02-24 07:24:32,0.00057262,317.00000000
2018-02-24 07:24:50,0.00057262,4.00000000
2018-02-24 07:24:57,0.00057262,315.00000000
2018-02-24 07:25:04,0.00057262,15.00000000
2018-02-24 07:25:04,0.00057262,52.00000000
2018-02-24 07:25:05,0.00057262,230.00000000
2018-02-24 07:25:05,0.00057262,51.00000000
2018-02-24 07:25:05,0.00057262,41.00000000
2018-02-24 07:25:05,0.00057260,50.00000000
2018-02-24 07:25:05,0.00057262,9.00000000
2018-02-24 07:25:05,0.00057262,612.00000000
2018-02-24 07:25:05,0.00057309,9.00000000
2018-02-24 07:25:05,0.00057260,151.00000000
2018-02-24 07:25:06,0.00057260,45.00000000
2018-02-24 07:25:07,0.00057262,2.00000000
2018-02-24 07:25:09,0.00057259,14.00000000
2018-02-24 07:25:15,0.00057259,50.00000000
2018-02-24 07:25:23,0.00057259,2314.00000000
2018-02-24 07:25:28,0.00057262,181.00000000
2018-02-24 07:25:29,0.00057262,129.00000000
2018-02-24 07:25:32,0.00057262,26.00000000
2018-02-24 07:25:42,0.00057260,21.00000000
2018-02-24 07:25:44,0.00057260,12.00000000
2018-02-24 07:25:49,0.00057260,32.00000000
2018-02-24 07:25:50,0.00057262,548.00000000
2018-02-24 07:25:54,0.00057260,71.00000000
2018-02-24 07:25:56,0.00057260,2078.00000000
2018-02-24 07:25:56,0.00057259,1183.00000000
2018-02-24 07:25:56,0.00057258,1945.00000000
2018-02-24 07:25:56,0.00057250,12.00000000
2018-02-24 07:25:56,0.00057212,427.00000000
2018-02-24 07:25:56,0.00057210,7302.00000000
2018-02-24 07:25:56,0.00057202,225.00000000
2018-02-24 07:25:56,0.00057200,1163.00000000
2018-02-24 07:25:56,0.00057198,133.00000000
2018-02-24 07:25:56,0.00057182,278.00000000
2018-02-24 07:25:56,0.00057180,4212.00000000
2018-02-24 07:25:56,0.00057180,17.00000000
2018-02-24 07:25:57,0.00057172,60.00000000
2018-02-24 07:25:58,0.00057180,13.00000000
2018-02-24 07:25:58,0.00057180,27.00000000
2018-02-24 07:25:58,0.00057180,27.00000000
2018-02-24 07:25:58,0.00057180,1.00000000
2018-02-24 07:25:58,0.00057180,18.00000000
2018-02-24 07:25:58,0.00057190,34.00000000
2018-02-24 07:25:58,0.00057224,20.00000000
2018-02-24 07:25:58,0.00057232,20.00000000
2018-02-24 07:25:58,0.00057250,20.00000000
2018-02-24 07:25:58,0.00057264,20.00000000
2018-02-24 07:25:58,0.00057301,12.00000000
2018-02-24 07:25:58,0.00057301,8.00000000
2018-02-24 07:25:58,0.00057308,27.00000000
2018-02-24 07:26:01,0.00057257,20.00000000
2018-02-24 07:26:01,0.00057256,4.00000000
2018-02-24 07:26:15,0.00057262,22.00000000
2018-02-24 07:26:15,0.00057262,22.00000000
2018-02-24 07:26:16,0.00057256,22.00000000
2018-02-24 07:26:16,0.00057256,14.00000000
2018-02-24 07:26:18,0.00057255,9.00000000
2018-02-24 07:26:24,0.00057230,204.00000000
2018-02-24 07:26:24,0.00057231,20.00000000
2018-02-24 07:26:24,0.00057255,20.00000000
2018-02-24 07:26:24,0.00057256,35.00000000
2018-02-24 07:26:24,0.00057256,9.00000000
2018-02-24 07:26:31,0.00057256,1086.00000000
2018-02-24 07:26:31,0.00057256,34.00000000
2018-02-24 07:26:32,0.00057256,16.00000000
2018-02-24 07:26:41,0.00057306,10.00000000
2018-02-24 07:26:46,0.00057257,18.00000000
2018-02-24 07:26:46,0.00057256,239.00000000
2018-02-24 07:26:52,0.00057306,8.00000000
2018-02-24 07:26:54,0.00057306,1.00000000
2018-02-24 07:26:57,0.00057258,9.00000000
2018-02-24 07:26:57,0.00057256,52.00000000
2018-02-24 07:26:57,0.00057256,174.00000000
2018-02-24 07:26:58,0.00057300,4.00000000
2018-02-24 07:26:59,0.00057256,52.00000000
2018-02-24 07:27:01,0.00057300,12.00000000
2018-02-24 07:27:13,0.00057259,9.00000000
2018-02-24 07:27:13,0.00057256,52.00000000
2018-02-24 07:27:13,0.00057256,305.00000000
2018-02-24 07:27:24,0.00057244,20.00000000
2018-02-24 07:27:24,0.00057243,20.00000000
2018-02-24 07:27:24,0.00057211,20.00000000
2018-02-24 07:27:24,0.00057210,20.00000000
2018-02-24 07:27:24,0.00057209,4.00000000
2018-02-24 07:27:24,0.00057204,20.00000000
2018-02-24 07:27:24,0.00057200,77.00000000
2018-02-24 07:27:24,0.00057185,34.00000000
2018-02-24 07:27:24,0.00057184,52.00000000
2018-02-24 07:27:24,0.00057180,158.00000000
2018-02-24 07:27:24,0.00057179,3526.00000000
2018-02-24 07:27:32,0.00057209,20.00000000
2018-02-24 07:27:32,0.00057201,4.00000000
2018-02-24 07:27:33,0.00057224,4.00000000
2018-02-24 07:27:33,0.00057201,16.00000000
2018-02-24 07:27:33,0.00057200,5.00000000
2018-02-24 07:27:33,0.00057185,11.00000000
2018-02-24 07:27:37,0.00057200,60.00000000
2018-02-24 07:27:38,0.00057185,9.00000000
2018-02-24 07:27:38,0.00057185,19.00000000
2018-02-24 07:27:41,0.00057184,20.00000000
2018-02-24 07:27:41,0.00057181,3.00000000
2018-02-24 07:27:52,0.00057181,17.00000000
2018-02-24 07:27:52,0.00057174,20.00000000
2018-02-24 07:27:52,0.00057173,20.00000000
2018-02-24 07:27:52,0.00057172,184.00000000
2018-02-24 07:27:52,0.00057155,24.00000000
2018-02-24 07:27:52,0.00057150,84.00000000
2018-02-24 07:27:52,0.00057148,23.00000000
2018-02-24 07:27:52,0.00057133,1220.00000000
2018-02-24 07:27:52,0.00057122,1541.00000000
2018-02-24 07:27:52,0.00057121,1046.00000000
2018-02-24 07:27:52,0.00057114,8.00000000
2018-02-24 07:27:52,0.00057112,55.00000000
2018-02-24 07:27:52,0.00057111,3.00000000
2018-02-24 07:27:52,0.00057104,12.00000000
2018-02-24 07:27:52,0.00057103,12.00000000
2018-02-24 07:27:52,0.00057100,114.00000000
2018-02-24 07:27:52,0.00057099,8.00000000
2018-02-24 07:27:52,0.00057085,8.00000000
2018-02-24 07:27:52,0.00057063,4.00000000
2018-02-24 07:27:52,0.00057100,52.00000000
2018-02-24 07:27:52,0.00057100,123.00000000
2018-02-24 07:27:52,0.00057100,90.00000000
2018-02-24 07:27:52,0.00057100,7.00000000
2018-02-24 07:27:54,0.00057202,20.00000000
2018-02-24 07:27:55,0.00057201,382.00000000
2018-02-24 07:27:55,0.00057083,3.00000000
2018-02-24 07:27:55,0.00057082,10.00000000
2018-02-24 07:27:55,0.00057074,34.00000000
2018-02-24 07:27:55,0.00057073,5.00000000
2018-02-24 07:27:55,0.00057069,87.00000000
2018-02-24 07:27:55,0.00057063,4.00000000
2018-02-24 07:27:55,0.00057053,12.00000000
2018-02-24 07:27:55,0.00057050,29.00000000
2018-02-24 07:27:55,0.00057200,10.00000000
2018-02-24 07:27:55,0.00057124,20.00000000
2018-02-24 07:27:55,0.00057201,11.00000000
2018-02-24 07:27:55,0.00057201,33.00000000
2018-02-24 07:27:55,0.00057201,82.00000000
2018-02-24 07:27:56,0.00057201,149.00000000
2018-02-24 07:27:56,0.00057200,27.00000000
2018-02-24 07:27:56,0.00057124,5.00000000
2018-02-24 07:27:57,0.00057200,19.00000000
2018-02-24 07:27:57,0.00057176,20.00000000
2018-02-24 07:27:58,0.00057201,273.00000000
2018-02-24 07:28:07,0.00057201,8.00000000
2018-02-24 07:28:07,0.00057190,26.00000000
2018-02-24 07:28:07,0.00057173,9.00000000
2018-02-24 07:28:12,0.00057201,220.00000000
2018-02-24 07:28:14,0.00057201,459.00000000
2018-02-24 07:28:14,0.00057201,67.00000000
2018-02-24 07:28:16,0.00057200,33.00000000
2018-02-24 07:28:20,0.00057198,54.00000000
2018-02-24 07:28:20,0.00057199,59.00000000
2018-02-24 07:28:23,0.00057200,36.00000000
2018-02-24 07:28:28,0.00057200,853.00000000
2018-02-24 07:28:35,0.00057181,3.00000000
2018-02-24 07:28:35,0.00057173,11.00000000
2018-02-24 07:28:35,0.00057170,20.00000000
2018-02-24 07:28:35,0.00057149,20.00000000
2018-02-24 07:28:35,0.00057125,20.00000000
2018-02-24 07:28:35,0.00057124,29.00000000
2018-02-24 07:28:38,0.00057175,20.00000000
2018-02-24 07:28:46,0.00057175,8.00000000
2018-02-24 07:28:46,0.00057199,770.00000000
2018-02-24 07:28:46,0.00057200,30.00000000
2018-02-24 07:28:51,0.00057175,50.00000000
2018-02-24 07:29:01,0.00057175,37.00000000
2018-02-24 07:29:06,0.00057175,3.00000000
2018-02-24 07:29:08,0.00057175,207.00000000
2018-02-24 07:29:12,0.00057190,5.00000000
2018-02-24 07:29:20,0.00057175,9.00000000
2018-02-24 07:29:21,0.00057175,11.00000000
2018-02-24 07:29:21,0.00057175,35.00000000
2018-02-24 07:29:23,0.00057124,41.00000000
2018-02-24 07:29:23,0.00057123,20.00000000
2018-02-24 07:29:23,0.00057085,87.00000000
2018-02-24 07:29:23,0.00057084,48.00000000
2018-02-24 07:29:31,0.00057077,16.00000000
2018-02-24 07:29:31,0.00057050,88.00000000
2018-02-24 07:29:31,0.00057043,3.00000000
2018-02-24 07:29:31,0.00057040,527.00000000
2018-02-24 07:29:31,0.00057040,7.00000000
2018-02-24 07:29:32,0.00057036,17.00000000
2018-02-24 07:29:32,0.00057033,6.00000000
2018-02-24 07:29:32,0.00057030,275.00000000
2018-02-24 07:29:32,0.00057028,133.00000000
2018-02-24 07:29:32,0.00057039,34.00000000
2018-02-24 07:29:33,0.00057039,49.00000000
2018-02-24 07:29:34,0.00057039,4.00000000
2018-02-24 07:29:34,0.00057040,3.00000000
2018-02-24 07:29:36,0.00057028,148.00000000
2018-02-24 07:29:37,0.00057028,11.00000000
2018-02-24 07:29:39,0.00057029,2.00000000
2018-02-24 07:29:40,0.00057040,391.00000000
2018-02-24 07:29:41,0.00057037,31.00000000
2018-02-24 07:29:45,0.00057037,167.00000000
2018-02-24 07:29:49,0.00057037,563.00000000
2018-02-24 07:29:49,0.00057029,398.00000000
2018-02-24 07:29:49,0.00057028,35.00000000
2018-02-24 07:29:55,0.00057028,11.00000000
2018-02-24 07:29:56,0.00057040,186.00000000
2018-02-24 07:29:56,0.00057045,9.00000000
2018-02-24 07:29:56,0.00057092,20.00000000
2018-02-24 07:29:56,0.00057128,20.00000000
2018-02-24 07:29:56,0.00057136,20.00000000
2018-02-24 07:29:56,0.00057137,20.00000000
2018-02-24 07:29:56,0.00057151,34.00000000
2018-02-24 07:29:56,0.00057174,20.00000000
2018-02-24 07:29:56,0.00057175,20.00000000
2018-02-24 07:29:56,0.00057181,150.00000000
2018-02-24 07:29:56,0.00057190,22.00000000
2018-02-24 07:29:56,0.00057199,48.00000000
2018-02-24 07:29:56,0.00057200,617.00000000
2018-02-24 07:29:57,0.00057100,4.00000000
2018-02-24 07:29:59,0.00057100,6.00000000
2018-02-24 07:30:00,0.00057100,23.00000000
2018-02-24 07:30:01,0.00057148,8.00000000
2018-02-24 07:30:02,0.00057148,2.00000000
2018-02-24 07:30:03,0.00057148,30.00000000
2018-02-24 07:30:03,0.00057062,87.00000000
2018-02-24 07:30:03,0.00057060,5.00000000
2018-02-24 07:30:03,0.00057055,52.00000000
2018-02-24 07:30:03,0.00057049,20.00000000
2018-02-24 07:30:03,0.00057040,52.00000000
2018-02-24 07:30:03,0.00057030,10.00000000
2018-02-24 07:30:03,0.00057198,10.00000000
2018-02-24 07:30:04,0.00057035,5.00000000
2018-02-24 07:30:04,0.00057081,3.00000000
2018-02-24 07:30:05,0.00057081,17.00000000
2018-02-24 07:30:05,0.00057087,20.00000000
2018-02-24 07:30:05,0.00057106,20.00000000
2018-02-24 07:30:05,0.00057111,20.00000000
2018-02-24 07:30:05,0.00057114,20.00000000
2018-02-24 07:30:05,0.00057189,5.00000000
2018-02-24 07:30:05,0.00057196,20.00000000
2018-02-24 07:30:05,0.00057197,127.00000000
2018-02-24 07:30:05,0.00057199,638.00000000
2018-02-24 07:30:06,0.00057197,5.00000000
2018-02-24 07:30:06,0.00057146,10.00000000
2018-02-24 07:30:06,0.00057145,8.00000000
2018-02-24 07:30:07,0.00057145,6.00000000
2018-02-24 07:30:07,0.00057145,6.00000000
2018-02-24 07:30:07,0.00057138,6.00000000
2018-02-24 07:30:08,0.00057189,6.00000000
2018-02-24 07:30:09,0.00057189,5.00000000
2018-02-24 07:30:11,0.00057150,10.00000000
2018-02-24 07:30:13,0.00057148,12.00000000
2018-02-24 07:30:13,0.00057189,9.00000000
2018-02-24 07:30:13,0.00057196,20.00000000
2018-02-24 07:30:13,0.00057199,340.00000000
2018-02-24 07:30:13,0.00057200,284.00000000
2018-02-24 07:30:16,0.00057147,20.00000000
2018-02-24 07:30:17,0.00057197,30.00000000
2018-02-24 07:30:17,0.00057198,525.00000000
2018-02-24 07:30:17,0.00057200,219.00000000
2018-02-24 07:30:17,0.00057200,30.00000000
2018-02-24 07:30:17,0.00057200,30.00000000
2018-02-24 07:30:17,0.00057200,21.00000000
2018-02-24 07:30:17,0.00057200,52.00000000
2018-02-24 07:30:17,0.00057200,13.00000000
2018-02-24 07:30:17,0.00057203,30.00000000
2018-02-24 07:30:17,0.00057224,16.00000000
2018-02-24 07:30:17,0.00057231,20.00000000
2018-02-24 07:30:17,0.00057235,20.00000000
2018-02-24 07:30:17,0.00057295,4.00000000
2018-02-24 07:30:17,0.00057299,40.00000000
2018-02-24 07:30:17,0.00057300,26.00000000
2018-02-24 07:30:17,0.00057308,342.00000000
2018-02-24 07:30:17,0.00057200,9.00000000
2018-02-24 07:30:17,0.00057200,100.00000000
2018-02-24 07:30:17,0.00057200,52.00000000
2018-02-24 07:30:17,0.00057200,26.00000000
2018-02-24 07:30:17,0.00057200,52.00000000
2018-02-24 07:30:17,0.00057200,22.00000000
2018-02-24 07:30:17,0.00057200,52.00000000
2018-02-24 07:30:17,0.00057200,52.00000000
2018-02-24 07:30:17,0.00057200,2.00000000
2018-02-24 07:30:17,0.00057200,52.00000000
2018-02-24 07:30:18,0.00057200,17.00000000
2018-02-24 07:30:18,0.00057200,52.00000000
2018-02-24 07:30:18,0.00057200,36.00000000
2018-02-24 07:30:18,0.00057200,293.00000000
2018-02-24 07:30:18,0.00057200,11.00000000
2018-02-24 07:30:18,0.00057201,52.00000000
2018-02-24 07:30:18,0.00057205,4.00000000
2018-02-24 07:30:18,0.00057202,10.00000000
2018-02-24 07:30:18,0.00057201,25.00000000
2018-02-24 07:30:18,0.00057294,20.00000000
2018-02-24 07:30:18,0.00057288,20.00000000
2018-02-24 07:30:18,0.00057256,20.00000000
2018-02-24 07:30:18,0.00057249,15.00000000
2018-02-24 07:30:19,0.00057249,5.00000000
2018-02-24 07:30:19,0.00057248,14.00000000
2018-02-24 07:30:19,0.00057248,6.00000000
2018-02-24 07:30:19,0.00057206,5.00000000
2018-02-24 07:30:19,0.00057200,34.00000000
2018-02-24 07:30:19,0.00057200,403.00000000
2018-02-24 07:30:19,0.00057146,20.00000000
2018-02-24 07:30:22,0.00057244,77.00000000
2018-02-24 07:30:22,0.00057245,20.00000000
2018-02-24 07:30:22,0.00057248,6.00000000
2018-02-24 07:30:22,0.00057286,5.00000000
2018-02-24 07:30:22,0.00057292,68.00000000
2018-02-24 07:30:22,0.00057293,19.00000000
2018-02-24 07:30:22,0.00057299,20.00000000
2018-02-24 07:30:22,0.00057303,4.00000000
2018-02-24 07:30:22,0.00057307,20.00000000
2018-02-24 07:30:22,0.00057308,20.00000000
2018-02-24 07:30:22,0.00057309,115.00000000
2018-02-24 07:30:24,0.00057252,20.00000000
2018-02-24 07:30:24,0.00057242,13.00000000
2018-02-24 07:30:24,0.00057242,7.00000000
2018-02-24 07:30:25,0.00057243,10.00000000
2018-02-24 07:30:25,0.00057235,20.00000000
2018-02-24 07:30:25,0.00057197,20.00000000
2018-02-24 07:30:26,0.00057198,29.00000000
2018-02-24 07:30:26,0.00057235,20.00000000
2018-02-24 07:30:26,0.00057286,20.00000000
2018-02-24 07:30:26,0.00057291,20.00000000
2018-02-24 07:30:26,0.00057293,20.00000000
2018-02-24 07:30:26,0.00057308,72.00000000
2018-02-24 07:30:26,0.00057309,128.00000000
2018-02-24 07:30:27,0.00057199,20.00000000
2018-02-24 07:30:28,0.00057183,20.00000000
2018-02-24 07:30:29,0.00057157,5.00000000
2018-02-24 07:30:29,0.00057154,20.00000000
2018-02-24 07:30:29,0.00057151,20.00000000
2018-02-24 07:30:29,0.00057145,20.00000000
2018-02-24 07:30:29,0.00057139,30.00000000
2018-02-24 07:30:29,0.00057138,34.00000000
2018-02-24 07:30:29,0.00057051,76.00000000
2018-02-24 07:30:30,0.00057204,7.00000000
2018-02-24 07:30:30,0.00057198,4.00000000
2018-02-24 07:30:31,0.00057062,20.00000000
2018-02-24 07:30:31,0.00057089,20.00000000
2018-02-24 07:30:31,0.00057103,20.00000000
2018-02-24 07:30:31,0.00057105,20.00000000
2018-02-24 07:30:31,0.00057190,20.00000000
2018-02-24 07:30:31,0.00057197,10.00000000
2018-02-24 07:30:31,0.00057198,1.00000000
2018-02-24 07:30:31,0.00057204,22.00000000
2018-02-24 07:30:31,0.00057205,20.00000000
2018-02-24 07:30:31,0.00057234,20.00000000
2018-02-24 07:30:31,0.00057271,37.00000000
2018-02-24 07:30:32,0.00057199,60.00000000
2018-02-24 07:30:32,0.00057257,20.00000000
2018-02-24 07:30:32,0.00057258,10.00000000
2018-02-24 07:30:33,0.00057220,10.00000000
2018-02-24 07:30:33,0.00057220,10.00000000
2018-02-24 07:30:33,0.00057153,10.00000000
2018-02-24 07:30:34,0.00057198,20.00000000
2018-02-24 07:30:34,0.00057256,10.00000000
2018-02-24 07:30:34,0.00057257,1.00000000
2018-02-24 07:30:34,0.00057265,16.00000000
2018-02-24 07:30:34,0.00057266,4.00000000
2018-02-24 07:30:34,0.00057271,20.00000000
2018-02-24 07:30:34,0.00057308,50.00000000
2018-02-24 07:30:34,0.00057309,36.00000000
2018-02-24 07:30:34,0.00057205,10.00000000
2018-02-24 07:30:38,0.00057205,10.00000000
2018-02-24 07:30:38,0.00057206,20.00000000
2018-02-24 07:30:38,0.00057256,20.00000000
2018-02-24 07:30:38,0.00057257,20.00000000
2018-02-24 07:30:38,0.00057309,404.00000000
2018-02-24 07:30:40,0.00057257,20.00000000
2018-02-24 07:30:41,0.00057255,20.00000000
2018-02-24 07:30:42,0.00057175,11.00000000
2018-02-24 07:30:42,0.00057239,11.00000000
2018-02-24 07:30:43,0.00057227,8.00000000
2018-02-24 07:30:47,0.00057176,8.00000000
2018-02-24 07:30:50,0.00057226,7.00000000
2018-02-24 07:30:50,0.00057226,4.00000000
2018-02-24 07:30:50,0.00057227,32.00000000
2018-02-24 07:30:50,0.00057239,7.00000000
2018-02-24 07:30:50,0.00057302,4.00000000
2018-02-24 07:30:50,0.00057306,20.00000000
2018-02-24 07:30:50,0.00057307,15.00000000
2018-02-24 07:30:50,0.00057308,20.00000000
2018-02-24 07:30:50,0.00057340,39.00000000
2018-02-24 07:30:51,0.00057292,20.00000000
2018-02-24 07:30:52,0.00057288,20.00000000
2018-02-24 07:30:52,0.00057256,20.00000000
2018-02-24 07:30:52,0.00057181,40.00000000
2018-02-24 07:30:52,0.00057181,20.00000000
2018-02-24 07:30:52,0.00057180,20.00000000
2018-02-24 07:30:53,0.00057188,5.00000000
2018-02-24 07:30:55,0.00057180,19.00000000
2018-02-24 07:30:56,0.00057180,10.00000000
2018-02-24 07:30:56,0.00057191,20.00000000
2018-02-24 07:30:57,0.00057180,19.00000000
2018-02-24 07:30:57,0.00057180,5.00000000
2018-02-24 07:30:57,0.00057181,9.00000000
2018-02-24 07:30:57,0.00057180,2.00000000
2018-02-24 07:30:57,0.00057180,9.00000000
2018-02-24 07:30:57,0.00057179,41.00000000
2018-02-24 07:30:57,0.00057179,253.00000000
2018-02-24 07:30:57,0.00057179,271.00000000
2018-02-24 07:30:57,0.00057176,20.00000000
2018-02-24 07:30:58,0.00057175,338.00000000
2018-02-24 07:30:59,0.00057175,52.00000000
2018-02-24 07:30:59,0.00057175,42.00000000
2018-02-24 07:30:59,0.00057175,52.00000000
2018-02-24 07:31:02,0.00057181,5.00000000
2018-02-24 07:31:02,0.00057181,10.00000000
2018-02-24 07:31:07,0.00057182,9.00000000
2018-02-24 07:31:07,0.00057181,65.00000000
2018-02-24 07:31:08,0.00057182,9.00000000
2018-02-24 07:31:11,0.00057182,2.00000000
2018-02-24 07:31:13,0.00057182,24.00000000
2018-02-24 07:31:13,0.00057182,43.00000000
2018-02-24 07:31:16,0.00057182,14.00000000
2018-02-24 07:31:16,0.00057182,14.00000000
2018-02-24 07:31:16,0.00057182,41.00000000
2018-02-24 07:31:17,0.00057181,184.00000000
2018-02-24 07:31:21,0.00057181,22.00000000
2018-02-24 07:31:21,0.00057181,29.00000000
2018-02-24 07:31:21,0.00057181,44.00000000
2018-02-24 07:31:24,0.00057177,6.00000000
2018-02-24 07:31:24,0.00057175,10.00000000
2018-02-24 07:31:34,0.00057175,1.00000000
2018-02-24 07:31:34,0.00057174,23.00000000
2018-02-24 07:31:38,0.00057175,24.00000000
2018-02-24 07:31:38,0.00057175,27.00000000
2018-02-24 07:31:38,0.00057175,52.00000000
2018-02-24 07:31:38,0.00057175,52.00000000
2018-02-24 07:31:38,0.00057175,51.00000000
2018-02-24 07:31:39,0.00057175,52.00000000
2018-02-24 07:31:39,0.00057175,52.00000000
2018-02-24 07:31:39,0.00057175,52.00000000
2018-02-24 07:31:39,0.00057175,43.00000000
2018-02-24 07:31:39,0.00057175,49.00000000
2018-02-24 07:31:41,0.00057181,42.00000000
2018-02-24 07:31:41,0.00057182,9.00000000
2018-02-24 07:31:41,0.00057184,13.00000000
2018-02-24 07:31:43,0.00057184,218.00000000
2018-02-24 07:31:43,0.00057184,16.00000000
2018-02-24 07:31:43,0.00057184,8.00000000
2018-02-24 07:31:43,0.00057184,52.00000000
2018-02-24 07:31:43,0.00057184,52.00000000
2018-02-24 07:31:43,0.00057184,52.00000000
2018-02-24 07:31:43,0.00057184,40.00000000
2018-02-24 07:31:44,0.00057184,29.00000000
2018-02-24 07:31:50,0.00057255,27.00000000
2018-02-24 07:31:53,0.00057176,10.00000000
2018-02-24 07:31:53,0.00057175,76.00000000
2018-02-24 07:31:53,0.00057174,1.00000000
2018-02-24 07:31:53,0.00057173,77.00000000
2018-02-24 07:31:57,0.00057174,3.00000000
2018-02-24 07:31:58,0.00057254,7.00000000
2018-02-24 07:31:59,0.00057254,13.00000000
2018-02-24 07:31:59,0.00057255,106.00000000
2018-02-24 07:32:00,0.00057175,20.00000000
2018-02-24 07:32:00,0.00057174,145.00000000
2018-02-24 07:32:00,0.00057174,93.00000000
2018-02-24 07:32:01,0.00057174,4.00000000
2018-02-24 07:32:03,0.00057174,3.00000000
2018-02-24 07:32:04,0.00057173,284.00000000
2018-02-24 07:32:05,0.00057173,10.00000000
2018-02-24 07:32:07,0.00057173,17.00000000
2018-02-24 07:32:07,0.00057173,78.00000000
2018-02-24 07:32:07,0.00057171,20.00000000
2018-02-24 07:32:07,0.00057170,20.00000000
2018-02-24 07:32:07,0.00057167,20.00000000
2018-02-24 07:32:07,0.00057157,62.00000000
2018-02-24 07:32:10,0.00057173,7.00000000
2018-02-24 07:32:19,0.00057157,64.00000000
2018-02-24 07:32:19,0.00057153,10.00000000
2018-02-24 07:32:19,0.00057151,4.00000000
2018-02-24 07:32:19,0.00057100,98.00000000
2018-02-24 07:32:23,0.00057100,2.00000000
2018-02-24 07:32:24,0.00057149,5.00000000
2018-02-24 07:32:27,0.00057149,4.00000000
2018-02-24 07:32:28,0.00057149,3.00000000
2018-02-24 07:32:31,0.00057058,596.00000000
2018-02-24 07:32:38,0.00057089,5.00000000
2018-02-24 07:32:41,0.00057089,66.00000000
2018-02-24 07:32:41,0.00057090,44.00000000
2018-02-24 07:32:47,0.00057089,23.00000000
2018-02-24 07:32:47,0.00057090,11.00000000
2018-02-24 07:32:48,0.00057150,8.00000000
2018-02-24 07:32:50,0.00057150,4.00000000
2018-02-24 07:32:51,0.00057150,3.00000000
2018-02-24 07:32:54,0.00057150,878.00000000
2018-02-24 07:33:00,0.00057174,247.00000000
2018-02-24 07:33:06,0.00057174,84.00000000
2018-02-24 07:33:13,0.00057173,34.00000000
2018-02-24 07:33:15,0.00057173,5.00000000
2018-02-24 07:33:17,0.00057173,10.00000000
2018-02-24 07:33:18,0.00057174,7.00000000
2018-02-24 07:33:18,0.00057174,70.00000000
2018-02-24 07:33:18,0.00057173,652.00000000
2018-02-24 07:33:21,0.00057173,17.00000000
2018-02-24 07:33:23,0.00057173,123.00000000
2018-02-24 07:33:32,0.00057173,7.00000000
2018-02-24 07:33:33,0.00057174,35.00000000
2018-02-24 07:33:35,0.00057174,3.00000000
2018-02-24 07:33:36,0.00057173,4.00000000
2018-02-24 07:33:48,0.00057166,6.00000000
2018-02-24 07:33:48,0.00057167,4.00000000
2018-02-24 07:33:48,0.00057172,52.00000000
2018-02-24 07:33:48,0.00057174,25.00000000
2018-02-24 07:34:09,0.00057168,8.00000000
2018-02-24 07:34:21,0.00057167,61.00000000
2018-02-24 07:34:22,0.00057121,10.00000000
2018-02-24 07:34:22,0.00057120,14.00000000
2018-02-24 07:34:22,0.00057120,12.00000000
2018-02-24 07:34:22,0.00057091,10.00000000
2018-02-24 07:34:22,0.00057090,4.00000000
2018-02-24 07:34:22,0.00057090,12.00000000
2018-02-24 07:34:33,0.00057167,20.00000000
2018-02-24 07:34:33,0.00057168,183.00000000
2018-02-24 07:34:52,0.00057166,2.00000000
2018-02-24 07:34:55,0.00057165,71.00000000
2018-02-24 07:35:09,0.00057165,54.00000000
2018-02-24 07:35:09,0.00057165,7.00000000
2018-02-24 07:35:09,0.00057165,29.00000000
2018-02-24 07:35:09,0.00057091,10.00000000
2018-02-24 07:35:12,0.00057163,10.00000000
2018-02-24 07:35:12,0.00057164,37.00000000
2018-02-24 07:35:13,0.00057163,20.00000000
2018-02-24 07:35:14,0.00057163,28.00000000
2018-02-24 07:35:15,0.00057163,4.00000000
2018-02-24 07:35:18,0.00057092,10.00000000
2018-02-24 07:35:18,0.00057091,1370.00000000
2018-02-24 07:35:18,0.00057091,212.00000000
2018-02-24 07:35:20,0.00057091,200.00000000
2018-02-24 07:35:20,0.00057091,9.00000000
2018-02-24 07:35:21,0.00057090,10.00000000
2018-02-24 07:35:21,0.00057091,584.00000000
2018-02-24 07:35:24,0.00057090,21.00000000
2018-02-24 07:35:25,0.00057090,15.00000000
2018-02-24 07:35:26,0.00057090,9.00000000
2018-02-24 07:35:32,0.00057090,26.00000000
2018-02-24 07:35:36,0.00057090,4.00000000
2018-02-24 07:35:38,0.00057090,3.00000000
2018-02-24 07:35:44,0.00057090,18.00000000
2018-02-24 07:35:45,0.00057090,6.00000000
2018-02-24 07:35:49,0.00057090,1899.00000000
2018-02-24 07:35:51,0.00057089,5.00000000
2018-02-24 07:35:53,0.00057081,9.00000000
2018-02-24 07:35:53,0.00057080,40.00000000
2018-02-24 07:35:53,0.00057073,1.00000000
2018-02-24 07:35:57,0.00057074,5.00000000
2018-02-24 07:35:57,0.00057080,123.00000000
2018-02-24 07:35:57,0.00057089,95.00000000
2018-02-24 07:36:04,0.00057167,3.00000000
2018-02-24 07:36:09,0.00057167,7.00000000
2018-02-24 07:36:09,0.00057168,312.00000000
2018-02-24 07:36:09,0.00057169,4.00000000
2018-02-24 07:36:09,0.00057173,451.00000000
2018-02-24 07:36:09,0.00057255,7.00000000
2018-02-24 07:36:09,0.00057256,20.00000000
2018-02-24 07:36:09,0.00057267,39.00000000
2018-02-24 07:36:09,0.00057277,42.00000000
2018-02-24 07:36:09,0.00057288,20.00000000
2018-02-24 07:36:09,0.00057302,20.00000000
2018-02-24 07:36:09,0.00057307,20.00000000
2018-02-24 07:36:11,0.00057167,499.00000000
2018-02-24 07:36:11,0.00057339,4.00000000
2018-02-24 07:36:11,0.00057170,8.00000000
2018-02-24 07:36:12,0.00057171,20.00000000
2018-02-24 07:36:12,0.00057307,826.00000000
2018-02-24 07:36:12,0.00057307,1.00000000
2018-02-24 07:36:13,0.00057333,4.00000000
2018-02-24 07:36:14,0.00057335,9.00000000
2018-02-24 07:36:18,0.00057331,7.00000000
2018-02-24 07:36:19,0.00057331,4.00000000
2018-02-24 07:36:19,0.00057332,8.00000000
2018-02-24 07:36:19,0.00057336,5.00000000
2018-02-24 07:36:19,0.00057336,18.00000000
2018-02-24 07:36:20,0.00057307,74.00000000
2018-02-24 07:36:20,0.00057336,687.00000000
2018-02-24 07:36:20,0.00057331,11.00000000
2018-02-24 07:36:21,0.00057305,3.00000000
2018-02-24 07:36:22,0.00057329,18.00000000
2018-02-24 07:36:22,0.00057331,14.00000000
2018-02-24 07:36:23,0.00057225,1.00000000
2018-02-24 07:36:25,0.00057326,4.00000000
2018-02-24 07:36:25,0.00057331,8.00000000
2018-02-24 07:36:25,0.00057331,290.00000000
2018-02-24 07:36:27,0.00057329,166.00000000
2018-02-24 07:36:28,0.00057329,146.00000000
2018-02-24 07:36:33,0.00057231,9.00000000
2018-02-24 07:36:33,0.00057230,4.00000000
2018-02-24 07:36:33,0.00057225,156.00000000
2018-02-24 07:36:35,0.00057300,4.00000000
2018-02-24 07:36:35,0.00057225,127.00000000
2018-02-24 07:36:35,0.00057215,16.00000000
2018-02-24 07:36:35,0.00057214,52.00000000
2018-02-24 07:36:35,0.00057194,30.00000000
2018-02-24 07:36:35,0.00057175,4.00000000
2018-02-24 07:36:35,0.00057167,11.00000000
2018-02-24 07:36:36,0.00057299,30.00000000
2018-02-24 07:36:36,0.00057300,1035.00000000
2018-02-24 07:36:42,0.00057290,4.00000000
2018-02-24 07:36:43,0.00057290,6.00000000
2018-02-24 07:36:50,0.00057291,4.00000000
2018-02-24 07:36:56,0.00057204,20.00000000
2018-02-24 07:36:56,0.00057200,8.00000000
2018-02-24 07:36:56,0.00057172,4.00000000
2018-02-24 07:36:56,0.00057167,103.00000000
2018-02-24 07:36:59,0.00057210,5.00000000
2018-02-24 07:37:07,0.00057210,9.00000000
2018-02-24 07:37:10,0.00057167,10.00000000
2018-02-24 07:37:11,0.00057167,176.00000000
2018-02-24 07:37:11,0.00057131,150.00000000
2018-02-24 07:37:16,0.00057125,5.00000000
2018-02-24 07:37:16,0.00057131,6.00000000
2018-02-24 07:37:16,0.00057131,14.00000000
2018-02-24 07:37:21,0.00057091,50.00000000
2018-02-24 07:37:23,0.00057093,2.00000000
2018-02-24 07:37:24,0.00057131,28.00000000
2018-02-24 07:37:27,0.00057090,8.00000000
2018-02-24 07:37:30,0.00057075,4.00000000
2018-02-24 07:37:30,0.00057072,4.00000000
2018-02-24 07:37:30,0.00057062,4.00000000
2018-02-24 07:37:30,0.00057052,6.00000000
2018-02-24 07:37:32,0.00057131,125.00000000
2018-02-24 07:37:32,0.00057166,52.00000000
2018-02-24 07:37:32,0.00057210,59.00000000
2018-02-24 07:37:32,0.00057248,11.00000000
2018-02-24 07:37:32,0.00057294,4.00000000
2018-02-24 07:37:32,0.00057300,417.00000000
2018-02-24 07:37:35,0.00057075,4.00000000
2018-02-24 07:37:37,0.00057299,2.00000000
2018-02-24 07:37:38,0.00057299,8.00000000
2018-02-24 07:37:39,0.00057086,5.00000000
2018-02-24 07:37:39,0.00057085,8.00000000
2018-02-24 07:37:39,0.00057298,4.00000000
2018-02-24 07:37:39,0.00057298,8.00000000
2018-02-24 07:37:40,0.00057289,5.00000000
2018-02-24 07:37:43,0.00057299,5.00000000
2018-02-24 07:37:43,0.00057299,10.00000000
2018-02-24 07:37:44,0.00057294,4.00000000
2018-02-24 07:37:44,0.00057299,2.00000000
2018-02-24 07:37:44,0.00057299,10.00000000
2018-02-24 07:37:44,0.00057299,6.00000000
2018-02-24 07:37:45,0.00057299,4.00000000
2018-02-24 07:37:46,0.00057299,4.00000000
2018-02-24 07:37:47,0.00057299,3.00000000
2018-02-24 07:37:48,0.00057299,20.00000000
2018-02-24 07:37:48,0.00057299,4.00000000
2018-02-24 07:37:52,0.00057297,4.00000000
2018-02-24 07:37:54,0.00057289,4.00000000
2018-02-24 07:38:12,0.00057250,82.00000000
2018-02-24 07:38:20,0.00057244,11.00000000
2018-02-24 07:38:23,0.00057200,10.00000000
2018-02-24 07:38:24,0.00057175,4.00000000
2018-02-24 07:38:30,0.00057200,9.00000000
2018-02-24 07:38:32,0.00057200,1.00000000
2018-02-24 07:38:34,0.00057199,88.00000000
2018-02-24 07:38:34,0.00057200,364.00000000
2018-02-24 07:38:34,0.00057244,47.00000000
2018-02-24 07:38:36,0.00057243,10.00000000
2018-02-24 07:38:36,0.00057244,142.00000000
2018-02-24 07:38:42,0.00057244,20.00000000
2018-02-24 07:38:42,0.00057250,160.00000000
2018-02-24 07:38:45,0.00057175,10.00000000
2018-02-24 07:38:48,0.00057169,2.00000000
2018-02-24 07:38:48,0.00057175,39.00000000
2018-02-24 07:38:54,0.00057175,1.00000000
2018-02-24 07:38:54,0.00057249,7.00000000
2018-02-24 07:38:58,0.00057248,10.00000000
2018-02-24 07:38:58,0.00057248,8.00000000
2018-02-24 07:38:58,0.00057248,41.00000000
2018-02-24 07:38:58,0.00057248,52.00000000
2018-02-24 07:38:58,0.00057248,41.00000000
2018-02-24 07:39:00,0.00057248,4.00000000
2018-02-24 07:39:03,0.00057248,6.00000000
2018-02-24 07:39:03,0.00057249,16.00000000
2018-02-24 07:39:04,0.00057248,4.00000000
2018-02-24 07:39:04,0.00057248,3.00000000
2018-02-24 07:39:06,0.00057248,4.00000000
2018-02-24 07:39:11,0.00057246,25.00000000
2018-02-24 07:39:16,0.00057167,2.00000000
2018-02-24 07:39:16,0.00057246,23.00000000
2018-02-24 07:39:32,0.00057246,128.00000000
2018-02-24 07:39:36,0.00057246,26.00000000
2018-02-24 07:39:39,0.00057161,7.00000000
2018-02-24 07:39:49,0.00057184,3.00000000
2018-02-24 07:39:50,0.00057184,37.00000000
2018-02-24 07:39:55,0.00057184,143.00000000
2018-02-24 07:39:59,0.00057184,22.00000000
2018-02-24 07:40:02,0.00057184,153.00000000
2018-02-24 07:40:14,0.00057165,4.00000000
2018-02-24 07:40:16,0.00057164,87.00000000
2018-02-24 07:40:20,0.00057163,24.00000000
2018-02-24 07:40:26,0.00057180,6.00000000
2018-02-24 07:40:26,0.00057182,5.00000000
2018-02-24 07:40:34,0.00057182,177.00000000
2018-02-24 07:40:48,0.00057169,9.00000000
2018-02-24 07:40:48,0.00057163,20.00000000
2018-02-24 07:40:51,0.00057182,59.00000000
2018-02-24 07:40:58,0.00057247,4.00000000
2018-02-24 07:40:59,0.00057247,4.00000000
2018-02-24 07:41:21,0.00057186,18.00000000
2018-02-24 07:41:21,0.00057185,50.00000000
2018-02-24 07:41:21,0.00057185,17.00000000
2018-02-24 07:41:21,0.00057182,17.00000000
2018-02-24 07:41:21,0.00057182,4.00000000
2018-02-24 07:41:22,0.00057165,34.00000000
2018-02-24 07:41:23,0.00057164,52.00000000
2018-02-24 07:41:23,0.00057164,52.00000000
2018-02-24 07:41:24,0.00057164,52.00000000
2018-02-24 07:41:24,0.00057164,42.00000000
2018-02-24 07:41:27,0.00057165,15.00000000
2018-02-24 07:41:27,0.00057164,52.00000000
2018-02-24 07:41:27,0.00057164,52.00000000
2018-02-24 07:41:27,0.00057164,52.00000000
2018-02-24 07:41:27,0.00057164,52.00000000
2018-02-24 07:41:27,0.00057164,29.00000000
2018-02-24 07:41:28,0.00057163,23.00000000
2018-02-24 07:41:28,0.00057245,2.00000000
2018-02-24 07:41:28,0.00057246,1.00000000
2018-02-24 07:41:29,0.00057164,3.00000000
2018-02-24 07:41:29,0.00057169,5.00000000
2018-02-24 07:41:30,0.00057163,52.00000000
2018-02-24 07:41:30,0.00057163,52.00000000
2018-02-24 07:41:30,0.00057245,3.00000000
2018-02-24 07:41:30,0.00057163,52.00000000
2018-02-24 07:41:31,0.00057163,35.00000000
2018-02-24 07:41:32,0.00057239,4.00000000
2018-02-24 07:41:40,0.00057150,7.00000000
2018-02-24 07:41:40,0.00057149,16.00000000
2018-02-24 07:41:40,0.00057132,52.00000000
2018-02-24 07:41:40,0.00057100,4.00000000
2018-02-24 07:41:40,0.00057079,20.00000000
2018-02-24 07:41:46,0.00057079,48.00000000
2018-02-24 07:41:47,0.00057077,19.00000000
2018-02-24 07:41:47,0.00057076,63.00000000
2018-02-24 07:41:48,0.00057079,40.00000000
2018-02-24 07:41:53,0.00057088,20.00000000
2018-02-24 07:41:54,0.00057091,82.00000000
2018-02-24 07:41:58,0.00057186,60.00000000
2018-02-24 07:42:00,0.00057178,49.00000000
2018-02-24 07:42:00,0.00057178,15.00000000
2018-02-24 07:42:03,0.00057065,75.00000000
2018-02-24 07:42:14,0.00057083,81.00000000
2018-02-24 07:42:18,0.00057075,10.00000000
2018-02-24 07:42:18,0.00057076,5.00000000
2018-02-24 07:42:18,0.00057081,19.00000000
2018-02-24 07:42:18,0.00057170,10.00000000
2018-02-24 07:42:18,0.00057074,4.00000000
2018-02-24 07:42:23,0.00057074,25.00000000
2018-02-24 07:42:25,0.00057074,46.00000000
2018-02-24 07:42:25,0.00057129,197.00000000
2018-02-24 07:42:32,0.00057129,135.00000000
2018-02-24 07:42:34,0.00057179,17.00000000
2018-02-24 07:42:50,0.00057179,123.00000000
2018-02-24 07:42:52,0.00057131,19.00000000
2018-02-24 07:42:52,0.00057131,4.00000000
2018-02-24 07:42:52,0.00057129,19.00000000
2018-02-24 07:42:52,0.00057129,19.00000000
2018-02-24 07:42:53,0.00057131,46.00000000
2018-02-24 07:42:58,0.00057179,15.00000000
2018-02-24 07:42:58,0.00057179,9.00000000
2018-02-24 07:42:58,0.00057230,14.00000000
2018-02-24 07:43:00,0.00057120,10.00000000
2018-02-24 07:43:00,0.00057125,5.00000000
2018-02-24 07:43:10,0.00057119,5.00000000
2018-02-24 07:43:10,0.00057119,22.00000000
2018-02-24 07:43:20,0.00057199,20.00000000
2018-02-24 07:43:20,0.00057201,5.00000000
2018-02-24 07:43:20,0.00057207,47.00000000
2018-02-24 07:43:21,0.00057121,20.00000000
2018-02-24 07:43:22,0.00057197,20.00000000
2018-02-24 07:43:22,0.00057198,3.00000000
2018-02-24 07:43:27,0.00057198,75.00000000
2018-02-24 07:43:31,0.00057198,724.00000000
2018-02-24 07:43:31,0.00057198,53.00000000
2018-02-24 07:43:32,0.00057207,26.00000000
2018-02-24 07:43:38,0.00057127,20.00000000
2018-02-24 07:43:38,0.00057126,10.00000000
2018-02-24 07:43:38,0.00057126,12.00000000
2018-02-24 07:43:38,0.00057126,11.00000000
2018-02-24 07:43:40,0.00057123,2.00000000
2018-02-24 07:43:40,0.00057122,13.00000000
2018-02-24 07:43:42,0.00057122,1.00000000
2018-02-24 07:43:42,0.00057121,1671.00000000
2018-02-24 07:43:47,0.00057197,6.00000000
2018-02-24 07:43:47,0.00057122,6.00000000
2018-02-24 07:43:48,0.00057121,52.00000000
2018-02-24 07:43:48,0.00057121,14.00000000
2018-02-24 07:43:48,0.00057121,52.00000000
2018-02-24 07:43:48,0.00057121,48.00000000
2018-02-24 07:43:48,0.00057120,52.00000000
2018-02-24 07:43:49,0.00057120,20.00000000
2018-02-24 07:43:52,0.00057126,61.00000000
2018-02-24 07:43:54,0.00057126,26.00000000
2018-02-24 07:43:54,0.00057126,182.00000000
2018-02-24 07:43:55,0.00057126,14.00000000
2018-02-24 07:43:55,0.00057126,12.00000000
2018-02-24 07:43:56,0.00057126,33.00000000
2018-02-24 07:43:57,0.00057126,52.00000000
2018-02-24 07:43:57,0.00057126,3.00000000
2018-02-24 07:43:57,0.00057126,52.00000000
2018-02-24 07:43:58,0.00057126,22.00000000
2018-02-24 07:43:59,0.00057126,11.00000000
2018-02-24 07:43:59,0.00057126,19.00000000
2018-02-24 07:43:59,0.00057126,9.00000000
2018-02-24 07:43:59,0.00057126,22.00000000
2018-02-24 07:43:59,0.00057126,25.00000000
2018-02-24 07:43:59,0.00057126,16.00000000
2018-02-24 07:44:01,0.00057130,17.00000000
2018-02-24 07:44:02,0.00057130,8.00000000
2018-02-24 07:44:02,0.00057130,14.00000000
2018-02-24 07:44:02,0.00057184,20.00000000
2018-02-24 07:44:02,0.00057185,37.00000000
2018-02-24 07:44:09,0.00057131,25.00000000
2018-02-24 07:44:10,0.00057131,5.00000000
2018-02-24 07:44:11,0.00057131,2.00000000
2018-02-24 07:44:15,0.00057184,5.00000000
2018-02-24 07:44:24,0.00057134,3.00000000
2018-02-24 07:44:26,0.00057161,20.00000000
2018-02-24 07:44:32,0.00057161,200.00000000
2018-02-24 07:44:40,0.00057161,200.00000000
2018-02-24 07:44:42,0.00057161,17.00000000
2018-02-24 07:44:51,0.00057161,120.00000000
2018-02-24 07:44:52,0.00057135,92.00000000
2018-02-24 07:44:53,0.00057161,67.00000000
2018-02-24 07:44:57,0.00057161,79.00000000
2018-02-24 07:44:59,0.00057161,190.00000000
2018-02-24 07:45:13,0.00057171,3.00000000
2018-02-24 07:45:17,0.00057161,658.00000000
2018-02-24 07:45:18,0.00057171,481.00000000
2018-02-24 07:45:24,0.00057161,231.00000000
2018-02-24 07:45:32,0.00057171,195.00000000
2018-02-24 07:45:32,0.00057198,11.00000000
2018-02-24 07:45:32,0.00057212,6.00000000
2018-02-24 07:45:32,0.00057238,11.00000000
2018-02-24 07:45:37,0.00057238,7.00000000
2018-02-24 07:45:37,0.00057276,52.00000000
2018-02-24 07:45:37,0.00057286,4.00000000
2018-02-24 07:45:37,0.00057289,3.00000000
2018-02-24 07:45:37,0.00057299,34.00000000
2018-02-24 07:45:37,0.00057300,1573.00000000
2018-02-24 07:45:42,0.00057249,12.00000000
2018-02-24 07:45:44,0.00057249,85.00000000
2018-02-24 07:45:44,0.00057281,52.00000000
2018-02-24 07:45:44,0.00057288,43.00000000
2018-02-24 07:45:44,0.00057298,59.00000000
2018-02-24 07:45:44,0.00057300,1511.00000000
2018-02-24 07:45:51,0.00057238,4.00000000
2018-02-24 07:45:59,0.00057238,8.00000000
2018-02-24 07:46:03,0.00057238,4.00000000
2018-02-24 07:46:04,0.00057171,4.00000000
2018-02-24 07:46:04,0.00057238,4.00000000
2018-02-24 07:46:06,0.00057238,3.00000000
2018-02-24 07:46:08,0.00057238,1.00000000
2018-02-24 07:46:12,0.00057238,9.00000000
2018-02-24 07:46:15,0.00057238,6.00000000
2018-02-24 07:46:17,0.00057238,405.00000000
2018-02-24 07:46:23,0.00057238,162.00000000
2018-02-24 07:46:30,0.00057237,12.00000000
2018-02-24 07:46:30,0.00057238,22.00000000
2018-02-24 07:46:35,0.00057238,7.00000000
2018-02-24 07:46:45,0.00057238,916.00000000
2018-02-24 07:46:46,0.00057250,10.00000000
2018-02-24 07:46:47,0.00057250,5.00000000
2018-02-24 07:46:48,0.00057238,84.00000000
2018-02-24 07:46:56,0.00057237,2.00000000
2018-02-24 07:46:58,0.00057237,8.00000000
2018-02-24 07:46:59,0.00057238,49.00000000
2018-02-24 07:47:03,0.00057173,6.00000000
2018-02-24 07:47:06,0.00057237,2.00000000
2018-02-24 07:47:06,0.00057173,4.00000000
2018-02-24 07:47:06,0.00057172,28.00000000
2018-02-24 07:47:10,0.00057172,1200.00000000
2018-02-24 07:47:22,0.00057172,5.00000000
2018-02-24 07:47:33,0.00057171,8.00000000
2018-02-24 07:47:33,0.00057168,21.00000000
2018-02-24 07:47:33,0.00057161,4.00000000
2018-02-24 07:47:33,0.00057132,9.00000000
2018-02-24 07:47:35,0.00057171,8.00000000
2018-02-24 07:47:36,0.00057172,5.00000000
2018-02-24 07:47:42,0.00057172,200.00000000
2018-02-24 07:47:45,0.00057172,2381.00000000
2018-02-24 07:47:50,0.00057172,10.00000000
2018-02-24 07:47:51,0.00057132,25.00000000
2018-02-24 07:47:51,0.00057131,62.00000000
2018-02-24 07:47:59,0.00057131,63.00000000
2018-02-24 07:48:02,0.00057171,11.00000000
2018-02-24 07:48:13,0.00057135,22.00000000
2018-02-24 07:48:18,0.00057132,71.00000000
2018-02-24 07:48:31,0.00057132,99.00000000
2018-02-24 07:48:32,0.00057171,41.00000000
2018-02-24 07:48:41,0.00057140,249.00000000
2018-02-24 07:48:43,0.00057171,782.00000000
2018-02-24 07:48:43,0.00057172,1803.00000000
2018-02-24 07:48:43,0.00057216,26.00000000
2018-02-24 07:48:43,0.00057250,11.00000000
2018-02-24 07:48:43,0.00057298,230.00000000
2018-02-24 07:48:43,0.00057299,1643.00000000
2018-02-24 07:48:43,0.00057300,505.00000000
2018-02-24 07:48:45,0.00057145,5.00000000
2018-02-24 07:48:45,0.00057140,40.00000000
2018-02-24 07:48:45,0.00057139,16.00000000
2018-02-24 07:49:22,0.00057171,13.00000000
2018-02-24 07:49:22,0.00057154,12.00000000
2018-02-24 07:49:30,0.00057164,16.00000000
2018-02-24 07:49:30,0.00057208,237.00000000
2018-02-24 07:49:30,0.00057221,10.00000000
2018-02-24 07:49:30,0.00057299,34.00000000
2018-02-24 07:49:30,0.00057300,1093.00000000
2018-02-24 07:49:32,0.00057289,10.00000000
2018-02-24 07:49:32,0.00057290,5.00000000
2018-02-24 07:49:32,0.00057300,325.00000000
2018-02-24 07:49:36,0.00057299,4.00000000
2018-02-24 07:49:36,0.00057299,8.00000000
2018-02-24 07:49:36,0.00057300,77.00000000
2018-02-24 07:49:39,0.00057300,29.00000000
2018-02-24 07:49:45,0.00057250,3.00000000
2018-02-24 07:50:00,0.00057251,52.00000000
2018-02-24 07:50:00,0.00057251,52.00000000
2018-02-24 07:50:00,0.00057251,86.00000000
2018-02-24 07:50:00,0.00057250,52.00000000
2018-02-24 07:50:00,0.00057250,42.00000000
2018-02-24 07:50:02,0.00057250,42.00000000
2018-02-24 07:50:02,0.00057251,38.00000000
2018-02-24 07:50:02,0.00057300,765.00000000
2018-02-24 07:50:06,0.00057299,10.00000000
2018-02-24 07:50:06,0.00057300,455.00000000
2018-02-24 07:50:07,0.00057300,532.00000000
2018-02-24 07:50:07,0.00057309,705.00000000
2018-02-24 07:50:07,0.00057309,135.00000000
2018-02-24 07:50:07,0.00057309,52.00000000
2018-02-24 07:50:07,0.00057310,4.00000000
2018-02-24 07:50:07,0.00057310,6.00000000
2018-02-24 07:50:07,0.00057309,272.00000000
2018-02-24 07:50:07,0.00057309,6.00000000
2018-02-24 07:50:07,0.00057180,52.00000000
2018-02-24 07:50:07,0.00057177,66.00000000
2018-02-24 07:50:38,0.00057256,66.00000000
2018-02-24 07:50:38,0.00057261,10.00000000
2018-02-24 07:50:38,0.00057262,316.00000000
2018-02-24 07:50:38,0.00057269,52.00000000
2018-02-24 07:50:38,0.00057273,29.00000000
2018-02-24 07:50:38,0.00057287,283.00000000
2018-02-24 07:50:38,0.00057310,6.00000000
2018-02-24 07:50:38,0.00057338,736.00000000
2018-02-24 07:50:38,0.00057339,16.00000000
2018-02-24 07:50:38,0.00057340,6.00000000
2018-02-24 07:50:38,0.00057343,20.00000000
2018-02-24 07:50:38,0.00057350,46.00000000
2018-02-24 07:50:38,0.00057388,3.00000000
2018-02-24 07:50:38,0.00057426,41.00000000
2018-02-24 07:50:38,0.00057469,825.00000000
2018-02-24 07:50:38,0.00057495,4149.00000000
2018-02-24 07:50:38,0.00057499,116.00000000
2018-02-24 07:50:38,0.00057500,6.00000000
2018-02-24 07:50:38,0.00057522,17.00000000
2018-02-24 07:50:38,0.00057527,3.00000000
2018-02-24 07:50:38,0.00057557,4.00000000
2018-02-24 07:50:38,0.00057502,45.00000000
2018-02-24 07:50:39,0.00057340,5.00000000
2018-02-24 07:50:40,0.00057304,4.00000000
2018-02-24 07:50:40,0.00057302,52.00000000
2018-02-24 07:50:41,0.00057305,17.00000000
2018-02-24 07:50:41,0.00057305,2.00000000
2018-02-24 07:50:41,0.00057495,3.00000000
2018-02-24 07:50:41,0.00057307,19.00000000
2018-02-24 07:50:41,0.00057307,52.00000000
2018-02-24 07:50:41,0.00057307,52.00000000
2018-02-24 07:50:41,0.00057307,48.00000000
2018-02-24 07:50:41,0.00057305,86.00000000
2018-02-24 07:50:41,0.00057300,72.00000000
2018-02-24 07:50:41,0.00057299,5.00000000
2018-02-24 07:50:41,0.00057296,30.00000000
2018-02-24 07:50:41,0.00057293,130.00000000
2018-02-24 07:50:41,0.00057292,122.00000000
2018-02-24 07:50:41,0.00057289,6.00000000
2018-02-24 07:50:41,0.00057289,30.00000000
2018-02-24 07:50:41,0.00057289,30.00000000
2018-02-24 07:50:41,0.00057289,30.00000000
2018-02-24 07:50:41,0.00057285,5.00000000
2018-02-24 07:50:41,0.00057288,5.00000000
2018-02-24 07:50:41,0.00057289,18.00000000
2018-02-24 07:50:42,0.00057491,5.00000000
2018-02-24 07:50:43,0.00057200,5.00000000
2018-02-24 07:50:43,0.00057276,191.00000000
2018-02-24 07:50:43,0.00057276,32.00000000
2018-02-24 07:50:43,0.00057277,86.00000000
2018-02-24 07:50:43,0.00057278,5.00000000
2018-02-24 07:50:44,0.00057288,40.00000000
2018-02-24 07:50:45,0.00057201,7.00000000
2018-02-24 07:50:47,0.00057288,133.00000000
2018-02-24 07:50:51,0.00057287,122.00000000
2018-02-24 07:50:52,0.00057288,310.00000000
2018-02-24 07:50:57,0.00057288,582.00000000
2018-02-24 07:50:57,0.00057290,41.00000000
2018-02-24 07:50:58,0.00057302,5.00000000
2018-02-24 07:50:58,0.00057296,100.00000000
2018-02-24 07:50:59,0.00057296,52.00000000
2018-02-24 07:50:59,0.00057297,52.00000000
2018-02-24 07:50:59,0.00057297,18.00000000
2018-02-24 07:50:59,0.00057299,16.00000000
2018-02-24 07:50:59,0.00057299,52.00000000
2018-02-24 07:50:59,0.00057301,10.00000000
2018-02-24 07:50:59,0.00057299,42.00000000
2018-02-24 07:50:59,0.00057297,16.00000000
2018-02-24 07:51:00,0.00057294,30.00000000
2018-02-24 07:51:00,0.00057300,12.00000000
2018-02-24 07:51:01,0.00057291,11.00000000
2018-02-24 07:51:02,0.00057296,52.00000000
2018-02-24 07:51:02,0.00057296,21.00000000
2018-02-24 07:51:02,0.00057296,25.00000000
2018-02-24 07:51:02,0.00057288,27.00000000
2018-02-24 07:51:03,0.00057458,239.00000000
2018-02-24 07:51:06,0.00057438,2.00000000
2018-02-24 07:51:07,0.00057288,101.00000000
2018-02-24 07:51:09,0.00057207,149.00000000
2018-02-24 07:51:10,0.00057415,5.00000000
2018-02-24 07:51:11,0.00057407,20.00000000
2018-02-24 07:51:11,0.00057412,57.00000000
2018-02-24 07:51:11,0.00057413,80.00000000
2018-02-24 07:51:12,0.00057413,4.00000000
2018-02-24 07:51:16,0.00057407,2.00000000
2018-02-24 07:51:18,0.00057404,38.00000000
2018-02-24 07:51:18,0.00057405,75.00000000
2018-02-24 07:51:18,0.00057406,25.00000000
2018-02-24 07:51:18,0.00057405,4.00000000
2018-02-24 07:51:23,0.00057393,4.00000000
2018-02-24 07:51:23,0.00057393,4.00000000
2018-02-24 07:51:24,0.00057393,18.00000000
2018-02-24 07:51:24,0.00057392,91.00000000
2018-02-24 07:51:25,0.00057284,20.00000000
2018-02-24 07:51:33,0.00057352,20.00000000
2018-02-24 07:51:33,0.00057353,5.00000000
2018-02-24 07:51:33,0.00057366,22.00000000
2018-02-24 07:51:33,0.00057378,320.00000000
2018-02-24 07:51:38,0.00057297,20.00000000
2018-02-24 07:51:38,0.00057289,23.00000000
2018-02-24 07:51:38,0.00057284,236.00000000
2018-02-24 07:51:38,0.00057284,1204.00000000
2018-02-24 07:51:39,0.00057373,4.00000000
2018-02-24 07:51:39,0.00057373,24.00000000
2018-02-24 07:51:39,0.00057375,744.00000000
2018-02-24 07:51:40,0.00057376,4.00000000
2018-02-24 07:51:41,0.00057291,20.00000000
2018-02-24 07:51:41,0.00057297,20.00000000
2018-02-24 07:51:42,0.00057298,38.00000000
2018-02-24 07:51:44,0.00057298,77.00000000
2018-02-24 07:51:44,0.00057298,150.00000000
2018-02-24 07:51:46,0.00057302,150.00000000
2018-02-24 07:51:46,0.00057302,293.00000000
2018-02-24 07:51:47,0.00057302,52.00000000
2018-02-24 07:51:47,0.00057302,52.00000000
2018-02-24 07:51:47,0.00057302,52.00000000
2018-02-24 07:51:47,0.00057302,52.00000000
2018-02-24 07:51:47,0.00057302,52.00000000
2018-02-24 07:51:47,0.00057302,52.00000000
2018-02-24 07:51:47,0.00057302,30.00000000
2018-02-24 07:51:49,0.00057302,150.00000000
2018-02-24 07:51:51,0.00057302,150.00000000
2018-02-24 07:51:53,0.00057362,20.00000000
2018-02-24 07:51:53,0.00057302,150.00000000
2018-02-24 07:51:56,0.00057360,24.00000000
2018-02-24 07:51:56,0.00057361,8.00000000
2018-02-24 07:51:56,0.00057371,2.00000000
2018-02-24 07:51:56,0.00057372,3.00000000
2018-02-24 07:51:56,0.00057374,24.00000000
2018-02-24 07:51:58,0.00057308,20.00000000
2018-02-24 07:51:58,0.00057307,150.00000000
2018-02-24 07:52:00,0.00057307,24.00000000
2018-02-24 07:52:00,0.00057302,126.00000000
2018-02-24 07:52:02,0.00057302,150.00000000
2018-02-24 07:52:04,0.00057302,349.00000000
2018-02-24 07:52:05,0.00057302,17.00000000
2018-02-24 07:52:10,0.00057305,150.00000000
2018-02-24 07:52:12,0.00057305,150.00000000
2018-02-24 07:52:13,0.00057305,42.00000000
2018-02-24 07:52:13,0.00057305,129.00000000
2018-02-24 07:52:13,0.00057302,21.00000000
2018-02-24 07:52:16,0.00057302,106.00000000
2018-02-24 07:52:27,0.00057302,33.00000000
2018-02-24 07:52:28,0.00057302,239.00000000
2018-02-24 07:52:29,0.00057302,30.00000000
2018-02-24 07:52:32,0.00057373,19.00000000
2018-02-24 07:52:47,0.00057376,576.00000000
2018-02-24 07:52:48,0.00057375,19.00000000
2018-02-24 07:52:55,0.00057375,16.00000000
2018-02-24 07:52:56,0.00057305,19.00000000
2018-02-24 07:52:56,0.00057304,1016.00000000
2018-02-24 07:52:56,0.00057303,1214.00000000
2018-02-24 07:52:56,0.00057302,121.00000000
2018-02-24 07:52:56,0.00057298,630.00000000
2018-02-24 07:52:58,0.00057305,9.00000000
2018-02-24 07:53:02,0.00057374,20.00000000
2018-02-24 07:53:02,0.00057375,151.00000000
2018-02-24 07:53:03,0.00057376,10.00000000
2018-02-24 07:53:07,0.00057375,39.00000000
2018-02-24 07:53:09,0.00057376,2.00000000
2018-02-24 07:53:11,0.00057376,17.00000000
2018-02-24 07:53:33,0.00057394,667.00000000
2018-02-24 07:53:36,0.00057394,2.00000000
2018-02-24 07:53:37,0.00057394,310.00000000
2018-02-24 07:53:46,0.00057394,24.00000000
2018-02-24 07:53:48,0.00057468,11.00000000
2018-02-24 07:53:48,0.00057396,10.00000000
2018-02-24 07:53:49,0.00057395,339.00000000
2018-02-24 07:53:49,0.00057395,970.00000000
2018-02-24 07:53:50,0.00057394,10.00000000
2018-02-24 07:53:51,0.00057394,10.00000000
2018-02-24 07:53:52,0.00057395,21.00000000
2018-02-24 07:53:52,0.00057395,150.00000000
2018-02-24 07:53:55,0.00057394,141.00000000
2018-02-24 07:53:56,0.00057394,4.00000000
2018-02-24 07:54:02,0.00057393,12.00000000
2018-02-24 07:54:04,0.00057393,58.00000000
2018-02-24 07:54:05,0.00057393,7.00000000
2018-02-24 07:54:05,0.00057393,20.00000000
2018-02-24 07:54:11,0.00057390,14.00000000
2018-02-24 07:54:14,0.00057390,40.00000000
2018-02-24 07:54:16,0.00057393,39.00000000
2018-02-24 07:54:17,0.00057390,52.00000000
2018-02-24 07:54:21,0.00057393,291.00000000
2018-02-24 07:54:21,0.00057393,92.00000000
2018-02-24 07:54:21,0.00057393,24.00000000
2018-02-24 07:54:24,0.00057393,362.00000000
2018-02-24 07:54:24,0.00057394,6.00000000
2018-02-24 07:54:24,0.00057395,1143.00000000
2018-02-24 07:54:27,0.00057467,10.00000000
2018-02-24 07:54:27,0.00057468,10.00000000
2018-02-24 07:54:29,0.00057468,552.00000000
2018-02-24 07:54:31,0.00057468,55.00000000
2018-02-24 07:54:32,0.00057401,20.00000000
2018-02-24 07:54:33,0.00057467,20.00000000
2018-02-24 07:54:33,0.00057468,118.00000000
2018-02-24 07:54:34,0.00057401,15.00000000
2018-02-24 07:54:35,0.00057468,31.00000000
2018-02-24 07:54:37,0.00057401,19.00000000
2018-02-24 07:54:38,0.00057401,5.00000000
2018-02-24 07:54:39,0.00057401,11.00000000
2018-02-24 07:54:39,0.00057400,6.00000000
2018-02-24 07:54:39,0.00057400,60.00000000
2018-02-24 07:54:41,0.00057400,17.00000000
2018-02-24 07:54:42,0.00057400,21.00000000
2018-02-24 07:54:43,0.00057467,5.00000000
2018-02-24 07:54:45,0.00057401,5.00000000
2018-02-24 07:54:45,0.00057400,37.00000000
2018-02-24 07:54:46,0.00057467,23.00000000
2018-02-24 07:54:47,0.00057466,5.00000000
2018-02-24 07:54:47,0.00057467,41.00000000
2018-02-24 07:54:51,0.00057467,19.00000000
2018-02-24 07:54:55,0.00057465,14.00000000
2018-02-24 07:54:55,0.00057466,26.00000000
2018-02-24 07:54:55,0.00057467,172.00000000
2018-02-24 07:54:56,0.00057401,26.00000000
2018-02-24 07:54:56,0.00057400,52.00000000
2018-02-24 07:55:04,0.00057402,52.00000000
2018-02-24 07:55:04,0.00057402,43.00000000
2018-02-24 07:55:11,0.00057402,4.00000000
2018-02-24 07:55:11,0.00057400,52.00000000
2018-02-24 07:55:11,0.00057400,19.00000000
2018-02-24 07:55:11,0.00057400,52.00000000
2018-02-24 07:55:11,0.00057400,52.00000000
2018-02-24 07:55:11,0.00057400,52.00000000
2018-02-24 07:55:11,0.00057400,52.00000000
2018-02-24 07:55:12,0.00057400,19.00000000
2018-02-24 07:55:13,0.00057464,19.00000000
2018-02-24 07:55:14,0.00057401,19.00000000
2018-02-24 07:55:14,0.00057400,65.00000000
2018-02-24 07:55:19,0.00057403,7.00000000
2018-02-24 07:55:22,0.00057459,20.00000000
2018-02-24 07:55:22,0.00057460,61.00000000
2018-02-24 07:55:22,0.00057460,52.00000000
2018-02-24 07:55:22,0.00057460,41.00000000
2018-02-24 07:55:31,0.00057460,9.00000000
2018-02-24 07:55:32,0.00057460,43.00000000
2018-02-24 07:55:32,0.00057465,5.00000000
2018-02-24 07:55:32,0.00057469,2.00000000
2018-02-24 07:55:33,0.00057409,58.00000000
2018-02-24 07:55:33,0.00057408,31.00000000
2018-02-24 07:55:37,0.00057469,2.00000000
2018-02-24 07:55:41,0.00057469,551.00000000
2018-02-24 07:55:49,0.00057469,52.00000000
2018-02-24 07:55:49,0.00057469,52.00000000
2018-02-24 07:55:49,0.00057469,52.00000000
2018-02-24 07:55:49,0.00057469,10.00000000
2018-02-24 07:55:49,0.00057469,52.00000000
2018-02-24 07:55:49,0.00057469,52.00000000
2018-02-24 07:55:49,0.00057469,52.00000000
2018-02-24 07:55:49,0.00057469,52.00000000
2018-02-24 07:55:49,0.00057469,52.00000000
2018-02-24 07:55:50,0.00057469,52.00000000
2018-02-24 07:55:50,0.00057469,7.00000000
2018-02-24 07:55:51,0.00057494,218.00000000
2018-02-24 07:55:54,0.00057494,745.00000000
2018-02-24 07:56:00,0.00057495,48.00000000
2018-02-24 07:56:00,0.00057495,4.00000000
2018-02-24 07:56:02,0.00057495,17.00000000
2018-02-24 07:56:02,0.00057495,127.00000000
2018-02-24 07:56:04,0.00057495,89.00000000
2018-02-24 07:56:04,0.00057495,35.00000000
2018-02-24 07:56:04,0.00057495,51.00000000
2018-02-24 07:56:05,0.00057495,52.00000000
2018-02-24 07:56:05,0.00057495,21.00000000
2018-02-24 07:56:05,0.00057495,52.00000000
2018-02-24 07:56:05,0.00057495,43.00000000
2018-02-24 07:56:06,0.00057495,52.00000000
2018-02-24 07:56:06,0.00057495,35.00000000
2018-02-24 07:56:06,0.00057495,34.00000000
2018-02-24 07:56:11,0.00057469,2.00000000
2018-02-24 07:56:14,0.00057475,8.00000000
2018-02-24 07:56:14,0.00057469,1003.00000000
2018-02-24 07:56:15,0.00057469,52.00000000
2018-02-24 07:56:16,0.00057502,73.00000000
2018-02-24 07:56:18,0.00057469,16.00000000
2018-02-24 07:56:18,0.00057469,46.00000000
2018-02-24 07:56:18,0.00057469,40.00000000
2018-02-24 07:56:18,0.00057469,29.00000000
2018-02-24 07:56:18,0.00057469,74.00000000
2018-02-24 07:56:22,0.00057502,16.00000000
2018-02-24 07:56:24,0.00057469,5.00000000
2018-02-24 07:56:25,0.00057469,205.00000000
2018-02-24 07:56:32,0.00057502,25.00000000
2018-02-24 07:56:34,0.00057569,17.00000000
2018-02-24 07:56:39,0.00057502,54.00000000
2018-02-24 07:56:41,0.00057569,48.00000000
2018-02-24 07:56:42,0.00057502,105.00000000
2018-02-24 07:56:42,0.00057495,95.00000000
2018-02-24 07:56:43,0.00057569,678.00000000
2018-02-24 07:56:46,0.00057569,2.00000000
2018-02-24 07:56:46,0.00057569,5.00000000
2018-02-24 07:56:48,0.00057569,20.00000000
2018-02-24 07:56:48,0.00057569,46.00000000
2018-02-24 07:56:48,0.00057495,46.00000000
2018-02-24 07:56:50,0.00057569,4.00000000
2018-02-24 07:56:50,0.00057570,137.00000000
2018-02-24 07:56:53,0.00057495,400.00000000
2018-02-24 07:57:12,0.00057500,321.00000000
2018-02-24 07:57:18,0.00057500,10.00000000
2018-02-24 07:57:21,0.00057500,19.00000000
2018-02-24 07:57:25,0.00057570,4.00000000
2018-02-24 07:57:31,0.00057570,391.00000000
2018-02-24 07:57:35,0.00057570,34.00000000
2018-02-24 07:57:36,0.00057641,3.00000000
2018-02-24 07:57:36,0.00057693,704.00000000
2018-02-24 07:57:36,0.00057572,164.00000000
2018-02-24 07:57:37,0.00057573,5.00000000
2018-02-24 07:57:37,0.00057576,9.00000000
2018-02-24 07:57:37,0.00057692,3.00000000
2018-02-24 07:57:38,0.00057581,5.00000000
2018-02-24 07:57:38,0.00057582,52.00000000
2018-02-24 07:57:39,0.00057584,8.00000000
2018-02-24 07:57:39,0.00057582,25.00000000
2018-02-24 07:57:39,0.00057582,8.00000000
2018-02-24 07:57:39,0.00057683,102.00000000
2018-02-24 07:57:39,0.00057683,71.00000000
2018-02-24 07:57:39,0.00057685,12.00000000
2018-02-24 07:57:39,0.00057687,4.00000000
2018-02-24 07:57:39,0.00057693,361.00000000
