DATE,PRICE,VOLUME
2018-02-27 07:00:11,0.00052896,223.00000000
2018-02-27 07:00:12,0.00052896,9.00000000
2018-02-27 07:00:14,0.00052896,471.00000000
2018-02-27 07:00:17,0.00052896,63.00000000
2018-02-27 07:00:21,0.00052895,440.00000000
2018-02-27 07:00:24,0.00052896,1.00000000
2018-02-27 07:00:29,0.00052897,339.00000000
2018-02-27 07:00:31,0.00052896,71.00000000
2018-02-27 07:00:39,0.00052896,131.00000000
2018-02-27 07:00:39,0.00052897,312.00000000
2018-02-27 07:00:45,0.00052897,90.00000000
2018-02-27 07:00:49,0.00052897,1.00000000
2018-02-27 07:00:49,0.00052897,8.00000000
2018-02-27 07:00:49,0.00052898,90.00000000
2018-02-27 07:00:54,0.00052898,613.00000000
2018-02-27 07:01:02,0.00052899,6.00000000
2018-02-27 07:01:04,0.00052899,235.00000000
2018-02-27 07:01:04,0.00052899,104.00000000
2018-02-27 07:01:06,0.00052899,77.00000000
2018-02-27 07:01:07,0.00052899,306.00000000
2018-02-27 07:01:07,0.00052938,4.00000000
2018-02-27 07:01:07,0.00052938,18.00000000
2018-02-27 07:01:07,0.00052938,1.00000000
2018-02-27 07:01:12,0.00052898,7.00000000
2018-02-27 07:01:34,0.00052938,6.00000000
2018-02-27 07:01:46,0.00052938,213.00000000
2018-02-27 07:01:53,0.00052938,50.00000000
2018-02-27 07:01:55,0.00052938,53.00000000
2018-02-27 07:02:00,0.00052938,300.00000000
2018-02-27 07:02:02,0.00052901,27.00000000
2018-02-27 07:02:03,0.00052901,173.00000000
2018-02-27 07:02:03,0.00052898,183.00000000
2018-02-27 07:02:03,0.00052897,91.00000000
2018-02-27 07:02:03,0.00052896,27.00000000
2018-02-27 07:02:06,0.00052896,544.00000000
2018-02-27 07:02:08,0.00052938,3.00000000
2018-02-27 07:02:13,0.00052900,39.00000000
2018-02-27 07:02:13,0.00052938,331.00000000
2018-02-27 07:02:23,0.00052938,26.00000000
2018-02-27 07:02:24,0.00052898,100.00000000
2018-02-27 07:02:24,0.00052896,167.00000000
2018-02-27 07:02:24,0.00052895,41.00000000
2018-02-27 07:02:24,0.00052886,500.00000000
2018-02-27 07:02:24,0.00052880,39.00000000
2018-02-27 07:02:25,0.00052794,9.00000000
2018-02-27 07:02:26,0.00052898,2.00000000
2018-02-27 07:02:27,0.00052880,1444.00000000
2018-02-27 07:02:27,0.00052797,20.00000000
2018-02-27 07:02:31,0.00052859,16.00000000
2018-02-27 07:02:33,0.00052859,13.00000000
2018-02-27 07:02:33,0.00052860,17.00000000
2018-02-27 07:02:33,0.00052867,14.00000000
2018-02-27 07:02:33,0.00052896,34.00000000
2018-02-27 07:02:34,0.00052797,91.00000000
2018-02-27 07:02:35,0.00052799,6.00000000
2018-02-27 07:02:43,0.00052799,4.00000000
2018-02-27 07:02:49,0.00052854,50.00000000
2018-02-27 07:02:56,0.00052854,41.00000000
2018-02-27 07:03:06,0.00052854,4.00000000
2018-02-27 07:03:10,0.00052854,45.00000000
2018-02-27 07:03:17,0.00052853,17.00000000
2018-02-27 07:03:17,0.00052854,9.00000000
2018-02-27 07:03:19,0.00052801,176.00000000
2018-02-27 07:03:24,0.00052801,136.00000000
2018-02-27 07:03:24,0.00052800,76.00000000
2018-02-27 07:03:24,0.00052796,200.00000000
2018-02-27 07:03:24,0.00052794,16.00000000
2018-02-27 07:03:24,0.00052793,5.00000000
2018-02-27 07:03:24,0.00052790,232.00000000
2018-02-27 07:03:24,0.00052775,12.00000000
2018-02-27 07:03:24,0.00052748,75.00000000
2018-02-27 07:03:24,0.00052702,100.00000000
2018-02-27 07:03:24,0.00052700,167.00000000
2018-02-27 07:03:24,0.00052696,4.00000000
2018-02-27 07:03:24,0.00052686,3.00000000
2018-02-27 07:03:24,0.00052684,4.00000000
2018-02-27 07:03:24,0.00052679,4.00000000
2018-02-27 07:03:24,0.00052670,60.00000000
2018-02-27 07:03:24,0.00052654,27.00000000
2018-02-27 07:03:24,0.00052621,279.00000000
2018-02-27 07:03:33,0.00052842,279.00000000
2018-02-27 07:03:33,0.00052843,75.00000000
2018-02-27 07:03:33,0.00052850,30.00000000
2018-02-27 07:03:33,0.00052853,750.00000000
2018-02-27 07:03:33,0.00052854,792.00000000
2018-02-27 07:03:35,0.00052854,20.00000000
2018-02-27 07:03:37,0.00052848,4.00000000
2018-02-27 07:03:37,0.00052854,1605.00000000
2018-02-27 07:03:37,0.00052856,30.00000000
2018-02-27 07:03:37,0.00052894,122.00000000
2018-02-27 07:03:37,0.00052895,10.00000000
2018-02-27 07:03:37,0.00052898,138.00000000
2018-02-27 07:03:41,0.00052756,2.00000000
2018-02-27 07:03:43,0.00052778,188.00000000
2018-02-27 07:03:43,0.00052768,4.00000000
2018-02-27 07:03:43,0.00052764,75.00000000
2018-02-27 07:03:43,0.00052763,10.00000000
2018-02-27 07:03:43,0.00052757,91.00000000
2018-02-27 07:03:44,0.00052756,8.00000000
2018-02-27 07:03:44,0.00052756,398.00000000
2018-02-27 07:03:48,0.00052854,10.00000000
2018-02-27 07:03:51,0.00052854,2.00000000
2018-02-27 07:03:53,0.00052854,9.00000000
2018-02-27 07:03:56,0.00052736,10.00000000
2018-02-27 07:03:56,0.00052735,4.00000000
2018-02-27 07:03:56,0.00052734,7.00000000
2018-02-27 07:03:57,0.00052727,10.00000000
2018-02-27 07:03:57,0.00052734,177.00000000
2018-02-27 07:03:57,0.00052736,474.00000000
2018-02-27 07:03:58,0.00052836,4.00000000
2018-02-27 07:03:58,0.00052841,10.00000000
2018-02-27 07:03:58,0.00052849,66.00000000
2018-02-27 07:04:05,0.00052746,10.00000000
2018-02-27 07:04:05,0.00052745,10.00000000
2018-02-27 07:04:06,0.00052741,45.00000000
2018-02-27 07:04:06,0.00052843,10.00000000
2018-02-27 07:04:06,0.00052846,4.00000000
2018-02-27 07:04:06,0.00052848,1.00000000
2018-02-27 07:04:17,0.00052833,4.00000000
2018-02-27 07:04:17,0.00052838,4.00000000
2018-02-27 07:04:17,0.00052846,10.00000000
2018-02-27 07:04:17,0.00052849,63.00000000
2018-02-27 07:04:26,0.00052849,42.00000000
2018-02-27 07:04:26,0.00052854,1.00000000
2018-02-27 07:04:26,0.00052855,8.00000000
2018-02-27 07:04:26,0.00052891,4.00000000
2018-02-27 07:04:26,0.00052897,30.00000000
2018-02-27 07:04:26,0.00052897,19.00000000
2018-02-27 07:04:29,0.00052750,4.00000000
2018-02-27 07:04:29,0.00052750,2.00000000
2018-02-27 07:04:30,0.00052750,18.00000000
2018-02-27 07:04:30,0.00052750,242.00000000
2018-02-27 07:04:33,0.00052746,30.00000000
2018-02-27 07:04:33,0.00052745,4.00000000
2018-02-27 07:04:33,0.00052743,32.00000000
2018-02-27 07:04:44,0.00052844,4.00000000
2018-02-27 07:04:45,0.00052844,26.00000000
2018-02-27 07:04:50,0.00052760,4.00000000
2018-02-27 07:04:50,0.00052751,4.00000000
2018-02-27 07:04:50,0.00052740,4.00000000
2018-02-27 07:04:50,0.00052735,11.00000000
2018-02-27 07:04:50,0.00052732,4.00000000
2018-02-27 07:04:50,0.00052671,37.00000000
2018-02-27 07:04:53,0.00052841,2.00000000
2018-02-27 07:05:02,0.00052839,64.00000000
2018-02-27 07:05:06,0.00052831,9.00000000
2018-02-27 07:05:09,0.00052791,13.00000000
2018-02-27 07:05:09,0.00052685,512.00000000
2018-02-27 07:05:10,0.00052792,8.00000000
2018-02-27 07:05:19,0.00052792,59.00000000
2018-02-27 07:05:23,0.00052792,169.00000000
2018-02-27 07:05:33,0.00052792,165.00000000
2018-02-27 07:05:37,0.00052800,1.00000000
2018-02-27 07:05:37,0.00052800,4.00000000
2018-02-27 07:05:41,0.00052800,20.00000000
2018-02-27 07:05:43,0.00052801,7.00000000
2018-02-27 07:05:45,0.00052799,9.00000000
2018-02-27 07:05:47,0.00052799,1.00000000
2018-02-27 07:05:47,0.00052800,9.00000000
2018-02-27 07:05:50,0.00052792,47.00000000
2018-02-27 07:05:54,0.00052787,4.00000000
2018-02-27 07:05:54,0.00052792,11.00000000
2018-02-27 07:06:02,0.00052707,10.00000000
2018-02-27 07:06:02,0.00052706,4.00000000
2018-02-27 07:06:02,0.00052700,408.00000000
2018-02-27 07:06:02,0.00052685,201.00000000
2018-02-27 07:06:02,0.00052670,30.00000000
2018-02-27 07:06:02,0.00052667,10.00000000
2018-02-27 07:06:02,0.00052667,30.00000000
2018-02-27 07:06:02,0.00052667,30.00000000
2018-02-27 07:06:02,0.00052667,127.00000000
2018-02-27 07:06:02,0.00052667,384.00000000
2018-02-27 07:06:02,0.00052667,7.00000000
2018-02-27 07:06:03,0.00052667,115.00000000
2018-02-27 07:06:05,0.00052667,2.00000000
2018-02-27 07:06:07,0.00052667,2.00000000
2018-02-27 07:06:07,0.00052667,20.00000000
2018-02-27 07:06:07,0.00052667,31.00000000
2018-02-27 07:06:07,0.00052667,3.00000000
2018-02-27 07:06:08,0.00052667,62.00000000
2018-02-27 07:06:08,0.00052666,2.00000000
2018-02-27 07:06:09,0.00052667,370.00000000
2018-02-27 07:06:09,0.00052667,300.00000000
2018-02-27 07:06:09,0.00052667,263.00000000
2018-02-27 07:06:10,0.00052666,68.00000000
2018-02-27 07:06:10,0.00052666,223.00000000
2018-02-27 07:06:10,0.00052666,67.00000000
2018-02-27 07:06:11,0.00052667,168.00000000
2018-02-27 07:06:11,0.00052667,130.00000000
2018-02-27 07:06:11,0.00052667,79.00000000
2018-02-27 07:06:12,0.00052667,29.00000000
2018-02-27 07:06:12,0.00052667,29.00000000
2018-02-27 07:06:12,0.00052667,25.00000000
2018-02-27 07:06:18,0.00052682,17.00000000
2018-02-27 07:06:21,0.00052791,2.00000000
2018-02-27 07:06:21,0.00052791,2.00000000
2018-02-27 07:06:22,0.00052791,16.00000000
2018-02-27 07:06:22,0.00052786,4.00000000
2018-02-27 07:06:23,0.00052791,53.00000000
2018-02-27 07:06:23,0.00052791,28.00000000
2018-02-27 07:06:23,0.00052790,1.00000000
2018-02-27 07:06:24,0.00052693,4.00000000
2018-02-27 07:06:24,0.00052691,10.00000000
2018-02-27 07:06:24,0.00052684,58.00000000
2018-02-27 07:06:26,0.00052785,16.00000000
2018-02-27 07:06:26,0.00052786,4.00000000
2018-02-27 07:06:26,0.00052791,16.00000000
2018-02-27 07:06:28,0.00052786,4.00000000
2018-02-27 07:06:28,0.00052788,1.00000000
2018-02-27 07:06:28,0.00052788,2.00000000
2018-02-27 07:06:29,0.00052791,8.00000000
2018-02-27 07:06:30,0.00052792,19.00000000
2018-02-27 07:06:30,0.00052792,19.00000000
2018-02-27 07:06:30,0.00052792,19.00000000
2018-02-27 07:06:30,0.00052792,5.00000000
2018-02-27 07:06:32,0.00052704,4.00000000
2018-02-27 07:06:32,0.00052698,4.00000000
2018-02-27 07:06:32,0.00052683,81.00000000
2018-02-27 07:06:32,0.00052682,300.00000000
2018-02-27 07:06:32,0.00052667,106.00000000
2018-02-27 07:06:33,0.00052789,6.00000000
2018-02-27 07:06:37,0.00052780,5.00000000
2018-02-27 07:06:41,0.00052738,39.00000000
2018-02-27 07:06:41,0.00052751,91.00000000
2018-02-27 07:06:43,0.00052752,6.00000000
2018-02-27 07:06:43,0.00052751,50.00000000
2018-02-27 07:06:44,0.00052775,4.00000000
2018-02-27 07:06:44,0.00052784,4.00000000
2018-02-27 07:06:44,0.00052792,15.00000000
2018-02-27 07:06:44,0.00052792,201.00000000
2018-02-27 07:06:45,0.00052792,640.00000000
2018-02-27 07:06:45,0.00052800,196.00000000
2018-02-27 07:06:45,0.00052802,720.00000000
2018-02-27 07:06:46,0.00052802,140.00000000
2018-02-27 07:06:46,0.00052780,7.00000000
2018-02-27 07:06:47,0.00052780,148.00000000
2018-02-27 07:06:47,0.00052780,1.00000000
2018-02-27 07:06:48,0.00052802,15.00000000
2018-02-27 07:06:51,0.00052799,9.00000000
2018-02-27 07:06:51,0.00052799,1.00000000
2018-02-27 07:06:51,0.00052800,2.00000000
2018-02-27 07:06:52,0.00052800,125.00000000
2018-02-27 07:06:56,0.00052800,16.00000000
2018-02-27 07:06:57,0.00052800,65.00000000
2018-02-27 07:06:59,0.00052802,7.00000000
2018-02-27 07:07:01,0.00052800,115.00000000
2018-02-27 07:07:03,0.00052800,10.00000000
2018-02-27 07:07:04,0.00052792,195.00000000
2018-02-27 07:07:04,0.00052800,26.00000000
2018-02-27 07:07:05,0.00052792,360.00000000
2018-02-27 07:07:05,0.00052800,13.00000000
2018-02-27 07:07:05,0.00052802,6.00000000
2018-02-27 07:07:05,0.00052802,19.00000000
2018-02-27 07:07:06,0.00052793,10.00000000
2018-02-27 07:07:06,0.00052792,306.00000000
2018-02-27 07:07:10,0.00052802,134.00000000
2018-02-27 07:07:10,0.00052802,134.00000000
2018-02-27 07:07:10,0.00052802,122.00000000
2018-02-27 07:07:13,0.00052802,45.00000000
2018-02-27 07:07:13,0.00052802,105.00000000
2018-02-27 07:07:17,0.00052802,27.00000000
2018-02-27 07:07:17,0.00052802,181.00000000
2018-02-27 07:07:22,0.00052802,56.00000000
2018-02-27 07:07:22,0.00052802,189.00000000
2018-02-27 07:07:22,0.00052802,587.00000000
2018-02-27 07:07:22,0.00052802,139.00000000
2018-02-27 07:07:22,0.00052802,139.00000000
2018-02-27 07:07:22,0.00052802,127.00000000
2018-02-27 07:07:25,0.00052801,10.00000000
2018-02-27 07:07:26,0.00052792,281.00000000
2018-02-27 07:07:26,0.00052780,345.00000000
2018-02-27 07:07:36,0.00052799,7.00000000
2018-02-27 07:07:41,0.00052800,10.00000000
2018-02-27 07:07:45,0.00052799,50.00000000
2018-02-27 07:07:45,0.00052799,51.00000000
2018-02-27 07:07:45,0.00052800,127.00000000
2018-02-27 07:07:47,0.00052797,10.00000000
2018-02-27 07:07:52,0.00052797,1.00000000
2018-02-27 07:07:54,0.00052797,18.00000000
2018-02-27 07:07:54,0.00052797,60.00000000
2018-02-27 07:07:54,0.00052798,14.00000000
2018-02-27 07:07:54,0.00052800,18.00000000
2018-02-27 07:07:54,0.00052800,7.00000000
2018-02-27 07:07:54,0.00052800,5.00000000
2018-02-27 07:07:54,0.00052780,18.00000000
2018-02-27 07:07:54,0.00052780,5.00000000
2018-02-27 07:07:54,0.00052802,9.00000000
2018-02-27 07:07:57,0.00052797,21.00000000
2018-02-27 07:07:57,0.00052797,3.00000000
2018-02-27 07:07:57,0.00052780,2.00000000
2018-02-27 07:07:57,0.00052751,39.00000000
2018-02-27 07:08:00,0.00052799,54.00000000
2018-02-27 07:08:00,0.00052751,6.00000000
2018-02-27 07:08:03,0.00052797,50.00000000
2018-02-27 07:08:03,0.00052797,51.00000000
2018-02-27 07:08:03,0.00052751,75.00000000
2018-02-27 07:08:04,0.00052751,2.00000000
2018-02-27 07:08:04,0.00052751,4.00000000
2018-02-27 07:08:06,0.00052700,4.00000000
2018-02-27 07:08:06,0.00052692,179.00000000
2018-02-27 07:08:07,0.00052751,11.00000000
2018-02-27 07:08:07,0.00052751,11.00000000
2018-02-27 07:08:07,0.00052751,11.00000000
2018-02-27 07:08:08,0.00052705,6.00000000
2018-02-27 07:08:08,0.00052701,54.00000000
2018-02-27 07:08:08,0.00052700,26.00000000
2018-02-27 07:08:08,0.00052700,1.00000000
2018-02-27 07:08:08,0.00052751,25.00000000
2018-02-27 07:08:09,0.00052751,82.00000000
2018-02-27 07:08:09,0.00052797,3.00000000
2018-02-27 07:08:09,0.00052797,152.00000000
2018-02-27 07:08:10,0.00052706,68.00000000
2018-02-27 07:08:11,0.00052794,4.00000000
2018-02-27 07:08:12,0.00052799,147.00000000
2018-02-27 07:08:12,0.00052711,4.00000000
2018-02-27 07:08:12,0.00052706,3.00000000
2018-02-27 07:08:12,0.00052706,19.00000000
2018-02-27 07:08:12,0.00052706,19.00000000
2018-02-27 07:08:12,0.00052706,22.00000000
2018-02-27 07:08:12,0.00052706,62.00000000
2018-02-27 07:08:12,0.00052706,62.00000000
2018-02-27 07:08:12,0.00052706,300.00000000
2018-02-27 07:08:13,0.00052706,43.00000000
2018-02-27 07:08:13,0.00052706,141.00000000
2018-02-27 07:08:14,0.00052751,2.00000000
2018-02-27 07:08:15,0.00052751,134.00000000
2018-02-27 07:08:16,0.00052751,19.00000000
2018-02-27 07:08:17,0.00052751,10.00000000
2018-02-27 07:08:17,0.00052751,143.00000000
2018-02-27 07:08:17,0.00052702,28.00000000
2018-02-27 07:08:17,0.00052695,200.00000000
2018-02-27 07:08:17,0.00052693,67.00000000
2018-02-27 07:08:17,0.00052692,670.00000000
2018-02-27 07:08:17,0.00052691,829.00000000
2018-02-27 07:08:17,0.00052690,4.00000000
2018-02-27 07:08:17,0.00052680,4.00000000
2018-02-27 07:08:17,0.00052667,290.00000000
2018-02-27 07:08:17,0.00052645,17.00000000
2018-02-27 07:08:17,0.00052626,30.00000000
2018-02-27 07:08:17,0.00052621,126.00000000
2018-02-27 07:08:17,0.00052616,4.00000000
2018-02-27 07:08:19,0.00052750,4.00000000
2018-02-27 07:08:19,0.00052750,36.00000000
2018-02-27 07:08:19,0.00052751,18.00000000
2018-02-27 07:08:19,0.00052751,65.00000000
2018-02-27 07:08:19,0.00052751,65.00000000
2018-02-27 07:08:26,0.00052750,30.00000000
2018-02-27 07:08:26,0.00052751,198.00000000
2018-02-27 07:08:28,0.00052750,57.00000000
2018-02-27 07:08:29,0.00052750,10.00000000
2018-02-27 07:08:30,0.00052714,10.00000000
2018-02-27 07:08:30,0.00052714,113.00000000
2018-02-27 07:08:31,0.00052748,9.00000000
2018-02-27 07:08:31,0.00052714,16.00000000
2018-02-27 07:08:31,0.00052713,4.00000000
2018-02-27 07:08:31,0.00052713,5.00000000
2018-02-27 07:08:31,0.00052708,15.00000000
2018-02-27 07:08:31,0.00052618,7.00000000
2018-02-27 07:08:33,0.00052746,25.00000000
2018-02-27 07:08:33,0.00052746,25.00000000
2018-02-27 07:08:33,0.00052745,7.00000000
2018-02-27 07:08:34,0.00052642,4.00000000
2018-02-27 07:08:34,0.00052637,3.00000000
2018-02-27 07:08:38,0.00052738,6.00000000
2018-02-27 07:08:38,0.00052739,3.00000000
2018-02-27 07:08:38,0.00052741,4.00000000
2018-02-27 07:08:38,0.00052744,15.00000000
2018-02-27 07:08:39,0.00052744,61.00000000
2018-02-27 07:08:39,0.00052745,156.00000000
2018-02-27 07:08:40,0.00052651,19.00000000
2018-02-27 07:08:40,0.00052650,189.00000000
2018-02-27 07:08:40,0.00052648,4.00000000
2018-02-27 07:08:40,0.00052634,25.00000000
2018-02-27 07:08:40,0.00052632,18.00000000
2018-02-27 07:08:40,0.00052616,4.00000000
2018-02-27 07:08:40,0.00052614,30.00000000
2018-02-27 07:08:40,0.00052610,200.00000000
2018-02-27 07:08:40,0.00052602,216.00000000
2018-02-27 07:08:40,0.00052601,525.00000000
2018-02-27 07:08:41,0.00052731,4.00000000
2018-02-27 07:08:42,0.00052736,4.00000000
2018-02-27 07:08:42,0.00052747,5.00000000
2018-02-27 07:08:50,0.00052663,9.00000000
2018-02-27 07:08:50,0.00052663,222.00000000
2018-02-27 07:08:52,0.00052744,2.00000000
2018-02-27 07:08:52,0.00052744,2.00000000
2018-02-27 07:08:54,0.00052750,199.00000000
2018-02-27 07:08:54,0.00052751,189.00000000
2018-02-27 07:08:54,0.00052751,430.00000000
2018-02-27 07:08:54,0.00052751,312.00000000
2018-02-27 07:08:55,0.00052751,59.00000000
2018-02-27 07:08:56,0.00052749,122.00000000
2018-02-27 07:08:57,0.00052745,53.00000000
2018-02-27 07:08:57,0.00052739,14.00000000
2018-02-27 07:08:58,0.00052749,46.00000000
2018-02-27 07:08:59,0.00052751,45.00000000
2018-02-27 07:09:00,0.00052751,13.00000000
2018-02-27 07:09:00,0.00052751,8.00000000
2018-02-27 07:09:02,0.00052720,3.00000000
2018-02-27 07:09:03,0.00052730,9.00000000
2018-02-27 07:09:03,0.00052750,100.00000000
2018-02-27 07:09:07,0.00052750,512.00000000
2018-02-27 07:09:08,0.00052692,15.00000000
2018-02-27 07:09:08,0.00052686,15.00000000
2018-02-27 07:09:08,0.00052681,62.00000000
2018-02-27 07:09:08,0.00052681,92.00000000
2018-02-27 07:09:08,0.00052681,92.00000000
2018-02-27 07:09:15,0.00052706,12.00000000
2018-02-27 07:09:15,0.00052702,15.00000000
2018-02-27 07:09:15,0.00052697,3.00000000
2018-02-27 07:09:15,0.00052692,9.00000000
2018-02-27 07:09:15,0.00052687,61.00000000
2018-02-27 07:09:15,0.00052681,128.00000000
2018-02-27 07:09:18,0.00052681,61.00000000
2018-02-27 07:09:21,0.00052687,15.00000000
2018-02-27 07:09:21,0.00052681,72.00000000
2018-02-27 07:09:24,0.00052681,62.00000000
2018-02-27 07:09:25,0.00052681,338.00000000
2018-02-27 07:09:30,0.00052747,2.00000000
2018-02-27 07:09:30,0.00052750,45.00000000
2018-02-27 07:09:48,0.00052749,6.00000000
2018-02-27 07:09:49,0.00052751,57.00000000
2018-02-27 07:09:50,0.00052751,57.00000000
2018-02-27 07:09:54,0.00052741,9.00000000
2018-02-27 07:09:54,0.00052751,34.00000000
2018-02-27 07:09:54,0.00052681,24.00000000
2018-02-27 07:09:54,0.00052751,229.00000000
2018-02-27 07:09:55,0.00052681,120.00000000
2018-02-27 07:09:55,0.00052659,4.00000000
2018-02-27 07:09:55,0.00052622,87.00000000
2018-02-27 07:09:55,0.00052616,189.00000000
2018-02-27 07:09:56,0.00052748,3.00000000
2018-02-27 07:09:56,0.00052748,42.00000000
2018-02-27 07:09:56,0.00052749,10.00000000
2018-02-27 07:09:56,0.00052747,57.00000000
2018-02-27 07:09:56,0.00052747,34.00000000
2018-02-27 07:09:56,0.00052751,208.00000000
2018-02-27 07:09:57,0.00052751,2.00000000
2018-02-27 07:09:58,0.00052630,153.00000000
2018-02-27 07:10:01,0.00052743,10.00000000
2018-02-27 07:10:01,0.00052743,10.00000000
2018-02-27 07:10:01,0.00052743,10.00000000
2018-02-27 07:10:02,0.00052736,123.00000000
2018-02-27 07:10:03,0.00052738,4.00000000
2018-02-27 07:10:03,0.00052652,20.00000000
2018-02-27 07:10:03,0.00052651,4.00000000
2018-02-27 07:10:03,0.00052646,2.00000000
2018-02-27 07:10:04,0.00052653,50.00000000
2018-02-27 07:10:07,0.00052671,9.00000000
2018-02-27 07:10:07,0.00052655,7.00000000
2018-02-27 07:10:07,0.00052655,8.00000000
2018-02-27 07:10:08,0.00052655,11.00000000
2018-02-27 07:10:10,0.00052738,20.00000000
2018-02-27 07:10:12,0.00052739,26.00000000
2018-02-27 07:10:12,0.00052739,24.00000000
2018-02-27 07:10:13,0.00052739,1.00000000
2018-02-27 07:10:16,0.00052738,115.00000000
2018-02-27 07:10:16,0.00052738,347.00000000
2018-02-27 07:10:16,0.00052654,10.00000000
2018-02-27 07:10:16,0.00052739,10.00000000
2018-02-27 07:10:16,0.00052652,91.00000000
2018-02-27 07:10:16,0.00052651,63.00000000
2018-02-27 07:10:16,0.00052651,12.00000000
2018-02-27 07:10:21,0.00052744,5.00000000
2018-02-27 07:10:25,0.00052735,86.00000000
2018-02-27 07:10:25,0.00052736,3.00000000
2018-02-27 07:10:26,0.00052733,10.00000000
2018-02-27 07:10:26,0.00052736,40.00000000
2018-02-27 07:10:27,0.00052736,66.00000000
2018-02-27 07:10:34,0.00052736,123.00000000
2018-02-27 07:10:34,0.00052736,218.00000000
2018-02-27 07:10:35,0.00052736,88.00000000
2018-02-27 07:10:36,0.00052736,9.00000000
2018-02-27 07:10:37,0.00052736,12.00000000
2018-02-27 07:10:42,0.00052734,38.00000000
2018-02-27 07:10:42,0.00052735,42.00000000
2018-02-27 07:10:42,0.00052736,100.00000000
2018-02-27 07:10:44,0.00052714,8.00000000
2018-02-27 07:10:45,0.00052736,21.00000000
2018-02-27 07:10:45,0.00052714,2.00000000
2018-02-27 07:10:45,0.00052713,2.00000000
2018-02-27 07:10:45,0.00052711,3.00000000
2018-02-27 07:10:46,0.00052736,179.00000000
2018-02-27 07:10:46,0.00052745,1089.00000000
2018-02-27 07:10:46,0.00052750,189.00000000
2018-02-27 07:10:46,0.00052750,67.00000000
2018-02-27 07:10:46,0.00052750,93.00000000
2018-02-27 07:10:49,0.00052749,9.00000000
2018-02-27 07:10:51,0.00052736,141.00000000
2018-02-27 07:10:51,0.00052714,9.00000000
2018-02-27 07:10:51,0.00052699,35.00000000
2018-02-27 07:10:51,0.00052651,91.00000000
2018-02-27 07:10:51,0.00052650,109.00000000
2018-02-27 07:10:51,0.00052647,1824.00000000
2018-02-27 07:10:51,0.00052640,39.00000000
2018-02-27 07:10:54,0.00052666,13.00000000
2018-02-27 07:10:55,0.00052743,17.00000000
2018-02-27 07:10:56,0.00052666,2.00000000
2018-02-27 07:10:56,0.00052657,15.00000000
2018-02-27 07:10:56,0.00052647,2.00000000
2018-02-27 07:10:56,0.00052640,61.00000000
2018-02-27 07:10:56,0.00052640,285.00000000
2018-02-27 07:10:56,0.00052640,20.00000000
2018-02-27 07:10:56,0.00052640,18.00000000
2018-02-27 07:10:56,0.00052640,20.00000000
2018-02-27 07:10:56,0.00052640,18.00000000
2018-02-27 07:10:56,0.00052640,33.00000000
2018-02-27 07:10:56,0.00052640,7.00000000
2018-02-27 07:10:56,0.00052640,179.00000000
2018-02-27 07:10:56,0.00052640,467.00000000
2018-02-27 07:10:56,0.00052640,152.00000000
2018-02-27 07:10:56,0.00052640,10.00000000
2018-02-27 07:10:56,0.00052640,17.00000000
2018-02-27 07:10:56,0.00052640,9.00000000
2018-02-27 07:10:57,0.00052639,74.00000000
2018-02-27 07:10:57,0.00052640,15.00000000
2018-02-27 07:10:57,0.00052626,4.00000000
2018-02-27 07:10:57,0.00052611,8.00000000
2018-02-27 07:10:57,0.00052611,38.00000000
2018-02-27 07:10:58,0.00052617,45.00000000
2018-02-27 07:10:59,0.00052745,5.00000000
2018-02-27 07:11:04,0.00052738,4.00000000
2018-02-27 07:11:07,0.00052731,9.00000000
2018-02-27 07:11:14,0.00052680,18.00000000
2018-02-27 07:11:14,0.00052677,9.00000000
2018-02-27 07:11:14,0.00052676,3.00000000
2018-02-27 07:11:14,0.00052672,6.00000000
2018-02-27 07:11:14,0.00052666,3.00000000
2018-02-27 07:11:14,0.00052650,45.00000000
2018-02-27 07:11:14,0.00052626,2.00000000
2018-02-27 07:11:14,0.00052623,76.00000000
2018-02-27 07:11:14,0.00052620,588.00000000
2018-02-27 07:11:16,0.00052682,9.00000000
2018-02-27 07:11:17,0.00052695,14.00000000
2018-02-27 07:11:25,0.00052654,20.00000000
2018-02-27 07:11:26,0.00052621,55.00000000
2018-02-27 07:11:27,0.00052646,10.00000000
2018-02-27 07:11:28,0.00052644,44.00000000
2018-02-27 07:11:28,0.00052621,47.00000000
2018-02-27 07:11:29,0.00052621,25.00000000
2018-02-27 07:11:29,0.00052621,62.00000000
2018-02-27 07:11:32,0.00052653,17.00000000
2018-02-27 07:11:35,0.00052670,44.00000000
2018-02-27 07:11:49,0.00052670,32.00000000
2018-02-27 07:11:51,0.00052670,147.00000000
2018-02-27 07:11:54,0.00052621,19.00000000
2018-02-27 07:11:54,0.00052621,19.00000000
2018-02-27 07:11:54,0.00052621,2.00000000
2018-02-27 07:11:54,0.00052621,19.00000000
2018-02-27 07:11:54,0.00052621,19.00000000
2018-02-27 07:11:55,0.00052621,6.00000000
2018-02-27 07:11:58,0.00052621,80.00000000
2018-02-27 07:12:00,0.00052621,16.00000000
2018-02-27 07:12:00,0.00052621,2.00000000
2018-02-27 07:12:00,0.00052621,23.00000000
2018-02-27 07:12:00,0.00052621,8.00000000
2018-02-27 07:12:01,0.00052621,13.00000000
2018-02-27 07:12:01,0.00052621,12.00000000
2018-02-27 07:12:01,0.00052621,15.00000000
2018-02-27 07:12:01,0.00052621,54.00000000
2018-02-27 07:12:07,0.00052622,2.00000000
2018-02-27 07:12:08,0.00052622,13.00000000
2018-02-27 07:12:10,0.00052649,5.00000000
2018-02-27 07:12:10,0.00052651,2.00000000
2018-02-27 07:12:10,0.00052736,21.00000000
2018-02-27 07:12:15,0.00052732,20.00000000
2018-02-27 07:12:15,0.00052733,10.00000000
2018-02-27 07:12:15,0.00052734,76.00000000
2018-02-27 07:12:15,0.00052736,23.00000000
2018-02-27 07:12:15,0.00052745,15.00000000
2018-02-27 07:12:15,0.00052746,200.00000000
2018-02-27 07:12:15,0.00052746,408.00000000
2018-02-27 07:12:15,0.00052746,7.00000000
2018-02-27 07:12:15,0.00052746,197.00000000
2018-02-27 07:12:15,0.00052746,8.00000000
2018-02-27 07:12:15,0.00052746,8.00000000
2018-02-27 07:12:16,0.00052747,20.00000000
2018-02-27 07:12:16,0.00052748,49.00000000
2018-02-27 07:12:16,0.00052750,918.00000000
2018-02-27 07:12:17,0.00052747,28.00000000
2018-02-27 07:12:17,0.00052750,8.00000000
2018-02-27 07:12:17,0.00052747,48.00000000
2018-02-27 07:12:18,0.00052750,181.00000000
2018-02-27 07:12:18,0.00052751,511.00000000
2018-02-27 07:12:19,0.00052751,10.00000000
2018-02-27 07:12:22,0.00052751,1722.00000000
2018-02-27 07:12:22,0.00052800,700.00000000
2018-02-27 07:12:22,0.00052802,349.00000000
2018-02-27 07:12:22,0.00052812,10.00000000
2018-02-27 07:12:22,0.00052842,4.00000000
2018-02-27 07:12:22,0.00052847,2.00000000
2018-02-27 07:12:22,0.00052849,5.00000000
2018-02-27 07:12:23,0.00052747,9.00000000
2018-02-27 07:12:26,0.00052755,4.00000000
2018-02-27 07:12:26,0.00052752,142.00000000
2018-02-27 07:12:27,0.00052844,4.00000000
2018-02-27 07:12:27,0.00052849,4.00000000
2018-02-27 07:12:27,0.00052889,4.00000000
2018-02-27 07:12:32,0.00052839,2.00000000
2018-02-27 07:12:33,0.00052839,2.00000000
2018-02-27 07:12:46,0.00052786,10.00000000
2018-02-27 07:12:46,0.00052784,91.00000000
2018-02-27 07:12:46,0.00052781,75.00000000
2018-02-27 07:12:46,0.00052762,30.00000000
2018-02-27 07:12:46,0.00052757,4.00000000
2018-02-27 07:12:46,0.00052756,14.00000000
2018-02-27 07:12:46,0.00052751,831.00000000
2018-02-27 07:12:50,0.00052879,3.00000000
2018-02-27 07:12:56,0.00052790,2.00000000
2018-02-27 07:12:57,0.00052790,3.00000000
2018-02-27 07:12:58,0.00052790,6.00000000
2018-02-27 07:12:59,0.00052790,18.00000000
2018-02-27 07:12:59,0.00052790,102.00000000
2018-02-27 07:12:59,0.00052790,9.00000000
2018-02-27 07:13:01,0.00052790,27.00000000
2018-02-27 07:13:02,0.00052867,81.00000000
2018-02-27 07:13:04,0.00052867,7.00000000
2018-02-27 07:13:04,0.00052878,5.00000000
2018-02-27 07:13:05,0.00052879,9.00000000
2018-02-27 07:13:05,0.00052879,73.00000000
2018-02-27 07:13:05,0.00052879,6.00000000
2018-02-27 07:13:06,0.00052771,9.00000000
2018-02-27 07:13:07,0.00052770,3.00000000
2018-02-27 07:13:07,0.00052775,3.00000000
2018-02-27 07:13:10,0.00052784,4.00000000
2018-02-27 07:13:13,0.00052775,2.00000000
2018-02-27 07:13:13,0.00052775,44.00000000
2018-02-27 07:13:13,0.00052770,9.00000000
2018-02-27 07:13:14,0.00052770,3.00000000
2018-02-27 07:13:14,0.00052770,17.00000000
2018-02-27 07:13:15,0.00052770,64.00000000
2018-02-27 07:13:15,0.00052770,17.00000000
2018-02-27 07:13:15,0.00052770,92.00000000
2018-02-27 07:13:16,0.00052752,64.00000000
2018-02-27 07:13:20,0.00052784,5.00000000
2018-02-27 07:13:20,0.00052784,14.00000000
2018-02-27 07:13:21,0.00052785,8.00000000
2018-02-27 07:13:21,0.00052800,9.00000000
2018-02-27 07:13:21,0.00052858,28.00000000
2018-02-27 07:13:21,0.00052862,169.00000000
2018-02-27 07:13:27,0.00052784,1.00000000
2018-02-27 07:13:27,0.00052758,32.00000000
2018-02-27 07:13:28,0.00052766,4.00000000
2018-02-27 07:13:28,0.00052761,10.00000000
2018-02-27 07:13:28,0.00052762,13.00000000
2018-02-27 07:13:28,0.00052762,46.00000000
2018-02-27 07:13:30,0.00052790,189.00000000
2018-02-27 07:13:30,0.00052854,10.00000000
2018-02-27 07:13:30,0.00052855,8.00000000
2018-02-27 07:13:32,0.00052757,4.00000000
2018-02-27 07:13:33,0.00052755,7.00000000
2018-02-27 07:13:34,0.00052755,3.00000000
2018-02-27 07:13:34,0.00052800,122.00000000
2018-02-27 07:13:34,0.00052752,18.00000000
2018-02-27 07:13:35,0.00052752,16.00000000
2018-02-27 07:13:43,0.00052753,30.00000000
2018-02-27 07:13:43,0.00052752,19.00000000
2018-02-27 07:13:44,0.00052752,18.00000000
2018-02-27 07:13:45,0.00052752,14.00000000
2018-02-27 07:13:52,0.00052762,9.00000000
2018-02-27 07:13:52,0.00052763,8.00000000
2018-02-27 07:13:52,0.00052752,83.00000000
2018-02-27 07:13:53,0.00052752,260.00000000
2018-02-27 07:13:53,0.00052751,11.00000000
2018-02-27 07:13:54,0.00052751,83.00000000
2018-02-27 07:13:57,0.00052752,25.00000000
2018-02-27 07:13:59,0.00052752,18.00000000
2018-02-27 07:14:01,0.00052752,364.00000000
2018-02-27 07:14:05,0.00052751,9.00000000
2018-02-27 07:14:11,0.00052751,5.00000000
2018-02-27 07:14:11,0.00052751,15.00000000
2018-02-27 07:14:12,0.00052752,10.00000000
2018-02-27 07:14:14,0.00052751,14.00000000
2018-02-27 07:14:15,0.00052752,56.00000000
2018-02-27 07:14:18,0.00052752,10.00000000
2018-02-27 07:14:19,0.00052751,83.00000000
2018-02-27 07:14:26,0.00052751,22.00000000
2018-02-27 07:14:27,0.00052751,9.00000000
2018-02-27 07:14:27,0.00052752,6.00000000
2018-02-27 07:14:32,0.00052752,104.00000000
2018-02-27 07:14:32,0.00052751,21.00000000
2018-02-27 07:14:33,0.00052752,200.00000000
2018-02-27 07:14:34,0.00052752,714.00000000
2018-02-27 07:14:37,0.00052752,34.00000000
2018-02-27 07:14:37,0.00052752,20.00000000
2018-02-27 07:14:40,0.00052752,8.00000000
2018-02-27 07:14:51,0.00052752,24.00000000
2018-02-27 07:15:02,0.00052762,4.00000000
2018-02-27 07:15:02,0.00052754,20.00000000
2018-02-27 07:15:02,0.00052753,36.00000000
2018-02-27 07:15:02,0.00052753,2.00000000
2018-02-27 07:15:02,0.00052752,114.00000000
2018-02-27 07:15:22,0.00052842,10.00000000
2018-02-27 07:15:22,0.00052843,2.00000000
2018-02-27 07:15:27,0.00052762,10.00000000
2018-02-27 07:15:46,0.00052840,10.00000000
2018-02-27 07:15:51,0.00052767,119.00000000
2018-02-27 07:15:52,0.00052767,160.00000000
2018-02-27 07:15:53,0.00052767,10.00000000
2018-02-27 07:15:57,0.00052767,116.00000000
2018-02-27 07:15:57,0.00052767,4.00000000
2018-02-27 07:15:57,0.00052767,9.00000000
2018-02-27 07:15:58,0.00052767,112.00000000
2018-02-27 07:15:59,0.00052767,48.00000000
2018-02-27 07:15:59,0.00052767,26.00000000
2018-02-27 07:16:06,0.00052800,27.00000000
2018-02-27 07:16:07,0.00052767,24.00000000
2018-02-27 07:16:07,0.00052767,20.00000000
2018-02-27 07:16:09,0.00052767,56.00000000
2018-02-27 07:16:13,0.00052800,366.00000000
2018-02-27 07:16:18,0.00052800,46.00000000
2018-02-27 07:16:18,0.00052843,53.00000000
2018-02-27 07:16:18,0.00052844,7.00000000
2018-02-27 07:16:18,0.00052767,66.00000000
2018-02-27 07:16:29,0.00052770,7.00000000
2018-02-27 07:16:29,0.00052767,424.00000000
2018-02-27 07:16:29,0.00052762,440.00000000
2018-02-27 07:16:29,0.00052761,4.00000000
2018-02-27 07:16:29,0.00052760,8842.00000000
2018-02-27 07:16:29,0.00052752,250.00000000
2018-02-27 07:16:29,0.00052751,4.00000000
2018-02-27 07:16:29,0.00052750,528.00000000
2018-02-27 07:16:30,0.00052749,220.00000000
2018-02-27 07:16:37,0.00052749,7.00000000
2018-02-27 07:16:37,0.00052750,34.00000000
2018-02-27 07:16:37,0.00052747,9.00000000
2018-02-27 07:16:41,0.00052747,3.00000000
2018-02-27 07:16:44,0.00052747,9.00000000
2018-02-27 07:16:45,0.00052747,2119.00000000
2018-02-27 07:16:45,0.00052746,1750.00000000
2018-02-27 07:16:45,0.00052749,19.00000000
2018-02-27 07:16:45,0.00052750,10.00000000
2018-02-27 07:16:46,0.00052750,23.00000000
2018-02-27 07:16:49,0.00052749,23.00000000
2018-02-27 07:16:53,0.00052748,58.00000000
2018-02-27 07:16:53,0.00052748,6.00000000
2018-02-27 07:16:53,0.00052748,9.00000000
2018-02-27 07:16:54,0.00052748,7.00000000
2018-02-27 07:16:54,0.00052748,22.00000000
2018-02-27 07:16:55,0.00052747,3.00000000
2018-02-27 07:16:56,0.00052747,6.00000000
2018-02-27 07:16:56,0.00052747,2.00000000
2018-02-27 07:16:56,0.00052747,3.00000000
2018-02-27 07:16:57,0.00052747,3.00000000
2018-02-27 07:16:58,0.00052747,3.00000000
2018-02-27 07:16:58,0.00052747,3.00000000
2018-02-27 07:16:58,0.00052747,3.00000000
2018-02-27 07:16:58,0.00052747,3.00000000
2018-02-27 07:16:59,0.00052747,28.00000000
2018-02-27 07:17:00,0.00052747,3.00000000
2018-02-27 07:17:01,0.00052747,24.00000000
2018-02-27 07:17:01,0.00052747,21.00000000
2018-02-27 07:17:01,0.00052747,24.00000000
2018-02-27 07:17:02,0.00052747,159.00000000
2018-02-27 07:17:02,0.00052746,100.00000000
2018-02-27 07:17:03,0.00052749,54.00000000
2018-02-27 07:17:08,0.00052747,2.00000000
2018-02-27 07:17:09,0.00052747,9.00000000
2018-02-27 07:17:16,0.00052749,65.00000000
2018-02-27 07:17:16,0.00052750,883.00000000
2018-02-27 07:17:23,0.00052747,151.00000000
2018-02-27 07:17:24,0.00052746,9.00000000
2018-02-27 07:17:25,0.00052750,240.00000000
2018-02-27 07:17:28,0.00052747,43.00000000
2018-02-27 07:17:31,0.00052747,82.00000000
2018-02-27 07:17:31,0.00052747,5.00000000
2018-02-27 07:17:32,0.00052747,60.00000000
2018-02-27 07:17:32,0.00052747,15.00000000
2018-02-27 07:17:32,0.00052746,103.00000000
2018-02-27 07:17:37,0.00052746,58.00000000
2018-02-27 07:17:38,0.00052746,26.00000000
2018-02-27 07:17:42,0.00052747,37.00000000
2018-02-27 07:17:42,0.00052746,290.00000000
2018-02-27 07:17:43,0.00052747,10.00000000
2018-02-27 07:17:43,0.00052746,61.00000000
2018-02-27 07:17:43,0.00052746,1.00000000
2018-02-27 07:17:44,0.00052746,14.00000000
2018-02-27 07:17:46,0.00052746,164.00000000
2018-02-27 07:17:46,0.00052746,2325.00000000
2018-02-27 07:17:46,0.00052746,6.00000000
2018-02-27 07:17:46,0.00052746,6.00000000
2018-02-27 07:17:46,0.00052747,8.00000000
2018-02-27 07:17:47,0.00052747,19.00000000
2018-02-27 07:17:47,0.00052747,3.00000000
2018-02-27 07:17:47,0.00052747,14.00000000
2018-02-27 07:17:47,0.00052747,3.00000000
2018-02-27 07:17:48,0.00052747,10.00000000
2018-02-27 07:17:48,0.00052747,82.00000000
2018-02-27 07:17:49,0.00052746,7.00000000
2018-02-27 07:18:00,0.00052746,9.00000000
2018-02-27 07:18:01,0.00052748,7.00000000
2018-02-27 07:18:01,0.00052750,11.00000000
2018-02-27 07:18:02,0.00052750,121.00000000
2018-02-27 07:18:04,0.00052747,9.00000000
2018-02-27 07:18:06,0.00052750,9.00000000
2018-02-27 07:18:07,0.00052747,18.00000000
2018-02-27 07:18:07,0.00052747,27.00000000
2018-02-27 07:18:07,0.00052747,5.00000000
2018-02-27 07:18:07,0.00052747,18.00000000
2018-02-27 07:18:07,0.00052747,16.00000000
2018-02-27 07:18:08,0.00052747,9.00000000
2018-02-27 07:18:09,0.00052747,269.00000000
2018-02-27 07:18:10,0.00052750,661.00000000
2018-02-27 07:18:14,0.00052750,732.00000000
2018-02-27 07:18:15,0.00052750,416.00000000
2018-02-27 07:18:17,0.00052750,18.00000000
2018-02-27 07:18:17,0.00052754,10.00000000
2018-02-27 07:18:17,0.00052750,8.00000000
2018-02-27 07:18:17,0.00052750,18.00000000
2018-02-27 07:18:17,0.00052750,18.00000000
2018-02-27 07:18:17,0.00052750,12.00000000
2018-02-27 07:18:18,0.00052750,30.00000000
2018-02-27 07:18:18,0.00052750,12.00000000
2018-02-27 07:18:18,0.00052750,84.00000000
2018-02-27 07:18:20,0.00052750,53.00000000
2018-02-27 07:18:22,0.00052750,491.00000000
2018-02-27 07:18:26,0.00052796,188.00000000
2018-02-27 07:18:26,0.00052797,3.00000000
2018-02-27 07:18:26,0.00052840,10.00000000
2018-02-27 07:18:26,0.00052843,37.00000000
2018-02-27 07:18:26,0.00052844,8.00000000
2018-02-27 07:18:26,0.00052850,4.00000000
2018-02-27 07:18:26,0.00052855,75.00000000
2018-02-27 07:18:26,0.00052858,4.00000000
2018-02-27 07:18:26,0.00052870,4.00000000
2018-02-27 07:18:26,0.00052881,46.00000000
2018-02-27 07:18:26,0.00052898,388.00000000
2018-02-27 07:18:26,0.00052899,100.00000000
2018-02-27 07:18:26,0.00052938,19.00000000
2018-02-27 07:18:26,0.00052958,40.00000000
2018-02-27 07:18:26,0.00052959,30.00000000
2018-02-27 07:18:26,0.00052960,21.00000000
2018-02-27 07:18:26,0.00052976,491.00000000
2018-02-27 07:18:26,0.00052977,2316.00000000
2018-02-27 07:18:34,0.00052820,130.00000000
2018-02-27 07:18:34,0.00052820,27.00000000
2018-02-27 07:18:34,0.00052820,10.00000000
2018-02-27 07:18:34,0.00052820,10.00000000
2018-02-27 07:18:36,0.00052837,10.00000000
2018-02-27 07:18:37,0.00052837,89.00000000
2018-02-27 07:18:37,0.00052970,10.00000000
2018-02-27 07:18:37,0.00052971,4.00000000
2018-02-27 07:18:37,0.00052976,1.00000000
2018-02-27 07:18:39,0.00052846,18.00000000
2018-02-27 07:18:41,0.00052853,3.00000000
2018-02-27 07:18:44,0.00052865,4.00000000
2018-02-27 07:18:44,0.00052862,10.00000000
2018-02-27 07:18:44,0.00052857,75.00000000
2018-02-27 07:18:44,0.00052851,4.00000000
2018-02-27 07:18:44,0.00052847,91.00000000
2018-02-27 07:18:44,0.00052839,30.00000000
2018-02-27 07:18:44,0.00052839,30.00000000
2018-02-27 07:18:44,0.00052865,10.00000000
2018-02-27 07:18:44,0.00052866,18.00000000
2018-02-27 07:18:45,0.00052866,3.00000000
2018-02-27 07:18:45,0.00052866,3.00000000
2018-02-27 07:18:45,0.00052866,8.00000000
2018-02-27 07:18:46,0.00052866,3.00000000
2018-02-27 07:18:47,0.00052866,35.00000000
2018-02-27 07:18:47,0.00052954,297.00000000
2018-02-27 07:18:47,0.00052955,20.00000000
2018-02-27 07:18:47,0.00052956,10.00000000
2018-02-27 07:18:47,0.00052957,156.00000000
2018-02-27 07:18:47,0.00052960,30.00000000
2018-02-27 07:18:47,0.00052960,30.00000000
2018-02-27 07:18:47,0.00052960,892.00000000
2018-02-27 07:18:47,0.00052960,21.00000000
2018-02-27 07:18:47,0.00052960,142.00000000
2018-02-27 07:18:47,0.00052960,30.00000000
2018-02-27 07:18:47,0.00052960,121.00000000
2018-02-27 07:18:47,0.00052960,27.00000000
2018-02-27 07:18:47,0.00052960,22.00000000
2018-02-27 07:18:47,0.00052960,52.00000000
2018-02-27 07:18:47,0.00052960,6.00000000
2018-02-27 07:18:47,0.00052960,6.00000000
2018-02-27 07:18:51,0.00052964,35.00000000
2018-02-27 07:18:51,0.00052965,75.00000000
2018-02-27 07:18:51,0.00052966,4.00000000
2018-02-27 07:18:51,0.00052971,4.00000000
2018-02-27 07:18:51,0.00052976,12.00000000
2018-02-27 07:18:51,0.00052977,385.00000000
2018-02-27 07:18:52,0.00052960,53.00000000
2018-02-27 07:18:53,0.00052960,22.00000000
2018-02-27 07:18:57,0.00052960,70.00000000
2018-02-27 07:18:59,0.00052960,5.00000000
2018-02-27 07:19:00,0.00052977,230.00000000
2018-02-27 07:19:00,0.00052960,48.00000000
2018-02-27 07:19:08,0.00052960,9.00000000
2018-02-27 07:19:08,0.00052866,3.00000000
2018-02-27 07:19:11,0.00052977,72.00000000
2018-02-27 07:19:15,0.00052977,978.00000000
2018-02-27 07:19:16,0.00052977,350.00000000
2018-02-27 07:19:16,0.00052977,19.00000000
2018-02-27 07:19:16,0.00052977,4.00000000
2018-02-27 07:19:16,0.00052976,78.00000000
2018-02-27 07:19:16,0.00052980,197.00000000
2018-02-27 07:19:17,0.00053000,15.00000000
2018-02-27 07:19:17,0.00053000,12.00000000
2018-02-27 07:19:17,0.00053000,1016.00000000
2018-02-27 07:19:17,0.00053000,9.00000000
2018-02-27 07:19:17,0.00053000,128.00000000
2018-02-27 07:19:18,0.00053001,12.00000000
2018-02-27 07:19:18,0.00053016,3.00000000
2018-02-27 07:19:18,0.00053016,16.00000000
2018-02-27 07:19:18,0.00053093,21.00000000
2018-02-27 07:19:18,0.00053097,4.00000000
2018-02-27 07:19:18,0.00053118,6.00000000
2018-02-27 07:19:18,0.00053160,13.00000000
2018-02-27 07:19:18,0.00053003,8.00000000
2018-02-27 07:19:19,0.00053008,4.00000000
2018-02-27 07:19:19,0.00053006,4.00000000
2018-02-27 07:19:21,0.00053020,4.00000000
2018-02-27 07:19:21,0.00053017,4.00000000
2018-02-27 07:19:22,0.00053021,9.00000000
2018-02-27 07:19:23,0.00053029,4.00000000
2018-02-27 07:19:23,0.00053027,75.00000000
2018-02-27 07:19:23,0.00053026,93.00000000
2018-02-27 07:19:29,0.00053138,26.00000000
2018-02-27 07:19:33,0.00053138,11.00000000
2018-02-27 07:19:34,0.00053138,15.00000000
2018-02-27 07:19:34,0.00053138,57.00000000
2018-02-27 07:19:35,0.00053138,65.00000000
2018-02-27 07:19:35,0.00053138,340.00000000
2018-02-27 07:19:37,0.00053138,364.00000000
2018-02-27 07:19:37,0.00053138,173.00000000
2018-02-27 07:19:37,0.00053138,120.00000000
2018-02-27 07:19:38,0.00053138,473.00000000
2018-02-27 07:19:38,0.00053138,152.00000000
2018-02-27 07:19:38,0.00053138,42.00000000
2018-02-27 07:19:38,0.00053140,4.00000000
2018-02-27 07:19:39,0.00053049,9.00000000
2018-02-27 07:19:40,0.00053058,5.00000000
2018-02-27 07:19:40,0.00053046,8.00000000
2018-02-27 07:19:41,0.00053051,4.00000000
2018-02-27 07:19:41,0.00053046,2.00000000
2018-02-27 07:19:42,0.00053139,4.00000000
2018-02-27 07:19:42,0.00053144,49.00000000
2018-02-27 07:19:43,0.00053144,26.00000000
2018-02-27 07:19:44,0.00053144,107.00000000
2018-02-27 07:19:46,0.00053144,201.00000000
2018-02-27 07:19:46,0.00053048,88.00000000
2018-02-27 07:19:46,0.00053047,30.00000000
2018-02-27 07:19:46,0.00053046,103.00000000
2018-02-27 07:19:46,0.00053038,555.00000000
2018-02-27 07:19:49,0.00053139,3.00000000
2018-02-27 07:19:49,0.00053139,65.00000000
2018-02-27 07:19:50,0.00053138,8.00000000
2018-02-27 07:19:50,0.00053048,81.00000000
2018-02-27 07:19:57,0.00053137,1.00000000
2018-02-27 07:20:07,0.00053061,29.00000000
2018-02-27 07:20:09,0.00053137,31.00000000
2018-02-27 07:20:13,0.00053140,4.00000000
2018-02-27 07:20:13,0.00053145,4.00000000
2018-02-27 07:20:13,0.00053150,4.00000000
2018-02-27 07:20:13,0.00053155,4.00000000
2018-02-27 07:20:13,0.00053160,9.00000000
2018-02-27 07:20:13,0.00053175,4.00000000
2018-02-27 07:20:13,0.00053191,4.00000000
2018-02-27 07:20:13,0.00053200,89.00000000
2018-02-27 07:20:13,0.00053201,15.00000000
2018-02-27 07:20:15,0.00053137,23.00000000
2018-02-27 07:20:16,0.00053137,84.00000000
2018-02-27 07:20:20,0.00053139,4.00000000
2018-02-27 07:20:21,0.00053137,3.00000000
2018-02-27 07:20:21,0.00053137,82.00000000
2018-02-27 07:20:22,0.00053137,3.00000000
2018-02-27 07:20:22,0.00053137,3.00000000
2018-02-27 07:20:22,0.00053144,42.00000000
2018-02-27 07:20:23,0.00053137,7.00000000
2018-02-27 07:20:23,0.00053137,4.00000000
2018-02-27 07:20:24,0.00053140,120.00000000
2018-02-27 07:20:24,0.00053168,23.00000000
2018-02-27 07:20:24,0.00053201,47.00000000
2018-02-27 07:20:24,0.00053220,526.00000000
2018-02-27 07:20:24,0.00053224,3.00000000
2018-02-27 07:20:24,0.00053290,136.00000000
2018-02-27 07:20:24,0.00053300,31.00000000
2018-02-27 07:20:24,0.00053303,26.00000000
2018-02-27 07:20:24,0.00053305,136.00000000
2018-02-27 07:20:24,0.00053325,369.00000000
2018-02-27 07:20:24,0.00053333,60.00000000
2018-02-27 07:20:24,0.00053338,45.00000000
2018-02-27 07:20:24,0.00053339,40.00000000
2018-02-27 07:20:24,0.00053340,176.00000000
2018-02-27 07:20:24,0.00053350,685.00000000
2018-02-27 07:20:24,0.00053368,60.00000000
2018-02-27 07:20:24,0.00053370,20.00000000
2018-02-27 07:20:24,0.00053380,74.00000000
2018-02-27 07:20:24,0.00053386,2.00000000
2018-02-27 07:20:24,0.00053387,11.00000000
2018-02-27 07:20:24,0.00053392,750.00000000
2018-02-27 07:20:24,0.00053393,484.00000000
2018-02-27 07:20:24,0.00053145,1.00000000
2018-02-27 07:20:29,0.00053182,111.00000000
2018-02-27 07:20:29,0.00053182,73.00000000
2018-02-27 07:20:29,0.00053180,75.00000000
2018-02-27 07:20:29,0.00053177,6.00000000
2018-02-27 07:20:29,0.00053177,4.00000000
2018-02-27 07:20:30,0.00053183,64.00000000
2018-02-27 07:20:30,0.00053183,27.00000000
2018-02-27 07:20:30,0.00053170,204.00000000
2018-02-27 07:20:30,0.00053171,30.00000000
2018-02-27 07:20:30,0.00053170,47.00000000
2018-02-27 07:20:31,0.00053157,16.00000000
2018-02-27 07:20:34,0.00053353,83.00000000
2018-02-27 07:20:36,0.00053347,72.00000000
2018-02-27 07:20:36,0.00053181,5.00000000
2018-02-27 07:20:36,0.00053157,32.00000000
2018-02-27 07:20:37,0.00053194,5.00000000
2018-02-27 07:20:39,0.00053159,39.00000000
2018-02-27 07:20:39,0.00053157,131.00000000
2018-02-27 07:20:39,0.00053156,41.00000000
2018-02-27 07:20:41,0.00053158,30.00000000
2018-02-27 07:20:41,0.00053160,3.00000000
2018-02-27 07:20:44,0.00053200,184.00000000
2018-02-27 07:20:44,0.00053198,154.00000000
2018-02-27 07:20:44,0.00053198,175.00000000
2018-02-27 07:20:45,0.00053198,34.00000000
2018-02-27 07:20:46,0.00053297,40.00000000
2018-02-27 07:20:46,0.00053298,80.00000000
2018-02-27 07:20:46,0.00053297,30.00000000
2018-02-27 07:20:46,0.00053298,104.00000000
2018-02-27 07:20:46,0.00053300,72.00000000
2018-02-27 07:20:48,0.00053295,20.00000000
2018-02-27 07:20:48,0.00053296,35.00000000
2018-02-27 07:20:50,0.00053200,34.00000000
2018-02-27 07:20:50,0.00053193,8.00000000
2018-02-27 07:20:50,0.00053167,9.00000000
2018-02-27 07:20:50,0.00053166,2.00000000
2018-02-27 07:20:52,0.00053254,9.00000000
2018-02-27 07:20:57,0.00053250,2.00000000
2018-02-27 07:20:58,0.00053170,26.00000000
2018-02-27 07:21:00,0.00053247,53.00000000
2018-02-27 07:21:00,0.00053248,9.00000000
2018-02-27 07:21:03,0.00053175,10.00000000
2018-02-27 07:21:03,0.00053174,242.00000000
2018-02-27 07:21:03,0.00053170,80.00000000
2018-02-27 07:21:04,0.00053177,4.00000000
2018-02-27 07:21:05,0.00053170,41.00000000
2018-02-27 07:21:06,0.00053242,30.00000000
2018-02-27 07:21:06,0.00053242,101.00000000
2018-02-27 07:21:06,0.00053243,76.00000000
2018-02-27 07:21:11,0.00053241,13.00000000
2018-02-27 07:21:13,0.00053241,31.00000000
2018-02-27 07:21:13,0.00053242,30.00000000
2018-02-27 07:21:14,0.00053254,314.00000000
2018-02-27 07:21:14,0.00053254,309.00000000
2018-02-27 07:21:14,0.00053250,583.00000000
2018-02-27 07:21:16,0.00053201,100.00000000
2018-02-27 07:21:16,0.00053200,216.00000000
2018-02-27 07:21:16,0.00053241,359.00000000
2018-02-27 07:21:16,0.00053241,8.00000000
2018-02-27 07:21:16,0.00053241,30.00000000
2018-02-27 07:21:18,0.00053241,23.00000000
2018-02-27 07:21:19,0.00053202,17.00000000
2018-02-27 07:21:20,0.00053202,7.00000000
2018-02-27 07:21:23,0.00053241,2.00000000
2018-02-27 07:21:23,0.00053254,58.00000000
2018-02-27 07:21:23,0.00053255,2.00000000
2018-02-27 07:21:23,0.00053284,5.00000000
2018-02-27 07:21:23,0.00053300,233.00000000
2018-02-27 07:21:26,0.00053279,66.00000000
2018-02-27 07:21:26,0.00053279,116.00000000
2018-02-27 07:21:26,0.00053205,10.00000000
2018-02-27 07:21:26,0.00053203,84.00000000
2018-02-27 07:21:26,0.00053202,692.00000000
2018-02-27 07:21:28,0.00053297,10.00000000
2018-02-27 07:21:28,0.00053300,261.00000000
2018-02-27 07:21:29,0.00053300,123.00000000
2018-02-27 07:21:29,0.00053308,1.00000000
2018-02-27 07:21:29,0.00053300,8.00000000
2018-02-27 07:21:29,0.00053300,21.00000000
2018-02-27 07:21:29,0.00053205,56.00000000
2018-02-27 07:21:30,0.00053205,97.00000000
2018-02-27 07:21:33,0.00053238,21.00000000
2018-02-27 07:21:35,0.00053238,130.00000000
2018-02-27 07:21:37,0.00053238,2.00000000
2018-02-27 07:21:37,0.00053240,18.00000000
2018-02-27 07:21:42,0.00053240,2.00000000
2018-02-27 07:21:43,0.00053241,43.00000000
2018-02-27 07:21:44,0.00053244,10.00000000
2018-02-27 07:21:46,0.00053319,49.00000000
2018-02-27 07:21:46,0.00053322,396.00000000
2018-02-27 07:21:46,0.00053322,10.00000000
2018-02-27 07:21:47,0.00053322,6.00000000
2018-02-27 07:21:47,0.00053322,114.00000000
2018-02-27 07:21:48,0.00053244,10.00000000
2018-02-27 07:21:48,0.00053241,110.00000000
2018-02-27 07:21:49,0.00053241,45.00000000
2018-02-27 07:21:49,0.00053319,100.00000000
2018-02-27 07:21:51,0.00053240,6.00000000
2018-02-27 07:21:52,0.00053260,154.00000000
2018-02-27 07:21:53,0.00053260,100.00000000
2018-02-27 07:21:55,0.00053316,10.00000000
2018-02-27 07:21:55,0.00053319,140.00000000
2018-02-27 07:21:55,0.00053260,246.00000000
2018-02-27 07:21:55,0.00053240,189.00000000
2018-02-27 07:21:55,0.00053208,198.00000000
2018-02-27 07:21:55,0.00053207,222.00000000
2018-02-27 07:22:00,0.00053207,2.00000000
2018-02-27 07:22:00,0.00053207,54.00000000
2018-02-27 07:22:00,0.00053207,56.00000000
2018-02-27 07:22:00,0.00053207,56.00000000
2018-02-27 07:22:01,0.00053200,12.00000000
2018-02-27 07:22:01,0.00053207,110.00000000
2018-02-27 07:22:02,0.00053207,223.00000000
2018-02-27 07:22:02,0.00053200,100.00000000
2018-02-27 07:22:03,0.00053207,69.00000000
2018-02-27 07:22:06,0.00053207,8.00000000
2018-02-27 07:22:08,0.00053200,110.00000000
2018-02-27 07:22:16,0.00053238,70.00000000
2018-02-27 07:22:17,0.00053238,243.00000000
2018-02-27 07:22:20,0.00053238,9.00000000
2018-02-27 07:22:21,0.00053238,5.00000000
2018-02-27 07:22:23,0.00053238,286.00000000
2018-02-27 07:22:23,0.00053259,9.00000000
2018-02-27 07:22:23,0.00053260,102.00000000
2018-02-27 07:22:23,0.00053299,8.00000000
2018-02-27 07:22:23,0.00053319,545.00000000
2018-02-27 07:22:26,0.00053319,9.00000000
2018-02-27 07:22:27,0.00053316,60.00000000
2018-02-27 07:22:31,0.00053317,14.00000000
2018-02-27 07:22:32,0.00053315,9.00000000
2018-02-27 07:22:32,0.00053315,6.00000000
2018-02-27 07:22:33,0.00053246,18.00000000
2018-02-27 07:22:33,0.00053245,10.00000000
2018-02-27 07:22:33,0.00053238,39.00000000
2018-02-27 07:22:35,0.00053315,4.00000000
2018-02-27 07:22:40,0.00053315,4.00000000
2018-02-27 07:22:40,0.00053319,1.00000000
2018-02-27 07:22:42,0.00053300,23.00000000
2018-02-27 07:22:45,0.00053314,15.00000000
2018-02-27 07:22:45,0.00053300,911.00000000
2018-02-27 07:22:45,0.00053314,15.00000000
2018-02-27 07:22:45,0.00053316,47.00000000
2018-02-27 07:22:47,0.00053316,3.00000000
2018-02-27 07:22:49,0.00053316,5.00000000
2018-02-27 07:22:49,0.00053316,9.00000000
2018-02-27 07:22:52,0.00053316,9.00000000
2018-02-27 07:22:54,0.00053315,4.00000000
2018-02-27 07:22:54,0.00053316,9.00000000
2018-02-27 07:22:55,0.00053315,44.00000000
2018-02-27 07:22:55,0.00053300,15.00000000
2018-02-27 07:22:56,0.00053316,5.00000000
2018-02-27 07:22:56,0.00053316,10.00000000
2018-02-27 07:22:58,0.00053316,12.00000000
2018-02-27 07:22:58,0.00053317,139.00000000
2018-02-27 07:23:00,0.00053310,9.00000000
2018-02-27 07:23:00,0.00053317,11.00000000
2018-02-27 07:23:00,0.00053301,10.00000000
2018-02-27 07:23:00,0.00053300,156.00000000
2018-02-27 07:23:06,0.00053300,464.00000000
2018-02-27 07:23:06,0.00053315,70.00000000
2018-02-27 07:23:08,0.00053316,79.00000000
2018-02-27 07:23:08,0.00053301,84.00000000
2018-02-27 07:23:09,0.00053298,79.00000000
2018-02-27 07:23:09,0.00053300,220.00000000
2018-02-27 07:23:09,0.00053300,476.00000000
2018-02-27 07:23:11,0.00053300,7.00000000
2018-02-27 07:23:12,0.00053300,12.00000000
2018-02-27 07:23:14,0.00053208,10.00000000
2018-02-27 07:23:16,0.00053297,9.00000000
2018-02-27 07:23:19,0.00053208,187.00000000
2018-02-27 07:23:19,0.00053208,287.00000000
2018-02-27 07:23:19,0.00053297,1.00000000
2018-02-27 07:23:19,0.00053300,101.00000000
2018-02-27 07:23:19,0.00053205,19.00000000
2018-02-27 07:23:22,0.00053299,10.00000000
2018-02-27 07:23:23,0.00053300,28.00000000
2018-02-27 07:23:23,0.00053208,10.00000000
2018-02-27 07:23:23,0.00053205,221.00000000
2018-02-27 07:23:23,0.00053205,75.00000000
2018-02-27 07:23:23,0.00053205,188.00000000
2018-02-27 07:23:23,0.00053205,1896.00000000
2018-02-27 07:23:23,0.00053205,9.00000000
2018-02-27 07:23:23,0.00053205,60.00000000
2018-02-27 07:23:23,0.00053300,8.00000000
2018-02-27 07:23:29,0.00053207,6.00000000
2018-02-27 07:23:31,0.00053207,130.00000000
2018-02-27 07:23:31,0.00053207,17.00000000
2018-02-27 07:23:35,0.00053208,9.00000000
2018-02-27 07:23:35,0.00053207,41.00000000
2018-02-27 07:23:35,0.00053297,10.00000000
2018-02-27 07:23:40,0.00053299,5.00000000
2018-02-27 07:23:45,0.00053297,8.00000000
2018-02-27 07:23:48,0.00053297,66.00000000
2018-02-27 07:23:50,0.00053297,59.00000000
2018-02-27 07:23:52,0.00053297,295.00000000
2018-02-27 07:23:56,0.00053297,210.00000000
2018-02-27 07:23:58,0.00053212,10.00000000
2018-02-27 07:24:01,0.00053294,10.00000000
2018-02-27 07:24:01,0.00053296,5.00000000
2018-02-27 07:24:01,0.00053297,3.00000000
2018-02-27 07:24:03,0.00053297,2.00000000
2018-02-27 07:24:10,0.00053297,18.00000000
2018-02-27 07:24:23,0.00053212,10.00000000
2018-02-27 07:24:23,0.00053209,10.00000000
2018-02-27 07:24:23,0.00053208,319.00000000
2018-02-27 07:24:23,0.00053296,21.00000000
2018-02-27 07:24:26,0.00053292,10.00000000
2018-02-27 07:24:26,0.00053293,10.00000000
2018-02-27 07:24:26,0.00053296,27.00000000
2018-02-27 07:24:31,0.00053212,10.00000000
2018-02-27 07:24:31,0.00053209,20.00000000
2018-02-27 07:24:32,0.00053208,25.00000000
2018-02-27 07:24:34,0.00053208,500.00000000
2018-02-27 07:24:39,0.00053208,66.00000000
2018-02-27 07:24:39,0.00053207,58.00000000
2018-02-27 07:24:39,0.00053203,209.00000000
2018-02-27 07:24:39,0.00053200,806.00000000
2018-02-27 07:24:43,0.00053200,8.00000000
2018-02-27 07:24:49,0.00053200,4000.00000000
2018-02-27 07:24:51,0.00053201,30.00000000
2018-02-27 07:24:51,0.00053201,453.00000000
2018-02-27 07:24:51,0.00053200,17.00000000
2018-02-27 07:24:53,0.00053200,1018.00000000
2018-02-27 07:24:54,0.00053199,27.00000000
2018-02-27 07:24:54,0.00053170,55.00000000
2018-02-27 07:24:59,0.00053198,10.00000000
2018-02-27 07:24:59,0.00053199,320.00000000
2018-02-27 07:25:07,0.00053198,7.00000000
2018-02-27 07:25:07,0.00053198,2.00000000
2018-02-27 07:25:08,0.00053198,6.00000000
2018-02-27 07:25:08,0.00053198,48.00000000
2018-02-27 07:25:09,0.00053198,114.00000000
2018-02-27 07:25:09,0.00053198,254.00000000
2018-02-27 07:25:09,0.00053198,8.00000000
2018-02-27 07:25:09,0.00053198,61.00000000
2018-02-27 07:25:15,0.00053198,82.00000000
2018-02-27 07:25:18,0.00053197,496.00000000
2018-02-27 07:25:18,0.00053171,12.00000000
2018-02-27 07:25:18,0.00053197,2.00000000
2018-02-27 07:25:21,0.00053197,9.00000000
2018-02-27 07:25:22,0.00053173,6.00000000
2018-02-27 07:25:22,0.00053171,24.00000000
2018-02-27 07:25:23,0.00053197,19.00000000
2018-02-27 07:25:28,0.00053197,18.00000000
2018-02-27 07:25:35,0.00053194,5.00000000
2018-02-27 07:25:42,0.00053192,9.00000000
2018-02-27 07:25:45,0.00053194,5.00000000
2018-02-27 07:25:45,0.00053195,3.00000000
2018-02-27 07:25:52,0.00053173,2.00000000
2018-02-27 07:25:58,0.00053173,4.00000000
2018-02-27 07:26:03,0.00053171,7.00000000
2018-02-27 07:26:05,0.00053171,29.00000000
2018-02-27 07:26:05,0.00053171,11.00000000
2018-02-27 07:26:05,0.00053171,18.00000000
2018-02-27 07:26:05,0.00053171,29.00000000
2018-02-27 07:26:06,0.00053171,22.00000000
2018-02-27 07:26:09,0.00053171,10.00000000
2018-02-27 07:26:10,0.00053173,11.00000000
2018-02-27 07:26:10,0.00053173,18.00000000
2018-02-27 07:26:10,0.00053192,232.00000000
2018-02-27 07:26:10,0.00053192,129.00000000
2018-02-27 07:26:11,0.00053195,154.00000000
2018-02-27 07:26:11,0.00053196,398.00000000
2018-02-27 07:26:11,0.00053197,148.00000000
2018-02-27 07:26:17,0.00053197,120.00000000
2018-02-27 07:26:18,0.00053197,156.00000000
2018-02-27 07:26:18,0.00053173,4.00000000
2018-02-27 07:26:18,0.00053171,86.00000000
2018-02-27 07:26:19,0.00053195,20.00000000
2018-02-27 07:26:26,0.00053195,4.00000000
2018-02-27 07:26:26,0.00053197,104.00000000
2018-02-27 07:26:28,0.00053197,40.00000000
2018-02-27 07:26:34,0.00053195,25.00000000
2018-02-27 07:26:34,0.00053197,2.00000000
2018-02-27 07:26:38,0.00053197,197.00000000
2018-02-27 07:26:38,0.00053197,92.00000000
2018-02-27 07:26:38,0.00053198,105.00000000
2018-02-27 07:26:38,0.00053198,172.00000000
2018-02-27 07:26:41,0.00053198,10.00000000
2018-02-27 07:26:42,0.00053197,56.00000000
2018-02-27 07:26:42,0.00053171,232.00000000
2018-02-27 07:26:43,0.00053197,197.00000000
2018-02-27 07:26:46,0.00053197,216.00000000
2018-02-27 07:26:46,0.00053197,182.00000000
2018-02-27 07:26:47,0.00053190,10.00000000
2018-02-27 07:26:54,0.00053190,117.00000000
2018-02-27 07:26:59,0.00053190,18.00000000
2018-02-27 07:27:02,0.00053188,74.00000000
2018-02-27 07:27:02,0.00053188,35.00000000
2018-02-27 07:27:03,0.00053188,34.00000000
2018-02-27 07:27:04,0.00053188,3.00000000
2018-02-27 07:27:04,0.00053188,3.00000000
2018-02-27 07:27:04,0.00053188,227.00000000
2018-02-27 07:27:04,0.00053190,2722.00000000
2018-02-27 07:27:05,0.00053197,4.00000000
2018-02-27 07:27:06,0.00053190,50.00000000
2018-02-27 07:27:11,0.00053190,101.00000000
2018-02-27 07:27:13,0.00053190,4.00000000
2018-02-27 07:27:14,0.00053190,4.00000000
2018-02-27 07:27:18,0.00053190,2.00000000
2018-02-27 07:27:19,0.00053190,41.00000000
2018-02-27 07:27:21,0.00053190,200.00000000
2018-02-27 07:27:24,0.00053197,2.00000000
2018-02-27 07:27:24,0.00053190,230.00000000
2018-02-27 07:27:25,0.00053190,270.00000000
2018-02-27 07:27:25,0.00053197,260.00000000
2018-02-27 07:27:29,0.00053188,23.00000000
2018-02-27 07:27:30,0.00053188,18.00000000
2018-02-27 07:27:30,0.00053188,20.00000000
2018-02-27 07:27:30,0.00053188,17.00000000
2018-02-27 07:27:30,0.00053188,20.00000000
2018-02-27 07:27:30,0.00053188,19.00000000
2018-02-27 07:27:30,0.00053188,9.00000000
2018-02-27 07:27:40,0.00053180,20.00000000
2018-02-27 07:27:44,0.00053180,33.00000000
2018-02-27 07:27:44,0.00053180,2.00000000
2018-02-27 07:27:45,0.00053170,112.00000000
2018-02-27 07:27:46,0.00053170,136.00000000
2018-02-27 07:27:49,0.00053180,26.00000000
2018-02-27 07:27:50,0.00053170,128.00000000
2018-02-27 07:27:57,0.00053171,18.00000000
2018-02-27 07:27:57,0.00053171,2.00000000
2018-02-27 07:27:57,0.00053179,18.00000000
2018-02-27 07:27:57,0.00053179,2.00000000
2018-02-27 07:27:57,0.00053180,18.00000000
2018-02-27 07:27:57,0.00053180,20.00000000
2018-02-27 07:27:57,0.00053180,18.00000000
2018-02-27 07:27:57,0.00053180,318.00000000
2018-02-27 07:27:57,0.00053190,18.00000000
2018-02-27 07:27:57,0.00053190,18.00000000
2018-02-27 07:27:57,0.00053170,18.00000000
2018-02-27 07:27:57,0.00053165,30.00000000
2018-02-27 07:27:57,0.00053145,910.00000000
2018-02-27 07:27:57,0.00053137,221.00000000
2018-02-27 07:27:57,0.00053190,18.00000000
2018-02-27 07:27:57,0.00053190,134.00000000
2018-02-27 07:27:57,0.00053190,1.00000000
2018-02-27 07:27:57,0.00053197,18.00000000
2018-02-27 07:27:57,0.00053197,18.00000000
2018-02-27 07:27:57,0.00053197,18.00000000
2018-02-27 07:27:57,0.00053197,18.00000000
2018-02-27 07:27:57,0.00053197,18.00000000
2018-02-27 07:27:57,0.00053197,378.00000000
2018-02-27 07:28:06,0.00053136,4.00000000
2018-02-27 07:28:29,0.00053136,2.00000000
2018-02-27 07:28:35,0.00053137,10.00000000
2018-02-27 07:28:35,0.00053136,491.00000000
2018-02-27 07:28:46,0.00053136,268.00000000
2018-02-27 07:29:13,0.00053180,145.00000000
2018-02-27 07:29:18,0.00053178,31.00000000
2018-02-27 07:29:18,0.00053179,14.00000000
2018-02-27 07:29:18,0.00053180,259.00000000
2018-02-27 07:29:28,0.00053190,2.00000000
2018-02-27 07:29:29,0.00053189,5.00000000
2018-02-27 07:29:29,0.00053190,4.00000000
2018-02-27 07:29:32,0.00053172,2.00000000
2018-02-27 07:29:34,0.00053190,20.00000000
2018-02-27 07:29:34,0.00053137,6.00000000
2018-02-27 07:29:38,0.00053180,6.00000000
2018-02-27 07:29:40,0.00053180,2.00000000
2018-02-27 07:29:43,0.00053180,7.00000000
2018-02-27 07:29:43,0.00053180,4.00000000
2018-02-27 07:29:46,0.00053180,254.00000000
2018-02-27 07:29:47,0.00053180,130.00000000
2018-02-27 07:29:48,0.00053180,139.00000000
2018-02-27 07:29:54,0.00053180,86.00000000
2018-02-27 07:29:54,0.00053190,2.00000000
2018-02-27 07:29:57,0.00053185,4.00000000
2018-02-27 07:29:57,0.00053181,231.00000000
2018-02-27 07:29:57,0.00053180,435.00000000
2018-02-27 07:30:00,0.00053190,17.00000000
2018-02-27 07:30:01,0.00053180,911.00000000
2018-02-27 07:30:02,0.00053180,220.00000000
2018-02-27 07:30:02,0.00053180,88.00000000
2018-02-27 07:30:02,0.00053180,9.00000000
2018-02-27 07:30:03,0.00053180,50.00000000
2018-02-27 07:30:03,0.00053180,76.00000000
2018-02-27 07:30:03,0.00053138,42.00000000
2018-02-27 07:30:03,0.00053136,33.00000000
2018-02-27 07:30:03,0.00053130,1015.00000000
2018-02-27 07:30:03,0.00053180,169.00000000
2018-02-27 07:30:03,0.00053180,2.00000000
2018-02-27 07:30:06,0.00053190,2.00000000
2018-02-27 07:30:07,0.00053180,25.00000000
2018-02-27 07:30:07,0.00053190,1.00000000
2018-02-27 07:30:08,0.00053190,7.00000000
2018-02-27 07:30:11,0.00053190,3.00000000
2018-02-27 07:30:11,0.00053190,10.00000000
2018-02-27 07:30:11,0.00053190,16.00000000
2018-02-27 07:30:11,0.00053190,33.00000000
2018-02-27 07:30:11,0.00053195,15.00000000
2018-02-27 07:30:12,0.00053195,4.00000000
2018-02-27 07:30:12,0.00053195,3.00000000
2018-02-27 07:30:13,0.00053197,83.00000000
2018-02-27 07:30:13,0.00053198,72.00000000
2018-02-27 07:30:14,0.00053198,21.00000000
2018-02-27 07:30:14,0.00053198,5.00000000
2018-02-27 07:30:14,0.00053198,56.00000000
2018-02-27 07:30:14,0.00053200,1.00000000
2018-02-27 07:30:14,0.00053200,47.00000000
2018-02-27 07:30:14,0.00053200,39.00000000
2018-02-27 07:30:36,0.00053180,19.00000000
2018-02-27 07:30:36,0.00053131,100.00000000
2018-02-27 07:30:36,0.00053130,9.00000000
2018-02-27 07:30:38,0.00053197,4.00000000
2018-02-27 07:30:41,0.00053198,132.00000000
2018-02-27 07:30:41,0.00053199,69.00000000
2018-02-27 07:30:44,0.00053197,125.00000000
2018-02-27 07:31:08,0.00053197,6.00000000
2018-02-27 07:31:08,0.00053197,27.00000000
2018-02-27 07:31:09,0.00053198,52.00000000
2018-02-27 07:31:09,0.00053198,44.00000000
2018-02-27 07:31:09,0.00053198,21.00000000
2018-02-27 07:31:15,0.00053197,48.00000000
2018-02-27 07:31:24,0.00053197,102.00000000
2018-02-27 07:31:25,0.00053197,291.00000000
2018-02-27 07:31:26,0.00053190,241.00000000
2018-02-27 07:31:27,0.00053196,13.00000000
2018-02-27 07:31:27,0.00053196,150.00000000
2018-02-27 07:31:32,0.00053196,45.00000000
2018-02-27 07:31:39,0.00053195,4.00000000
2018-02-27 07:31:40,0.00053195,3788.00000000
2018-02-27 07:31:40,0.00053196,26.00000000
2018-02-27 07:31:40,0.00053196,26.00000000
2018-02-27 07:31:40,0.00053196,26.00000000
2018-02-27 07:31:43,0.00053196,17.00000000
2018-02-27 07:31:43,0.00053198,35.00000000
2018-02-27 07:31:45,0.00053198,13.00000000
2018-02-27 07:31:46,0.00053198,63.00000000
2018-02-27 07:31:49,0.00053196,8.00000000
2018-02-27 07:31:50,0.00053198,27.00000000
2018-02-27 07:31:51,0.00053198,28.00000000
2018-02-27 07:31:56,0.00053198,24.00000000
2018-02-27 07:31:57,0.00053196,2.00000000
2018-02-27 07:31:58,0.00053196,28.00000000
2018-02-27 07:32:00,0.00053196,9.00000000
2018-02-27 07:32:00,0.00053196,5.00000000
2018-02-27 07:32:01,0.00053196,10.00000000
2018-02-27 07:32:01,0.00053196,18.00000000
2018-02-27 07:32:01,0.00053196,10.00000000
2018-02-27 07:32:02,0.00053198,74.00000000
2018-02-27 07:32:02,0.00053198,3.00000000
2018-02-27 07:32:02,0.00053195,20.00000000
2018-02-27 07:32:02,0.00053198,84.00000000
2018-02-27 07:32:03,0.00053198,14.00000000
2018-02-27 07:32:03,0.00053198,14.00000000
2018-02-27 07:32:03,0.00053198,39.00000000
2018-02-27 07:32:03,0.00053198,33.00000000
2018-02-27 07:32:03,0.00053198,19.00000000
2018-02-27 07:32:09,0.00053197,57.00000000
2018-02-27 07:32:09,0.00053198,9.00000000
2018-02-27 07:32:10,0.00053198,23.00000000
2018-02-27 07:32:10,0.00053198,18.00000000
2018-02-27 07:32:10,0.00053198,111.00000000
2018-02-27 07:32:11,0.00053198,2.00000000
2018-02-27 07:32:11,0.00053198,21.00000000
2018-02-27 07:32:11,0.00053198,18.00000000
2018-02-27 07:32:12,0.00053198,3.00000000
2018-02-27 07:32:14,0.00053198,130.00000000
2018-02-27 07:32:14,0.00053198,13.00000000
2018-02-27 07:32:18,0.00053198,7.00000000
2018-02-27 07:32:21,0.00053198,20.00000000
2018-02-27 07:32:30,0.00053198,9.00000000
2018-02-27 07:32:33,0.00053197,9.00000000
2018-02-27 07:32:33,0.00053198,17.00000000
2018-02-27 07:32:33,0.00053198,96.00000000
2018-02-27 07:32:34,0.00053198,140.00000000
2018-02-27 07:32:35,0.00053198,115.00000000
2018-02-27 07:32:49,0.00053197,192.00000000
2018-02-27 07:32:51,0.00053198,1600.00000000
2018-02-27 07:32:51,0.00053199,431.00000000
2018-02-27 07:32:51,0.00053200,922.00000000
2018-02-27 07:32:52,0.00053200,100.00000000
2018-02-27 07:32:52,0.00053197,132.00000000
2018-02-27 07:32:52,0.00053196,108.00000000
2018-02-27 07:32:52,0.00053195,174.00000000
2018-02-27 07:32:55,0.00053194,65.00000000
2018-02-27 07:32:56,0.00053194,21.00000000
2018-02-27 07:32:56,0.00053200,240.00000000
2018-02-27 07:32:59,0.00053236,20.00000000
2018-02-27 07:33:04,0.00053200,19.00000000
2018-02-27 07:33:07,0.00053236,78.00000000
2018-02-27 07:33:12,0.00053236,1.00000000
2018-02-27 07:33:14,0.00053200,2.00000000
2018-02-27 07:33:18,0.00053236,67.00000000
2018-02-27 07:33:32,0.00053200,23.00000000
2018-02-27 07:33:35,0.00053233,9.00000000
2018-02-27 07:33:35,0.00053236,2.00000000
2018-02-27 07:33:35,0.00053236,18.00000000
2018-02-27 07:33:37,0.00053200,380.00000000
2018-02-27 07:33:39,0.00053236,152.00000000
2018-02-27 07:33:46,0.00053236,597.00000000
2018-02-27 07:33:46,0.00053280,200.00000000
2018-02-27 07:33:46,0.00053290,52.00000000
2018-02-27 07:33:46,0.00053297,2341.00000000
2018-02-27 07:33:46,0.00053298,750.00000000
2018-02-27 07:33:46,0.00053299,1894.00000000
2018-02-27 07:33:49,0.00053236,18.00000000
2018-02-27 07:33:50,0.00053236,20.00000000
2018-02-27 07:33:52,0.00053236,309.00000000
2018-02-27 07:33:52,0.00053236,11.00000000
2018-02-27 07:33:53,0.00053236,8.00000000
2018-02-27 07:33:56,0.00053298,135.00000000
2018-02-27 07:33:58,0.00053298,6.00000000
2018-02-27 07:34:01,0.00053236,55.00000000
2018-02-27 07:34:01,0.00053236,23.00000000
2018-02-27 07:34:08,0.00053237,36.00000000
2018-02-27 07:34:09,0.00053288,30.00000000
2018-02-27 07:34:09,0.00053298,2.00000000
2018-02-27 07:34:09,0.00053298,5.00000000
2018-02-27 07:34:09,0.00053298,3.00000000
2018-02-27 07:34:10,0.00053298,5.00000000
2018-02-27 07:34:10,0.00053298,3.00000000
2018-02-27 07:34:11,0.00053298,1.00000000
2018-02-27 07:34:11,0.00053237,1.00000000
2018-02-27 07:34:12,0.00053298,300.00000000
2018-02-27 07:34:14,0.00053299,18.00000000
2018-02-27 07:34:14,0.00053299,270.00000000
2018-02-27 07:34:18,0.00053299,5.00000000
2018-02-27 07:34:22,0.00053299,5.00000000
2018-02-27 07:34:23,0.00053237,1.00000000
2018-02-27 07:34:27,0.00053240,10.00000000
2018-02-27 07:34:27,0.00053237,79.00000000
2018-02-27 07:34:31,0.00053299,13.00000000
2018-02-27 07:34:35,0.00053299,91.00000000
2018-02-27 07:34:46,0.00053298,17.00000000
2018-02-27 07:34:46,0.00053298,3.00000000
2018-02-27 07:34:46,0.00053299,142.00000000
2018-02-27 07:34:50,0.00053285,10.00000000
2018-02-27 07:34:50,0.00053299,459.00000000
2018-02-27 07:34:53,0.00053238,50.00000000
2018-02-27 07:34:56,0.00053299,9.00000000
2018-02-27 07:34:57,0.00053299,161.00000000
2018-02-27 07:34:59,0.00053240,100.00000000
2018-02-27 07:35:03,0.00053240,9.00000000
2018-02-27 07:35:07,0.00053240,173.00000000
2018-02-27 07:35:08,0.00053240,66.00000000
2018-02-27 07:35:09,0.00053240,3.00000000
2018-02-27 07:35:18,0.00053240,6.00000000
2018-02-27 07:35:26,0.00053238,2.00000000
2018-02-27 07:35:26,0.00053238,5.00000000
2018-02-27 07:35:31,0.00053240,4.00000000
2018-02-27 07:35:32,0.00053240,815.00000000
2018-02-27 07:35:33,0.00053238,10.00000000
2018-02-27 07:35:36,0.00053240,11.00000000
2018-02-27 07:35:36,0.00053240,11.00000000
2018-02-27 07:35:36,0.00053240,5.00000000
2018-02-27 07:35:38,0.00053238,50.00000000
2018-02-27 07:35:38,0.00053240,244.00000000
2018-02-27 07:35:40,0.00053240,201.00000000
2018-02-27 07:35:41,0.00053238,19.00000000
2018-02-27 07:35:41,0.00053240,148.00000000
2018-02-27 07:35:42,0.00053238,88.00000000
2018-02-27 07:35:48,0.00053238,5.00000000
2018-02-27 07:35:50,0.00053238,3.00000000
2018-02-27 07:35:55,0.00053238,11.00000000
2018-02-27 07:35:58,0.00053239,141.00000000
2018-02-27 07:36:00,0.00053239,187.00000000
2018-02-27 07:36:00,0.00053238,13.00000000
2018-02-27 07:36:00,0.00053237,18.00000000
2018-02-27 07:36:00,0.00053236,2.00000000
2018-02-27 07:36:04,0.00053238,16.00000000
2018-02-27 07:36:04,0.00053239,8.00000000
2018-02-27 07:36:10,0.00053239,21.00000000
2018-02-27 07:36:10,0.00053240,19.00000000
2018-02-27 07:36:10,0.00053240,192.00000000
2018-02-27 07:36:18,0.00053241,2169.00000000
2018-02-27 07:36:19,0.00053240,37.00000000
2018-02-27 07:36:19,0.00053241,127.00000000
2018-02-27 07:36:19,0.00053241,142.00000000
2018-02-27 07:36:19,0.00053241,18.00000000
2018-02-27 07:36:19,0.00053241,184.00000000
2018-02-27 07:36:20,0.00053280,187.00000000
2018-02-27 07:36:20,0.00053280,17.00000000
2018-02-27 07:36:20,0.00053299,102.00000000
2018-02-27 07:36:20,0.00053243,17.00000000
2018-02-27 07:36:24,0.00053243,1.00000000
2018-02-27 07:36:24,0.00053240,3.00000000
2018-02-27 07:36:26,0.00053299,3.00000000
2018-02-27 07:36:29,0.00053244,52.00000000
2018-02-27 07:36:32,0.00053244,9.00000000
2018-02-27 07:36:37,0.00053244,9.00000000
2018-02-27 07:36:44,0.00053244,7.00000000
2018-02-27 07:36:45,0.00053244,162.00000000
2018-02-27 07:36:45,0.00053244,2.00000000
2018-02-27 07:36:53,0.00053244,14.00000000
2018-02-27 07:36:53,0.00053244,14.00000000
2018-02-27 07:36:53,0.00053244,1.00000000
2018-02-27 07:36:56,0.00053285,18.00000000
2018-02-27 07:37:06,0.00053285,17.00000000
2018-02-27 07:37:14,0.00053285,60.00000000
2018-02-27 07:37:16,0.00053285,350.00000000
2018-02-27 07:37:19,0.00053285,50.00000000
2018-02-27 07:37:20,0.00053245,51.00000000
2018-02-27 07:37:20,0.00053244,861.00000000
2018-02-27 07:37:29,0.00053284,17.00000000
2018-02-27 07:37:32,0.00053284,151.00000000
2018-02-27 07:37:35,0.00053284,45.00000000
2018-02-27 07:37:47,0.00053280,41.00000000
2018-02-27 07:37:47,0.00053283,46.00000000
2018-02-27 07:37:49,0.00053244,1.00000000
2018-02-27 07:37:55,0.00053283,287.00000000
2018-02-27 07:37:57,0.00053245,10.00000000
2018-02-27 07:37:57,0.00053244,18.00000000
2018-02-27 07:38:01,0.00053283,18.00000000
2018-02-27 07:38:09,0.00053249,7.00000000
2018-02-27 07:38:14,0.00053283,71.00000000
2018-02-27 07:38:14,0.00053283,5.00000000
2018-02-27 07:38:14,0.00053283,3.00000000
2018-02-27 07:38:14,0.00053283,5.00000000
2018-02-27 07:38:28,0.00053282,3.00000000
2018-02-27 07:38:32,0.00053282,81.00000000
2018-02-27 07:38:32,0.00053282,16.00000000
2018-02-27 07:38:33,0.00053283,4.00000000
2018-02-27 07:38:34,0.00053282,9.00000000
2018-02-27 07:38:34,0.00053282,6.00000000
2018-02-27 07:38:35,0.00053252,3.00000000
2018-02-27 07:38:36,0.00053282,1.00000000
2018-02-27 07:38:36,0.00053283,63.00000000
2018-02-27 07:38:36,0.00053283,65.00000000
2018-02-27 07:38:36,0.00053283,68.00000000
2018-02-27 07:38:36,0.00053283,29.00000000
2018-02-27 07:38:36,0.00053283,13.00000000
2018-02-27 07:38:40,0.00053283,3.00000000
2018-02-27 07:38:40,0.00053283,12.00000000
2018-02-27 07:38:40,0.00053283,8.00000000
2018-02-27 07:38:40,0.00053283,2.00000000
2018-02-27 07:38:41,0.00053283,9.00000000
2018-02-27 07:38:43,0.00053283,11.00000000
2018-02-27 07:38:43,0.00053283,2.00000000
2018-02-27 07:38:43,0.00053271,3.00000000
2018-02-27 07:38:44,0.00053283,9.00000000
2018-02-27 07:38:46,0.00053283,108.00000000
2018-02-27 07:38:46,0.00053290,279.00000000
2018-02-27 07:38:47,0.00053290,22.00000000
2018-02-27 07:38:47,0.00053283,50.00000000
2018-02-27 07:38:49,0.00053283,5.00000000
2018-02-27 07:38:50,0.00053283,10.00000000
2018-02-27 07:38:59,0.00053282,9.00000000
2018-02-27 07:39:00,0.00053282,2.00000000
2018-02-27 07:39:00,0.00053282,12.00000000
2018-02-27 07:39:00,0.00053282,14.00000000
2018-02-27 07:39:02,0.00053282,9.00000000
2018-02-27 07:39:04,0.00053282,3.00000000
2018-02-27 07:39:04,0.00053282,6.00000000
2018-02-27 07:39:05,0.00053282,3.00000000
2018-02-27 07:39:07,0.00053282,69.00000000
2018-02-27 07:39:08,0.00053282,9.00000000
2018-02-27 07:39:10,0.00053282,3.00000000
2018-02-27 07:39:12,0.00053282,85.00000000
2018-02-27 07:39:14,0.00053282,1.00000000
2018-02-27 07:39:15,0.00053282,173.00000000
2018-02-27 07:39:15,0.00053283,219.00000000
2018-02-27 07:39:17,0.00053280,75.00000000
2018-02-27 07:39:18,0.00053280,421.00000000
2018-02-27 07:39:22,0.00053295,64.00000000
2018-02-27 07:39:22,0.00053297,2.00000000
2018-02-27 07:39:22,0.00053298,146.00000000
2018-02-27 07:39:22,0.00053299,854.00000000
2018-02-27 07:39:24,0.00053299,1717.00000000
2018-02-27 07:39:26,0.00053296,61.00000000
2018-02-27 07:39:26,0.00053296,1739.00000000
2018-02-27 07:39:26,0.00053299,7357.00000000
2018-02-27 07:39:26,0.00053299,9948.00000000
2018-02-27 07:39:26,0.00053300,827.00000000
2018-02-27 07:39:26,0.00053321,5.00000000
2018-02-27 07:39:26,0.00053322,4.00000000
2018-02-27 07:39:26,0.00053340,2.00000000
2018-02-27 07:39:26,0.00053342,39.00000000
2018-02-27 07:39:33,0.00053346,5.00000000
2018-02-27 07:39:33,0.00053380,2.00000000
2018-02-27 07:39:33,0.00053393,75.00000000
2018-02-27 07:39:40,0.00053302,10.00000000
2018-02-27 07:39:40,0.00053300,11.00000000
2018-02-27 07:39:41,0.00053393,796.00000000
2018-02-27 07:39:43,0.00053388,4.00000000
2018-02-27 07:39:43,0.00053390,10.00000000
2018-02-27 07:39:43,0.00053393,38.00000000
2018-02-27 07:39:43,0.00053393,59.00000000
2018-02-27 07:39:45,0.00053393,175.00000000
2018-02-27 07:39:45,0.00053393,4.00000000
2018-02-27 07:39:46,0.00053393,10.00000000
2018-02-27 07:39:49,0.00053393,46.00000000
2018-02-27 07:39:51,0.00053306,8.00000000
2018-02-27 07:39:53,0.00053306,2.00000000
2018-02-27 07:39:53,0.00053305,26.00000000
2018-02-27 07:39:56,0.00053304,2.00000000
2018-02-27 07:40:00,0.00053306,28.00000000
2018-02-27 07:40:00,0.00053304,2.00000000
2018-02-27 07:40:00,0.00053303,47.00000000
2018-02-27 07:40:00,0.00053300,239.00000000
2018-02-27 07:40:00,0.00053299,421.00000000
2018-02-27 07:40:00,0.00053286,99.00000000
2018-02-27 07:40:00,0.00053284,260.00000000
2018-02-27 07:40:00,0.00053283,117.00000000
2018-02-27 07:40:00,0.00053280,935.00000000
2018-02-27 07:40:03,0.00053305,11.00000000
2018-02-27 07:40:06,0.00053306,97.00000000
2018-02-27 07:40:09,0.00053305,282.00000000
2018-02-27 07:40:09,0.00053306,2.00000000
2018-02-27 07:40:09,0.00053306,467.00000000
2018-02-27 07:40:10,0.00053306,9.00000000
2018-02-27 07:40:10,0.00053305,55.00000000
2018-02-27 07:40:14,0.00053304,57.00000000
2018-02-27 07:40:14,0.00053300,38.00000000
2018-02-27 07:40:14,0.00053283,10.00000000
2018-02-27 07:40:14,0.00053280,17.00000000
2018-02-27 07:40:14,0.00053250,239.00000000
2018-02-27 07:40:18,0.00053306,7.00000000
2018-02-27 07:40:21,0.00053306,89.00000000
2018-02-27 07:40:22,0.00053359,45.00000000
2018-02-27 07:40:25,0.00053306,2.00000000
2018-02-27 07:40:28,0.00053359,19.00000000
2018-02-27 07:40:35,0.00053358,49.00000000
2018-02-27 07:40:45,0.00053358,10.00000000
2018-02-27 07:40:50,0.00053358,250.00000000
2018-02-27 07:40:53,0.00053358,52.00000000
2018-02-27 07:40:55,0.00053306,3.00000000
2018-02-27 07:41:02,0.00053358,294.00000000
2018-02-27 07:41:02,0.00053359,186.00000000
2018-02-27 07:41:02,0.00053386,75.00000000
2018-02-27 07:41:02,0.00053389,110.00000000
2018-02-27 07:41:02,0.00053390,140.00000000
2018-02-27 07:41:02,0.00053391,434.00000000
2018-02-27 07:41:04,0.00053358,2.00000000
2018-02-27 07:41:10,0.00053358,13.00000000
2018-02-27 07:41:11,0.00053358,5.00000000
2018-02-27 07:41:18,0.00053310,2.00000000
2018-02-27 07:41:25,0.00053358,2.00000000
2018-02-27 07:41:31,0.00053360,2.00000000
2018-02-27 07:41:38,0.00053392,138.00000000
2018-02-27 07:41:42,0.00053362,4.00000000
2018-02-27 07:41:42,0.00053360,40.00000000
2018-02-27 07:41:42,0.00053386,12.00000000
2018-02-27 07:41:52,0.00053384,6.00000000
2018-02-27 07:41:52,0.00053386,1708.00000000
2018-02-27 07:41:52,0.00053392,862.00000000
2018-02-27 07:41:52,0.00053393,242.00000000
2018-02-27 07:41:53,0.00053393,28.00000000
2018-02-27 07:41:55,0.00053362,3.00000000
2018-02-27 07:41:55,0.00053393,50.00000000
2018-02-27 07:41:57,0.00053363,32.00000000
2018-02-27 07:41:57,0.00053362,73.00000000
2018-02-27 07:42:01,0.00053390,29.00000000
2018-02-27 07:42:07,0.00053392,3.00000000
2018-02-27 07:42:11,0.00053390,9.00000000
2018-02-27 07:42:14,0.00053391,30.00000000
2018-02-27 07:42:18,0.00053391,45.00000000
2018-02-27 07:42:18,0.00053390,2.00000000
2018-02-27 07:42:21,0.00053391,162.00000000
2018-02-27 07:42:21,0.00053390,10.00000000
2018-02-27 07:42:28,0.00053393,11.00000000
2018-02-27 07:42:31,0.00053393,11.00000000
2018-02-27 07:42:33,0.00053393,223.00000000
2018-02-27 07:42:34,0.00053393,70.00000000
2018-02-27 07:42:35,0.00053391,117.00000000
2018-02-27 07:42:35,0.00053393,463.00000000
2018-02-27 07:42:35,0.00053399,608.00000000
2018-02-27 07:42:35,0.00053400,10274.00000000
2018-02-27 07:42:35,0.00053400,7.00000000
2018-02-27 07:42:39,0.00053449,27.00000000
2018-02-27 07:42:39,0.00053450,34.00000000
2018-02-27 07:42:39,0.00053457,3.00000000
2018-02-27 07:42:39,0.00053458,22.00000000
2018-02-27 07:42:39,0.00053470,17.00000000
2018-02-27 07:42:39,0.00053488,175.00000000
2018-02-27 07:42:39,0.00053490,59.00000000
2018-02-27 07:42:40,0.00053490,10.00000000
2018-02-27 07:42:49,0.00053490,7.00000000
2018-02-27 07:42:49,0.00053498,11.00000000
2018-02-27 07:42:51,0.00053490,30.00000000
2018-02-27 07:42:51,0.00053490,3.00000000
2018-02-27 07:42:51,0.00053490,85.00000000
2018-02-27 07:42:51,0.00053490,12.00000000
2018-02-27 07:42:51,0.00053490,18.00000000
2018-02-27 07:42:51,0.00053490,55.00000000
2018-02-27 07:42:52,0.00053490,5.00000000
2018-02-27 07:42:53,0.00053490,2.00000000
2018-02-27 07:42:54,0.00053498,13.00000000
2018-02-27 07:42:54,0.00053499,1865.00000000
2018-02-27 07:42:56,0.00053499,295.00000000
2018-02-27 07:42:57,0.00053490,15.00000000
2018-02-27 07:42:58,0.00053499,20.00000000
2018-02-27 07:42:58,0.00053491,7.00000000
2018-02-27 07:42:58,0.00053490,8.00000000
2018-02-27 07:43:02,0.00053490,9.00000000
2018-02-27 07:43:02,0.00053499,75.00000000
2018-02-27 07:43:02,0.00053490,7.00000000
2018-02-27 07:43:02,0.00053490,42.00000000
2018-02-27 07:43:02,0.00053499,13.00000000
2018-02-27 07:43:03,0.00053499,752.00000000
2018-02-27 07:43:04,0.00053401,28.00000000
2018-02-27 07:43:04,0.00053401,36.00000000
2018-02-27 07:43:05,0.00053404,5.00000000
2018-02-27 07:43:05,0.00053404,5.00000000
2018-02-27 07:43:05,0.00053401,18.00000000
2018-02-27 07:43:05,0.00053401,8.00000000
2018-02-27 07:43:05,0.00053492,8.00000000
2018-02-27 07:43:05,0.00053492,4.00000000
2018-02-27 07:43:05,0.00053493,4.00000000
2018-02-27 07:43:05,0.00053498,9.00000000
2018-02-27 07:43:06,0.00053499,27.00000000
2018-02-27 07:43:06,0.00053499,47.00000000
2018-02-27 07:43:06,0.00053499,5.00000000
2018-02-27 07:43:06,0.00053499,26.00000000
2018-02-27 07:43:06,0.00053499,5.00000000
2018-02-27 07:43:06,0.00053499,10.00000000
2018-02-27 07:43:06,0.00053499,22.00000000
2018-02-27 07:43:06,0.00053499,90.00000000
2018-02-27 07:43:06,0.00053497,10.00000000
2018-02-27 07:43:06,0.00053500,396.00000000
2018-02-27 07:43:06,0.00053500,75.00000000
2018-02-27 07:43:06,0.00053500,704.00000000
2018-02-27 07:43:07,0.00053492,5.00000000
2018-02-27 07:43:07,0.00053492,1.00000000
2018-02-27 07:43:07,0.00053406,4.00000000
2018-02-27 07:43:07,0.00053495,5.00000000
2018-02-27 07:43:07,0.00053495,4.00000000
2018-02-27 07:43:08,0.00053495,7.00000000
2018-02-27 07:43:08,0.00053497,36.00000000
2018-02-27 07:43:08,0.00053500,16964.00000000
2018-02-27 07:43:08,0.00053500,4497.00000000
2018-02-27 07:43:08,0.00053495,10.00000000
2018-02-27 07:43:08,0.00053500,4497.00000000
2018-02-27 07:43:09,0.00053499,101.00000000
2018-02-27 07:43:11,0.00053499,25.00000000
2018-02-27 07:43:11,0.00053495,31.00000000
2018-02-27 07:43:11,0.00053495,20.00000000
2018-02-27 07:43:12,0.00053401,10.00000000
2018-02-27 07:43:12,0.00053495,7.00000000
2018-02-27 07:43:13,0.00053401,5.00000000
2018-02-27 07:43:13,0.00053404,7.00000000
2018-02-27 07:43:14,0.00053495,42.00000000
2018-02-27 07:43:14,0.00053499,1089.00000000
2018-02-27 07:43:14,0.00053494,1.00000000
2018-02-27 07:43:15,0.00053494,4.00000000
2018-02-27 07:43:15,0.00053499,291.00000000
2018-02-27 07:43:15,0.00053409,4.00000000
2018-02-27 07:43:15,0.00053404,3.00000000
2018-02-27 07:43:16,0.00053401,8.00000000
2018-02-27 07:43:16,0.00053499,887.00000000
2018-02-27 07:43:17,0.00053401,8.00000000
2018-02-27 07:43:17,0.00053401,17.00000000
2018-02-27 07:43:18,0.00053496,10.00000000
2018-02-27 07:43:18,0.00053499,190.00000000
2018-02-27 07:43:18,0.00053401,6.00000000
2018-02-27 07:43:18,0.00053406,4.00000000
2018-02-27 07:43:18,0.00053401,2.00000000
2018-02-27 07:43:18,0.00053401,4.00000000
2018-02-27 07:43:19,0.00053401,29.00000000
2018-02-27 07:43:20,0.00053404,5.00000000
2018-02-27 07:43:21,0.00053404,5.00000000
2018-02-27 07:43:22,0.00053490,80.00000000
2018-02-27 07:43:22,0.00053491,4.00000000
2018-02-27 07:43:22,0.00053498,245.00000000
2018-02-27 07:43:23,0.00053498,36.00000000
2018-02-27 07:43:27,0.00053409,4.00000000
2018-02-27 07:43:30,0.00053409,4.00000000
2018-02-27 07:43:32,0.00053420,131.00000000
2018-02-27 07:43:33,0.00053420,23.00000000
2018-02-27 07:43:35,0.00053495,50.00000000
2018-02-27 07:43:36,0.00053427,8.00000000
2018-02-27 07:43:41,0.00053433,9.00000000
2018-02-27 07:43:41,0.00053427,116.00000000
2018-02-27 07:43:41,0.00053420,393.00000000
2018-02-27 07:43:41,0.00053417,9.00000000
2018-02-27 07:43:41,0.00053410,10.00000000
2018-02-27 07:43:41,0.00053409,922.00000000
2018-02-27 07:43:41,0.00053409,189.00000000
2018-02-27 07:43:41,0.00053409,644.00000000
2018-02-27 07:43:41,0.00053402,10.00000000
2018-02-27 07:43:41,0.00053401,233.00000000
2018-02-27 07:43:41,0.00053401,186.00000000
2018-02-27 07:43:41,0.00053400,3.00000000
2018-02-27 07:43:41,0.00053400,177.00000000
2018-02-27 07:43:41,0.00053400,145.00000000
2018-02-27 07:43:41,0.00053400,18.00000000
2018-02-27 07:43:41,0.00053409,56.00000000
2018-02-27 07:43:44,0.00053427,133.00000000
2018-02-27 07:43:45,0.00053490,170.00000000
2018-02-27 07:43:45,0.00053427,201.00000000
2018-02-27 07:43:46,0.00053427,103.00000000
2018-02-27 07:43:46,0.00053400,116.00000000
2018-02-27 07:43:46,0.00053391,48.00000000
2018-02-27 07:43:46,0.00053390,70.00000000
2018-02-27 07:43:51,0.00053396,4.00000000
2018-02-27 07:43:51,0.00053390,4.00000000
2018-02-27 07:43:51,0.00053370,17.00000000
2018-02-27 07:43:51,0.00053360,49.00000000
2018-02-27 07:43:51,0.00053358,5.00000000
2018-02-27 07:43:52,0.00053390,18.00000000
2018-02-27 07:43:53,0.00053388,3.00000000
2018-02-27 07:43:54,0.00053361,6.00000000
2018-02-27 07:43:54,0.00053361,3.00000000
2018-02-27 07:43:54,0.00053358,6.00000000
2018-02-27 07:43:54,0.00053358,87.00000000
2018-02-27 07:43:55,0.00053341,2.00000000
2018-02-27 07:43:56,0.00053344,11.00000000
2018-02-27 07:43:57,0.00053339,9.00000000
2018-02-27 07:43:58,0.00053325,26.00000000
2018-02-27 07:43:59,0.00053310,4.00000000
2018-02-27 07:44:00,0.00053309,32.00000000
2018-02-27 07:44:01,0.00053309,3.00000000
2018-02-27 07:44:01,0.00053309,19.00000000
2018-02-27 07:44:02,0.00053310,208.00000000
2018-02-27 07:44:02,0.00053309,57.00000000
2018-02-27 07:44:02,0.00053309,2.00000000
2018-02-27 07:44:03,0.00053309,6.00000000
2018-02-27 07:44:03,0.00053310,64.00000000
2018-02-27 07:44:03,0.00053309,5.00000000
2018-02-27 07:44:03,0.00053309,19.00000000
2018-02-27 07:44:04,0.00053309,16.00000000
2018-02-27 07:44:04,0.00053308,5.00000000
2018-02-27 07:44:05,0.00053308,8.00000000
2018-02-27 07:44:07,0.00053308,106.00000000
2018-02-27 07:44:08,0.00053308,78.00000000
2018-02-27 07:44:11,0.00053300,4.00000000
2018-02-27 07:44:12,0.00053281,3.00000000
2018-02-27 07:44:14,0.00053300,45.00000000
2018-02-27 07:44:14,0.00053309,28.00000000
2018-02-27 07:44:18,0.00053309,7.00000000
2018-02-27 07:44:19,0.00053309,51.00000000
2018-02-27 07:44:21,0.00053309,18.00000000
2018-02-27 07:44:22,0.00053251,15.00000000
2018-02-27 07:44:25,0.00053251,6.00000000
2018-02-27 07:44:28,0.00053300,25.00000000
2018-02-27 07:44:28,0.00053255,4.00000000
2018-02-27 07:44:33,0.00053255,36.00000000
2018-02-27 07:44:37,0.00053300,1.00000000
2018-02-27 07:44:37,0.00053336,60.00000000
2018-02-27 07:44:37,0.00053337,78.00000000
2018-02-27 07:44:42,0.00053258,1.00000000
2018-02-27 07:44:44,0.00053258,123.00000000
2018-02-27 07:44:45,0.00053337,15.00000000
2018-02-27 07:44:45,0.00053261,12.00000000
2018-02-27 07:44:45,0.00053258,57.00000000
2018-02-27 07:44:45,0.00053256,44.00000000
2018-02-27 07:44:57,0.00053256,751.00000000
2018-02-27 07:44:58,0.00053307,52.00000000
2018-02-27 07:45:04,0.00053260,185.00000000
2018-02-27 07:45:04,0.00053259,75.00000000
2018-02-27 07:45:04,0.00053258,10.00000000
2018-02-27 07:45:04,0.00053257,18.00000000
2018-02-27 07:45:07,0.00053257,20.00000000
2018-02-27 07:45:08,0.00053258,7.00000000
2018-02-27 07:45:08,0.00053257,185.00000000
2018-02-27 07:45:08,0.00053258,194.00000000
2018-02-27 07:45:15,0.00053363,19.00000000
2018-02-27 07:45:22,0.00053364,9.00000000
2018-02-27 07:45:22,0.00053363,57.00000000
2018-02-27 07:45:24,0.00053363,21.00000000
2018-02-27 07:45:26,0.00053368,4.00000000
2018-02-27 07:45:26,0.00053372,8.00000000
2018-02-27 07:45:26,0.00053372,20.00000000
2018-02-27 07:45:31,0.00053369,10.00000000
2018-02-27 07:45:35,0.00053384,9.00000000
2018-02-27 07:45:35,0.00053427,27.00000000
2018-02-27 07:45:35,0.00053474,32.00000000
2018-02-27 07:45:35,0.00053484,4.00000000
2018-02-27 07:45:35,0.00053486,26.00000000
2018-02-27 07:45:35,0.00053488,37.00000000
2018-02-27 07:45:35,0.00053365,183.00000000
2018-02-27 07:45:35,0.00053363,54.00000000
2018-02-27 07:45:35,0.00053275,73.00000000
2018-02-27 07:45:38,0.00053370,9.00000000
2018-02-27 07:45:41,0.00053371,9.00000000
2018-02-27 07:45:42,0.00053374,10.00000000
2018-02-27 07:45:42,0.00053371,8.00000000
2018-02-27 07:45:42,0.00053370,68.00000000
2018-02-27 07:45:44,0.00053371,9.00000000
2018-02-27 07:45:45,0.00053449,183.00000000
2018-02-27 07:45:48,0.00053371,4.00000000
2018-02-27 07:45:48,0.00053447,9.00000000
2018-02-27 07:45:48,0.00053481,47.00000000
2018-02-27 07:45:48,0.00053484,204.00000000
2018-02-27 07:45:48,0.00053488,714.00000000
2018-02-27 07:45:48,0.00053490,6844.00000000
2018-02-27 07:45:48,0.00053490,30.00000000
2018-02-27 07:45:48,0.00053490,10.00000000
2018-02-27 07:45:48,0.00053490,90.00000000
2018-02-27 07:45:48,0.00053490,275.00000000
2018-02-27 07:45:48,0.00053490,18.00000000
2018-02-27 07:45:48,0.00053490,318.00000000
2018-02-27 07:45:48,0.00053490,18.00000000
2018-02-27 07:45:48,0.00053490,18.00000000
2018-02-27 07:45:48,0.00053490,18.00000000
2018-02-27 07:45:48,0.00053491,30.00000000
2018-02-27 07:45:48,0.00053498,157.00000000
2018-02-27 07:45:48,0.00053499,385.00000000
2018-02-27 07:45:48,0.00053490,10.00000000
2018-02-27 07:45:48,0.00053490,18.00000000
2018-02-27 07:45:48,0.00053490,18.00000000
2018-02-27 07:45:48,0.00053490,18.00000000
2018-02-27 07:45:49,0.00053490,1058.00000000
2018-02-27 07:45:49,0.00053490,3.00000000
2018-02-27 07:45:49,0.00053490,4.00000000
2018-02-27 07:45:49,0.00053494,63.00000000
2018-02-27 07:45:49,0.00053494,8.00000000
2018-02-27 07:45:49,0.00053494,18.00000000
2018-02-27 07:45:50,0.00053494,3.00000000
2018-02-27 07:45:50,0.00053494,76.00000000
2018-02-27 07:45:50,0.00053494,3.00000000
2018-02-27 07:45:50,0.00053494,27.00000000
2018-02-27 07:45:51,0.00053494,10.00000000
2018-02-27 07:45:51,0.00053494,119.00000000
2018-02-27 07:45:51,0.00053499,104.00000000
2018-02-27 07:45:51,0.00053494,30.00000000
2018-02-27 07:45:52,0.00053494,2.00000000
2018-02-27 07:45:52,0.00053499,488.00000000
2018-02-27 07:45:53,0.00053499,200.00000000
2018-02-27 07:45:53,0.00053491,20.00000000
2018-02-27 07:45:53,0.00053491,10.00000000
2018-02-27 07:45:53,0.00053491,9.00000000
2018-02-27 07:45:53,0.00053491,179.00000000
2018-02-27 07:45:54,0.00053491,102.00000000
2018-02-27 07:45:54,0.00053490,45.00000000
2018-02-27 07:45:54,0.00053499,112.00000000
2018-02-27 07:45:55,0.00053499,896.00000000
2018-02-27 07:45:55,0.00053490,24.00000000
2018-02-27 07:45:55,0.00053490,27.00000000
2018-02-27 07:45:55,0.00053490,6.00000000
2018-02-27 07:45:55,0.00053490,24.00000000
2018-02-27 07:45:55,0.00053490,12.00000000
2018-02-27 07:45:58,0.00053499,10.00000000
2018-02-27 07:46:00,0.00053499,222.00000000
2018-02-27 07:46:00,0.00053500,778.00000000
2018-02-27 07:46:01,0.00053491,10.00000000
2018-02-27 07:46:02,0.00053500,41.00000000
2018-02-27 07:46:02,0.00053499,4.00000000
2018-02-27 07:46:03,0.00053499,17.00000000
2018-02-27 07:46:04,0.00053499,10.00000000
2018-02-27 07:46:04,0.00053500,18.00000000
2018-02-27 07:46:05,0.00053499,15.00000000
2018-02-27 07:46:05,0.00053500,500.00000000
2018-02-27 07:46:07,0.00053500,469.00000000
2018-02-27 07:46:08,0.00053500,587.00000000
2018-02-27 07:46:08,0.00053490,5.00000000
2018-02-27 07:46:09,0.00053500,490.00000000
2018-02-27 07:46:10,0.00053499,3.00000000
2018-02-27 07:46:10,0.00053500,33.00000000
2018-02-27 07:46:12,0.00053500,108.00000000
2018-02-27 07:46:12,0.00053500,6.00000000
2018-02-27 07:46:12,0.00053500,100.00000000
2018-02-27 07:46:14,0.00053499,10.00000000
2018-02-27 07:46:14,0.00053499,13.00000000
2018-02-27 07:46:15,0.00053500,297.00000000
2018-02-27 07:46:17,0.00053500,39.00000000
2018-02-27 07:46:18,0.00053499,4.00000000
2018-02-27 07:46:18,0.00053500,12648.00000000
2018-02-27 07:46:19,0.00053502,4.00000000
2018-02-27 07:46:19,0.00053521,450.00000000
2018-02-27 07:46:19,0.00053541,2.00000000
2018-02-27 07:46:19,0.00053552,157.00000000
2018-02-27 07:46:19,0.00053552,148.00000000
2018-02-27 07:46:20,0.00053500,186.00000000
2018-02-27 07:46:20,0.00053500,316.00000000
2018-02-27 07:46:20,0.00053552,18.00000000
2018-02-27 07:46:24,0.00053510,298.00000000
2018-02-27 07:46:25,0.00053510,7.00000000
2018-02-27 07:46:25,0.00053552,146.00000000
2018-02-27 07:46:25,0.00053590,74.00000000
2018-02-27 07:46:25,0.00053591,6.00000000
2018-02-27 07:46:25,0.00053648,24.00000000
2018-02-27 07:46:25,0.00053678,30.00000000
2018-02-27 07:46:25,0.00053684,20.00000000
2018-02-27 07:46:26,0.00053683,237.00000000
2018-02-27 07:46:26,0.00053684,17.00000000
2018-02-27 07:46:26,0.00053696,18.00000000
2018-02-27 07:46:26,0.00053699,30.00000000
2018-02-27 07:46:26,0.00053700,33.00000000
2018-02-27 07:46:27,0.00053515,185.00000000
2018-02-27 07:46:27,0.00053513,728.00000000
2018-02-27 07:46:27,0.00053553,64.00000000
2018-02-27 07:46:27,0.00053553,10.00000000
2018-02-27 07:46:27,0.00053552,50.00000000
2018-02-27 07:46:27,0.00053552,45.00000000
2018-02-27 07:46:27,0.00053523,10.00000000
2018-02-27 07:46:27,0.00053514,8.00000000
2018-02-27 07:46:28,0.00053514,95.00000000
2018-02-27 07:46:28,0.00053549,3.00000000
2018-02-27 07:46:28,0.00053549,136.00000000
2018-02-27 07:46:28,0.00053514,2.00000000
2018-02-27 07:46:30,0.00053542,46.00000000
2018-02-27 07:46:30,0.00053544,10.00000000
2018-02-27 07:46:30,0.00053552,5.00000000
2018-02-27 07:46:30,0.00053674,10.00000000
2018-02-27 07:46:30,0.00053679,21.00000000
2018-02-27 07:46:30,0.00053682,30.00000000
2018-02-27 07:46:30,0.00053682,26.00000000
2018-02-27 07:46:30,0.00053682,4.00000000
2018-02-27 07:46:30,0.00053682,34.00000000
2018-02-27 07:46:30,0.00053514,1.00000000
2018-02-27 07:46:30,0.00053510,37.00000000
2018-02-27 07:46:30,0.00053510,2.00000000
2018-02-27 07:46:30,0.00053680,4.00000000
2018-02-27 07:46:30,0.00053682,94.00000000
2018-02-27 07:46:30,0.00053683,625.00000000
2018-02-27 07:46:30,0.00053684,86.00000000
2018-02-27 07:46:30,0.00053684,80.00000000
2018-02-27 07:46:30,0.00053502,6.00000000
2018-02-27 07:46:30,0.00053502,166.00000000
2018-02-27 07:46:32,0.00053507,3.00000000
2018-02-27 07:46:33,0.00053521,5.00000000
2018-02-27 07:46:33,0.00053521,4.00000000
2018-02-27 07:46:33,0.00053519,8.00000000
2018-02-27 07:46:33,0.00053519,2.00000000
2018-02-27 07:46:33,0.00053515,10.00000000
2018-02-27 07:46:33,0.00053505,10.00000000
2018-02-27 07:46:34,0.00053550,83.00000000
2018-02-27 07:46:35,0.00053550,19.00000000
2018-02-27 07:46:35,0.00053550,68.00000000
2018-02-27 07:46:35,0.00053663,8.00000000
2018-02-27 07:46:36,0.00053552,140.00000000
2018-02-27 07:46:37,0.00053656,33.00000000
2018-02-27 07:46:37,0.00053551,3.00000000
2018-02-27 07:46:37,0.00053551,64.00000000
2018-02-27 07:46:38,0.00053551,64.00000000
2018-02-27 07:46:38,0.00053551,23.00000000
2018-02-27 07:46:38,0.00053552,92.00000000
2018-02-27 07:46:38,0.00053552,21.00000000
2018-02-27 07:46:39,0.00053552,8.00000000
2018-02-27 07:46:40,0.00053617,28.00000000
2018-02-27 07:46:40,0.00053552,21.00000000
2018-02-27 07:46:40,0.00053600,2.00000000
2018-02-27 07:46:40,0.00053552,17.00000000
2018-02-27 07:46:40,0.00053552,18.00000000
2018-02-27 07:46:40,0.00053552,24.00000000
2018-02-27 07:46:40,0.00053552,4.00000000
2018-02-27 07:46:41,0.00053552,3.00000000
2018-02-27 07:46:41,0.00053552,4.00000000
2018-02-27 07:46:41,0.00053595,108.00000000
2018-02-27 07:46:42,0.00053552,27.00000000
2018-02-27 07:46:42,0.00053594,10.00000000
2018-02-27 07:46:42,0.00053595,7.00000000
2018-02-27 07:46:42,0.00053597,8.00000000
2018-02-27 07:46:42,0.00053552,3.00000000
2018-02-27 07:46:42,0.00053552,21.00000000
2018-02-27 07:46:43,0.00053552,15.00000000
2018-02-27 07:46:44,0.00053551,7.00000000
2018-02-27 07:46:44,0.00053551,6.00000000
2018-02-27 07:46:44,0.00053551,23.00000000
2018-02-27 07:46:44,0.00053551,3.00000000
2018-02-27 07:46:45,0.00053551,19.00000000
2018-02-27 07:46:45,0.00053551,96.00000000
2018-02-27 07:46:46,0.00053551,11.00000000
2018-02-27 07:46:46,0.00053551,24.00000000
2018-02-27 07:46:46,0.00053552,278.00000000
2018-02-27 07:46:46,0.00053560,6.00000000
2018-02-27 07:46:46,0.00053560,195.00000000
2018-02-27 07:46:47,0.00053560,258.00000000
2018-02-27 07:46:47,0.00053560,11.00000000
2018-02-27 07:46:47,0.00053597,3.00000000
2018-02-27 07:46:47,0.00053560,179.00000000
2018-02-27 07:46:48,0.00053595,10.00000000
2018-02-27 07:46:48,0.00053600,4.00000000
2018-02-27 07:46:48,0.00053662,4.00000000
2018-02-27 07:46:48,0.00053560,309.00000000
2018-02-27 07:46:49,0.00053560,64.00000000
2018-02-27 07:46:49,0.00053560,16.00000000
2018-02-27 07:46:49,0.00053563,10.00000000
2018-02-27 07:46:49,0.00053560,9.00000000
2018-02-27 07:46:50,0.00053560,26.00000000
2018-02-27 07:46:50,0.00053560,26.00000000
2018-02-27 07:46:50,0.00053560,146.00000000
2018-02-27 07:46:50,0.00053560,3.00000000
2018-02-27 07:46:51,0.00053560,618.00000000
2018-02-27 07:46:51,0.00053560,186.00000000
2018-02-27 07:46:52,0.00053553,4.00000000
2018-02-27 07:46:52,0.00053554,87.00000000
2018-02-27 07:46:53,0.00053570,56.00000000
2018-02-27 07:46:53,0.00053570,37.00000000
2018-02-27 07:46:54,0.00053570,3.00000000
2018-02-27 07:46:55,0.00053657,87.00000000
2018-02-27 07:46:55,0.00053657,180.00000000
2018-02-27 07:46:55,0.00053657,1.00000000
2018-02-27 07:46:55,0.00053570,3.00000000
2018-02-27 07:46:55,0.00053570,44.00000000
2018-02-27 07:46:56,0.00053570,49.00000000
2018-02-27 07:46:56,0.00053570,110.00000000
2018-02-27 07:46:56,0.00053558,166.00000000
2018-02-27 07:46:56,0.00053637,88.00000000
2018-02-27 07:47:01,0.00053636,9.00000000
2018-02-27 07:47:01,0.00053637,53.00000000
2018-02-27 07:47:01,0.00053637,7.00000000
2018-02-27 07:47:01,0.00053637,159.00000000
2018-02-27 07:47:02,0.00053560,9.00000000
2018-02-27 07:47:02,0.00053654,10.00000000
2018-02-27 07:47:02,0.00053657,40.00000000
2018-02-27 07:47:03,0.00053657,1.00000000
2018-02-27 07:47:03,0.00053662,26.00000000
2018-02-27 07:47:07,0.00053661,9.00000000
2018-02-27 07:47:07,0.00053662,173.00000000
2018-02-27 07:47:07,0.00053662,58.00000000
2018-02-27 07:47:07,0.00053662,11.00000000
2018-02-27 07:47:09,0.00053662,29.00000000
2018-02-27 07:47:09,0.00053662,19.00000000
2018-02-27 07:47:09,0.00053662,9.00000000
2018-02-27 07:47:10,0.00053662,84.00000000
2018-02-27 07:47:10,0.00053662,237.00000000
2018-02-27 07:47:11,0.00053662,191.00000000
2018-02-27 07:47:11,0.00053662,6.00000000
2018-02-27 07:47:11,0.00053662,9.00000000
2018-02-27 07:47:12,0.00053662,2.00000000
2018-02-27 07:47:12,0.00053662,1.00000000
2018-02-27 07:47:14,0.00053662,167.00000000
2018-02-27 07:47:14,0.00053682,23.00000000
2018-02-27 07:47:14,0.00053700,63.00000000
2018-02-27 07:47:14,0.00053704,224.00000000
2018-02-27 07:47:14,0.00053713,36.00000000
2018-02-27 07:47:14,0.00053716,114.00000000
2018-02-27 07:47:18,0.00053682,21.00000000
2018-02-27 07:47:19,0.00053682,2.00000000
2018-02-27 07:47:19,0.00053661,3.00000000
2018-02-27 07:47:20,0.00053700,125.00000000
2018-02-27 07:47:20,0.00053716,263.00000000
2018-02-27 07:47:21,0.00053699,140.00000000
2018-02-27 07:47:21,0.00053700,14.00000000
2018-02-27 07:47:21,0.00053700,111.00000000
2018-02-27 07:47:21,0.00053700,4.00000000
2018-02-27 07:47:22,0.00053700,45.00000000
2018-02-27 07:47:22,0.00053700,2.00000000
2018-02-27 07:47:23,0.00053716,97.00000000
2018-02-27 07:47:23,0.00053700,18.00000000
2018-02-27 07:47:23,0.00053700,8.00000000
2018-02-27 07:47:25,0.00053700,4.00000000
2018-02-27 07:47:25,0.00053716,24.00000000
2018-02-27 07:47:25,0.00053700,3.00000000
2018-02-27 07:47:25,0.00053682,7.00000000
2018-02-27 07:47:25,0.00053700,67.00000000
2018-02-27 07:47:25,0.00053716,135.00000000
2018-02-27 07:47:27,0.00053682,36.00000000
2018-02-27 07:47:27,0.00053699,6.00000000
2018-02-27 07:47:28,0.00053682,2.00000000
2018-02-27 07:47:28,0.00053682,73.00000000
2018-02-27 07:47:29,0.00053682,6.00000000
2018-02-27 07:47:29,0.00053682,4.00000000
2018-02-27 07:47:29,0.00053682,433.00000000
2018-02-27 07:47:30,0.00053699,1.00000000
2018-02-27 07:47:31,0.00053660,20.00000000
2018-02-27 07:47:34,0.00053683,20.00000000
2018-02-27 07:47:34,0.00053699,26.00000000
2018-02-27 07:47:35,0.00053699,38.00000000
2018-02-27 07:47:35,0.00053699,22.00000000
2018-02-27 07:47:35,0.00053699,20.00000000
2018-02-27 07:47:35,0.00053700,257.00000000
2018-02-27 07:47:35,0.00053716,513.00000000
2018-02-27 07:47:35,0.00053730,969.00000000
2018-02-27 07:47:35,0.00053739,36.00000000
2018-02-27 07:47:35,0.00053740,16.00000000
2018-02-27 07:47:36,0.00053740,7.00000000
2018-02-27 07:47:36,0.00053740,24.00000000
2018-02-27 07:47:36,0.00053740,14.00000000
2018-02-27 07:47:37,0.00053740,4.00000000
2018-02-27 07:47:37,0.00053750,36.00000000
2018-02-27 07:47:37,0.00053751,39.00000000
2018-02-27 07:47:38,0.00053740,3.00000000
2018-02-27 07:47:38,0.00053740,30.00000000
2018-02-27 07:47:38,0.00053740,24.00000000
2018-02-27 07:47:38,0.00053740,6.00000000
2018-02-27 07:47:40,0.00053740,15.00000000
2018-02-27 07:47:40,0.00053740,357.00000000
2018-02-27 07:47:44,0.00053751,17.00000000
2018-02-27 07:47:44,0.00053759,5.00000000
2018-02-27 07:47:44,0.00053765,11.00000000
2018-02-27 07:47:44,0.00053790,1.00000000
2018-02-27 07:47:45,0.00053751,26.00000000
2018-02-27 07:47:47,0.00053750,4.00000000
2018-02-27 07:47:48,0.00053750,1.00000000
2018-02-27 07:47:48,0.00053750,46.00000000
2018-02-27 07:47:48,0.00053784,7.00000000
2018-02-27 07:47:48,0.00053790,73.00000000
2018-02-27 07:47:48,0.00053800,205.00000000
2018-02-27 07:47:51,0.00053741,137.00000000
2018-02-27 07:47:51,0.00053741,38.00000000
2018-02-27 07:47:51,0.00053741,9.00000000
2018-02-27 07:47:52,0.00053741,9.00000000
2018-02-27 07:47:53,0.00053741,4.00000000
2018-02-27 07:47:53,0.00053800,458.00000000
2018-02-27 07:47:53,0.00053741,3.00000000
2018-02-27 07:47:53,0.00053800,31.00000000
2018-02-27 07:47:54,0.00053800,97.00000000
2018-02-27 07:47:54,0.00053800,65.00000000
2018-02-27 07:47:54,0.00053800,1910.00000000
2018-02-27 07:47:54,0.00053800,138.00000000
2018-02-27 07:47:54,0.00053800,26.00000000
2018-02-27 07:47:54,0.00053800,16.00000000
2018-02-27 07:47:55,0.00053800,2.00000000
2018-02-27 07:47:55,0.00053800,25.00000000
2018-02-27 07:47:55,0.00053805,15.00000000
2018-02-27 07:47:55,0.00053807,5.00000000
2018-02-27 07:47:55,0.00053829,267.00000000
2018-02-27 07:47:56,0.00053800,8.00000000
2018-02-27 07:47:56,0.00053800,23.00000000
2018-02-27 07:47:56,0.00053800,15.00000000
2018-02-27 07:47:56,0.00053800,23.00000000
2018-02-27 07:47:56,0.00053800,97.00000000
2018-02-27 07:47:56,0.00053800,54.00000000
2018-02-27 07:47:56,0.00053800,3.00000000
2018-02-27 07:47:57,0.00053800,24.00000000
2018-02-27 07:47:57,0.00053800,5.00000000
2018-02-27 07:47:58,0.00053800,14.00000000
2018-02-27 07:47:58,0.00053800,24.00000000
2018-02-27 07:47:59,0.00053800,58.00000000
2018-02-27 07:48:00,0.00053829,10.00000000
2018-02-27 07:48:00,0.00053829,114.00000000
2018-02-27 07:48:00,0.00053800,80.00000000
2018-02-27 07:48:00,0.00053800,3.00000000
2018-02-27 07:48:01,0.00053800,128.00000000
2018-02-27 07:48:01,0.00053800,63.00000000
2018-02-27 07:48:01,0.00053800,46.00000000
2018-02-27 07:48:01,0.00053800,3.00000000
2018-02-27 07:48:01,0.00053800,2.00000000
2018-02-27 07:48:02,0.00053800,51.00000000
2018-02-27 07:48:02,0.00053800,107.00000000
2018-02-27 07:48:02,0.00053800,47.00000000
2018-02-27 07:48:02,0.00053800,79.00000000
2018-02-27 07:48:02,0.00053828,21.00000000
2018-02-27 07:48:03,0.00053800,20.00000000
2018-02-27 07:48:04,0.00053800,61.00000000
2018-02-27 07:48:04,0.00053800,27.00000000
2018-02-27 07:48:04,0.00053800,7.00000000
2018-02-27 07:48:04,0.00053800,40.00000000
2018-02-27 07:48:04,0.00053800,111.00000000
2018-02-27 07:48:04,0.00053800,111.00000000
2018-02-27 07:48:04,0.00053800,11.00000000
2018-02-27 07:48:04,0.00053800,5.00000000
2018-02-27 07:48:05,0.00053800,19.00000000
2018-02-27 07:48:05,0.00053800,6.00000000
2018-02-27 07:48:05,0.00053800,3.00000000
2018-02-27 07:48:06,0.00053800,18.00000000
2018-02-27 07:48:06,0.00053800,207.00000000
2018-02-27 07:48:06,0.00053800,18.00000000
2018-02-27 07:48:06,0.00053800,259.00000000
2018-02-27 07:48:06,0.00053800,18.00000000
2018-02-27 07:48:06,0.00053800,18.00000000
