DATE,PRICE,VOLUME
2018-02-24 03:00:03,0.00059000,156.00000000
2018-02-24 03:00:08,0.00059015,312.00000000
2018-02-24 03:00:08,0.00059016,211.00000000
2018-02-24 03:00:18,0.00058897,20.00000000
2018-02-24 03:00:18,0.00059012,20.00000000
2018-02-24 03:00:18,0.00059013,35.00000000
2018-02-24 03:00:19,0.00059016,15.00000000
2018-02-24 03:00:19,0.00059016,25.00000000
2018-02-24 03:00:24,0.00059007,5.00000000
2018-02-24 03:00:25,0.00059016,79.00000000
2018-02-24 03:00:28,0.00059000,99.00000000
2018-02-24 03:00:28,0.00059017,75.00000000
2018-02-24 03:00:30,0.00058999,12.00000000
2018-02-24 03:00:48,0.00058999,2.00000000
2018-02-24 03:00:51,0.00058899,20.00000000
2018-02-24 03:00:51,0.00058999,183.00000000
2018-02-24 03:00:54,0.00058896,17.00000000
2018-02-24 03:00:54,0.00058889,9.00000000
2018-02-24 03:00:54,0.00058884,41.00000000
2018-02-24 03:00:54,0.00058880,67.00000000
2018-02-24 03:00:54,0.00058822,12.00000000
2018-02-24 03:00:54,0.00058820,54.00000000
2018-02-24 03:01:03,0.00058994,3.00000000
2018-02-24 03:01:07,0.00058994,47.00000000
2018-02-24 03:01:08,0.00058994,41.00000000
2018-02-24 03:01:11,0.00058885,20.00000000
2018-02-24 03:01:11,0.00058884,10.00000000
2018-02-24 03:01:11,0.00058820,40.00000000
2018-02-24 03:01:18,0.00058986,20.00000000
2018-02-24 03:01:18,0.00058987,50.00000000
2018-02-24 03:01:18,0.00058986,20.00000000
2018-02-24 03:01:20,0.00058982,4.00000000
2018-02-24 03:01:25,0.00058877,5.00000000
2018-02-24 03:01:32,0.00058980,17.00000000
2018-02-24 03:01:35,0.00058980,14.00000000
2018-02-24 03:01:36,0.00058980,23.00000000
2018-02-24 03:01:36,0.00058980,35.00000000
2018-02-24 03:01:36,0.00058980,35.00000000
2018-02-24 03:01:38,0.00058901,2.00000000
2018-02-24 03:01:38,0.00058980,132.00000000
2018-02-24 03:01:40,0.00058979,2.00000000
2018-02-24 03:01:40,0.00058980,97.00000000
2018-02-24 03:01:40,0.00058981,4.00000000
2018-02-24 03:01:41,0.00058979,98.00000000
2018-02-24 03:01:44,0.00058903,20.00000000
2018-02-24 03:01:44,0.00058903,13.00000000
2018-02-24 03:01:44,0.00058903,13.00000000
2018-02-24 03:01:44,0.00058903,10.00000000
2018-02-24 03:01:44,0.00058903,11.00000000
2018-02-24 03:01:44,0.00058903,50.00000000
2018-02-24 03:01:44,0.00058903,5.00000000
2018-02-24 03:01:45,0.00058903,50.00000000
2018-02-24 03:01:45,0.00058903,15.00000000
2018-02-24 03:01:45,0.00058903,15.00000000
2018-02-24 03:01:45,0.00058903,33.00000000
2018-02-24 03:01:45,0.00058902,9.00000000
2018-02-24 03:01:45,0.00058903,179.00000000
2018-02-24 03:01:47,0.00058902,9.00000000
2018-02-24 03:02:05,0.00058902,32.00000000
2018-02-24 03:02:06,0.00058902,46.00000000
2018-02-24 03:02:12,0.00058901,105.00000000
2018-02-24 03:02:34,0.00058882,4.00000000
2018-02-24 03:02:34,0.00058876,9.00000000
2018-02-24 03:02:46,0.00058876,4.00000000
2018-02-24 03:02:46,0.00058871,15.00000000
2018-02-24 03:02:46,0.00058858,4.00000000
2018-02-24 03:02:46,0.00058820,39.00000000
2018-02-24 03:02:52,0.00058835,15.00000000
2018-02-24 03:03:00,0.00058840,8.00000000
2018-02-24 03:03:00,0.00058835,2.00000000
2018-02-24 03:03:00,0.00058820,16.00000000
2018-02-24 03:03:00,0.00058804,23.00000000
2018-02-24 03:03:05,0.00058885,16.00000000
2018-02-24 03:03:07,0.00058805,5.00000000
2018-02-24 03:03:11,0.00058805,8.00000000
2018-02-24 03:03:16,0.00058805,7.00000000
2018-02-24 03:03:16,0.00058804,77.00000000
2018-02-24 03:03:16,0.00058803,40.00000000
2018-02-24 03:03:17,0.00058883,7.00000000
2018-02-24 03:03:17,0.00058884,5.00000000
2018-02-24 03:03:25,0.00058773,4.00000000
2018-02-24 03:03:25,0.00058773,30.00000000
2018-02-24 03:03:25,0.00058850,384.00000000
2018-02-24 03:03:32,0.00058753,12.00000000
2018-02-24 03:03:32,0.00058753,322.00000000
2018-02-24 03:03:32,0.00058753,91.00000000
2018-02-24 03:03:33,0.00058805,2.00000000
2018-02-24 03:03:38,0.00058752,286.00000000
2018-02-24 03:03:45,0.00058751,22.00000000
2018-02-24 03:03:47,0.00058751,12.00000000
2018-02-24 03:03:47,0.00058751,191.00000000
2018-02-24 03:03:49,0.00058751,96.00000000
2018-02-24 03:03:55,0.00058751,171.00000000
2018-02-24 03:04:08,0.00058837,84.00000000
2018-02-24 03:04:11,0.00058754,17.00000000
2018-02-24 03:04:11,0.00058754,3.00000000
2018-02-24 03:04:11,0.00058753,17.00000000
2018-02-24 03:04:11,0.00058753,20.00000000
2018-02-24 03:04:11,0.00058753,36.00000000
2018-02-24 03:04:11,0.00058753,140.00000000
2018-02-24 03:04:11,0.00058753,51.00000000
2018-02-24 03:04:11,0.00058753,18.00000000
2018-02-24 03:04:11,0.00058753,18.00000000
2018-02-24 03:04:11,0.00058753,119.00000000
2018-02-24 03:04:11,0.00058753,19.00000000
2018-02-24 03:04:12,0.00058751,7.00000000
2018-02-24 03:04:16,0.00058751,18.00000000
2018-02-24 03:04:16,0.00058751,171.00000000
2018-02-24 03:04:19,0.00058751,91.00000000
2018-02-24 03:04:22,0.00058751,73.00000000
2018-02-24 03:04:23,0.00058751,50.00000000
2018-02-24 03:04:29,0.00058751,22.00000000
2018-02-24 03:04:30,0.00058751,51.00000000
2018-02-24 03:04:30,0.00058751,85.00000000
2018-02-24 03:04:30,0.00058751,2.00000000
2018-02-24 03:04:30,0.00058751,28.00000000
2018-02-24 03:04:34,0.00058751,10.00000000
2018-02-24 03:04:43,0.00058751,9.00000000
2018-02-24 03:04:47,0.00058752,17.00000000
2018-02-24 03:04:47,0.00058752,6.00000000
2018-02-24 03:04:47,0.00058751,253.00000000
2018-02-24 03:04:48,0.00058751,10.00000000
2018-02-24 03:04:50,0.00058752,25.00000000
2018-02-24 03:04:51,0.00058751,34.00000000
2018-02-24 03:04:54,0.00058751,19.00000000
2018-02-24 03:05:04,0.00058751,17.00000000
2018-02-24 03:05:06,0.00058751,77.00000000
2018-02-24 03:05:06,0.00058750,484.00000000
2018-02-24 03:05:09,0.00058750,169.00000000
2018-02-24 03:05:11,0.00058750,8.00000000
2018-02-24 03:05:15,0.00058750,51.00000000
2018-02-24 03:05:15,0.00058750,51.00000000
2018-02-24 03:05:19,0.00058751,15.00000000
2018-02-24 03:05:26,0.00058750,13.00000000
2018-02-24 03:05:28,0.00058750,10.00000000
2018-02-24 03:05:28,0.00058750,51.00000000
2018-02-24 03:05:28,0.00058751,223.00000000
2018-02-24 03:05:28,0.00058753,173.00000000
2018-02-24 03:05:29,0.00058755,51.00000000
2018-02-24 03:05:31,0.00058762,10.00000000
2018-02-24 03:05:31,0.00058761,4.00000000
2018-02-24 03:05:31,0.00058756,5.00000000
2018-02-24 03:05:33,0.00058758,4.00000000
2018-02-24 03:05:33,0.00058858,2.00000000
2018-02-24 03:05:39,0.00058750,20.00000000
2018-02-24 03:05:40,0.00058750,51.00000000
2018-02-24 03:05:40,0.00058750,6.00000000
2018-02-24 03:05:45,0.00058760,42.00000000
2018-02-24 03:05:52,0.00058750,44.00000000
2018-02-24 03:05:56,0.00058745,49.00000000
2018-02-24 03:05:56,0.00058748,122.00000000
2018-02-24 03:06:05,0.00058732,2.00000000
2018-02-24 03:06:06,0.00058720,10.00000000
2018-02-24 03:06:08,0.00058720,15.00000000
2018-02-24 03:06:15,0.00058701,2.00000000
2018-02-24 03:06:16,0.00058700,246.00000000
2018-02-24 03:06:16,0.00058698,33.00000000
2018-02-24 03:06:16,0.00058688,417.00000000
2018-02-24 03:06:16,0.00058688,56.00000000
2018-02-24 03:06:17,0.00058688,50.00000000
2018-02-24 03:06:23,0.00058688,51.00000000
2018-02-24 03:06:23,0.00058688,22.00000000
2018-02-24 03:06:23,0.00058686,53.00000000
2018-02-24 03:06:25,0.00058686,225.00000000
2018-02-24 03:06:25,0.00058686,45.00000000
2018-02-24 03:06:25,0.00058685,225.00000000
2018-02-24 03:06:25,0.00058685,270.00000000
2018-02-24 03:06:25,0.00058685,38.00000000
2018-02-24 03:06:25,0.00058685,45.00000000
2018-02-24 03:06:25,0.00058685,14.00000000
2018-02-24 03:06:25,0.00058685,303.00000000
2018-02-24 03:06:25,0.00058685,63.00000000
2018-02-24 03:06:25,0.00058679,8.00000000
2018-02-24 03:06:25,0.00058666,6.00000000
2018-02-24 03:06:25,0.00058650,50.00000000
2018-02-24 03:06:25,0.00058644,200.00000000
2018-02-24 03:06:25,0.00058600,39.00000000
2018-02-24 03:06:30,0.00058683,13.00000000
2018-02-24 03:06:30,0.00058600,15.00000000
2018-02-24 03:06:31,0.00058600,24.00000000
2018-02-24 03:06:32,0.00058600,13.00000000
2018-02-24 03:06:33,0.00058600,9.00000000
2018-02-24 03:06:33,0.00058588,629.00000000
2018-02-24 03:06:35,0.00058588,96.00000000
2018-02-24 03:06:38,0.00058588,269.00000000
2018-02-24 03:06:38,0.00058600,14.00000000
2018-02-24 03:06:42,0.00058676,4.00000000
2018-02-24 03:06:44,0.00058600,27.00000000
2018-02-24 03:06:45,0.00058676,19.00000000
2018-02-24 03:06:46,0.00058676,4.00000000
2018-02-24 03:06:46,0.00058600,172.00000000
2018-02-24 03:06:47,0.00058676,567.00000000
2018-02-24 03:06:47,0.00058677,8.00000000
2018-02-24 03:06:47,0.00058700,74.00000000
2018-02-24 03:06:49,0.00058695,4.00000000
2018-02-24 03:06:49,0.00058700,11.00000000
2018-02-24 03:06:51,0.00058605,4.00000000
2018-02-24 03:06:51,0.00058600,77.00000000
2018-02-24 03:06:51,0.00058582,34.00000000
2018-02-24 03:06:51,0.00058562,6.00000000
2018-02-24 03:06:51,0.00058550,39.00000000
2018-02-24 03:06:51,0.00058515,4.00000000
2018-02-24 03:06:51,0.00058513,7.00000000
2018-02-24 03:06:51,0.00058509,10.00000000
2018-02-24 03:06:51,0.00058503,26.00000000
2018-02-24 03:06:51,0.00058502,2000.00000000
2018-02-24 03:06:51,0.00058501,50.00000000
2018-02-24 03:06:51,0.00058500,293.00000000
2018-02-24 03:06:51,0.00058487,4.00000000
2018-02-24 03:06:51,0.00058481,270.00000000
2018-02-24 03:06:51,0.00058479,95.00000000
2018-02-24 03:06:51,0.00058459,14.00000000
2018-02-24 03:06:51,0.00058425,14.00000000
2018-02-24 03:06:51,0.00058423,5.00000000
2018-02-24 03:06:51,0.00058420,60.00000000
2018-02-24 03:06:51,0.00058500,110.00000000
2018-02-24 03:06:51,0.00058500,100.00000000
2018-02-24 03:06:51,0.00058500,2.00000000
2018-02-24 03:06:52,0.00058500,40.00000000
2018-02-24 03:06:52,0.00058500,11.00000000
2018-02-24 03:06:53,0.00058500,15.00000000
2018-02-24 03:06:53,0.00058500,14.00000000
2018-02-24 03:06:53,0.00058500,80.00000000
2018-02-24 03:06:53,0.00058500,113.00000000
2018-02-24 03:06:53,0.00058500,9.00000000
2018-02-24 03:06:53,0.00058500,15.00000000
2018-02-24 03:06:53,0.00058500,51.00000000
2018-02-24 03:06:54,0.00058500,35.00000000
2018-02-24 03:06:54,0.00058500,15.00000000
2018-02-24 03:06:54,0.00058500,4.00000000
2018-02-24 03:06:54,0.00058500,3.00000000
2018-02-24 03:06:54,0.00058500,14.00000000
2018-02-24 03:06:54,0.00058500,2.00000000
2018-02-24 03:06:54,0.00058500,39.00000000
2018-02-24 03:06:54,0.00058500,2.00000000
2018-02-24 03:06:54,0.00058500,4.00000000
2018-02-24 03:06:54,0.00058500,45.00000000
2018-02-24 03:06:54,0.00058500,45.00000000
2018-02-24 03:06:54,0.00058428,25.00000000
2018-02-24 03:06:55,0.00058420,20.00000000
2018-02-24 03:06:56,0.00058500,3.00000000
2018-02-24 03:06:56,0.00058500,4.00000000
2018-02-24 03:06:56,0.00058500,5.00000000
2018-02-24 03:06:56,0.00058435,4.00000000
2018-02-24 03:06:56,0.00058500,14.00000000
2018-02-24 03:06:57,0.00058500,6.00000000
2018-02-24 03:06:57,0.00058500,5.00000000
2018-02-24 03:06:57,0.00058500,45.00000000
2018-02-24 03:06:57,0.00058500,4.00000000
2018-02-24 03:06:57,0.00058500,14.00000000
2018-02-24 03:06:57,0.00058500,9.00000000
2018-02-24 03:06:58,0.00058500,4.00000000
2018-02-24 03:06:58,0.00058500,5.00000000
2018-02-24 03:06:58,0.00058500,3.00000000
2018-02-24 03:06:58,0.00058500,4.00000000
2018-02-24 03:06:59,0.00058420,4.00000000
2018-02-24 03:06:59,0.00058500,4.00000000
2018-02-24 03:07:01,0.00058500,4.00000000
2018-02-24 03:07:02,0.00058420,32.00000000
2018-02-24 03:07:03,0.00058500,1981.00000000
2018-02-24 03:07:03,0.00058536,34.00000000
2018-02-24 03:07:03,0.00058588,5.00000000
2018-02-24 03:07:03,0.00058588,323.00000000
2018-02-24 03:07:03,0.00058588,25.00000000
2018-02-24 03:07:03,0.00058599,14.00000000
2018-02-24 03:07:03,0.00058606,20.00000000
2018-02-24 03:07:06,0.00058588,26.00000000
2018-02-24 03:07:07,0.00058616,3.00000000
2018-02-24 03:07:07,0.00058588,37.00000000
2018-02-24 03:07:09,0.00058616,17.00000000
2018-02-24 03:07:11,0.00058616,4.00000000
2018-02-24 03:07:12,0.00058588,51.00000000
2018-02-24 03:07:12,0.00058588,401.00000000
2018-02-24 03:07:15,0.00058588,14.00000000
2018-02-24 03:07:23,0.00058588,32.00000000
2018-02-24 03:07:25,0.00058586,10.00000000
2018-02-24 03:07:25,0.00058587,17.00000000
2018-02-24 03:07:25,0.00058588,54.00000000
2018-02-24 03:07:29,0.00058614,3.00000000
2018-02-24 03:07:29,0.00058616,113.00000000
2018-02-24 03:07:29,0.00058616,10.00000000
2018-02-24 03:07:29,0.00058616,189.00000000
2018-02-24 03:07:30,0.00058616,141.00000000
2018-02-24 03:07:40,0.00058616,17.00000000
2018-02-24 03:07:40,0.00058616,6.00000000
2018-02-24 03:07:40,0.00058616,28.00000000
2018-02-24 03:07:41,0.00058616,3.00000000
2018-02-24 03:07:41,0.00058616,10.00000000
2018-02-24 03:07:42,0.00058616,22.00000000
2018-02-24 03:07:42,0.00058616,25.00000000
2018-02-24 03:07:42,0.00058616,35.00000000
2018-02-24 03:07:42,0.00058616,27.00000000
2018-02-24 03:07:42,0.00058616,1.00000000
2018-02-24 03:07:43,0.00058616,4.00000000
2018-02-24 03:07:43,0.00058616,28.00000000
2018-02-24 03:07:44,0.00058616,32.00000000
2018-02-24 03:07:50,0.00058676,3.00000000
2018-02-24 03:07:52,0.00058676,369.00000000
2018-02-24 03:07:54,0.00058616,22.00000000
2018-02-24 03:07:54,0.00058589,22.00000000
2018-02-24 03:08:00,0.00058590,10.00000000
2018-02-24 03:08:01,0.00058589,51.00000000
2018-02-24 03:08:04,0.00058590,51.00000000
2018-02-24 03:08:11,0.00058591,99.00000000
2018-02-24 03:08:37,0.00058591,85.00000000
2018-02-24 03:08:37,0.00058591,5.00000000
2018-02-24 03:08:37,0.00058591,51.00000000
2018-02-24 03:08:42,0.00058699,7.00000000
2018-02-24 03:08:51,0.00058597,7.00000000
2018-02-24 03:08:53,0.00058596,4.00000000
2018-02-24 03:08:55,0.00058692,7.00000000
2018-02-24 03:08:55,0.00058693,97.00000000
2018-02-24 03:08:55,0.00058694,4.00000000
2018-02-24 03:08:55,0.00058700,48.00000000
2018-02-24 03:09:10,0.00058601,700.00000000
2018-02-24 03:09:11,0.00058601,2.00000000
2018-02-24 03:09:17,0.00058607,10.00000000
2018-02-24 03:09:17,0.00058606,4.00000000
2018-02-24 03:09:17,0.00058601,36.00000000
2018-02-24 03:09:18,0.00058601,51.00000000
2018-02-24 03:09:19,0.00058601,85.00000000
2018-02-24 03:09:19,0.00058601,190.00000000
2018-02-24 03:09:19,0.00058601,85.00000000
2018-02-24 03:09:20,0.00058601,98.00000000
2018-02-24 03:09:20,0.00058601,368.00000000
2018-02-24 03:09:35,0.00058601,97.00000000
2018-02-24 03:09:35,0.00058601,75.00000000
2018-02-24 03:09:38,0.00058601,10.00000000
2018-02-24 03:09:38,0.00058601,10.00000000
2018-02-24 03:09:39,0.00058601,10.00000000
2018-02-24 03:09:39,0.00058602,3.00000000
2018-02-24 03:10:02,0.00058602,7.00000000
2018-02-24 03:10:07,0.00058667,20.00000000
2018-02-24 03:10:20,0.00058666,3.00000000
2018-02-24 03:10:20,0.00058667,5.00000000
2018-02-24 03:10:21,0.00058666,303.00000000
2018-02-24 03:10:26,0.00058665,8.00000000
2018-02-24 03:10:26,0.00058666,54.00000000
2018-02-24 03:10:41,0.00058603,15.00000000
2018-02-24 03:10:42,0.00058663,15.00000000
2018-02-24 03:10:42,0.00058664,11.00000000
2018-02-24 03:10:43,0.00058667,40.00000000
2018-02-24 03:10:43,0.00058668,10.00000000
2018-02-24 03:10:44,0.00058667,5.00000000
2018-02-24 03:10:44,0.00058667,19.00000000
2018-02-24 03:10:46,0.00058667,11.00000000
2018-02-24 03:10:47,0.00058667,66.00000000
2018-02-24 03:10:49,0.00058667,19.00000000
2018-02-24 03:10:49,0.00058667,114.00000000
2018-02-24 03:10:50,0.00058668,255.00000000
2018-02-24 03:10:54,0.00058667,139.00000000
2018-02-24 03:10:55,0.00058667,77.00000000
2018-02-24 03:10:55,0.00058667,108.00000000
2018-02-24 03:10:56,0.00058667,4.00000000
2018-02-24 03:10:56,0.00058667,50.00000000
2018-02-24 03:10:59,0.00058667,19.00000000
2018-02-24 03:11:00,0.00058667,13.00000000
2018-02-24 03:11:00,0.00058667,2.00000000
2018-02-24 03:11:02,0.00058667,48.00000000
2018-02-24 03:11:02,0.00058667,28.00000000
2018-02-24 03:11:02,0.00058667,51.00000000
2018-02-24 03:11:02,0.00058667,23.00000000
2018-02-24 03:11:03,0.00058667,24.00000000
2018-02-24 03:11:03,0.00058667,19.00000000
2018-02-24 03:11:04,0.00058667,13.00000000
2018-02-24 03:11:05,0.00058667,34.00000000
2018-02-24 03:11:05,0.00058667,18.00000000
2018-02-24 03:11:07,0.00058667,51.00000000
2018-02-24 03:11:07,0.00058667,51.00000000
2018-02-24 03:11:07,0.00058667,28.00000000
2018-02-24 03:11:09,0.00058668,9.00000000
2018-02-24 03:11:09,0.00058667,6.00000000
2018-02-24 03:11:09,0.00058667,2.00000000
2018-02-24 03:11:10,0.00058667,17.00000000
2018-02-24 03:11:16,0.00058693,2.00000000
2018-02-24 03:11:17,0.00058667,6.00000000
2018-02-24 03:11:18,0.00058693,61.00000000
2018-02-24 03:11:19,0.00058667,15.00000000
2018-02-24 03:11:21,0.00058667,14.00000000
2018-02-24 03:11:21,0.00058667,6.00000000
2018-02-24 03:11:38,0.00058680,9.00000000
2018-02-24 03:11:38,0.00058681,232.00000000
2018-02-24 03:11:38,0.00058695,4.00000000
2018-02-24 03:11:38,0.00058699,122.00000000
2018-02-24 03:11:40,0.00058667,10.00000000
2018-02-24 03:11:40,0.00058667,10.00000000
2018-02-24 03:11:42,0.00058667,15.00000000
2018-02-24 03:11:42,0.00058667,39.00000000
2018-02-24 03:11:43,0.00058679,2.00000000
2018-02-24 03:11:43,0.00058667,51.00000000
2018-02-24 03:11:44,0.00058667,13.00000000
2018-02-24 03:11:44,0.00058667,34.00000000
2018-02-24 03:11:44,0.00058679,679.00000000
2018-02-24 03:11:44,0.00058699,129.00000000
2018-02-24 03:11:44,0.00058700,1691.00000000
2018-02-24 03:11:45,0.00058670,40.00000000
2018-02-24 03:11:45,0.00058671,5.00000000
2018-02-24 03:11:45,0.00058672,30.00000000
2018-02-24 03:11:45,0.00058672,42.00000000
2018-02-24 03:11:45,0.00058672,56.00000000
2018-02-24 03:11:45,0.00058672,38.00000000
2018-02-24 03:11:47,0.00058700,96.00000000
2018-02-24 03:11:47,0.00058700,39.00000000
2018-02-24 03:11:47,0.00058700,157.00000000
2018-02-24 03:11:47,0.00058700,51.00000000
2018-02-24 03:11:47,0.00058700,549.00000000
2018-02-24 03:11:47,0.00058700,8.00000000
2018-02-24 03:11:48,0.00058700,241.00000000
2018-02-24 03:11:48,0.00058700,509.00000000
2018-02-24 03:11:48,0.00058700,14.00000000
2018-02-24 03:11:48,0.00058700,51.00000000
2018-02-24 03:11:48,0.00058700,51.00000000
2018-02-24 03:11:48,0.00058700,51.00000000
2018-02-24 03:11:49,0.00058700,21.00000000
2018-02-24 03:11:49,0.00058700,8.00000000
2018-02-24 03:12:01,0.00058751,3.00000000
2018-02-24 03:12:03,0.00058700,50.00000000
2018-02-24 03:12:03,0.00058700,157.00000000
2018-02-24 03:12:04,0.00058677,51.00000000
2018-02-24 03:12:13,0.00058677,7.00000000
2018-02-24 03:12:13,0.00058676,4.00000000
2018-02-24 03:12:14,0.00058675,159.00000000
2018-02-24 03:12:14,0.00058677,193.00000000
2018-02-24 03:12:17,0.00058682,50.00000000
2018-02-24 03:12:17,0.00058682,51.00000000
2018-02-24 03:12:17,0.00058682,51.00000000
2018-02-24 03:12:17,0.00058682,14.00000000
2018-02-24 03:12:18,0.00058680,51.00000000
2018-02-24 03:12:18,0.00058677,5.00000000
2018-02-24 03:12:18,0.00058677,15.00000000
2018-02-24 03:12:23,0.00058677,78.00000000
2018-02-24 03:12:23,0.00058677,19.00000000
2018-02-24 03:12:23,0.00058677,51.00000000
2018-02-24 03:12:24,0.00058677,30.00000000
2018-02-24 03:12:25,0.00058677,51.00000000
2018-02-24 03:12:25,0.00058677,25.00000000
2018-02-24 03:12:26,0.00058677,51.00000000
2018-02-24 03:12:27,0.00058677,51.00000000
2018-02-24 03:12:27,0.00058677,50.00000000
2018-02-24 03:12:29,0.00058677,51.00000000
2018-02-24 03:12:30,0.00058677,34.00000000
2018-02-24 03:12:32,0.00058677,51.00000000
2018-02-24 03:12:32,0.00058677,36.00000000
2018-02-24 03:12:33,0.00058667,10.00000000
2018-02-24 03:12:33,0.00058667,51.00000000
2018-02-24 03:12:33,0.00058667,51.00000000
2018-02-24 03:12:33,0.00058667,51.00000000
2018-02-24 03:12:34,0.00058667,40.00000000
2018-02-24 03:12:59,0.00058653,10.00000000
2018-02-24 03:13:08,0.00058650,100.00000000
2018-02-24 03:13:18,0.00058602,170.00000000
2018-02-24 03:13:20,0.00058641,34.00000000
2018-02-24 03:13:27,0.00058602,220.00000000
2018-02-24 03:13:39,0.00058602,68.00000000
2018-02-24 03:13:39,0.00058601,23.00000000
2018-02-24 03:13:47,0.00058601,171.00000000
2018-02-24 03:14:03,0.00058614,22.00000000
2018-02-24 03:14:03,0.00058616,51.00000000
2018-02-24 03:14:03,0.00058625,42.00000000
2018-02-24 03:14:05,0.00058641,186.00000000
2018-02-24 03:14:20,0.00058641,16.00000000
2018-02-24 03:14:20,0.00058641,105.00000000
2018-02-24 03:14:20,0.00058641,142.00000000
2018-02-24 03:14:21,0.00058642,10.00000000
2018-02-24 03:14:21,0.00058641,23.00000000
2018-02-24 03:14:21,0.00058641,8.00000000
2018-02-24 03:14:21,0.00058641,43.00000000
2018-02-24 03:14:22,0.00058641,4.00000000
2018-02-24 03:14:40,0.00058730,5.00000000
2018-02-24 03:14:49,0.00058730,380.00000000
2018-02-24 03:14:49,0.00058730,51.00000000
2018-02-24 03:14:49,0.00058730,51.00000000
2018-02-24 03:14:49,0.00058730,552.00000000
2018-02-24 03:14:49,0.00058730,13.00000000
2018-02-24 03:14:49,0.00058730,32.00000000
2018-02-24 03:14:49,0.00058730,32.00000000
2018-02-24 03:14:49,0.00058730,303.00000000
2018-02-24 03:14:49,0.00058730,4.00000000
2018-02-24 03:14:49,0.00058730,19.00000000
2018-02-24 03:14:49,0.00058730,51.00000000
2018-02-24 03:14:49,0.00058730,14.00000000
2018-02-24 03:14:49,0.00058730,51.00000000
2018-02-24 03:14:49,0.00058730,671.00000000
2018-02-24 03:14:49,0.00058730,51.00000000
2018-02-24 03:14:49,0.00058730,303.00000000
2018-02-24 03:14:49,0.00058730,51.00000000
2018-02-24 03:14:49,0.00058730,633.00000000
2018-02-24 03:14:49,0.00058642,5.00000000
2018-02-24 03:14:49,0.00058641,34.00000000
2018-02-24 03:14:49,0.00058616,12.00000000
2018-02-24 03:14:56,0.00058730,4.00000000
2018-02-24 03:14:56,0.00058730,13.00000000
2018-02-24 03:15:05,0.00058630,10.00000000
2018-02-24 03:15:09,0.00058729,15.00000000
2018-02-24 03:15:09,0.00058730,470.00000000
2018-02-24 03:15:20,0.00058729,35.00000000
2018-02-24 03:15:24,0.00058630,20.00000000
2018-02-24 03:15:24,0.00058629,68.00000000
2018-02-24 03:15:25,0.00058628,14.00000000
2018-02-24 03:15:25,0.00058728,20.00000000
2018-02-24 03:15:25,0.00058729,230.00000000
2018-02-24 03:15:25,0.00058730,282.00000000
2018-02-24 03:15:25,0.00058730,40.00000000
2018-02-24 03:15:26,0.00058730,51.00000000
2018-02-24 03:15:26,0.00058730,303.00000000
2018-02-24 03:15:26,0.00058730,895.00000000
2018-02-24 03:15:26,0.00058628,354.00000000
2018-02-24 03:15:26,0.00058730,15.00000000
2018-02-24 03:15:31,0.00058631,20.00000000
2018-02-24 03:15:32,0.00058630,5.00000000
2018-02-24 03:15:33,0.00058630,6.00000000
2018-02-24 03:15:33,0.00058630,32.00000000
2018-02-24 03:15:33,0.00058629,9.00000000
2018-02-24 03:15:33,0.00058629,50.00000000
2018-02-24 03:15:33,0.00058629,51.00000000
2018-02-24 03:15:33,0.00058629,12.00000000
2018-02-24 03:15:33,0.00058629,49.00000000
2018-02-24 03:15:34,0.00058628,51.00000000
2018-02-24 03:15:34,0.00058628,51.00000000
2018-02-24 03:15:34,0.00058628,51.00000000
2018-02-24 03:15:34,0.00058628,50.00000000
2018-02-24 03:15:35,0.00058628,19.00000000
2018-02-24 03:15:35,0.00058628,27.00000000
2018-02-24 03:15:39,0.00058628,6.00000000
2018-02-24 03:15:41,0.00058640,50.00000000
2018-02-24 03:15:42,0.00058729,159.00000000
2018-02-24 03:15:43,0.00058641,20.00000000
2018-02-24 03:15:46,0.00058640,51.00000000
2018-02-24 03:15:46,0.00058640,51.00000000
2018-02-24 03:15:47,0.00058640,51.00000000
2018-02-24 03:15:47,0.00058640,51.00000000
2018-02-24 03:15:47,0.00058640,51.00000000
2018-02-24 03:15:47,0.00058640,51.00000000
2018-02-24 03:15:47,0.00058640,51.00000000
2018-02-24 03:15:48,0.00058640,51.00000000
2018-02-24 03:15:48,0.00058640,51.00000000
2018-02-24 03:15:48,0.00058728,20.00000000
2018-02-24 03:15:48,0.00058729,354.00000000
2018-02-24 03:15:48,0.00058730,70.00000000
2018-02-24 03:15:48,0.00058745,68.00000000
2018-02-24 03:15:48,0.00058747,4.00000000
2018-02-24 03:15:48,0.00058640,51.00000000
2018-02-24 03:15:48,0.00058640,51.00000000
2018-02-24 03:15:48,0.00058640,51.00000000
2018-02-24 03:15:48,0.00058640,51.00000000
2018-02-24 03:15:48,0.00058640,51.00000000
2018-02-24 03:15:49,0.00058641,20.00000000
2018-02-24 03:15:49,0.00058640,51.00000000
2018-02-24 03:15:49,0.00058640,20.00000000
2018-02-24 03:15:49,0.00058640,51.00000000
2018-02-24 03:15:49,0.00058640,51.00000000
2018-02-24 03:15:49,0.00058640,51.00000000
2018-02-24 03:15:49,0.00058640,51.00000000
2018-02-24 03:15:49,0.00058640,51.00000000
2018-02-24 03:15:50,0.00058640,51.00000000
2018-02-24 03:15:50,0.00058640,51.00000000
2018-02-24 03:15:53,0.00058640,51.00000000
2018-02-24 03:15:53,0.00058640,51.00000000
2018-02-24 03:15:53,0.00058640,51.00000000
2018-02-24 03:15:53,0.00058640,51.00000000
2018-02-24 03:15:53,0.00058640,51.00000000
2018-02-24 03:15:53,0.00058640,51.00000000
2018-02-24 03:15:55,0.00058640,51.00000000
2018-02-24 03:15:55,0.00058746,8.00000000
2018-02-24 03:15:55,0.00058640,892.00000000
2018-02-24 03:15:57,0.00058629,51.00000000
2018-02-24 03:15:57,0.00058629,17.00000000
2018-02-24 03:15:57,0.00058628,51.00000000
2018-02-24 03:15:57,0.00058628,51.00000000
2018-02-24 03:15:57,0.00058628,51.00000000
2018-02-24 03:15:57,0.00058628,51.00000000
2018-02-24 03:15:58,0.00058628,51.00000000
2018-02-24 03:15:58,0.00058628,51.00000000
2018-02-24 03:15:58,0.00058628,51.00000000
2018-02-24 03:15:58,0.00058628,51.00000000
2018-02-24 03:15:58,0.00058628,51.00000000
2018-02-24 03:15:58,0.00058628,51.00000000
2018-02-24 03:15:58,0.00058628,41.00000000
2018-02-24 03:15:58,0.00058640,6.00000000
2018-02-24 03:15:58,0.00058628,51.00000000
2018-02-24 03:15:59,0.00058628,51.00000000
2018-02-24 03:15:59,0.00058628,51.00000000
2018-02-24 03:15:59,0.00058628,51.00000000
2018-02-24 03:16:39,0.00058636,8.00000000
2018-02-24 03:16:39,0.00058635,9.00000000
2018-02-24 03:16:40,0.00058744,86.00000000
2018-02-24 03:16:40,0.00058745,8.00000000
2018-02-24 03:16:40,0.00058746,12.00000000
2018-02-24 03:16:40,0.00058747,11.00000000
2018-02-24 03:16:48,0.00058744,55.00000000
2018-02-24 03:16:48,0.00058747,4.00000000
2018-02-24 03:16:48,0.00058750,90.00000000
2018-02-24 03:16:48,0.00058753,68.00000000
2018-02-24 03:16:48,0.00058788,2.00000000
2018-02-24 03:16:48,0.00058800,460.00000000
2018-02-24 03:16:50,0.00058741,56.00000000
2018-02-24 03:16:50,0.00058636,20.00000000
2018-02-24 03:16:51,0.00058636,460.00000000
2018-02-24 03:16:54,0.00058636,459.00000000
2018-02-24 03:17:02,0.00058640,18.00000000
2018-02-24 03:17:02,0.00058640,55.00000000
2018-02-24 03:17:03,0.00058640,51.00000000
2018-02-24 03:17:03,0.00058640,50.00000000
2018-02-24 03:17:03,0.00058640,51.00000000
2018-02-24 03:17:04,0.00058640,13.00000000
2018-02-24 03:17:04,0.00058640,33.00000000
2018-02-24 03:17:04,0.00058640,18.00000000
2018-02-24 03:17:07,0.00058640,15.00000000
2018-02-24 03:17:08,0.00058640,64.00000000
2018-02-24 03:17:08,0.00058736,8.00000000
2018-02-24 03:17:11,0.00058641,8.00000000
2018-02-24 03:17:11,0.00058640,56.00000000
2018-02-24 03:17:11,0.00058640,18.00000000
2018-02-24 03:17:12,0.00058640,18.00000000
2018-02-24 03:17:12,0.00058640,15.00000000
2018-02-24 03:17:12,0.00058640,24.00000000
2018-02-24 03:17:12,0.00058640,34.00000000
2018-02-24 03:17:14,0.00058640,112.00000000
2018-02-24 03:17:14,0.00058640,38.00000000
2018-02-24 03:17:15,0.00058640,6.00000000
2018-02-24 03:17:16,0.00058640,287.00000000
2018-02-24 03:17:16,0.00058640,5.00000000
2018-02-24 03:17:16,0.00058640,304.00000000
2018-02-24 03:17:16,0.00058640,19.00000000
2018-02-24 03:17:17,0.00058640,5.00000000
2018-02-24 03:17:17,0.00058640,5.00000000
2018-02-24 03:17:18,0.00058640,5.00000000
2018-02-24 03:17:18,0.00058640,5.00000000
2018-02-24 03:17:18,0.00058640,28.00000000
2018-02-24 03:17:19,0.00058640,5.00000000
2018-02-24 03:17:19,0.00058640,85.00000000
2018-02-24 03:17:19,0.00058640,322.00000000
2018-02-24 03:17:19,0.00058640,85.00000000
2018-02-24 03:17:48,0.00058641,156.00000000
2018-02-24 03:17:49,0.00058730,12.00000000
2018-02-24 03:17:49,0.00058731,177.00000000
2018-02-24 03:17:52,0.00058731,12.00000000
2018-02-24 03:17:53,0.00058730,46.00000000
2018-02-24 03:17:59,0.00058643,15.00000000
2018-02-24 03:18:00,0.00058644,20.00000000
2018-02-24 03:18:00,0.00058643,19.00000000
2018-02-24 03:18:00,0.00058641,8.00000000
2018-02-24 03:18:02,0.00058728,18.00000000
2018-02-24 03:18:02,0.00058642,3.00000000
2018-02-24 03:18:03,0.00058728,3.00000000
2018-02-24 03:18:10,0.00058642,18.00000000
2018-02-24 03:18:10,0.00058641,18.00000000
2018-02-24 03:18:21,0.00058641,7.00000000
2018-02-24 03:18:42,0.00058641,119.00000000
2018-02-24 03:18:42,0.00058640,469.00000000
2018-02-24 03:18:51,0.00058640,16.00000000
2018-02-24 03:18:52,0.00058714,4.00000000
2018-02-24 03:19:02,0.00058641,38.00000000
2018-02-24 03:19:17,0.00058641,1275.00000000
2018-02-24 03:19:25,0.00058640,171.00000000
2018-02-24 03:19:29,0.00058641,2892.00000000
2018-02-24 03:19:32,0.00058640,663.00000000
2018-02-24 03:19:42,0.00058641,191.00000000
2018-02-24 03:19:42,0.00058636,309.00000000
2018-02-24 03:19:46,0.00058636,17.00000000
2018-02-24 03:19:54,0.00058639,90.00000000
2018-02-24 03:20:10,0.00058639,30.00000000
2018-02-24 03:20:13,0.00058645,191.00000000
2018-02-24 03:20:13,0.00058646,1028.00000000
2018-02-24 03:20:16,0.00058699,20.00000000
2018-02-24 03:20:16,0.00058700,12.00000000
2018-02-24 03:20:16,0.00058719,10.00000000
2018-02-24 03:20:16,0.00058743,33.00000000
2018-02-24 03:20:16,0.00058743,20.00000000
2018-02-24 03:20:16,0.00058744,10.00000000
2018-02-24 03:20:16,0.00058743,18.00000000
2018-02-24 03:20:16,0.00058743,383.00000000
2018-02-24 03:20:17,0.00058743,13.00000000
2018-02-24 03:20:17,0.00058743,158.00000000
2018-02-24 03:20:18,0.00058743,38.00000000
2018-02-24 03:21:06,0.00058739,10.00000000
2018-02-24 03:21:06,0.00058740,71.00000000
2018-02-24 03:21:57,0.00058653,1.00000000
2018-02-24 03:22:10,0.00058730,28.00000000
2018-02-24 03:22:31,0.00058730,3.00000000
2018-02-24 03:22:34,0.00058720,348.00000000
2018-02-24 03:22:34,0.00058730,158.00000000
2018-02-24 03:22:35,0.00058658,19.00000000
2018-02-24 03:22:48,0.00058657,60.00000000
2018-02-24 03:23:02,0.00058658,13.00000000
2018-02-24 03:23:02,0.00058657,2.00000000
2018-02-24 03:23:14,0.00058697,6.00000000
2018-02-24 03:23:18,0.00058697,268.00000000
2018-02-24 03:23:18,0.00058698,41.00000000
2018-02-24 03:23:20,0.00058658,150.00000000
2018-02-24 03:23:46,0.00058658,15.00000000
2018-02-24 03:23:56,0.00058696,31.00000000
2018-02-24 03:23:58,0.00058696,1.00000000
2018-02-24 03:23:59,0.00058658,23.00000000
2018-02-24 03:24:00,0.00058658,167.00000000
2018-02-24 03:24:01,0.00058657,2.00000000
2018-02-24 03:24:09,0.00058696,51.00000000
2018-02-24 03:24:09,0.00058670,32.00000000
2018-02-24 03:24:13,0.00058670,51.00000000
2018-02-24 03:24:13,0.00058670,22.00000000
2018-02-24 03:24:14,0.00058670,45.00000000
2018-02-24 03:24:14,0.00058670,17.00000000
2018-02-24 03:24:14,0.00058670,17.00000000
2018-02-24 03:24:14,0.00058657,17.00000000
2018-02-24 03:24:27,0.00058660,14.00000000
2018-02-24 03:24:40,0.00058661,66.00000000
2018-02-24 03:24:40,0.00058660,46.00000000
2018-02-24 03:24:51,0.00058660,21.00000000
2018-02-24 03:24:51,0.00058660,70.00000000
2018-02-24 03:25:01,0.00058669,16.00000000
2018-02-24 03:25:01,0.00058669,14.00000000
2018-02-24 03:25:04,0.00058661,1.00000000
2018-02-24 03:25:09,0.00058661,8.00000000
2018-02-24 03:25:26,0.00058668,51.00000000
2018-02-24 03:25:28,0.00058660,522.00000000
2018-02-24 03:25:28,0.00058660,217.00000000
2018-02-24 03:25:29,0.00058660,286.00000000
2018-02-24 03:25:29,0.00058660,102.00000000
2018-02-24 03:25:31,0.00058661,107.00000000
2018-02-24 03:25:34,0.00058668,33.00000000
2018-02-24 03:25:37,0.00058661,21.00000000
2018-02-24 03:25:38,0.00058661,977.00000000
2018-02-24 03:25:38,0.00058660,850.00000000
2018-02-24 03:25:41,0.00058668,51.00000000
2018-02-24 03:25:41,0.00058668,36.00000000
2018-02-24 03:25:41,0.00058668,14.00000000
2018-02-24 03:25:41,0.00058668,81.00000000
2018-02-24 03:25:41,0.00058668,51.00000000
2018-02-24 03:25:41,0.00058668,17.00000000
2018-02-24 03:25:41,0.00058668,139.00000000
2018-02-24 03:25:41,0.00058668,58.00000000
2018-02-24 03:25:45,0.00058661,87.00000000
2018-02-24 03:25:45,0.00058661,219.00000000
2018-02-24 03:25:55,0.00058662,400.00000000
2018-02-24 03:26:09,0.00058662,637.00000000
2018-02-24 03:26:10,0.00058666,368.00000000
2018-02-24 03:26:10,0.00058667,1012.00000000
2018-02-24 03:26:16,0.00058665,115.00000000
2018-02-24 03:26:21,0.00058662,105.00000000
2018-02-24 03:26:28,0.00058662,19.00000000
2018-02-24 03:26:29,0.00058665,90.00000000
2018-02-24 03:26:37,0.00058662,38.00000000
2018-02-24 03:26:38,0.00058665,12.00000000
2018-02-24 03:26:38,0.00058662,179.00000000
2018-02-24 03:26:42,0.00058665,3.00000000
2018-02-24 03:26:43,0.00058665,46.00000000
2018-02-24 03:26:44,0.00058665,84.00000000
2018-02-24 03:26:55,0.00058665,24.00000000
2018-02-24 03:27:00,0.00058662,677.00000000
2018-02-24 03:27:00,0.00058661,1622.00000000
2018-02-24 03:27:15,0.00058661,54.00000000
2018-02-24 03:27:15,0.00058660,18.00000000
2018-02-24 03:27:15,0.00058658,2.00000000
2018-02-24 03:27:33,0.00058658,7.00000000
2018-02-24 03:27:34,0.00058660,12.00000000
2018-02-24 03:27:59,0.00058658,2.00000000
2018-02-24 03:28:01,0.00058658,39.00000000
2018-02-24 03:28:01,0.00058651,152.00000000
2018-02-24 03:28:01,0.00058650,30.00000000
2018-02-24 03:28:01,0.00058636,27.00000000
2018-02-24 03:28:08,0.00058659,23.00000000
2018-02-24 03:28:14,0.00058659,50.00000000
2018-02-24 03:28:14,0.00058659,15.00000000
2018-02-24 03:28:18,0.00058637,168.00000000
2018-02-24 03:28:18,0.00058636,811.00000000
2018-02-24 03:28:18,0.00058636,70.00000000
2018-02-24 03:28:23,0.00058636,3.00000000
2018-02-24 03:28:28,0.00058638,447.00000000
2018-02-24 03:28:28,0.00058636,249.00000000
2018-02-24 03:28:28,0.00058636,51.00000000
2018-02-24 03:28:28,0.00058636,51.00000000
2018-02-24 03:28:28,0.00058636,51.00000000
2018-02-24 03:28:28,0.00058636,6.00000000
2018-02-24 03:28:28,0.00058658,51.00000000
2018-02-24 03:28:29,0.00058658,17.00000000
2018-02-24 03:28:29,0.00058659,51.00000000
2018-02-24 03:28:40,0.00058657,17.00000000
2018-02-24 03:28:40,0.00058628,2.00000000
2018-02-24 03:28:40,0.00058639,4.00000000
2018-02-24 03:28:41,0.00058628,5.00000000
2018-02-24 03:28:51,0.00058628,12.00000000
2018-02-24 03:28:51,0.00058628,51.00000000
2018-02-24 03:28:51,0.00058628,51.00000000
2018-02-24 03:28:51,0.00058628,51.00000000
2018-02-24 03:28:51,0.00058628,113.00000000
2018-02-24 03:28:51,0.00058628,51.00000000
2018-02-24 03:28:52,0.00058628,51.00000000
2018-02-24 03:28:52,0.00058628,50.00000000
2018-02-24 03:28:52,0.00058628,51.00000000
2018-02-24 03:28:52,0.00058628,51.00000000
2018-02-24 03:28:52,0.00058628,442.00000000
2018-02-24 03:28:52,0.00058628,85.00000000
2018-02-24 03:28:52,0.00058628,65.00000000
2018-02-24 03:28:58,0.00058601,7.00000000
2018-02-24 03:28:58,0.00058592,54.00000000
2018-02-24 03:28:59,0.00058628,1485.00000000
2018-02-24 03:29:06,0.00058629,124.00000000
2018-02-24 03:29:08,0.00058639,8.00000000
2018-02-24 03:29:11,0.00058639,83.00000000
2018-02-24 03:29:19,0.00058639,61.00000000
2018-02-24 03:29:21,0.00058639,5.00000000
2018-02-24 03:29:28,0.00058639,20.00000000
2018-02-24 03:29:29,0.00058639,20.00000000
2018-02-24 03:29:32,0.00058639,2.00000000
2018-02-24 03:29:39,0.00058592,28.00000000
2018-02-24 03:29:39,0.00058591,813.00000000
2018-02-24 03:29:48,0.00058639,4.00000000
2018-02-24 03:29:55,0.00058591,8.00000000
2018-02-24 03:29:58,0.00058591,8.00000000
2018-02-24 03:30:00,0.00058639,129.00000000
2018-02-24 03:30:12,0.00058638,13.00000000
2018-02-24 03:30:12,0.00058639,5.00000000
2018-02-24 03:30:15,0.00058639,5.00000000
2018-02-24 03:30:26,0.00058591,10.00000000
2018-02-24 03:30:34,0.00058591,100.00000000
2018-02-24 03:30:49,0.00058591,41.00000000
2018-02-24 03:31:07,0.00058481,30.00000000
2018-02-24 03:31:07,0.00058480,86.00000000
2018-02-24 03:31:07,0.00058479,82.00000000
2018-02-24 03:31:07,0.00058473,68.00000000
2018-02-24 03:31:07,0.00058420,131.00000000
2018-02-24 03:31:07,0.00058416,3.00000000
2018-02-24 03:31:07,0.00058410,75.00000000
2018-02-24 03:31:07,0.00058402,3.00000000
2018-02-24 03:31:07,0.00058390,33.00000000
2018-02-24 03:31:07,0.00058389,66.00000000
2018-02-24 03:31:07,0.00058384,170.00000000
2018-02-24 03:31:07,0.00058352,800.00000000
2018-02-24 03:31:07,0.00058351,151.00000000
2018-02-24 03:31:07,0.00058347,4850.00000000
2018-02-24 03:31:07,0.00058347,30.00000000
2018-02-24 03:31:07,0.00058347,279.00000000
2018-02-24 03:31:07,0.00058347,1057.00000000
2018-02-24 03:31:07,0.00058347,171.00000000
2018-02-24 03:31:07,0.00058347,30.00000000
2018-02-24 03:31:07,0.00058347,233.00000000
2018-02-24 03:31:07,0.00058347,279.00000000
2018-02-24 03:31:07,0.00058347,15.00000000
2018-02-24 03:31:07,0.00058347,233.00000000
2018-02-24 03:31:07,0.00058347,51.00000000
2018-02-24 03:31:07,0.00058347,51.00000000
2018-02-24 03:31:07,0.00058347,86.00000000
2018-02-24 03:31:07,0.00058347,17.00000000
2018-02-24 03:31:07,0.00058347,51.00000000
2018-02-24 03:31:07,0.00058347,101.00000000
2018-02-24 03:31:07,0.00058347,8.00000000
2018-02-24 03:31:07,0.00058347,51.00000000
2018-02-24 03:31:07,0.00058347,51.00000000
2018-02-24 03:31:07,0.00058347,17.00000000
2018-02-24 03:31:07,0.00058347,51.00000000
2018-02-24 03:31:07,0.00058347,51.00000000
2018-02-24 03:31:08,0.00058347,48.00000000
2018-02-24 03:31:08,0.00058347,48.00000000
2018-02-24 03:31:08,0.00058331,9.00000000
2018-02-24 03:31:08,0.00058347,42.00000000
2018-02-24 03:31:08,0.00058331,48.00000000
2018-02-24 03:31:08,0.00058347,3.00000000
2018-02-24 03:31:08,0.00058331,18.00000000
2018-02-24 03:31:08,0.00058347,34.00000000
2018-02-24 03:31:09,0.00058346,33.00000000
2018-02-24 03:31:11,0.00058346,4.00000000
2018-02-24 03:31:11,0.00058346,250.00000000
2018-02-24 03:31:12,0.00058346,1.00000000
2018-02-24 03:31:12,0.00058347,16.00000000
2018-02-24 03:31:12,0.00058347,51.00000000
2018-02-24 03:31:12,0.00058347,34.00000000
2018-02-24 03:31:12,0.00058347,16.00000000
2018-02-24 03:31:12,0.00058347,51.00000000
2018-02-24 03:31:12,0.00058347,15.00000000
2018-02-24 03:31:12,0.00058347,34.00000000
2018-02-24 03:31:12,0.00058347,28.00000000
2018-02-24 03:31:12,0.00058347,51.00000000
2018-02-24 03:31:12,0.00058347,17.00000000
2018-02-24 03:31:12,0.00058347,17.00000000
2018-02-24 03:31:12,0.00058347,34.00000000
2018-02-24 03:31:12,0.00058347,3.00000000
2018-02-24 03:31:12,0.00058347,16.00000000
2018-02-24 03:31:12,0.00058347,17.00000000
2018-02-24 03:31:12,0.00058347,18.00000000
2018-02-24 03:31:12,0.00058333,50.00000000
2018-02-24 03:31:12,0.00058347,28.00000000
2018-02-24 03:31:12,0.00058347,2.00000000
2018-02-24 03:31:13,0.00058347,50.00000000
2018-02-24 03:31:13,0.00058332,17.00000000
2018-02-24 03:31:14,0.00058347,3.00000000
2018-02-24 03:31:14,0.00058346,9.00000000
2018-02-24 03:31:17,0.00058346,10.00000000
2018-02-24 03:31:19,0.00058334,8.00000000
2018-02-24 03:31:19,0.00058333,8.00000000
2018-02-24 03:31:19,0.00058332,14.00000000
2018-02-24 03:31:19,0.00058331,67.00000000
2018-02-24 03:31:19,0.00058329,11.00000000
2018-02-24 03:31:19,0.00058324,50.00000000
2018-02-24 03:31:22,0.00058325,3.00000000
2018-02-24 03:31:23,0.00058325,16.00000000
2018-02-24 03:31:23,0.00058324,309.00000000
2018-02-24 03:31:23,0.00058325,9.00000000
2018-02-24 03:31:23,0.00058325,8.00000000
2018-02-24 03:31:24,0.00058324,54.00000000
2018-02-24 03:31:25,0.00058325,34.00000000
2018-02-24 03:31:28,0.00058345,34.00000000
2018-02-24 03:31:29,0.00058345,350.00000000
2018-02-24 03:31:32,0.00058345,4.00000000
2018-02-24 03:31:32,0.00058345,9.00000000
2018-02-24 03:31:34,0.00058345,40.00000000
2018-02-24 03:31:35,0.00058345,51.00000000
2018-02-24 03:31:35,0.00058345,12.00000000
2018-02-24 03:31:36,0.00058346,51.00000000
2018-02-24 03:31:36,0.00058346,51.00000000
2018-02-24 03:31:36,0.00058346,51.00000000
2018-02-24 03:31:36,0.00058346,50.00000000
2018-02-24 03:31:36,0.00058346,51.00000000
2018-02-24 03:31:36,0.00058346,41.00000000
2018-02-24 03:31:36,0.00058346,41.00000000
2018-02-24 03:31:36,0.00058329,8.00000000
2018-02-24 03:31:36,0.00058346,51.00000000
2018-02-24 03:31:36,0.00058328,11.00000000
2018-02-24 03:31:36,0.00058346,50.00000000
2018-02-24 03:31:36,0.00058346,21.00000000
2018-02-24 03:31:37,0.00058346,51.00000000
2018-02-24 03:31:37,0.00058327,14.00000000
2018-02-24 03:31:37,0.00058346,48.00000000
2018-02-24 03:31:37,0.00058347,31.00000000
2018-02-24 03:31:37,0.00058326,8.00000000
2018-02-24 03:31:37,0.00058347,42.00000000
2018-02-24 03:31:37,0.00058347,30.00000000
2018-02-24 03:31:39,0.00058325,46.00000000
2018-02-24 03:31:40,0.00058325,50.00000000
2018-02-24 03:31:40,0.00058325,51.00000000
2018-02-24 03:31:41,0.00058324,8.00000000
2018-02-24 03:31:43,0.00058324,26.00000000
2018-02-24 03:31:45,0.00058325,51.00000000
2018-02-24 03:31:45,0.00058325,17.00000000
2018-02-24 03:31:45,0.00058325,15.00000000
2018-02-24 03:31:45,0.00058325,51.00000000
2018-02-24 03:31:45,0.00058325,9.00000000
2018-02-24 03:31:45,0.00058347,42.00000000
2018-02-24 03:31:45,0.00058347,41.00000000
2018-02-24 03:31:45,0.00058347,51.00000000
2018-02-24 03:31:45,0.00058325,41.00000000
2018-02-24 03:31:47,0.00058347,13018.00000000
2018-02-24 03:31:50,0.00058347,1768.00000000
2018-02-24 03:31:55,0.00058328,8.00000000
2018-02-24 03:31:55,0.00058326,9.00000000
2018-02-24 03:31:55,0.00058325,25.00000000
2018-02-24 03:31:55,0.00058324,695.00000000
2018-02-24 03:31:59,0.00058324,12.00000000
2018-02-24 03:31:59,0.00058324,3.00000000
2018-02-24 03:32:00,0.00058324,137.00000000
2018-02-24 03:32:07,0.00058324,1190.00000000
2018-02-24 03:32:12,0.00058347,720.00000000
2018-02-24 03:32:13,0.00058347,171.00000000
2018-02-24 03:32:13,0.00058345,4.00000000
2018-02-24 03:32:19,0.00058346,9.00000000
2018-02-24 03:32:19,0.00058345,5.00000000
2018-02-24 03:32:19,0.00058324,13.00000000
2018-02-24 03:32:19,0.00058347,6.00000000
2018-02-24 03:32:23,0.00058347,5.00000000
2018-02-24 03:32:24,0.00058347,4.00000000
2018-02-24 03:32:25,0.00058347,51.00000000
2018-02-24 03:32:26,0.00058347,2.00000000
2018-02-24 03:32:27,0.00058347,69.00000000
2018-02-24 03:32:27,0.00058347,51.00000000
2018-02-24 03:32:27,0.00058347,51.00000000
2018-02-24 03:32:27,0.00058347,51.00000000
2018-02-24 03:32:27,0.00058347,38.00000000
2018-02-24 03:32:27,0.00058314,28.00000000
2018-02-24 03:32:30,0.00058347,5.00000000
2018-02-24 03:32:31,0.00058317,2.00000000
2018-02-24 03:32:31,0.00058300,40.00000000
2018-02-24 03:32:37,0.00058347,5.00000000
2018-02-24 03:32:38,0.00058304,9.00000000
2018-02-24 03:32:38,0.00058300,26.00000000
2018-02-24 03:32:42,0.00058340,5.00000000
2018-02-24 03:32:48,0.00058340,10.00000000
2018-02-24 03:32:48,0.00058340,306.00000000
2018-02-24 03:32:48,0.00058347,109.00000000
2018-02-24 03:32:52,0.00058340,38.00000000
2018-02-24 03:32:56,0.00058347,159.00000000
2018-02-24 03:33:01,0.00058347,15.00000000
2018-02-24 03:33:01,0.00058347,618.00000000
2018-02-24 03:33:01,0.00058347,183.00000000
2018-02-24 03:33:03,0.00058340,23.00000000
2018-02-24 03:33:05,0.00058340,32.00000000
2018-02-24 03:33:07,0.00058347,86.00000000
2018-02-24 03:33:07,0.00058347,50.00000000
2018-02-24 03:33:08,0.00058347,51.00000000
2018-02-24 03:33:08,0.00058347,51.00000000
2018-02-24 03:33:08,0.00058347,35.00000000
2018-02-24 03:33:08,0.00058347,51.00000000
2018-02-24 03:33:08,0.00058347,146.00000000
2018-02-24 03:33:10,0.00058340,8.00000000
2018-02-24 03:33:16,0.00058347,147.00000000
2018-02-24 03:33:17,0.00058341,25.00000000
2018-02-24 03:33:19,0.00058347,9.00000000
2018-02-24 03:33:21,0.00058347,902.00000000
2018-02-24 03:33:21,0.00058347,266.00000000
2018-02-24 03:33:23,0.00058341,153.00000000
2018-02-24 03:33:23,0.00058347,113.00000000
2018-02-24 03:33:24,0.00058347,156.00000000
2018-02-24 03:33:24,0.00058347,666.00000000
2018-02-24 03:33:25,0.00058347,151.00000000
2018-02-24 03:33:27,0.00058347,171.00000000
2018-02-24 03:33:28,0.00058341,60.00000000
2018-02-24 03:33:28,0.00058347,92.00000000
2018-02-24 03:33:28,0.00058347,128.00000000
2018-02-24 03:33:30,0.00058341,18.00000000
2018-02-24 03:33:39,0.00058347,111.00000000
2018-02-24 03:33:39,0.00058453,65.00000000
2018-02-24 03:33:42,0.00058446,2.00000000
2018-02-24 03:33:42,0.00058446,8.00000000
2018-02-24 03:33:44,0.00058348,20.00000000
2018-02-24 03:33:44,0.00058347,4.00000000
2018-02-24 03:33:45,0.00058342,18.00000000
2018-02-24 03:33:45,0.00058342,89.00000000
2018-02-24 03:33:46,0.00058342,13.00000000
2018-02-24 03:33:47,0.00058342,7.00000000
2018-02-24 03:33:49,0.00058342,10.00000000
2018-02-24 03:33:50,0.00058446,12.00000000
2018-02-24 03:33:50,0.00058446,3.00000000
2018-02-24 03:33:51,0.00058344,14.00000000
2018-02-24 03:33:56,0.00058344,1.00000000
2018-02-24 03:34:07,0.00058343,51.00000000
2018-02-24 03:34:07,0.00058343,14.00000000
2018-02-24 03:34:07,0.00058343,51.00000000
2018-02-24 03:34:10,0.00058344,100.00000000
2018-02-24 03:34:11,0.00058343,51.00000000
2018-02-24 03:34:15,0.00058344,283.00000000
2018-02-24 03:34:17,0.00058344,370.00000000
2018-02-24 03:34:19,0.00058344,226.00000000
2018-02-24 03:34:20,0.00058344,51.00000000
2018-02-24 03:34:20,0.00058344,51.00000000
2018-02-24 03:34:20,0.00058344,6.00000000
2018-02-24 03:34:20,0.00058344,51.00000000
2018-02-24 03:34:20,0.00058344,51.00000000
2018-02-24 03:34:21,0.00058344,3.00000000
2018-02-24 03:34:21,0.00058344,51.00000000
2018-02-24 03:34:21,0.00058344,51.00000000
2018-02-24 03:34:21,0.00058344,51.00000000
2018-02-24 03:34:21,0.00058344,51.00000000
2018-02-24 03:34:21,0.00058344,51.00000000
2018-02-24 03:34:21,0.00058344,51.00000000
2018-02-24 03:34:21,0.00058344,51.00000000
2018-02-24 03:34:21,0.00058344,51.00000000
2018-02-24 03:34:23,0.00058344,22.00000000
2018-02-24 03:34:24,0.00058344,22.00000000
2018-02-24 03:34:24,0.00058344,6.00000000
2018-02-24 03:34:25,0.00058445,80.00000000
2018-02-24 03:34:25,0.00058445,123.00000000
2018-02-24 03:34:25,0.00058445,49.00000000
2018-02-24 03:34:25,0.00058446,176.00000000
2018-02-24 03:34:25,0.00058446,9.00000000
2018-02-24 03:34:25,0.00058446,123.00000000
2018-02-24 03:34:25,0.00058446,51.00000000
2018-02-24 03:34:25,0.00058446,57.00000000
2018-02-24 03:34:25,0.00058446,46.00000000
2018-02-24 03:34:25,0.00058446,57.00000000
2018-02-24 03:34:25,0.00058446,13.00000000
2018-02-24 03:34:29,0.00058447,4.00000000
2018-02-24 03:34:29,0.00058451,3.00000000
2018-02-24 03:34:29,0.00058344,20.00000000
2018-02-24 03:34:31,0.00058344,70.00000000
2018-02-24 03:34:33,0.00058344,17.00000000
2018-02-24 03:34:34,0.00058344,490.00000000
2018-02-24 03:34:35,0.00058344,119.00000000
2018-02-24 03:34:35,0.00058343,81.00000000
2018-02-24 03:34:38,0.00058345,80.00000000
2018-02-24 03:35:11,0.00058346,1268.00000000
2018-02-24 03:35:11,0.00058345,652.00000000
2018-02-24 03:35:14,0.00058345,322.00000000
2018-02-24 03:35:35,0.00058344,100.00000000
2018-02-24 03:35:39,0.00058345,253.00000000
2018-02-24 03:35:41,0.00058345,2201.00000000
2018-02-24 03:35:41,0.00058398,10.00000000
2018-02-24 03:35:41,0.00058399,12.00000000
2018-02-24 03:35:41,0.00058400,520.00000000
2018-02-24 03:35:41,0.00058444,64.00000000
2018-02-24 03:35:41,0.00058446,218.00000000
2018-02-24 03:35:41,0.00058450,304.00000000
2018-02-24 03:35:41,0.00058454,4000.00000000
2018-02-24 03:35:49,0.00058484,3.00000000
2018-02-24 03:36:04,0.00058484,7.00000000
2018-02-24 03:36:04,0.00058485,270.00000000
2018-02-24 03:36:08,0.00058485,10.00000000
2018-02-24 03:36:09,0.00058485,5.00000000
2018-02-24 03:36:12,0.00058485,26.00000000
2018-02-24 03:36:13,0.00058485,18.00000000
2018-02-24 03:36:14,0.00058456,18.00000000
2018-02-24 03:36:20,0.00058456,84.00000000
2018-02-24 03:36:22,0.00058456,134.00000000
2018-02-24 03:36:22,0.00058455,115.00000000
2018-02-24 03:36:29,0.00058455,60.00000000
2018-02-24 03:36:36,0.00058519,56.00000000
2018-02-24 03:36:36,0.00058519,51.00000000
2018-02-24 03:36:36,0.00058519,27.00000000
2018-02-24 03:36:36,0.00058520,51.00000000
2018-02-24 03:36:36,0.00058520,5.00000000
2018-02-24 03:36:36,0.00058599,51.00000000
2018-02-24 03:36:36,0.00058598,30.00000000
2018-02-24 03:36:36,0.00058599,21.00000000
2018-02-24 03:36:36,0.00058598,30.00000000
2018-02-24 03:36:36,0.00058598,30.00000000
2018-02-24 03:36:37,0.00058598,30.00000000
2018-02-24 03:36:37,0.00058599,21.00000000
2018-02-24 03:36:37,0.00058598,30.00000000
2018-02-24 03:36:37,0.00058599,51.00000000
2018-02-24 03:36:37,0.00058599,51.00000000
2018-02-24 03:36:37,0.00058599,164.00000000
2018-02-24 03:36:37,0.00058599,170.00000000
2018-02-24 03:36:37,0.00058599,51.00000000
2018-02-24 03:36:37,0.00058599,107.00000000
2018-02-24 03:36:38,0.00058521,50.00000000
2018-02-24 03:36:38,0.00058521,13.00000000
2018-02-24 03:36:38,0.00058521,10.00000000
2018-02-24 03:36:38,0.00058458,10.00000000
2018-02-24 03:36:45,0.00058498,7.00000000
2018-02-24 03:36:45,0.00058463,4.00000000
2018-02-24 03:36:45,0.00058456,30.00000000
2018-02-24 03:36:45,0.00058455,647.00000000
2018-02-24 03:36:49,0.00058456,46.00000000
2018-02-24 03:36:58,0.00058456,42.00000000
2018-02-24 03:36:58,0.00058455,3.00000000
2018-02-24 03:37:06,0.00058498,3.00000000
2018-02-24 03:37:06,0.00058500,9.00000000
2018-02-24 03:37:13,0.00058457,26.00000000
2018-02-24 03:37:27,0.00058500,50.00000000
2018-02-24 03:37:27,0.00058500,13.00000000
2018-02-24 03:37:27,0.00058500,14.00000000
2018-02-24 03:37:28,0.00058500,212.00000000
2018-02-24 03:37:28,0.00058500,51.00000000
2018-02-24 03:37:28,0.00058500,42.00000000
2018-02-24 03:37:30,0.00058458,1.00000000
2018-02-24 03:37:40,0.00058500,10.00000000
2018-02-24 03:37:40,0.00058592,113.00000000
2018-02-24 03:37:40,0.00058594,4.00000000
2018-02-24 03:37:40,0.00058597,34.00000000
2018-02-24 03:37:40,0.00058599,202.00000000
2018-02-24 03:37:40,0.00058600,670.00000000
2018-02-24 03:37:41,0.00058599,10.00000000
2018-02-24 03:37:41,0.00058600,244.00000000
2018-02-24 03:37:41,0.00058602,30.00000000
2018-02-24 03:37:41,0.00058625,150.00000000
2018-02-24 03:37:41,0.00058639,18.00000000
2018-02-24 03:37:41,0.00058659,433.00000000
2018-02-24 03:37:50,0.00058540,57.00000000
2018-02-24 03:37:51,0.00058656,364.00000000
2018-02-24 03:37:51,0.00058656,18.00000000
2018-02-24 03:37:53,0.00058550,20.00000000
2018-02-24 03:37:53,0.00058545,4.00000000
2018-02-24 03:37:53,0.00058538,16.00000000
2018-02-24 03:37:53,0.00058534,82.00000000
2018-02-24 03:37:53,0.00058531,68.00000000
2018-02-24 03:37:53,0.00058494,8.00000000
2018-02-24 03:38:00,0.00058603,57.00000000
2018-02-24 03:38:00,0.00058604,68.00000000
2018-02-24 03:38:00,0.00058605,20.00000000
2018-02-24 03:38:00,0.00058615,82.00000000
2018-02-24 03:38:00,0.00058626,30.00000000
2018-02-24 03:38:00,0.00058627,16.00000000
2018-02-24 03:38:00,0.00058651,4.00000000
2018-02-24 03:38:00,0.00058656,3.00000000
2018-02-24 03:38:04,0.00058655,12.00000000
2018-02-24 03:38:09,0.00058522,1.00000000
2018-02-24 03:38:15,0.00058548,6.00000000
2018-02-24 03:38:18,0.00058548,14.00000000
2018-02-24 03:38:25,0.00058547,4.00000000
2018-02-24 03:38:25,0.00058539,16.00000000
2018-02-24 03:38:26,0.00058523,82.00000000
2018-02-24 03:38:26,0.00058523,67.00000000
2018-02-24 03:38:26,0.00058523,102.00000000
2018-02-24 03:38:26,0.00058521,67.00000000
2018-02-24 03:38:33,0.00058462,4.00000000
2018-02-24 03:38:41,0.00058540,10.00000000
2018-02-24 03:38:41,0.00058540,1.00000000
2018-02-24 03:38:48,0.00058461,9.00000000
2018-02-24 03:38:48,0.00058458,121.00000000
2018-02-24 03:38:48,0.00058457,240.00000000
2018-02-24 03:38:48,0.00058456,494.00000000
2018-02-24 03:38:51,0.00058466,6.00000000
2018-02-24 03:38:53,0.00058466,18.00000000
2018-02-24 03:38:53,0.00058456,275.00000000
2018-02-24 03:38:53,0.00058455,57.00000000
2018-02-24 03:38:55,0.00058455,4.00000000
2018-02-24 03:38:55,0.00058502,2.00000000
2018-02-24 03:39:01,0.00058490,6.00000000
2018-02-24 03:39:02,0.00058487,5.00000000
2018-02-24 03:39:04,0.00058487,13.00000000
2018-02-24 03:39:05,0.00058487,13.00000000
2018-02-24 03:39:05,0.00058487,3.00000000
2018-02-24 03:39:05,0.00058487,30.00000000
2018-02-24 03:39:05,0.00058487,30.00000000
2018-02-24 03:39:05,0.00058455,30.00000000
2018-02-24 03:39:06,0.00058486,13.00000000
2018-02-24 03:39:06,0.00058484,13.00000000
2018-02-24 03:39:06,0.00058484,51.00000000
2018-02-24 03:39:06,0.00058484,2.00000000
2018-02-24 03:39:06,0.00058486,51.00000000
2018-02-24 03:39:06,0.00058486,18.00000000
2018-02-24 03:39:07,0.00058484,30.00000000
2018-02-24 03:39:08,0.00058484,30.00000000
2018-02-24 03:39:08,0.00058484,22.00000000
2018-02-24 03:39:08,0.00058484,51.00000000
2018-02-24 03:39:08,0.00058484,2.00000000
2018-02-24 03:39:08,0.00058459,30.00000000
2018-02-24 03:39:08,0.00058484,51.00000000
2018-02-24 03:39:08,0.00058484,82.00000000
2018-02-24 03:39:08,0.00058466,4.00000000
2018-02-24 03:39:09,0.00058484,6.00000000
2018-02-24 03:39:19,0.00058570,4.00000000
2018-02-24 03:39:19,0.00058573,10.00000000
2018-02-24 03:39:19,0.00058574,62.00000000
2018-02-24 03:39:23,0.00058574,2.00000000
2018-02-24 03:39:35,0.00058574,324.00000000
2018-02-24 03:39:46,0.00058485,150.00000000
2018-02-24 03:39:47,0.00058574,134.00000000
2018-02-24 03:39:47,0.00058583,10.00000000
2018-02-24 03:39:47,0.00058598,16.00000000
2018-02-24 03:39:49,0.00058584,68.00000000
2018-02-24 03:39:49,0.00058584,12.00000000
2018-02-24 03:39:49,0.00058640,3.00000000
2018-02-24 03:39:51,0.00058639,28.00000000
2018-02-24 03:39:54,0.00058639,6.00000000
2018-02-24 03:40:00,0.00058638,211.00000000
2018-02-24 03:40:01,0.00058638,59.00000000
2018-02-24 03:40:02,0.00058638,12.00000000
2018-02-24 03:40:03,0.00058639,34.00000000
2018-02-24 03:40:04,0.00058639,622.00000000
2018-02-24 03:40:05,0.00058604,15.00000000
2018-02-24 03:40:05,0.00058600,51.00000000
2018-02-24 03:40:05,0.00058600,51.00000000
2018-02-24 03:40:05,0.00058600,9.00000000
2018-02-24 03:40:05,0.00058600,9.00000000
2018-02-24 03:40:05,0.00058600,60.00000000
2018-02-24 03:40:05,0.00058600,5.00000000
2018-02-24 03:40:06,0.00058574,42.00000000
2018-02-24 03:40:06,0.00058574,43.00000000
2018-02-24 03:40:06,0.00058573,42.00000000
2018-02-24 03:40:06,0.00058573,9.00000000
2018-02-24 03:40:06,0.00058485,10.00000000
2018-02-24 03:40:06,0.00058468,37.00000000
2018-02-24 03:40:07,0.00058469,40.00000000
2018-02-24 03:40:07,0.00058468,44.00000000
2018-02-24 03:40:10,0.00058573,10.00000000
2018-02-24 03:40:11,0.00058574,8.00000000
2018-02-24 03:40:15,0.00058639,3.00000000
2018-02-24 03:40:20,0.00058639,27.00000000
2018-02-24 03:40:23,0.00058639,5.00000000
2018-02-24 03:40:27,0.00058634,9.00000000
2018-02-24 03:40:34,0.00058578,17.00000000
2018-02-24 03:40:45,0.00058633,11.00000000
2018-02-24 03:40:45,0.00058634,186.00000000
2018-02-24 03:40:47,0.00058634,500.00000000
2018-02-24 03:40:49,0.00058634,7.00000000
2018-02-24 03:41:08,0.00058578,3.00000000
2018-02-24 03:41:08,0.00058573,10.00000000
2018-02-24 03:41:08,0.00058480,39.00000000
2018-02-24 03:41:14,0.00058507,31.00000000
2018-02-24 03:41:19,0.00058596,10.00000000
2018-02-24 03:41:19,0.00058604,31.00000000
2018-02-24 03:41:19,0.00058618,39.00000000
2018-02-24 03:41:19,0.00058625,68.00000000
2018-02-24 03:41:19,0.00058629,771.00000000
2018-02-24 03:41:19,0.00058632,300.00000000
2018-02-24 03:41:19,0.00058634,79.00000000
2018-02-24 03:41:22,0.00058508,50.00000000
2018-02-24 03:41:22,0.00058501,25.00000000
2018-02-24 03:41:53,0.00058599,70.00000000
2018-02-24 03:41:58,0.00058503,20.00000000
2018-02-24 03:41:58,0.00058502,100.00000000
2018-02-24 03:41:58,0.00058501,8.00000000
2018-02-24 03:42:19,0.00058501,15.00000000
2018-02-24 03:42:26,0.00058501,70.00000000
2018-02-24 03:42:26,0.00058500,130.00000000
2018-02-24 03:42:44,0.00058500,9.00000000
2018-02-24 03:42:44,0.00058500,77.00000000
2018-02-24 03:42:45,0.00058500,8.00000000
2018-02-24 03:42:46,0.00058500,14.00000000
2018-02-24 03:42:47,0.00058500,51.00000000
2018-02-24 03:42:47,0.00058500,51.00000000
2018-02-24 03:42:48,0.00058500,265.00000000
2018-02-24 03:42:48,0.00058498,14.00000000
2018-02-24 03:42:49,0.00058498,2.00000000
2018-02-24 03:42:51,0.00058482,30.00000000
2018-02-24 03:42:51,0.00058482,3.00000000
2018-02-24 03:42:51,0.00058482,27.00000000
2018-02-24 03:42:51,0.00058481,243.00000000
2018-02-24 03:42:51,0.00058481,57.00000000
2018-02-24 03:42:51,0.00058480,109.00000000
2018-02-24 03:42:51,0.00058480,200.00000000
2018-02-24 03:42:51,0.00058480,86.00000000
2018-02-24 03:42:52,0.00058480,17.00000000
2018-02-24 03:42:52,0.00058480,51.00000000
2018-02-24 03:42:52,0.00058480,2.00000000
2018-02-24 03:42:52,0.00058480,32.00000000
2018-02-24 03:42:52,0.00058480,3.00000000
2018-02-24 03:42:52,0.00058480,51.00000000
2018-02-24 03:42:52,0.00058480,14.00000000
2018-02-24 03:42:52,0.00058480,37.00000000
2018-02-24 03:42:54,0.00058480,50.00000000
2018-02-24 03:42:54,0.00058480,28.00000000
2018-02-24 03:42:55,0.00058480,15.00000000
2018-02-24 03:42:56,0.00058480,7.00000000
2018-02-24 03:42:56,0.00058480,41.00000000
2018-02-24 03:42:57,0.00058480,14.00000000
2018-02-24 03:42:57,0.00058480,14.00000000
2018-02-24 03:42:58,0.00058481,84.00000000
2018-02-24 03:42:58,0.00058481,50.00000000
2018-02-24 03:42:58,0.00058481,158.00000000
2018-02-24 03:42:58,0.00058480,50.00000000
2018-02-24 03:42:58,0.00058480,25.00000000
2018-02-24 03:42:58,0.00058480,51.00000000
2018-02-24 03:42:58,0.00058480,1153.00000000
2018-02-24 03:42:58,0.00058480,50.00000000
2018-02-24 03:42:58,0.00058480,51.00000000
2018-02-24 03:42:58,0.00058480,163.00000000
2018-02-24 03:42:58,0.00058480,51.00000000
2018-02-24 03:42:58,0.00058480,51.00000000
2018-02-24 03:42:58,0.00058480,51.00000000
2018-02-24 03:42:59,0.00058480,27.00000000
2018-02-24 03:42:59,0.00058480,51.00000000
2018-02-24 03:42:59,0.00058480,51.00000000
2018-02-24 03:42:59,0.00058480,51.00000000
2018-02-24 03:42:59,0.00058480,51.00000000
2018-02-24 03:42:59,0.00058480,51.00000000
2018-02-24 03:42:59,0.00058480,51.00000000
2018-02-24 03:42:59,0.00058480,51.00000000
2018-02-24 03:42:59,0.00058480,24.00000000
2018-02-24 03:42:59,0.00058480,57.00000000
2018-02-24 03:43:00,0.00058480,41.00000000
2018-02-24 03:43:00,0.00058480,51.00000000
2018-02-24 03:43:00,0.00058480,51.00000000
2018-02-24 03:43:00,0.00058480,51.00000000
2018-02-24 03:43:00,0.00058480,1070.00000000
2018-02-24 03:43:00,0.00058468,57.00000000
2018-02-24 03:43:00,0.00058468,38.00000000
2018-02-24 03:43:00,0.00058466,51.00000000
2018-02-24 03:43:01,0.00058466,86.00000000
2018-02-24 03:43:01,0.00058466,21.00000000
2018-02-24 03:43:01,0.00058466,57.00000000
2018-02-24 03:43:01,0.00058466,57.00000000
2018-02-24 03:43:01,0.00058466,51.00000000
2018-02-24 03:43:01,0.00058466,24.00000000
2018-02-24 03:43:01,0.00058466,50.00000000
2018-02-24 03:43:01,0.00058466,51.00000000
2018-02-24 03:43:01,0.00058466,42.00000000
2018-02-24 03:43:01,0.00058466,15.00000000
2018-02-24 03:43:02,0.00058466,5.00000000
2018-02-24 03:43:02,0.00058466,51.00000000
2018-02-24 03:43:02,0.00058466,45.00000000
2018-02-24 03:43:02,0.00058456,50.00000000
2018-02-24 03:43:02,0.00058456,50.00000000
2018-02-24 03:43:02,0.00058455,7.00000000
2018-02-24 03:43:02,0.00058455,50.00000000
2018-02-24 03:43:02,0.00058455,50.00000000
2018-02-24 03:43:02,0.00058455,10.00000000
2018-02-24 03:43:03,0.00058455,51.00000000
2018-02-24 03:43:03,0.00058455,50.00000000
2018-02-24 03:43:03,0.00058455,171.00000000
2018-02-24 03:43:03,0.00058455,51.00000000
2018-02-24 03:43:03,0.00058455,51.00000000
2018-02-24 03:43:03,0.00058455,41.00000000
2018-02-24 03:43:04,0.00058455,48.00000000
2018-02-24 03:43:10,0.00058400,52.00000000
2018-02-24 03:43:29,0.00058454,17.00000000
2018-02-24 03:43:31,0.00058454,52.00000000
2018-02-24 03:43:31,0.00058455,24.00000000
2018-02-24 03:43:37,0.00058400,39.00000000
2018-02-24 03:44:09,0.00058451,259.00000000
2018-02-24 03:44:11,0.00058451,48.00000000
2018-02-24 03:44:13,0.00058451,2.00000000
2018-02-24 03:44:13,0.00058452,514.00000000
2018-02-24 03:44:24,0.00058400,472.00000000
2018-02-24 03:44:24,0.00058452,4.00000000
2018-02-24 03:44:44,0.00058450,57.00000000
2018-02-24 03:44:45,0.00058401,75.00000000
2018-02-24 03:44:52,0.00058400,61.00000000
2018-02-24 03:44:52,0.00058349,116.00000000
2018-02-24 03:45:02,0.00058349,39.00000000
2018-02-24 03:45:02,0.00058348,37.00000000
2018-02-24 03:45:07,0.00058349,16.00000000
2018-02-24 03:45:09,0.00058348,75.00000000
2018-02-24 03:45:10,0.00058348,1969.00000000
2018-02-24 03:45:10,0.00058343,69.00000000
2018-02-24 03:45:10,0.00058340,1905.00000000
2018-02-24 03:45:21,0.00058380,24.00000000
2018-02-24 03:45:21,0.00058400,21.00000000
2018-02-24 03:45:32,0.00058399,48.00000000
2018-02-24 03:45:32,0.00058400,302.00000000
2018-02-24 03:45:34,0.00058400,7.00000000
2018-02-24 03:45:40,0.00058380,24.00000000
2018-02-24 03:45:48,0.00058341,5.00000000
2018-02-24 03:45:48,0.00058400,378.00000000
2018-02-24 03:45:57,0.00058401,16.00000000
2018-02-24 03:46:02,0.00058380,24.00000000
2018-02-24 03:46:02,0.00058400,256.00000000
2018-02-24 03:46:02,0.00058401,871.00000000
2018-02-24 03:46:03,0.00058401,11.00000000
2018-02-24 03:46:05,0.00058401,9.00000000
2018-02-24 03:46:21,0.00058448,47.00000000
2018-02-24 03:46:24,0.00058448,17.00000000
2018-02-24 03:46:37,0.00058403,6.00000000
2018-02-24 03:46:42,0.00058403,6.00000000
2018-02-24 03:46:49,0.00058403,3.00000000
2018-02-24 03:46:49,0.00058402,42.00000000
2018-02-24 03:46:50,0.00058402,8.00000000
2018-02-24 03:46:50,0.00058402,8.00000000
2018-02-24 03:46:50,0.00058402,12.00000000
2018-02-24 03:47:06,0.00058448,10.00000000
2018-02-24 03:47:16,0.00058440,180.00000000
2018-02-24 03:47:16,0.00058448,17.00000000
2018-02-24 03:47:17,0.00058448,10.00000000
2018-02-24 03:47:17,0.00058448,10.00000000
2018-02-24 03:47:19,0.00058448,20.00000000
2018-02-24 03:47:20,0.00058448,62.00000000
2018-02-24 03:47:20,0.00058402,117.00000000
2018-02-24 03:47:20,0.00058402,23.00000000
2018-02-24 03:47:25,0.00058452,772.00000000
2018-02-24 03:47:25,0.00058452,90.00000000
2018-02-24 03:47:27,0.00058453,30.00000000
2018-02-24 03:47:28,0.00058453,14.00000000
2018-02-24 03:47:28,0.00058453,14.00000000
2018-02-24 03:47:28,0.00058473,16.00000000
2018-02-24 03:47:29,0.00058457,16.00000000
2018-02-24 03:47:29,0.00058457,57.00000000
2018-02-24 03:47:29,0.00058460,21.00000000
2018-02-24 03:47:30,0.00058463,10.00000000
2018-02-24 03:47:30,0.00058463,6.00000000
2018-02-24 03:47:30,0.00058463,40.00000000
2018-02-24 03:47:31,0.00058467,41.00000000
2018-02-24 03:47:32,0.00058469,6.00000000
2018-02-24 03:47:32,0.00058592,3.00000000
2018-02-24 03:47:32,0.00058471,71.00000000
2018-02-24 03:47:33,0.00058473,7.00000000
2018-02-24 03:47:35,0.00058472,22.00000000
2018-02-24 03:47:35,0.00058472,22.00000000
2018-02-24 03:47:35,0.00058472,9.00000000
2018-02-24 03:47:35,0.00058472,28.00000000
2018-02-24 03:47:35,0.00058472,6.00000000
2018-02-24 03:47:35,0.00058471,16.00000000
2018-02-24 03:47:36,0.00058453,4.00000000
2018-02-24 03:47:36,0.00058453,10.00000000
2018-02-24 03:47:36,0.00058453,24.00000000
2018-02-24 03:47:36,0.00058453,6.00000000
2018-02-24 03:47:37,0.00058464,82.00000000
2018-02-24 03:47:39,0.00058453,2.00000000
2018-02-24 03:47:39,0.00058452,51.00000000
2018-02-24 03:47:39,0.00058452,10.00000000
2018-02-24 03:47:40,0.00058452,7.00000000
2018-02-24 03:47:43,0.00058452,180.00000000
2018-02-24 03:47:45,0.00058452,56.00000000
2018-02-24 03:47:45,0.00058452,58.00000000
2018-02-24 03:47:46,0.00058452,15.00000000
2018-02-24 03:47:47,0.00058453,6.00000000
2018-02-24 03:47:47,0.00058452,8.00000000
2018-02-24 03:47:48,0.00058452,8.00000000
2018-02-24 03:47:49,0.00058452,77.00000000
2018-02-24 03:47:50,0.00058452,63.00000000
2018-02-24 03:47:50,0.00058453,12.00000000
2018-02-24 03:47:50,0.00058454,6.00000000
2018-02-24 03:47:57,0.00058452,6.00000000
2018-02-24 03:48:05,0.00058469,76.00000000
2018-02-24 03:48:05,0.00058470,266.00000000
2018-02-24 03:48:05,0.00058471,75.00000000
2018-02-24 03:48:33,0.00058471,1.00000000
2018-02-24 03:48:38,0.00058453,9.00000000
2018-02-24 03:48:40,0.00058453,12.00000000
2018-02-24 03:48:47,0.00058465,292.00000000
2018-02-24 03:48:47,0.00058465,8.00000000
2018-02-24 03:48:54,0.00058453,13.00000000
2018-02-24 03:48:54,0.00058453,70.00000000
2018-02-24 03:48:55,0.00058453,49.00000000
2018-02-24 03:48:55,0.00058453,50.00000000
2018-02-24 03:48:55,0.00058453,49.00000000
2018-02-24 03:48:55,0.00058453,16.00000000
2018-02-24 03:48:55,0.00058453,49.00000000
2018-02-24 03:49:02,0.00058454,4.00000000
2018-02-24 03:49:06,0.00058470,38.00000000
2018-02-24 03:49:07,0.00058454,5.00000000
2018-02-24 03:49:07,0.00058470,5.00000000
2018-02-24 03:49:07,0.00058453,33.00000000
2018-02-24 03:49:19,0.00058454,11.00000000
2018-02-24 03:49:19,0.00058453,102.00000000
2018-02-24 03:49:19,0.00058452,180.00000000
2018-02-24 03:49:19,0.00058449,39.00000000
2018-02-24 03:49:19,0.00058402,192.00000000
2018-02-24 03:49:19,0.00058388,20.00000000
2018-02-24 03:49:19,0.00058349,98.00000000
2018-02-24 03:49:33,0.00058467,9.00000000
2018-02-24 03:49:51,0.00058467,4.00000000
2018-02-24 03:50:05,0.00058467,337.00000000
2018-02-24 03:50:05,0.00058467,20.00000000
2018-02-24 03:50:06,0.00058466,200.00000000
2018-02-24 03:50:20,0.00058466,85.00000000
2018-02-24 03:50:22,0.00058427,10.00000000
2018-02-24 03:50:22,0.00058426,39.00000000
2018-02-24 03:50:22,0.00058402,74.00000000
2018-02-24 03:50:22,0.00058349,3.00000000
2018-02-24 03:50:33,0.00058427,50.00000000
2018-02-24 03:50:33,0.00058350,82.00000000
2018-02-24 03:50:33,0.00058349,208.00000000
2018-02-24 03:50:33,0.00058349,51.00000000
2018-02-24 03:50:33,0.00058349,51.00000000
2018-02-24 03:50:33,0.00058349,15.00000000
2018-02-24 03:50:33,0.00058349,15.00000000
2018-02-24 03:50:33,0.00058348,15.00000000
2018-02-24 03:50:33,0.00058349,12.00000000
2018-02-24 03:50:34,0.00058349,12.00000000
2018-02-24 03:50:34,0.00058349,50.00000000
2018-02-24 03:50:34,0.00058349,51.00000000
2018-02-24 03:50:34,0.00058349,39.00000000
2018-02-24 03:50:34,0.00058349,50.00000000
2018-02-24 03:50:34,0.00058348,82.00000000
2018-02-24 03:50:34,0.00058349,51.00000000
2018-02-24 03:50:34,0.00058348,48.00000000
2018-02-24 03:50:34,0.00058349,51.00000000
2018-02-24 03:50:34,0.00058349,51.00000000
2018-02-24 03:50:34,0.00058349,26.00000000
2018-02-24 03:50:34,0.00058349,51.00000000
2018-02-24 03:50:34,0.00058349,51.00000000
2018-02-24 03:50:35,0.00058349,51.00000000
2018-02-24 03:50:35,0.00058349,51.00000000
2018-02-24 03:50:35,0.00058348,35.00000000
2018-02-24 03:50:37,0.00058349,15.00000000
2018-02-24 03:50:38,0.00058349,36.00000000
2018-02-24 03:50:42,0.00058352,82.00000000
2018-02-24 03:50:42,0.00058350,10.00000000
2018-02-24 03:50:42,0.00058350,87.00000000
2018-02-24 03:50:43,0.00058464,5.00000000
2018-02-24 03:50:49,0.00058351,5.00000000
2018-02-24 03:50:49,0.00058350,6.00000000
2018-02-24 03:50:49,0.00058348,1146.00000000
2018-02-24 03:50:49,0.00058341,10.00000000
2018-02-24 03:50:49,0.00058340,2197.00000000
2018-02-24 03:50:50,0.00058360,10.00000000
2018-02-24 03:50:56,0.00058360,14.00000000
2018-02-24 03:50:56,0.00058360,86.00000000
2018-02-24 03:50:57,0.00058360,86.00000000
2018-02-24 03:50:58,0.00058360,51.00000000
2018-02-24 03:50:58,0.00058398,82.00000000
2018-02-24 03:50:58,0.00058400,70.00000000
2018-02-24 03:50:58,0.00058449,401.00000000
2018-02-24 03:50:58,0.00058465,21.00000000
2018-02-24 03:50:59,0.00058360,18.00000000
2018-02-24 03:50:59,0.00058360,14.00000000
2018-02-24 03:50:59,0.00058360,2.00000000
2018-02-24 03:50:59,0.00058360,507.00000000
2018-02-24 03:50:59,0.00058360,1195.00000000
2018-02-24 03:51:00,0.00058467,4.00000000
2018-02-24 03:51:01,0.00058365,4.00000000
2018-02-24 03:51:01,0.00058360,632.00000000
2018-02-24 03:51:02,0.00058303,22.00000000
2018-02-24 03:51:03,0.00058308,6.00000000
2018-02-24 03:51:03,0.00058308,162.00000000
2018-02-24 03:51:03,0.00058306,6.00000000
2018-02-24 03:51:03,0.00058340,360.00000000
2018-02-24 03:51:03,0.00058306,4.00000000
2018-02-24 03:51:04,0.00058300,173.00000000
2018-02-24 03:51:04,0.00058306,18.00000000
2018-02-24 03:51:04,0.00058299,2958.00000000
2018-02-24 03:51:05,0.00058281,10.00000000
2018-02-24 03:51:06,0.00058281,7.00000000
2018-02-24 03:51:09,0.00058285,18.00000000
2018-02-24 03:51:10,0.00058285,51.00000000
2018-02-24 03:51:10,0.00058282,9.00000000
2018-02-24 03:51:11,0.00058285,12.00000000
2018-02-24 03:51:16,0.00058282,9.00000000
2018-02-24 03:51:16,0.00058281,38.00000000
2018-02-24 03:51:16,0.00058268,204.00000000
2018-02-24 03:51:16,0.00058250,991.00000000
2018-02-24 03:51:18,0.00058285,20.00000000
2018-02-24 03:51:18,0.00058284,18.00000000
2018-02-24 03:51:18,0.00058285,20.00000000
2018-02-24 03:51:20,0.00058250,9.00000000
2018-02-24 03:51:20,0.00058237,258.00000000
2018-02-24 03:51:20,0.00058222,5.00000000
2018-02-24 03:51:20,0.00058220,249.00000000
2018-02-24 03:51:20,0.00058211,54.00000000
2018-02-24 03:51:20,0.00058210,114.00000000
2018-02-24 03:51:20,0.00058198,40.00000000
2018-02-24 03:51:20,0.00058153,76.00000000
2018-02-24 03:51:21,0.00058278,7.00000000
2018-02-24 03:51:25,0.00058278,19.00000000
2018-02-24 03:51:29,0.00058275,21.00000000
2018-02-24 03:51:29,0.00058277,25.00000000
2018-02-24 03:51:29,0.00058284,47.00000000
2018-02-24 03:51:29,0.00058287,16.00000000
2018-02-24 03:51:29,0.00058289,109.00000000
2018-02-24 03:51:29,0.00058290,296.00000000
2018-02-24 03:51:29,0.00058290,7.00000000
2018-02-24 03:51:46,0.00058181,9.00000000
2018-02-24 03:51:46,0.00058180,5.00000000
2018-02-24 03:51:54,0.00058180,55.00000000
2018-02-24 03:51:54,0.00058177,142.00000000
2018-02-24 03:51:54,0.00058173,68.00000000
2018-02-24 03:51:54,0.00058153,79.00000000
2018-02-24 03:51:54,0.00058150,787.00000000
2018-02-24 03:51:54,0.00058150,17.00000000
2018-02-24 03:51:54,0.00058150,51.00000000
2018-02-24 03:51:54,0.00058150,17.00000000
2018-02-24 03:51:54,0.00058150,9.00000000
2018-02-24 03:51:56,0.00058180,52.00000000
2018-02-24 03:51:57,0.00058180,7.00000000
2018-02-24 03:52:01,0.00058286,4.00000000
2018-02-24 03:52:03,0.00058286,2.00000000
2018-02-24 03:52:12,0.00058286,83.00000000
2018-02-24 03:52:12,0.00058287,68.00000000
2018-02-24 03:52:13,0.00058288,10.00000000
2018-02-24 03:52:14,0.00058288,64.00000000
2018-02-24 03:52:21,0.00058290,4.00000000
2018-02-24 03:52:22,0.00058288,9.00000000
2018-02-24 03:52:25,0.00058290,9.00000000
2018-02-24 03:52:34,0.00058288,7.00000000
2018-02-24 03:52:43,0.00058289,200.00000000
2018-02-24 03:52:44,0.00058288,19.00000000
2018-02-24 03:52:45,0.00058286,10.00000000
2018-02-24 03:52:45,0.00058287,15.00000000
2018-02-24 03:53:11,0.00058289,7.00000000
2018-02-24 03:53:11,0.00058249,10.00000000
2018-02-24 03:53:11,0.00058248,2.00000000
2018-02-24 03:53:11,0.00058247,8.00000000
2018-02-24 03:53:12,0.00058289,9.00000000
2018-02-24 03:53:13,0.00058289,11.00000000
2018-02-24 03:53:20,0.00058289,222.00000000
2018-02-24 03:53:26,0.00058289,5.00000000
2018-02-24 03:53:34,0.00058289,69.00000000
2018-02-24 03:53:35,0.00058289,7.00000000
2018-02-24 03:53:35,0.00058289,7.00000000
2018-02-24 03:53:35,0.00058289,6.00000000
2018-02-24 03:53:35,0.00058289,7.00000000
2018-02-24 03:53:35,0.00058289,7.00000000
2018-02-24 03:53:35,0.00058289,17.00000000
2018-02-24 03:53:36,0.00058289,3.00000000
2018-02-24 03:53:40,0.00058289,241.00000000
2018-02-24 03:53:40,0.00058290,7.00000000
2018-02-24 03:53:40,0.00058338,38.00000000
2018-02-24 03:53:40,0.00058350,2.00000000
2018-02-24 03:53:40,0.00058371,258.00000000
2018-02-24 03:53:40,0.00058462,4.00000000
2018-02-24 03:53:40,0.00058467,9.00000000
2018-02-24 03:53:43,0.00058465,2.00000000
2018-02-24 03:53:44,0.00058465,2.00000000
2018-02-24 03:53:48,0.00058340,10.00000000
2018-02-24 03:53:48,0.00058329,82.00000000
2018-02-24 03:53:48,0.00058328,7.00000000
2018-02-24 03:53:49,0.00058459,4.00000000
2018-02-24 03:53:49,0.00058463,54.00000000
2018-02-24 03:53:50,0.00058462,2.00000000
2018-02-24 03:53:56,0.00058440,7.00000000
2018-02-24 03:53:56,0.00058442,6.00000000
2018-02-24 03:53:57,0.00058439,4.00000000
2018-02-24 03:53:57,0.00058439,16.00000000
2018-02-24 03:53:59,0.00058462,8.00000000
2018-02-24 03:54:02,0.00058462,1.00000000
2018-02-24 03:54:02,0.00058462,5.00000000
2018-02-24 03:54:07,0.00058349,20.00000000
2018-02-24 03:54:07,0.00058348,60.00000000
2018-02-24 03:54:07,0.00058346,68.00000000
2018-02-24 03:54:07,0.00058340,39.00000000
2018-02-24 03:54:07,0.00058334,4.00000000
2018-02-24 03:54:07,0.00058289,16.00000000
2018-02-24 03:54:07,0.00058259,150.00000000
2018-02-24 03:54:07,0.00058249,17.00000000
2018-02-24 03:54:07,0.00058234,34.00000000
2018-02-24 03:54:07,0.00058233,428.00000000
2018-02-24 03:54:07,0.00058183,5.00000000
2018-02-24 03:54:07,0.00058182,5.00000000
2018-02-24 03:54:07,0.00058181,330.00000000
2018-02-24 03:54:09,0.00058349,5.00000000
2018-02-24 03:54:10,0.00058349,10.00000000
2018-02-24 03:54:10,0.00058354,4.00000000
2018-02-24 03:54:10,0.00058349,1.00000000
2018-02-24 03:54:21,0.00058449,82.00000000
2018-02-24 03:54:21,0.00058450,47.00000000
2018-02-24 03:54:21,0.00058452,4.00000000
2018-02-24 03:54:21,0.00058460,330.00000000
2018-02-24 03:54:21,0.00058461,88.00000000
2018-02-24 03:54:39,0.00058455,9.00000000
2018-02-24 03:55:03,0.00058448,3.00000000
2018-02-24 03:55:13,0.00058447,6.00000000
2018-02-24 03:55:13,0.00058448,2.00000000
2018-02-24 03:55:17,0.00058379,9.00000000
2018-02-24 03:55:17,0.00058378,20.00000000
2018-02-24 03:55:17,0.00058377,10.00000000
2018-02-24 03:55:17,0.00058295,82.00000000
2018-02-24 03:55:17,0.00058283,88.00000000
2018-02-24 03:55:17,0.00058248,207.00000000
2018-02-24 03:55:17,0.00058240,28.00000000
2018-02-24 03:55:17,0.00058213,5.00000000
2018-02-24 03:55:17,0.00058212,5.00000000
2018-02-24 03:55:17,0.00058186,204.00000000
2018-02-24 03:55:20,0.00058376,10.00000000
2018-02-24 03:55:21,0.00058376,4.00000000
2018-02-24 03:55:23,0.00058370,2.00000000
2018-02-24 03:55:24,0.00058369,5.00000000
2018-02-24 03:55:26,0.00058367,49.00000000
2018-02-24 03:55:26,0.00058368,5.00000000
2018-02-24 03:55:27,0.00058368,47.00000000
2018-02-24 03:55:27,0.00058368,9.00000000
2018-02-24 03:55:28,0.00058367,8.00000000
2018-02-24 03:55:32,0.00058366,31.00000000
2018-02-24 03:55:36,0.00058364,34.00000000
2018-02-24 03:55:36,0.00058366,207.00000000
2018-02-24 03:55:36,0.00058366,86.00000000
2018-02-24 03:55:36,0.00058366,51.00000000
2018-02-24 03:55:36,0.00058366,51.00000000
2018-02-24 03:55:36,0.00058366,10.00000000
2018-02-24 03:55:36,0.00058366,51.00000000
2018-02-24 03:55:36,0.00058366,51.00000000
2018-02-24 03:55:36,0.00058366,7.00000000
2018-02-24 03:55:36,0.00058366,51.00000000
2018-02-24 03:55:36,0.00058366,51.00000000
2018-02-24 03:55:37,0.00058366,51.00000000
2018-02-24 03:55:37,0.00058366,51.00000000
2018-02-24 03:55:37,0.00058366,42.00000000
2018-02-24 03:55:37,0.00058367,8.00000000
2018-02-24 03:55:37,0.00058371,1.00000000
2018-02-24 03:55:37,0.00058365,42.00000000
2018-02-24 03:55:52,0.00058271,5.00000000
2018-02-24 03:55:56,0.00058271,5.00000000
2018-02-24 03:56:00,0.00058338,19.00000000
2018-02-24 03:56:00,0.00058365,416.00000000
2018-02-24 03:56:15,0.00058365,42.00000000
2018-02-24 03:56:23,0.00058338,3.00000000
2018-02-24 03:56:30,0.00058338,51.00000000
2018-02-24 03:56:30,0.00058338,5.00000000
2018-02-24 03:56:31,0.00058365,51.00000000
2018-02-24 03:56:31,0.00058365,51.00000000
2018-02-24 03:56:31,0.00058365,86.00000000
2018-02-24 03:56:31,0.00058365,51.00000000
2018-02-24 03:56:31,0.00058365,51.00000000
2018-02-24 03:56:31,0.00058365,51.00000000
2018-02-24 03:56:31,0.00058371,3.00000000
2018-02-24 03:57:28,0.00058382,2.00000000
2018-02-24 03:57:55,0.00058444,49.00000000
2018-02-24 03:58:17,0.00058387,2.00000000
2018-02-24 03:58:32,0.00058387,5.00000000
2018-02-24 03:58:37,0.00058387,51.00000000
2018-02-24 03:58:38,0.00058387,51.00000000
2018-02-24 03:58:38,0.00058387,42.00000000
2018-02-24 03:58:38,0.00058387,51.00000000
2018-02-24 03:58:38,0.00058387,19.00000000
2018-02-24 03:58:38,0.00058385,50.00000000
2018-02-24 03:58:39,0.00058382,51.00000000
2018-02-24 03:58:39,0.00058382,51.00000000
2018-02-24 03:58:39,0.00058442,2.00000000
2018-02-24 03:58:39,0.00058382,14.00000000
2018-02-24 03:58:51,0.00058441,51.00000000
2018-02-24 03:59:00,0.00058375,2.00000000
2018-02-24 03:59:00,0.00058371,32.00000000
2018-02-24 03:59:04,0.00058371,18.00000000
2018-02-24 03:59:04,0.00058338,68.00000000
2018-02-24 03:59:08,0.00058377,4.00000000
2018-02-24 03:59:08,0.00058382,97.00000000
2018-02-24 03:59:28,0.00058381,39.00000000
2018-02-24 03:59:29,0.00058381,18.00000000
2018-02-24 03:59:39,0.00058380,20.00000000
2018-02-24 03:59:40,0.00058381,14.00000000
2018-02-24 03:59:40,0.00058381,8.00000000
2018-02-24 03:59:53,0.00058304,22.00000000
