DATE,PRICE,VOLUME
2018-02-25 09:00:01,0.00058563,2.00000000
2018-02-25 09:00:01,0.00058564,61.00000000
2018-02-25 09:00:20,0.00058563,35.00000000
2018-02-25 09:00:21,0.00058563,31.00000000
2018-02-25 09:00:32,0.00058563,74.00000000
2018-02-25 09:00:32,0.00058564,227.00000000
2018-02-25 09:00:37,0.00058564,14.00000000
2018-02-25 09:00:37,0.00058564,50.00000000
2018-02-25 09:00:38,0.00058482,10.00000000
2018-02-25 09:00:39,0.00058482,33.00000000
2018-02-25 09:00:41,0.00058482,37.00000000
2018-02-25 09:00:44,0.00058564,9.00000000
2018-02-25 09:00:51,0.00058564,48.00000000
2018-02-25 09:01:07,0.00058564,227.00000000
2018-02-25 09:01:09,0.00058482,38.00000000
2018-02-25 09:01:09,0.00058475,96.00000000
2018-02-25 09:01:09,0.00058564,86.00000000
2018-02-25 09:01:11,0.00058600,17.00000000
2018-02-25 09:01:16,0.00058600,4.00000000
2018-02-25 09:01:24,0.00058564,114.00000000
2018-02-25 09:01:27,0.00058500,67.00000000
2018-02-25 09:01:57,0.00058587,11.00000000
2018-02-25 09:02:01,0.00058497,4.00000000
2018-02-25 09:02:01,0.00058491,142.00000000
2018-02-25 09:02:01,0.00058489,4.00000000
2018-02-25 09:02:01,0.00058483,4.00000000
2018-02-25 09:02:01,0.00058475,296.00000000
2018-02-25 09:02:08,0.00058581,4.00000000
2018-02-25 09:02:08,0.00058587,34.00000000
2018-02-25 09:02:08,0.00058593,4.00000000
2018-02-25 09:02:08,0.00058600,333.00000000
2018-02-25 09:02:18,0.00058506,4.00000000
2018-02-25 09:02:18,0.00058500,10.00000000
2018-02-25 09:02:18,0.00058482,17.00000000
2018-02-25 09:02:25,0.00058587,4.00000000
2018-02-25 09:02:37,0.00058506,10.00000000
2018-02-25 09:02:37,0.00058482,114.00000000
2018-02-25 09:02:37,0.00058475,82.00000000
2018-02-25 09:02:37,0.00058450,223.00000000
2018-02-25 09:02:37,0.00058400,10.00000000
2018-02-25 09:02:37,0.00058399,96.00000000
2018-02-25 09:02:37,0.00058385,63.00000000
2018-02-25 09:02:37,0.00058384,15.00000000
2018-02-25 09:03:30,0.00058584,18.00000000
2018-02-25 09:03:38,0.00058580,43.00000000
2018-02-25 09:03:50,0.00058580,4.00000000
2018-02-25 09:03:52,0.00058587,51.00000000
2018-02-25 09:03:52,0.00058587,47.00000000
2018-02-25 09:03:52,0.00058587,47.00000000
2018-02-25 09:03:52,0.00058587,38.00000000
2018-02-25 09:03:53,0.00058597,33.00000000
2018-02-25 09:03:57,0.00058580,250.00000000
2018-02-25 09:04:13,0.00058530,18.00000000
2018-02-25 09:04:26,0.00058599,49.00000000
2018-02-25 09:04:27,0.00058599,55.00000000
2018-02-25 09:04:34,0.00058540,9.00000000
2018-02-25 09:04:34,0.00058539,12.00000000
2018-02-25 09:04:34,0.00058461,70.00000000
2018-02-25 09:04:43,0.00058593,2.00000000
2018-02-25 09:04:43,0.00058594,4.00000000
2018-02-25 09:04:43,0.00058597,13.00000000
2018-02-25 09:05:11,0.00058513,4.00000000
2018-02-25 09:05:13,0.00058597,85.00000000
2018-02-25 09:05:14,0.00058597,4.00000000
2018-02-25 09:05:15,0.00058597,80.00000000
2018-02-25 09:05:15,0.00058597,14.00000000
2018-02-25 09:05:16,0.00058597,22.00000000
2018-02-25 09:05:28,0.00058598,9.00000000
2018-02-25 09:05:29,0.00058598,24.00000000
2018-02-25 09:05:29,0.00058598,9.00000000
2018-02-25 09:05:34,0.00058599,59.00000000
2018-02-25 09:06:17,0.00058508,9.00000000
2018-02-25 09:06:28,0.00058590,80.00000000
2018-02-25 09:06:28,0.00058599,337.00000000
2018-02-25 09:06:28,0.00058600,404.00000000
2018-02-25 09:06:31,0.00058600,62.00000000
2018-02-25 09:06:31,0.00058609,133.00000000
2018-02-25 09:06:31,0.00058610,9.00000000
2018-02-25 09:06:33,0.00058610,68.00000000
2018-02-25 09:07:02,0.00058543,3.00000000
2018-02-25 09:07:02,0.00058543,9.00000000
2018-02-25 09:07:02,0.00058543,48.00000000
2018-02-25 09:07:07,0.00058543,200.00000000
2018-02-25 09:07:11,0.00058543,18.00000000
2018-02-25 09:07:16,0.00058543,25.00000000
2018-02-25 09:07:22,0.00058509,10.00000000
2018-02-25 09:07:22,0.00058508,64.00000000
2018-02-25 09:07:23,0.00058543,18.00000000
2018-02-25 09:07:46,0.00058543,20.00000000
2018-02-25 09:07:47,0.00058508,18.00000000
2018-02-25 09:07:53,0.00058543,20.00000000
2018-02-25 09:07:53,0.00058543,10.00000000
2018-02-25 09:07:56,0.00058543,23.00000000
2018-02-25 09:08:04,0.00058564,18.00000000
2018-02-25 09:08:04,0.00058600,39.00000000
2018-02-25 09:08:05,0.00058543,77.00000000
2018-02-25 09:08:05,0.00058508,59.00000000
2018-02-25 09:08:11,0.00058508,107.00000000
2018-02-25 09:08:12,0.00058507,28.00000000
2018-02-25 09:08:12,0.00058500,22.00000000
2018-02-25 09:08:19,0.00058508,19.00000000
2018-02-25 09:08:29,0.00058508,15.00000000
2018-02-25 09:08:29,0.00058543,3.00000000
2018-02-25 09:08:35,0.00058500,16.00000000
2018-02-25 09:08:35,0.00058472,123.00000000
2018-02-25 09:08:37,0.00058542,9.00000000
2018-02-25 09:08:49,0.00058540,10.00000000
2018-02-25 09:08:49,0.00058540,40.00000000
2018-02-25 09:08:49,0.00058542,162.00000000
2018-02-25 09:09:09,0.00058589,10.00000000
2018-02-25 09:09:09,0.00058590,4.00000000
2018-02-25 09:09:24,0.00058590,13.00000000
2018-02-25 09:09:33,0.00058501,10.00000000
2018-02-25 09:09:33,0.00058500,247.00000000
2018-02-25 09:09:33,0.00058493,4.00000000
2018-02-25 09:09:33,0.00058487,9.00000000
2018-02-25 09:09:33,0.00058479,4.00000000
2018-02-25 09:09:33,0.00058477,138.00000000
2018-02-25 09:09:33,0.00058477,3.00000000
2018-02-25 09:09:36,0.00058590,51.00000000
2018-02-25 09:09:36,0.00058594,84.00000000
2018-02-25 09:09:36,0.00058595,4.00000000
2018-02-25 09:09:36,0.00058600,316.00000000
2018-02-25 09:09:36,0.00058610,1245.00000000
2018-02-25 09:09:39,0.00058603,4.00000000
2018-02-25 09:09:53,0.00058603,4.00000000
2018-02-25 09:09:59,0.00058610,3.00000000
2018-02-25 09:10:06,0.00058610,27.00000000
2018-02-25 09:10:07,0.00058543,14.00000000
2018-02-25 09:10:08,0.00058543,204.00000000
2018-02-25 09:10:19,0.00058500,197.00000000
2018-02-25 09:10:28,0.00058543,18.00000000
2018-02-25 09:10:32,0.00058543,179.00000000
2018-02-25 09:10:38,0.00058523,14.00000000
2018-02-25 09:10:42,0.00058523,9.00000000
2018-02-25 09:10:43,0.00058501,18.00000000
2018-02-25 09:10:51,0.00058523,77.00000000
2018-02-25 09:10:51,0.00058543,79.00000000
2018-02-25 09:11:29,0.00058507,6.00000000
2018-02-25 09:11:34,0.00058507,23.00000000
2018-02-25 09:11:34,0.00058502,81.00000000
2018-02-25 09:11:56,0.00058502,64.00000000
2018-02-25 09:11:56,0.00058501,436.00000000
2018-02-25 09:11:56,0.00058500,677.00000000
2018-02-25 09:11:56,0.00058500,179.00000000
2018-02-25 09:12:02,0.00058499,3.00000000
2018-02-25 09:12:26,0.00058499,8.00000000
2018-02-25 09:12:26,0.00058473,18.00000000
2018-02-25 09:12:28,0.00058473,37.00000000
2018-02-25 09:12:28,0.00058500,102.00000000
2018-02-25 09:12:38,0.00058507,24.00000000
2018-02-25 09:12:44,0.00058501,50.00000000
2018-02-25 09:13:13,0.00058501,106.00000000
2018-02-25 09:13:13,0.00058500,10.00000000
2018-02-25 09:13:14,0.00058475,121.00000000
2018-02-25 09:13:15,0.00058500,5.00000000
2018-02-25 09:13:19,0.00058500,49.00000000
2018-02-25 09:13:21,0.00058500,13.00000000
2018-02-25 09:13:23,0.00058500,23.00000000
2018-02-25 09:13:30,0.00058500,18.00000000
2018-02-25 09:13:32,0.00058476,5.00000000
2018-02-25 09:13:33,0.00058476,4.00000000
2018-02-25 09:13:33,0.00058475,2.00000000
2018-02-25 09:13:42,0.00058475,147.00000000
2018-02-25 09:13:42,0.00058475,18.00000000
2018-02-25 09:13:44,0.00058500,8.00000000
2018-02-25 09:13:46,0.00058500,2.00000000
2018-02-25 09:13:53,0.00058475,70.00000000
2018-02-25 09:13:54,0.00058475,38.00000000
2018-02-25 09:14:00,0.00058475,74.00000000
2018-02-25 09:14:00,0.00058473,1.00000000
2018-02-25 09:14:00,0.00058473,10.00000000
2018-02-25 09:14:03,0.00058475,161.00000000
2018-02-25 09:14:06,0.00058473,49.00000000
2018-02-25 09:14:08,0.00058473,1.00000000
2018-02-25 09:14:11,0.00058475,23.00000000
2018-02-25 09:14:18,0.00058473,1.00000000
2018-02-25 09:14:18,0.00058500,17.00000000
2018-02-25 09:14:19,0.00058473,1.00000000
2018-02-25 09:14:20,0.00058473,1.00000000
2018-02-25 09:14:21,0.00058473,41.00000000
2018-02-25 09:14:21,0.00058472,32.00000000
2018-02-25 09:14:22,0.00058470,20.00000000
2018-02-25 09:14:23,0.00058470,29.00000000
2018-02-25 09:14:23,0.00058470,88.00000000
2018-02-25 09:14:35,0.00058470,5.00000000
2018-02-25 09:14:36,0.00058468,39.00000000
2018-02-25 09:14:38,0.00058473,6.00000000
2018-02-25 09:14:42,0.00058468,16.00000000
2018-02-25 09:14:42,0.00058461,58.00000000
2018-02-25 09:14:45,0.00058461,28.00000000
2018-02-25 09:15:02,0.00058430,2.00000000
2018-02-25 09:15:03,0.00058430,17.00000000
2018-02-25 09:15:08,0.00058401,9.00000000
2018-02-25 09:15:08,0.00058400,78.00000000
2018-02-25 09:15:21,0.00058430,19.00000000
2018-02-25 09:15:21,0.00058430,14.00000000
2018-02-25 09:15:22,0.00058460,15.00000000
2018-02-25 09:15:22,0.00058460,5.00000000
2018-02-25 09:15:22,0.00058460,27.00000000
2018-02-25 09:15:24,0.00058421,8.00000000
2018-02-25 09:15:24,0.00058420,47.00000000
2018-02-25 09:15:35,0.00058460,435.00000000
2018-02-25 09:15:47,0.00058424,7.00000000
2018-02-25 09:15:47,0.00058421,30.00000000
2018-02-25 09:15:47,0.00058420,471.00000000
2018-02-25 09:15:49,0.00058420,2.00000000
2018-02-25 09:15:54,0.00058420,7.00000000
2018-02-25 09:15:56,0.00058420,4.00000000
2018-02-25 09:15:57,0.00058402,5.00000000
2018-02-25 09:15:58,0.00058402,8.00000000
2018-02-25 09:15:58,0.00058400,244.00000000
2018-02-25 09:15:58,0.00058400,5.00000000
2018-02-25 09:16:03,0.00058385,85.00000000
2018-02-25 09:16:03,0.00058380,30.00000000
2018-02-25 09:16:03,0.00058377,80.00000000
2018-02-25 09:16:03,0.00058350,67.00000000
2018-02-25 09:16:03,0.00058337,5.00000000
2018-02-25 09:16:03,0.00058329,10.00000000
2018-02-25 09:16:03,0.00058328,30.00000000
2018-02-25 09:16:03,0.00058318,7.00000000
2018-02-25 09:16:03,0.00058301,333.00000000
2018-02-25 09:16:03,0.00058300,9.00000000
2018-02-25 09:16:16,0.00058308,4.00000000
2018-02-25 09:16:16,0.00058304,5.00000000
2018-02-25 09:16:22,0.00058414,4.00000000
2018-02-25 09:16:22,0.00058420,18.00000000
2018-02-25 09:16:24,0.00058370,6.00000000
2018-02-25 09:16:24,0.00058304,12.00000000
2018-02-25 09:16:24,0.00058304,10.00000000
2018-02-25 09:16:24,0.00058304,25.00000000
2018-02-25 09:16:24,0.00058304,30.00000000
2018-02-25 09:16:24,0.00058304,23.00000000
2018-02-25 09:16:24,0.00058303,9.00000000
2018-02-25 09:16:24,0.00058304,51.00000000
2018-02-25 09:16:24,0.00058303,24.00000000
2018-02-25 09:16:24,0.00058304,22.00000000
2018-02-25 09:16:24,0.00058304,51.00000000
2018-02-25 09:16:24,0.00058304,140.00000000
2018-02-25 09:16:25,0.00058304,33.00000000
2018-02-25 09:16:26,0.00058305,120.00000000
2018-02-25 09:16:30,0.00058309,4.00000000
2018-02-25 09:16:31,0.00058304,9.00000000
2018-02-25 09:16:32,0.00058303,4.00000000
2018-02-25 09:16:34,0.00058305,18.00000000
2018-02-25 09:16:38,0.00058400,11.00000000
2018-02-25 09:16:49,0.00058311,4.00000000
2018-02-25 09:16:53,0.00058305,10.00000000
2018-02-25 09:16:59,0.00058394,4.00000000
2018-02-25 09:16:59,0.00058400,40.00000000
2018-02-25 09:17:11,0.00058398,8.00000000
2018-02-25 09:17:11,0.00058400,10.00000000
2018-02-25 09:17:14,0.00058333,120.00000000
2018-02-25 09:17:14,0.00058305,368.00000000
2018-02-25 09:17:15,0.00058305,12.00000000
2018-02-25 09:17:16,0.00058303,6.00000000
2018-02-25 09:17:16,0.00058303,9.00000000
2018-02-25 09:17:23,0.00058309,4.00000000
2018-02-25 09:17:23,0.00058303,14.00000000
2018-02-25 09:17:34,0.00058333,63.00000000
2018-02-25 09:17:43,0.00058333,14.00000000
2018-02-25 09:17:48,0.00058333,18.00000000
2018-02-25 09:17:50,0.00058333,5.00000000
2018-02-25 09:17:54,0.00058306,55.00000000
2018-02-25 09:17:54,0.00058303,52.00000000
2018-02-25 09:17:54,0.00058303,291.00000000
2018-02-25 09:17:54,0.00058300,379.00000000
2018-02-25 09:18:05,0.00058300,139.00000000
2018-02-25 09:18:06,0.00058300,8.00000000
2018-02-25 09:18:11,0.00058294,4.00000000
2018-02-25 09:18:11,0.00058300,14.00000000
2018-02-25 09:18:22,0.00058246,9.00000000
2018-02-25 09:18:22,0.00058245,6.00000000
2018-02-25 09:18:38,0.00058300,10.00000000
2018-02-25 09:18:38,0.00058300,11.00000000
2018-02-25 09:18:41,0.00058246,78.00000000
2018-02-25 09:18:42,0.00058246,59.00000000
2018-02-25 09:18:42,0.00058244,279.00000000
2018-02-25 09:18:43,0.00058300,17.00000000
2018-02-25 09:18:43,0.00058300,23.00000000
2018-02-25 09:18:44,0.00058300,25.00000000
2018-02-25 09:18:44,0.00058300,39.00000000
2018-02-25 09:18:45,0.00058300,27.00000000
2018-02-25 09:18:45,0.00058300,18.00000000
2018-02-25 09:18:45,0.00058300,19.00000000
2018-02-25 09:18:45,0.00058300,119.00000000
2018-02-25 09:18:49,0.00058300,7.00000000
2018-02-25 09:18:49,0.00058246,6.00000000
2018-02-25 09:18:55,0.00058246,1382.00000000
2018-02-25 09:18:55,0.00058244,64.00000000
2018-02-25 09:19:00,0.00058326,447.00000000
2018-02-25 09:19:11,0.00058244,696.00000000
2018-02-25 09:19:11,0.00058244,216.00000000
2018-02-25 09:19:12,0.00058244,44.00000000
2018-02-25 09:19:13,0.00058244,118.00000000
2018-02-25 09:19:14,0.00058244,183.00000000
2018-02-25 09:19:15,0.00058243,18.00000000
2018-02-25 09:19:15,0.00058244,33.00000000
2018-02-25 09:19:17,0.00058244,4.00000000
2018-02-25 09:19:19,0.00058244,3.00000000
2018-02-25 09:19:21,0.00058243,18.00000000
2018-02-25 09:19:21,0.00058244,22.00000000
2018-02-25 09:19:29,0.00058244,76.00000000
2018-02-25 09:19:42,0.00058243,160.00000000
2018-02-25 09:19:42,0.00058209,18.00000000
2018-02-25 09:19:42,0.00058200,37.00000000
2018-02-25 09:19:42,0.00058150,22.00000000
2018-02-25 09:19:42,0.00058147,3882.00000000
2018-02-25 09:19:45,0.00058232,9.00000000
2018-02-25 09:19:46,0.00058232,18.00000000
2018-02-25 09:19:46,0.00058232,2.00000000
2018-02-25 09:19:47,0.00058232,19.00000000
2018-02-25 09:19:48,0.00058243,2.00000000
2018-02-25 09:19:49,0.00058243,20.00000000
2018-02-25 09:19:53,0.00058243,26.00000000
2018-02-25 09:20:03,0.00058242,8.00000000
2018-02-25 09:20:03,0.00058243,112.00000000
2018-02-25 09:20:12,0.00058168,89.00000000
2018-02-25 09:20:23,0.00058243,15.00000000
2018-02-25 09:20:23,0.00058243,4.00000000
2018-02-25 09:20:26,0.00058243,12.00000000
2018-02-25 09:20:28,0.00058243,11.00000000
2018-02-25 09:20:35,0.00058243,6.00000000
2018-02-25 09:20:36,0.00058168,15.00000000
2018-02-25 09:20:38,0.00058168,98.00000000
2018-02-25 09:20:41,0.00058242,94.00000000
2018-02-25 09:20:43,0.00058169,9.00000000
2018-02-25 09:20:43,0.00058168,11.00000000
2018-02-25 09:20:46,0.00058168,59.00000000
2018-02-25 09:20:47,0.00058242,191.00000000
2018-02-25 09:20:47,0.00058242,34.00000000
2018-02-25 09:20:47,0.00058242,27.00000000
2018-02-25 09:20:47,0.00058242,159.00000000
2018-02-25 09:20:48,0.00058242,25.00000000
2018-02-25 09:20:48,0.00058242,23.00000000
2018-02-25 09:20:48,0.00058242,25.00000000
2018-02-25 09:20:49,0.00058243,88.00000000
2018-02-25 09:20:49,0.00058243,23.00000000
2018-02-25 09:20:49,0.00058168,18.00000000
2018-02-25 09:20:51,0.00058243,27.00000000
2018-02-25 09:20:51,0.00058243,27.00000000
2018-02-25 09:20:51,0.00058243,17.00000000
2018-02-25 09:20:51,0.00058243,23.00000000
2018-02-25 09:20:51,0.00058243,9.00000000
2018-02-25 09:20:55,0.00058168,3375.00000000
2018-02-25 09:21:15,0.00058242,78.00000000
2018-02-25 09:21:15,0.00058243,64.00000000
2018-02-25 09:21:16,0.00058243,169.00000000
2018-02-25 09:21:21,0.00058243,18.00000000
2018-02-25 09:21:23,0.00058243,18.00000000
2018-02-25 09:21:23,0.00058243,20.00000000
2018-02-25 09:21:30,0.00058168,398.00000000
2018-02-25 09:21:30,0.00058163,309.00000000
2018-02-25 09:21:30,0.00058160,4.00000000
2018-02-25 09:21:30,0.00058159,49.00000000
2018-02-25 09:21:30,0.00058150,813.00000000
2018-02-25 09:21:30,0.00058147,177.00000000
2018-02-25 09:21:35,0.00058153,4.00000000
2018-02-25 09:21:35,0.00058147,14.00000000
2018-02-25 09:21:37,0.00058147,3199.00000000
2018-02-25 09:21:40,0.00058237,4.00000000
2018-02-25 09:21:54,0.00058237,25.00000000
2018-02-25 09:21:54,0.00058162,6.00000000
2018-02-25 09:21:55,0.00058240,69.00000000
2018-02-25 09:21:55,0.00058240,81.00000000
2018-02-25 09:21:57,0.00058240,14.00000000
2018-02-25 09:22:16,0.00058239,56.00000000
2018-02-25 09:22:17,0.00058239,74.00000000
2018-02-25 09:22:26,0.00058239,1.00000000
2018-02-25 09:22:27,0.00058239,18.00000000
2018-02-25 09:22:34,0.00058239,284.00000000
2018-02-25 09:22:34,0.00058240,1733.00000000
2018-02-25 09:22:35,0.00058240,164.00000000
2018-02-25 09:22:36,0.00058240,20.00000000
2018-02-25 09:22:38,0.00058239,25.00000000
2018-02-25 09:22:38,0.00058240,29.00000000
2018-02-25 09:22:40,0.00058240,20.00000000
2018-02-25 09:22:41,0.00058240,17.00000000
2018-02-25 09:22:42,0.00058230,4.00000000
2018-02-25 09:22:43,0.00058230,20.00000000
2018-02-25 09:22:43,0.00058230,17.00000000
2018-02-25 09:22:47,0.00058230,374.00000000
2018-02-25 09:22:51,0.00058184,9.00000000
2018-02-25 09:22:51,0.00058170,9.00000000
2018-02-25 09:22:57,0.00058171,9.00000000
2018-02-25 09:22:57,0.00058170,112.00000000
2018-02-25 09:23:16,0.00058230,205.00000000
2018-02-25 09:23:16,0.00058230,150.00000000
2018-02-25 09:23:16,0.00058230,105.00000000
2018-02-25 09:23:26,0.00058230,93.00000000
2018-02-25 09:23:47,0.00058230,246.00000000
2018-02-25 09:23:59,0.00058230,204.00000000
2018-02-25 09:24:01,0.00058230,27.00000000
2018-02-25 09:24:01,0.00058230,20.00000000
2018-02-25 09:24:02,0.00058230,6.00000000
2018-02-25 09:24:35,0.00058230,8.00000000
2018-02-25 09:24:36,0.00058230,11.00000000
2018-02-25 09:24:38,0.00058230,18.00000000
2018-02-25 09:24:41,0.00058230,232.00000000
2018-02-25 09:25:03,0.00058230,61.00000000
2018-02-25 09:25:27,0.00058230,90.00000000
2018-02-25 09:25:32,0.00058230,18.00000000
2018-02-25 09:25:33,0.00058171,71.00000000
2018-02-25 09:25:33,0.00058170,114.00000000
2018-02-25 09:25:33,0.00058148,266.00000000
2018-02-25 09:25:33,0.00058146,130.00000000
2018-02-25 09:25:33,0.00058135,595.00000000
2018-02-25 09:25:33,0.00058132,630.00000000
2018-02-25 09:25:33,0.00058118,209.00000000
2018-02-25 09:25:40,0.00058118,20.00000000
2018-02-25 09:25:46,0.00058118,18.00000000
2018-02-25 09:25:50,0.00058195,18.00000000
2018-02-25 09:26:10,0.00058225,4.00000000
2018-02-25 09:26:12,0.00058230,16.00000000
2018-02-25 09:26:12,0.00058230,6.00000000
2018-02-25 09:26:26,0.00058230,637.00000000
2018-02-25 09:26:26,0.00058240,51.00000000
2018-02-25 09:26:31,0.00058326,2.00000000
2018-02-25 09:26:34,0.00058246,4.00000000
2018-02-25 09:26:34,0.00058240,4.00000000
2018-02-25 09:26:38,0.00058240,9.00000000
2018-02-25 09:26:39,0.00058240,490.00000000
2018-02-25 09:26:40,0.00058320,4.00000000
2018-02-25 09:26:40,0.00058326,18.00000000
2018-02-25 09:26:40,0.00058350,1713.00000000
2018-02-25 09:26:40,0.00058350,12.00000000
2018-02-25 09:26:41,0.00058350,209.00000000
2018-02-25 09:26:44,0.00058350,3.00000000
2018-02-25 09:26:45,0.00058350,2.00000000
2018-02-25 09:26:45,0.00058372,4.00000000
2018-02-25 09:26:45,0.00058350,21.00000000
2018-02-25 09:26:50,0.00058350,2.00000000
2018-02-25 09:26:51,0.00058372,37.00000000
2018-02-25 09:26:52,0.00058350,51.00000000
2018-02-25 09:26:53,0.00058350,137.00000000
2018-02-25 09:26:53,0.00058350,7.00000000
2018-02-25 09:26:53,0.00058350,47.00000000
2018-02-25 09:26:53,0.00058350,147.00000000
2018-02-25 09:26:56,0.00058350,2.00000000
2018-02-25 09:26:57,0.00058350,5.00000000
2018-02-25 09:26:57,0.00058350,468.00000000
2018-02-25 09:26:58,0.00058350,16.00000000
2018-02-25 09:27:03,0.00058350,158.00000000
2018-02-25 09:27:03,0.00058350,100.00000000
2018-02-25 09:27:06,0.00058350,20.00000000
2018-02-25 09:27:09,0.00058350,18.00000000
2018-02-25 09:27:10,0.00058350,13.00000000
2018-02-25 09:27:10,0.00058350,44.00000000
2018-02-25 09:27:10,0.00058350,47.00000000
2018-02-25 09:27:13,0.00058350,235.00000000
2018-02-25 09:27:16,0.00058350,92.00000000
2018-02-25 09:27:16,0.00058350,443.00000000
2018-02-25 09:27:16,0.00058350,10.00000000
2018-02-25 09:27:18,0.00058350,16.00000000
2018-02-25 09:27:20,0.00058350,124.00000000
2018-02-25 09:27:20,0.00058350,13.00000000
2018-02-25 09:27:21,0.00058350,169.00000000
2018-02-25 09:27:22,0.00058369,51.00000000
2018-02-25 09:27:22,0.00058350,29.00000000
2018-02-25 09:28:38,0.00058399,27.00000000
2018-02-25 09:28:39,0.00058399,14.00000000
2018-02-25 09:28:41,0.00058399,61.00000000
2018-02-25 09:28:41,0.00058400,102.00000000
2018-02-25 09:28:44,0.00058400,163.00000000
2018-02-25 09:28:45,0.00058400,8.00000000
2018-02-25 09:28:48,0.00058400,132.00000000
2018-02-25 09:28:48,0.00058450,4.00000000
2018-02-25 09:28:48,0.00058473,23.00000000
2018-02-25 09:28:48,0.00058500,65.00000000
2018-02-25 09:28:48,0.00058530,149.00000000
2018-02-25 09:28:49,0.00058530,2.00000000
2018-02-25 09:28:49,0.00058530,59.00000000
2018-02-25 09:28:50,0.00058530,80.00000000
2018-02-25 09:28:50,0.00058530,256.00000000
2018-02-25 09:28:51,0.00058530,3.00000000
2018-02-25 09:28:53,0.00058530,556.00000000
2018-02-25 09:28:54,0.00058565,17.00000000
2018-02-25 09:28:54,0.00058565,445.00000000
2018-02-25 09:28:54,0.00058530,528.00000000
2018-02-25 09:28:58,0.00058415,2.00000000
2018-02-25 09:29:11,0.00058460,63.00000000
2018-02-25 09:29:20,0.00058460,8.00000000
2018-02-25 09:29:24,0.00058420,4.00000000
2018-02-25 09:29:24,0.00058415,1.00000000
2018-02-25 09:29:34,0.00058460,6.00000000
2018-02-25 09:29:34,0.00058461,11.00000000
2018-02-25 09:29:35,0.00058461,18.00000000
2018-02-25 09:29:43,0.00058450,59.00000000
2018-02-25 09:29:47,0.00058415,18.00000000
2018-02-25 09:29:49,0.00058444,4.00000000
2018-02-25 09:29:49,0.00058450,13.00000000
2018-02-25 09:29:55,0.00058450,2644.00000000
2018-02-25 09:30:00,0.00058525,4.00000000
2018-02-25 09:30:00,0.00058566,11.00000000
2018-02-25 09:30:00,0.00058421,2.00000000
2018-02-25 09:30:38,0.00058450,20.00000000
2018-02-25 09:30:38,0.00058566,39.00000000
2018-02-25 09:30:38,0.00058568,7.00000000
2018-02-25 09:30:41,0.00058440,32.00000000
2018-02-25 09:30:50,0.00058438,37.00000000
2018-02-25 09:30:50,0.00058440,176.00000000
2018-02-25 09:30:50,0.00058500,500.00000000
2018-02-25 09:30:50,0.00058566,77.00000000
2018-02-25 09:30:50,0.00058568,46.00000000
2018-02-25 09:30:50,0.00058569,74.00000000
2018-02-25 09:30:50,0.00058577,30.00000000
2018-02-25 09:30:50,0.00058578,26.00000000
2018-02-25 09:30:50,0.00058585,27.00000000
2018-02-25 09:30:50,0.00058590,20.00000000
2018-02-25 09:30:50,0.00058593,21.00000000
2018-02-25 09:30:50,0.00058599,33.00000000
2018-02-25 09:30:50,0.00058600,671.00000000
2018-02-25 09:30:50,0.00058604,4.00000000
2018-02-25 09:30:50,0.00058609,160.00000000
2018-02-25 09:30:50,0.00058610,378.00000000
2018-02-25 09:30:50,0.00058611,2.00000000
2018-02-25 09:30:50,0.00058644,53.00000000
2018-02-25 09:30:50,0.00058660,191.00000000
2018-02-25 09:30:50,0.00058600,3.00000000
2018-02-25 09:31:02,0.00058573,17.00000000
2018-02-25 09:31:45,0.00058537,77.00000000
2018-02-25 09:31:45,0.00058568,4.00000000
2018-02-25 09:31:45,0.00058573,76.00000000
2018-02-25 09:31:45,0.00058650,10.00000000
2018-02-25 09:31:45,0.00058657,30.00000000
2018-02-25 09:31:45,0.00058660,314.00000000
2018-02-25 09:31:45,0.00058670,32.00000000
2018-02-25 09:31:45,0.00058683,7.00000000
2018-02-25 09:31:45,0.00058684,121.00000000
2018-02-25 09:31:45,0.00058690,183.00000000
2018-02-25 09:31:57,0.00058652,10.00000000
2018-02-25 09:31:57,0.00058653,8.00000000
2018-02-25 09:32:00,0.00058536,18.00000000
2018-02-25 09:32:04,0.00058543,4.00000000
2018-02-25 09:32:04,0.00058542,10.00000000
2018-02-25 09:32:13,0.00058541,4.00000000
2018-02-25 09:32:21,0.00058632,7.00000000
2018-02-25 09:32:24,0.00058625,11.00000000
2018-02-25 09:32:24,0.00058627,4.00000000
2018-02-25 09:32:24,0.00058630,6.00000000
2018-02-25 09:32:24,0.00058632,22.00000000
2018-02-25 09:32:26,0.00058632,14.00000000
2018-02-25 09:32:27,0.00058525,4.00000000
2018-02-25 09:32:29,0.00058520,170.00000000
2018-02-25 09:32:29,0.00058514,51.00000000
2018-02-25 09:32:29,0.00058465,4.00000000
2018-02-25 09:32:29,0.00058454,7.00000000
2018-02-25 09:32:29,0.00058453,30.00000000
2018-02-25 09:32:29,0.00058452,33.00000000
2018-02-25 09:32:29,0.00058451,3.00000000
2018-02-25 09:32:31,0.00058526,4.00000000
2018-02-25 09:32:35,0.00058542,163.00000000
2018-02-25 09:32:38,0.00058611,10.00000000
2018-02-25 09:32:38,0.00058613,4.00000000
2018-02-25 09:32:38,0.00058615,4.00000000
2018-02-25 09:32:38,0.00058618,48.00000000
2018-02-25 09:32:39,0.00058482,4.00000000
2018-02-25 09:32:44,0.00058617,3.00000000
2018-02-25 09:32:44,0.00058618,9.00000000
2018-02-25 09:32:45,0.00058618,2.00000000
2018-02-25 09:32:45,0.00058618,7.00000000
2018-02-25 09:32:45,0.00058618,29.00000000
2018-02-25 09:32:52,0.00058500,65.00000000
2018-02-25 09:32:58,0.00058615,7.00000000
2018-02-25 09:32:58,0.00058616,7.00000000
2018-02-25 09:32:58,0.00058624,4.00000000
2018-02-25 09:33:00,0.00058522,20.00000000
2018-02-25 09:33:00,0.00058511,51.00000000
2018-02-25 09:33:00,0.00058500,21.00000000
2018-02-25 09:33:00,0.00058483,30.00000000
2018-02-25 09:33:00,0.00058482,76.00000000
2018-02-25 09:33:00,0.00058471,4.00000000
2018-02-25 09:33:00,0.00058466,21.00000000
2018-02-25 09:33:00,0.00058463,4.00000000
2018-02-25 09:33:00,0.00058450,293.00000000
2018-02-25 09:33:24,0.00058599,10.00000000
2018-02-25 09:33:24,0.00058600,54.00000000
2018-02-25 09:33:31,0.00058600,7.00000000
2018-02-25 09:33:31,0.00058607,2.00000000
2018-02-25 09:33:31,0.00058608,51.00000000
2018-02-25 09:33:31,0.00058612,153.00000000
2018-02-25 09:33:43,0.00058511,4.00000000
2018-02-25 09:33:43,0.00058500,14.00000000
2018-02-25 09:33:45,0.00058601,4.00000000
2018-02-25 09:33:45,0.00058607,4.00000000
2018-02-25 09:33:45,0.00058618,6.00000000
2018-02-25 09:33:45,0.00058620,14.00000000
2018-02-25 09:33:45,0.00058632,611.00000000
2018-02-25 09:34:04,0.00058625,10.00000000
2018-02-25 09:34:04,0.00058626,4.00000000
2018-02-25 09:34:04,0.00058631,4.00000000
2018-02-25 09:34:07,0.00058631,3.00000000
2018-02-25 09:34:09,0.00058631,102.00000000
2018-02-25 09:34:11,0.00058630,33.00000000
2018-02-25 09:34:11,0.00058631,37.00000000
2018-02-25 09:34:11,0.00058631,32.00000000
2018-02-25 09:34:14,0.00058630,9.00000000
2018-02-25 09:34:15,0.00058630,21.00000000
2018-02-25 09:34:16,0.00058629,190.00000000
2018-02-25 09:34:16,0.00058629,5.00000000
2018-02-25 09:34:16,0.00058629,51.00000000
2018-02-25 09:34:16,0.00058629,321.00000000
2018-02-25 09:34:16,0.00058629,4.00000000
2018-02-25 09:34:20,0.00058529,18.00000000
2018-02-25 09:34:23,0.00058528,2.00000000
2018-02-25 09:34:23,0.00058527,4.00000000
2018-02-25 09:34:23,0.00058521,2.00000000
2018-02-25 09:34:33,0.00058614,49.00000000
2018-02-25 09:34:33,0.00058616,10.00000000
2018-02-25 09:34:33,0.00058617,4.00000000
2018-02-25 09:34:33,0.00058624,14.00000000
2018-02-25 09:34:34,0.00058535,4.00000000
2018-02-25 09:34:43,0.00058618,4.00000000
2018-02-25 09:34:43,0.00058624,13.00000000
2018-02-25 09:34:45,0.00058535,4.00000000
2018-02-25 09:35:11,0.00058529,4.00000000
2018-02-25 09:35:14,0.00058535,18.00000000
2018-02-25 09:35:14,0.00058535,7.00000000
2018-02-25 09:35:15,0.00058529,20.00000000
2018-02-25 09:35:17,0.00058529,18.00000000
2018-02-25 09:35:20,0.00058535,5.00000000
2018-02-25 09:35:20,0.00058618,2.00000000
2018-02-25 09:35:20,0.00058625,11.00000000
2018-02-25 09:35:26,0.00058535,4.00000000
2018-02-25 09:35:26,0.00058529,14.00000000
2018-02-25 09:35:28,0.00058529,7.00000000
2018-02-25 09:35:29,0.00058529,15.00000000
2018-02-25 09:35:29,0.00058618,9.00000000
2018-02-25 09:35:29,0.00058619,4.00000000
2018-02-25 09:35:29,0.00058625,5.00000000
2018-02-25 09:35:33,0.00058625,4.00000000
2018-02-25 09:35:39,0.00058541,4.00000000
2018-02-25 09:35:40,0.00058535,11.00000000
2018-02-25 09:35:41,0.00058535,18.00000000
2018-02-25 09:35:43,0.00058535,123.00000000
2018-02-25 09:35:43,0.00058529,95.00000000
2018-02-25 09:35:51,0.00058619,4.00000000
2018-02-25 09:35:51,0.00058624,41.00000000
2018-02-25 09:35:57,0.00058535,4.00000000
2018-02-25 09:36:00,0.00058613,4.00000000
2018-02-25 09:36:00,0.00058618,6.00000000
2018-02-25 09:36:00,0.00058619,8.00000000
2018-02-25 09:36:03,0.00058535,4.00000000
2018-02-25 09:36:03,0.00058535,32.00000000
2018-02-25 09:36:07,0.00058600,40.00000000
2018-02-25 09:36:08,0.00058600,84.00000000
2018-02-25 09:36:21,0.00058535,7.00000000
2018-02-25 09:36:21,0.00058530,3.00000000
2018-02-25 09:36:21,0.00058529,8.00000000
2018-02-25 09:36:30,0.00058604,4.00000000
2018-02-25 09:36:30,0.00058610,13.00000000
2018-02-25 09:36:38,0.00058610,29.00000000
2018-02-25 09:36:40,0.00058535,32.00000000
2018-02-25 09:36:40,0.00058529,27.00000000
2018-02-25 09:36:40,0.00058530,40.00000000
2018-02-25 09:36:40,0.00058529,378.00000000
2018-02-25 09:36:40,0.00058521,5.00000000
2018-02-25 09:36:40,0.00058514,4.00000000
2018-02-25 09:36:40,0.00058507,30.00000000
2018-02-25 09:36:40,0.00058506,866.00000000
2018-02-25 09:36:46,0.00058506,19.00000000
2018-02-25 09:36:47,0.00058506,5.00000000
2018-02-25 09:36:48,0.00058529,5.00000000
2018-02-25 09:36:56,0.00058520,41.00000000
2018-02-25 09:36:59,0.00058602,42.00000000
2018-02-25 09:37:00,0.00058520,126.00000000
2018-02-25 09:37:00,0.00058520,51.00000000
2018-02-25 09:37:00,0.00058520,51.00000000
2018-02-25 09:37:00,0.00058520,18.00000000
2018-02-25 09:37:02,0.00058520,61.00000000
2018-02-25 09:37:07,0.00058520,51.00000000
2018-02-25 09:37:07,0.00058520,51.00000000
2018-02-25 09:37:08,0.00058520,10.00000000
2018-02-25 09:37:14,0.00058529,28.00000000
2018-02-25 09:37:32,0.00058529,117.00000000
2018-02-25 09:37:42,0.00058520,24.00000000
2018-02-25 09:37:43,0.00058520,3.00000000
2018-02-25 09:37:46,0.00058520,363.00000000
2018-02-25 09:37:46,0.00058506,4.00000000
2018-02-25 09:37:46,0.00058500,3.00000000
2018-02-25 09:37:46,0.00058494,24.00000000
2018-02-25 09:37:46,0.00058486,270.00000000
2018-02-25 09:37:46,0.00058484,51.00000000
2018-02-25 09:37:46,0.00058450,2423.00000000
2018-02-25 09:37:46,0.00058448,30.00000000
2018-02-25 09:37:46,0.00058421,139.00000000
2018-02-25 09:37:46,0.00058401,2.00000000
2018-02-25 09:37:46,0.00058400,649.00000000
2018-02-25 09:37:46,0.00058378,149.00000000
2018-02-25 09:37:46,0.00058354,73.00000000
2018-02-25 09:37:46,0.00058353,18.00000000
2018-02-25 09:37:58,0.00058586,18.00000000
2018-02-25 09:38:00,0.00058520,50.00000000
2018-02-25 09:38:00,0.00058354,30.00000000
2018-02-25 09:38:00,0.00058353,65.00000000
2018-02-25 09:38:00,0.00058352,530.00000000
2018-02-25 09:38:00,0.00058350,1442.00000000
2018-02-25 09:38:00,0.00058353,29.00000000
2018-02-25 09:38:00,0.00058352,3.00000000
2018-02-25 09:38:03,0.00058593,20.00000000
2018-02-25 09:38:03,0.00058594,51.00000000
2018-02-25 09:38:03,0.00058595,118.00000000
2018-02-25 09:38:03,0.00058597,30.00000000
2018-02-25 09:38:03,0.00058598,97.00000000
2018-02-25 09:38:03,0.00058599,245.00000000
2018-02-25 09:38:03,0.00058600,176.00000000
2018-02-25 09:38:03,0.00058600,30.00000000
2018-02-25 09:38:03,0.00058600,30.00000000
2018-02-25 09:38:03,0.00058600,30.00000000
2018-02-25 09:38:03,0.00058600,30.00000000
2018-02-25 09:38:03,0.00058600,51.00000000
2018-02-25 09:38:03,0.00058600,30.00000000
2018-02-25 09:38:03,0.00058600,243.00000000
2018-02-25 09:38:03,0.00058600,20.00000000
2018-02-25 09:38:03,0.00058600,51.00000000
2018-02-25 09:38:04,0.00058600,6.00000000
2018-02-25 09:38:04,0.00058600,51.00000000
2018-02-25 09:38:04,0.00058600,51.00000000
2018-02-25 09:38:04,0.00058600,554.00000000
2018-02-25 09:38:04,0.00058600,51.00000000
2018-02-25 09:38:04,0.00058600,51.00000000
2018-02-25 09:38:04,0.00058600,51.00000000
2018-02-25 09:38:04,0.00058600,51.00000000
2018-02-25 09:38:04,0.00058600,51.00000000
2018-02-25 09:38:04,0.00058601,10.00000000
2018-02-25 09:38:04,0.00058600,51.00000000
2018-02-25 09:38:04,0.00058600,51.00000000
2018-02-25 09:38:05,0.00058600,51.00000000
2018-02-25 09:38:05,0.00058600,51.00000000
2018-02-25 09:38:06,0.00058600,125.00000000
2018-02-25 09:38:06,0.00058600,416.00000000
2018-02-25 09:38:06,0.00058600,269.00000000
2018-02-25 09:38:07,0.00058600,450.00000000
2018-02-25 09:38:19,0.00058552,7.00000000
2018-02-25 09:38:19,0.00058586,52.00000000
2018-02-25 09:38:22,0.00058452,168.00000000
2018-02-25 09:38:22,0.00058450,10.00000000
2018-02-25 09:38:22,0.00058446,81.00000000
2018-02-25 09:38:22,0.00058437,8.00000000
2018-02-25 09:38:33,0.00058530,162.00000000
2018-02-25 09:38:42,0.00058443,4.00000000
2018-02-25 09:38:45,0.00058466,6.00000000
2018-02-25 09:38:45,0.00058467,6.00000000
2018-02-25 09:38:45,0.00058469,51.00000000
2018-02-25 09:39:02,0.00058500,18.00000000
2018-02-25 09:39:10,0.00058500,119.00000000
2018-02-25 09:39:11,0.00058499,10.00000000
2018-02-25 09:39:11,0.00058500,252.00000000
2018-02-25 09:40:00,0.00058500,2.00000000
2018-02-25 09:40:23,0.00058500,18.00000000
2018-02-25 09:40:26,0.00058433,10.00000000
2018-02-25 09:40:26,0.00058432,8.00000000
2018-02-25 09:40:39,0.00058500,18.00000000
2018-02-25 09:40:39,0.00058434,9.00000000
2018-02-25 09:40:39,0.00058433,196.00000000
2018-02-25 09:40:39,0.00058432,198.00000000
2018-02-25 09:40:39,0.00058422,237.00000000
2018-02-25 09:40:39,0.00058401,100.00000000
2018-02-25 09:40:39,0.00058400,9.00000000
2018-02-25 09:40:39,0.00058382,51.00000000
2018-02-25 09:40:39,0.00058365,12.00000000
2018-02-25 09:40:39,0.00058360,15.00000000
2018-02-25 09:40:39,0.00058353,32.00000000
2018-02-25 09:40:39,0.00058352,124.00000000
2018-02-25 09:40:39,0.00058351,20.00000000
2018-02-25 09:40:48,0.00058497,5.00000000
2018-02-25 09:40:49,0.00058451,9.00000000
2018-02-25 09:40:49,0.00058450,9.00000000
2018-02-25 09:40:55,0.00058495,12.00000000
2018-02-25 09:40:55,0.00058497,28.00000000
2018-02-25 09:40:55,0.00058499,51.00000000
2018-02-25 09:40:59,0.00058499,124.00000000
2018-02-25 09:41:03,0.00058499,163.00000000
2018-02-25 09:41:11,0.00058500,37.00000000
2018-02-25 09:41:34,0.00058500,18.00000000
2018-02-25 09:41:35,0.00058500,3.00000000
2018-02-25 09:41:37,0.00058450,16.00000000
2018-02-25 09:41:37,0.00058365,2.00000000
2018-02-25 09:41:42,0.00058499,12.00000000
2018-02-25 09:41:44,0.00058499,9.00000000
2018-02-25 09:41:45,0.00058499,15.00000000
2018-02-25 09:41:46,0.00058499,11.00000000
2018-02-25 09:41:48,0.00058499,4.00000000
2018-02-25 09:41:59,0.00058499,1149.00000000
2018-02-25 09:42:01,0.00058499,523.00000000
2018-02-25 09:42:06,0.00058498,21.00000000
2018-02-25 09:42:39,0.00058498,134.00000000
2018-02-25 09:42:57,0.00058383,10.00000000
2018-02-25 09:43:29,0.00058390,10.00000000
2018-02-25 09:43:29,0.00058389,3.00000000
2018-02-25 09:43:29,0.00058388,4.00000000
2018-02-25 09:43:29,0.00058383,15.00000000
2018-02-25 09:43:29,0.00058382,491.00000000
2018-02-25 09:43:54,0.00058485,18.00000000
2018-02-25 09:44:04,0.00058396,18.00000000
2018-02-25 09:44:04,0.00058395,4.00000000
2018-02-25 09:44:04,0.00058389,28.00000000
2018-02-25 09:44:04,0.00058480,2.00000000
2018-02-25 09:44:04,0.00058481,26.00000000
2018-02-25 09:44:33,0.00058429,17.00000000
2018-02-25 09:44:39,0.00058391,1.00000000
2018-02-25 09:44:39,0.00058467,8.00000000
2018-02-25 09:44:39,0.00058468,4.00000000
2018-02-25 09:44:43,0.00058429,59.00000000
2018-02-25 09:44:44,0.00058429,118.00000000
2018-02-25 09:44:46,0.00058429,9.00000000
2018-02-25 09:44:48,0.00058429,11.00000000
2018-02-25 09:44:48,0.00058429,143.00000000
2018-02-25 09:44:50,0.00058429,51.00000000
2018-02-25 09:44:50,0.00058429,19.00000000
2018-02-25 09:44:57,0.00058428,18.00000000
2018-02-25 09:45:02,0.00058428,8.00000000
2018-02-25 09:45:02,0.00058429,7.00000000
2018-02-25 09:45:02,0.00058429,148.00000000
2018-02-25 09:45:07,0.00058391,2.00000000
2018-02-25 09:45:07,0.00058390,2.00000000
2018-02-25 09:45:07,0.00058388,14.00000000
2018-02-25 09:45:16,0.00058429,78.00000000
2018-02-25 09:45:18,0.00058429,36.00000000
2018-02-25 09:45:19,0.00058429,66.00000000
2018-02-25 09:45:20,0.00058429,129.00000000
2018-02-25 09:45:24,0.00058481,24.00000000
2018-02-25 09:45:56,0.00058481,30.00000000
2018-02-25 09:45:56,0.00058486,4.00000000
2018-02-25 09:45:56,0.00058492,508.00000000
2018-02-25 09:45:56,0.00058492,17.00000000
2018-02-25 09:45:58,0.00058497,18.00000000
2018-02-25 09:46:02,0.00058430,9.00000000
2018-02-25 09:46:02,0.00058429,9.00000000
2018-02-25 09:46:02,0.00058429,13.00000000
2018-02-25 09:46:02,0.00058429,19.00000000
2018-02-25 09:46:04,0.00058395,4.00000000
2018-02-25 09:46:04,0.00058394,4.00000000
2018-02-25 09:46:04,0.00058389,10.00000000
2018-02-25 09:46:21,0.00058396,9.00000000
2018-02-25 09:46:21,0.00058389,30.00000000
2018-02-25 09:46:26,0.00058475,4.00000000
2018-02-25 09:46:26,0.00058481,101.00000000
2018-02-25 09:46:39,0.00058481,17.00000000
2018-02-25 09:46:46,0.00058397,107.00000000
2018-02-25 09:46:46,0.00058390,555.00000000
2018-02-25 09:46:46,0.00058389,375.00000000
2018-02-25 09:46:46,0.00058388,605.00000000
2018-02-25 09:46:46,0.00058388,51.00000000
2018-02-25 09:46:46,0.00058388,413.00000000
2018-02-25 09:46:46,0.00058388,150.00000000
2018-02-25 09:46:46,0.00058388,23.00000000
2018-02-25 09:46:47,0.00058388,50.00000000
2018-02-25 09:46:52,0.00058388,291.00000000
2018-02-25 09:47:06,0.00058481,24.00000000
2018-02-25 09:47:23,0.00058481,28.00000000
2018-02-25 09:47:23,0.00058492,4.00000000
2018-02-25 09:47:23,0.00058497,156.00000000
2018-02-25 09:47:31,0.00058394,30.00000000
2018-02-25 09:47:37,0.00058490,7.00000000
2018-02-25 09:47:40,0.00058484,3.00000000
2018-02-25 09:48:01,0.00058484,1.00000000
2018-02-25 09:48:01,0.00058497,16.00000000
2018-02-25 09:48:01,0.00058497,7.00000000
2018-02-25 09:48:03,0.00058497,6.00000000
2018-02-25 09:48:08,0.00058401,4.00000000
2018-02-25 09:48:09,0.00058395,4.00000000
2018-02-25 09:48:23,0.00058395,6.00000000
2018-02-25 09:48:24,0.00058400,18.00000000
2018-02-25 09:48:24,0.00058395,27.00000000
2018-02-25 09:48:25,0.00058395,26.00000000
2018-02-25 09:48:30,0.00058400,81.00000000
2018-02-25 09:48:30,0.00058400,56.00000000
2018-02-25 09:48:32,0.00058401,80.00000000
2018-02-25 09:48:34,0.00058401,17.00000000
2018-02-25 09:48:50,0.00058401,17.00000000
2018-02-25 09:48:52,0.00058401,119.00000000
2018-02-25 09:48:52,0.00058401,17.00000000
2018-02-25 09:48:54,0.00058407,4.00000000
2018-02-25 09:48:54,0.00058401,3.00000000
2018-02-25 09:48:54,0.00058400,838.00000000
2018-02-25 09:48:57,0.00058400,200.00000000
2018-02-25 09:49:02,0.00058401,7.00000000
2018-02-25 09:49:09,0.00058401,116.00000000
2018-02-25 09:49:18,0.00058402,9.00000000
2018-02-25 09:49:19,0.00058401,1414.00000000
2018-02-25 09:49:19,0.00058400,9.00000000
2018-02-25 09:49:19,0.00058401,4.00000000
2018-02-25 09:49:21,0.00058401,5.00000000
2018-02-25 09:49:43,0.00058401,4.00000000
2018-02-25 09:49:43,0.00058400,113.00000000
2018-02-25 09:49:59,0.00058401,6.00000000
2018-02-25 09:49:59,0.00058400,22.00000000
2018-02-25 09:49:59,0.00058395,196.00000000
2018-02-25 09:49:59,0.00058395,25.00000000
2018-02-25 09:50:05,0.00058395,35.00000000
2018-02-25 09:50:16,0.00058395,11.00000000
2018-02-25 09:50:17,0.00058395,34.00000000
2018-02-25 09:50:17,0.00058395,3.00000000
2018-02-25 09:50:18,0.00058395,34.00000000
2018-02-25 09:50:18,0.00058395,29.00000000
2018-02-25 09:50:19,0.00058395,33.00000000
2018-02-25 09:50:21,0.00058395,428.00000000
2018-02-25 09:50:22,0.00058395,34.00000000
2018-02-25 09:50:28,0.00058400,4.00000000
2018-02-25 09:50:30,0.00058400,7.00000000
2018-02-25 09:50:34,0.00058400,5.00000000
2018-02-25 09:50:39,0.00058445,4.00000000
2018-02-25 09:50:39,0.00058451,18.00000000
2018-02-25 09:50:39,0.00058483,4.00000000
2018-02-25 09:50:39,0.00058497,45.00000000
2018-02-25 09:50:43,0.00058410,59.00000000
2018-02-25 09:50:44,0.00058410,53.00000000
2018-02-25 09:50:44,0.00058416,4.00000000
2018-02-25 09:50:47,0.00058400,45.00000000
2018-02-25 09:51:03,0.00058490,4.00000000
2018-02-25 09:51:03,0.00058497,50.00000000
2018-02-25 09:51:05,0.00058402,4.00000000
2018-02-25 09:51:05,0.00058400,14.00000000
2018-02-25 09:51:12,0.00058490,4.00000000
2018-02-25 09:51:12,0.00058495,9.00000000
2018-02-25 09:51:12,0.00058496,4.00000000
2018-02-25 09:51:21,0.00058495,1261.00000000
2018-02-25 09:51:38,0.00058495,220.00000000
2018-02-25 09:51:38,0.00058414,4.00000000
2018-02-25 09:51:38,0.00058408,9.00000000
2018-02-25 09:51:38,0.00058400,46.00000000
2018-02-25 09:51:58,0.00058489,4.00000000
2018-02-25 09:51:58,0.00058495,13.00000000
2018-02-25 09:52:04,0.00058406,1.00000000
2018-02-25 09:52:14,0.00058407,9.00000000
2018-02-25 09:52:19,0.00058406,152.00000000
2018-02-25 09:52:29,0.00058494,1734.00000000
2018-02-25 09:52:39,0.00058494,70.00000000
2018-02-25 09:52:39,0.00058494,20.00000000
2018-02-25 09:52:51,0.00058494,9.00000000
2018-02-25 09:52:54,0.00058493,40.00000000
2018-02-25 09:52:56,0.00058408,4.00000000
2018-02-25 09:52:56,0.00058406,9.00000000
2018-02-25 09:52:58,0.00058406,80.00000000
2018-02-25 09:53:00,0.00058493,546.00000000
2018-02-25 09:53:08,0.00058406,3.00000000
2018-02-25 09:53:08,0.00058491,5.00000000
2018-02-25 09:53:08,0.00058492,53.00000000
2018-02-25 09:53:13,0.00058492,80.00000000
2018-02-25 09:53:14,0.00058492,55.00000000
2018-02-25 09:53:19,0.00058492,52.00000000
2018-02-25 09:53:19,0.00058410,103.00000000
2018-02-25 09:53:24,0.00058491,49.00000000
2018-02-25 09:53:25,0.00058410,21.00000000
2018-02-25 09:53:27,0.00058412,4.00000000
2018-02-25 09:53:28,0.00058491,47.00000000
2018-02-25 09:53:32,0.00058406,29.00000000
2018-02-25 09:53:32,0.00058406,15.00000000
2018-02-25 09:53:32,0.00058406,22.00000000
2018-02-25 09:53:33,0.00058484,9.00000000
2018-02-25 09:53:33,0.00058485,4.00000000
2018-02-25 09:53:33,0.00058492,32.00000000
2018-02-25 09:53:34,0.00058491,9.00000000
2018-02-25 09:53:39,0.00058491,43.00000000
2018-02-25 09:53:46,0.00058491,168.00000000
2018-02-25 09:53:46,0.00058492,35.00000000
2018-02-25 09:53:46,0.00058406,100.00000000
2018-02-25 09:53:58,0.00058406,91.00000000
2018-02-25 09:54:24,0.00058490,18.00000000
2018-02-25 09:54:27,0.00058410,18.00000000
2018-02-25 09:54:29,0.00058410,36.00000000
2018-02-25 09:54:32,0.00058490,18.00000000
2018-02-25 09:54:39,0.00058490,278.00000000
2018-02-25 09:54:51,0.00058489,89.00000000
2018-02-25 09:55:15,0.00058480,31.00000000
2018-02-25 09:56:04,0.00058480,310.00000000
2018-02-25 09:56:33,0.00058421,736.00000000
2018-02-25 09:56:33,0.00058480,45.00000000
2018-02-25 09:56:33,0.00058489,5.00000000
2018-02-25 09:56:37,0.00058480,86.00000000
2018-02-25 09:56:45,0.00058422,9.00000000
2018-02-25 09:56:45,0.00058420,50.00000000
2018-02-25 09:56:45,0.00058406,24.00000000
2018-02-25 09:56:46,0.00058480,13.00000000
2018-02-25 09:56:49,0.00058480,114.00000000
2018-02-25 09:57:27,0.00058450,1825.00000000
2018-02-25 09:57:28,0.00058450,8.00000000
2018-02-25 09:57:29,0.00058450,9.00000000
2018-02-25 09:57:29,0.00058480,9.00000000
2018-02-25 09:58:18,0.00058478,131.00000000
2018-02-25 09:58:18,0.00058479,19.00000000
2018-02-25 09:58:20,0.00058479,3.00000000
2018-02-25 09:59:12,0.00058406,1422.00000000
2018-02-25 09:59:13,0.00058476,6.00000000
2018-02-25 09:59:13,0.00058477,11.00000000
2018-02-25 09:59:18,0.00058401,41.00000000
2018-02-25 09:59:40,0.00058401,159.00000000
2018-02-25 09:59:40,0.00058400,492.00000000
2018-02-25 09:59:43,0.00058400,450.00000000
2018-02-25 09:59:45,0.00058473,50.00000000
2018-02-25 09:59:45,0.00058474,8.00000000
2018-02-25 09:59:45,0.00058475,16.00000000
2018-02-25 09:59:46,0.00058400,731.00000000
2018-02-25 09:59:59,0.00058400,36.00000000
