DATE,PRICE,VOLUME
2018-02-27 10:00:04,0.00052490,10.00000000
2018-02-27 10:00:04,0.00052489,3.00000000
2018-02-27 10:00:17,0.00052490,4.00000000
2018-02-27 10:00:22,0.00052470,19.00000000
2018-02-27 10:00:25,0.00052490,27.00000000
2018-02-27 10:00:25,0.00052544,40.00000000
2018-02-27 10:00:25,0.00052543,10.00000000
2018-02-27 10:00:25,0.00052544,335.00000000
2018-02-27 10:00:25,0.00052546,8.00000000
2018-02-27 10:00:25,0.00052551,449.00000000
2018-02-27 10:00:39,0.00052489,100.00000000
2018-02-27 10:00:41,0.00052489,10.00000000
2018-02-27 10:00:44,0.00052489,100.00000000
2018-02-27 10:00:51,0.00052489,135.00000000
2018-02-27 10:00:57,0.00052489,95.00000000
2018-02-27 10:00:57,0.00052551,5.00000000
2018-02-27 10:01:00,0.00052551,28.00000000
2018-02-27 10:01:26,0.00052550,21.00000000
2018-02-27 10:01:26,0.00052551,23.00000000
2018-02-27 10:01:28,0.00052490,10.00000000
2018-02-27 10:01:30,0.00052489,3.00000000
2018-02-27 10:01:31,0.00052490,14.00000000
2018-02-27 10:01:31,0.00052551,36.00000000
2018-02-27 10:01:35,0.00052489,21.00000000
2018-02-27 10:01:35,0.00052489,30.00000000
2018-02-27 10:01:36,0.00052450,40.00000000
2018-02-27 10:01:38,0.00052489,308.00000000
2018-02-27 10:01:38,0.00052549,142.00000000
2018-02-27 10:01:38,0.00052550,1324.00000000
2018-02-27 10:01:38,0.00052551,1173.00000000
2018-02-27 10:01:38,0.00052552,5.00000000
2018-02-27 10:01:38,0.00052570,27.00000000
2018-02-27 10:01:38,0.00052579,3.00000000
2018-02-27 10:01:38,0.00052593,83.00000000
2018-02-27 10:01:38,0.00052598,18.00000000
2018-02-27 10:01:38,0.00052600,1259.00000000
2018-02-27 10:01:38,0.00052620,42.00000000
2018-02-27 10:01:38,0.00052650,18.00000000
2018-02-27 10:01:38,0.00052670,40.00000000
2018-02-27 10:01:38,0.00052671,12.00000000
2018-02-27 10:01:38,0.00052673,838.00000000
2018-02-27 10:01:38,0.00052676,1058.00000000
2018-02-27 10:01:38,0.00052700,2.00000000
2018-02-27 10:01:38,0.00052727,604.00000000
2018-02-27 10:01:38,0.00052729,16.00000000
2018-02-27 10:01:38,0.00052749,712.00000000
2018-02-27 10:01:38,0.00052750,5899.00000000
2018-02-27 10:01:38,0.00052786,65.00000000
2018-02-27 10:01:38,0.00052788,7.00000000
2018-02-27 10:01:38,0.00052793,4.00000000
2018-02-27 10:01:38,0.00052799,1364.00000000
2018-02-27 10:01:38,0.00052800,389.00000000
2018-02-27 10:01:38,0.00052598,5.00000000
2018-02-27 10:01:39,0.00052598,4.00000000
2018-02-27 10:01:40,0.00052593,4.00000000
2018-02-27 10:01:40,0.00052653,18.00000000
2018-02-27 10:01:40,0.00052648,18.00000000
2018-02-27 10:01:40,0.00052648,1.00000000
2018-02-27 10:01:40,0.00052553,8.00000000
2018-02-27 10:01:41,0.00052555,18.00000000
2018-02-27 10:01:41,0.00052555,80.00000000
2018-02-27 10:01:41,0.00052556,10.00000000
2018-02-27 10:01:41,0.00052555,26.00000000
2018-02-27 10:01:47,0.00052571,134.00000000
2018-02-27 10:01:51,0.00052582,296.00000000
2018-02-27 10:01:53,0.00052742,75.00000000
2018-02-27 10:01:53,0.00052590,8.00000000
2018-02-27 10:01:53,0.00052584,72.00000000
2018-02-27 10:01:55,0.00052585,1.00000000
2018-02-27 10:01:56,0.00052727,9.00000000
2018-02-27 10:01:58,0.00052586,3.00000000
2018-02-27 10:02:07,0.00052584,14.00000000
2018-02-27 10:02:07,0.00052584,5.00000000
2018-02-27 10:02:07,0.00052553,55.00000000
2018-02-27 10:02:08,0.00052551,23.00000000
2018-02-27 10:02:09,0.00052551,5.00000000
2018-02-27 10:02:09,0.00052507,23.00000000
2018-02-27 10:02:10,0.00052507,31.00000000
2018-02-27 10:02:10,0.00052507,26.00000000
2018-02-27 10:02:10,0.00052507,23.00000000
2018-02-27 10:02:18,0.00052658,10.00000000
2018-02-27 10:02:19,0.00052657,27.00000000
2018-02-27 10:02:19,0.00052658,263.00000000
2018-02-27 10:02:19,0.00052659,88.00000000
2018-02-27 10:02:19,0.00052661,8.00000000
2018-02-27 10:02:19,0.00052662,7.00000000
2018-02-27 10:02:19,0.00052669,58.00000000
2018-02-27 10:02:19,0.00052670,9.00000000
2018-02-27 10:02:19,0.00052671,73.00000000
2018-02-27 10:02:19,0.00052676,19.00000000
2018-02-27 10:02:20,0.00052656,24.00000000
2018-02-27 10:02:20,0.00052657,30.00000000
2018-02-27 10:02:20,0.00052585,17.00000000
2018-02-27 10:02:21,0.00052693,79.00000000
2018-02-27 10:02:29,0.00052676,9.00000000
2018-02-27 10:02:29,0.00052676,2.00000000
2018-02-27 10:02:31,0.00052692,2.00000000
2018-02-27 10:02:31,0.00052693,25.00000000
2018-02-27 10:02:33,0.00052589,8.00000000
2018-02-27 10:02:34,0.00052586,26.00000000
2018-02-27 10:02:34,0.00052586,50.00000000
2018-02-27 10:02:34,0.00052585,112.00000000
2018-02-27 10:02:42,0.00052585,47.00000000
2018-02-27 10:02:52,0.00052679,8.00000000
2018-02-27 10:02:52,0.00052681,30.00000000
2018-02-27 10:02:52,0.00052682,122.00000000
2018-02-27 10:03:00,0.00052589,39.00000000
2018-02-27 10:03:00,0.00052585,15.00000000
2018-02-27 10:03:01,0.00052650,16.00000000
2018-02-27 10:03:02,0.00052670,14.00000000
2018-02-27 10:03:03,0.00052650,10.00000000
2018-02-27 10:03:08,0.00052657,25.00000000
2018-02-27 10:03:08,0.00052670,898.00000000
2018-02-27 10:03:14,0.00052670,100.00000000
2018-02-27 10:03:15,0.00052600,2.00000000
2018-02-27 10:03:30,0.00052650,82.00000000
2018-02-27 10:03:36,0.00052649,9.00000000
2018-02-27 10:03:36,0.00052650,518.00000000
2018-02-27 10:03:36,0.00052650,160.00000000
2018-02-27 10:03:37,0.00052651,8.00000000
2018-02-27 10:03:37,0.00052651,41.00000000
2018-02-27 10:03:37,0.00052651,34.00000000
2018-02-27 10:03:38,0.00052657,25.00000000
2018-02-27 10:03:38,0.00052658,9.00000000
2018-02-27 10:03:38,0.00052662,9.00000000
2018-02-27 10:03:38,0.00052670,136.00000000
2018-02-27 10:03:38,0.00052682,150.00000000
2018-02-27 10:03:38,0.00052690,76.00000000
2018-02-27 10:03:38,0.00052700,10.00000000
2018-02-27 10:03:38,0.00052730,54.00000000
2018-02-27 10:03:38,0.00052743,116.00000000
2018-02-27 10:03:38,0.00052800,408.00000000
2018-02-27 10:03:38,0.00052651,12.00000000
2018-02-27 10:03:40,0.00052669,75.00000000
2018-02-27 10:03:40,0.00052668,23.00000000
2018-02-27 10:03:40,0.00052668,75.00000000
2018-02-27 10:03:40,0.00052667,5.00000000
2018-02-27 10:03:40,0.00052798,10.00000000
2018-02-27 10:03:40,0.00052799,40.00000000
2018-02-27 10:03:40,0.00052800,197.00000000
2018-02-27 10:03:41,0.00052668,17.00000000
2018-02-27 10:03:42,0.00052668,3.00000000
2018-02-27 10:03:42,0.00052667,5.00000000
2018-02-27 10:03:42,0.00052666,5.00000000
2018-02-27 10:03:43,0.00052651,3.00000000
2018-02-27 10:03:43,0.00052651,3.00000000
2018-02-27 10:03:44,0.00052650,10.00000000
2018-02-27 10:03:47,0.00052651,77.00000000
2018-02-27 10:03:47,0.00052651,48.00000000
2018-02-27 10:03:47,0.00052650,571.00000000
2018-02-27 10:03:47,0.00052651,24.00000000
2018-02-27 10:03:47,0.00052650,24.00000000
2018-02-27 10:03:50,0.00052650,37.00000000
2018-02-27 10:03:51,0.00052650,96.00000000
2018-02-27 10:03:54,0.00052650,3.00000000
2018-02-27 10:03:54,0.00052650,68.00000000
2018-02-27 10:03:57,0.00052663,88.00000000
2018-02-27 10:03:57,0.00052663,625.00000000
2018-02-27 10:03:57,0.00052650,191.00000000
2018-02-27 10:03:57,0.00052664,3.00000000
2018-02-27 10:03:57,0.00052798,15.00000000
2018-02-27 10:03:59,0.00052657,8.00000000
2018-02-27 10:04:01,0.00052652,10.00000000
2018-02-27 10:04:02,0.00052789,6.00000000
2018-02-27 10:04:03,0.00052652,15.00000000
2018-02-27 10:04:04,0.00052652,26.00000000
2018-02-27 10:04:04,0.00052652,18.00000000
2018-02-27 10:04:04,0.00052652,16.00000000
2018-02-27 10:04:04,0.00052652,4.00000000
2018-02-27 10:04:05,0.00052652,4.00000000
2018-02-27 10:04:11,0.00052652,4.00000000
2018-02-27 10:04:12,0.00052775,18.00000000
2018-02-27 10:04:15,0.00052651,23.00000000
2018-02-27 10:04:16,0.00052651,48.00000000
2018-02-27 10:04:16,0.00052650,10.00000000
2018-02-27 10:04:16,0.00052651,28.00000000
2018-02-27 10:04:16,0.00052650,88.00000000
2018-02-27 10:04:16,0.00052650,30.00000000
2018-02-27 10:04:17,0.00052650,34.00000000
2018-02-27 10:04:18,0.00052650,143.00000000
2018-02-27 10:04:20,0.00052652,10.00000000
2018-02-27 10:04:20,0.00052651,24.00000000
2018-02-27 10:04:20,0.00052650,68.00000000
2018-02-27 10:04:26,0.00052650,9.00000000
2018-02-27 10:04:29,0.00052650,151.00000000
2018-02-27 10:04:37,0.00052755,41.00000000
2018-02-27 10:04:38,0.00052651,15.00000000
2018-02-27 10:04:38,0.00052650,5.00000000
2018-02-27 10:04:43,0.00052651,10.00000000
2018-02-27 10:04:43,0.00052650,3.00000000
2018-02-27 10:04:44,0.00052650,614.00000000
2018-02-27 10:04:44,0.00052605,83.00000000
2018-02-27 10:04:46,0.00052793,16.00000000
2018-02-27 10:04:50,0.00052657,16.00000000
2018-02-27 10:04:50,0.00052656,50.00000000
2018-02-27 10:04:50,0.00052650,22.00000000
2018-02-27 10:04:50,0.00052605,12.00000000
2018-02-27 10:04:51,0.00052657,15.00000000
2018-02-27 10:04:53,0.00052786,6.00000000
2018-02-27 10:04:54,0.00052784,14.00000000
2018-02-27 10:04:54,0.00052785,50.00000000
2018-02-27 10:04:54,0.00052787,133.00000000
2018-02-27 10:04:54,0.00052787,132.00000000
2018-02-27 10:04:54,0.00052787,26.00000000
2018-02-27 10:04:55,0.00052787,9.00000000
2018-02-27 10:04:55,0.00052787,18.00000000
2018-02-27 10:04:55,0.00052787,8.00000000
2018-02-27 10:04:55,0.00052787,13.00000000
2018-02-27 10:04:55,0.00052788,10.00000000
2018-02-27 10:04:55,0.00052787,59.00000000
2018-02-27 10:04:55,0.00052787,3.00000000
2018-02-27 10:04:57,0.00052787,4.00000000
2018-02-27 10:04:57,0.00052787,57.00000000
2018-02-27 10:04:57,0.00052787,2.00000000
2018-02-27 10:04:58,0.00052787,3.00000000
2018-02-27 10:04:58,0.00052787,3.00000000
2018-02-27 10:04:59,0.00052799,5.00000000
2018-02-27 10:05:08,0.00052787,28.00000000
2018-02-27 10:05:08,0.00052787,3.00000000
2018-02-27 10:05:09,0.00052797,9.00000000
2018-02-27 10:05:09,0.00052798,13.00000000
2018-02-27 10:05:09,0.00052799,10.00000000
2018-02-27 10:05:11,0.00052799,6.00000000
2018-02-27 10:05:19,0.00052799,2.00000000
2018-02-27 10:05:19,0.00052800,135.00000000
2018-02-27 10:05:19,0.00052868,4.00000000
2018-02-27 10:05:19,0.00052869,8.00000000
2018-02-27 10:05:19,0.00052869,14.00000000
2018-02-27 10:05:20,0.00052788,2.00000000
2018-02-27 10:05:21,0.00052790,8.00000000
2018-02-27 10:05:21,0.00052788,8.00000000
2018-02-27 10:05:21,0.00052787,187.00000000
2018-02-27 10:05:22,0.00052869,2.00000000
2018-02-27 10:05:22,0.00052890,3.00000000
2018-02-27 10:05:22,0.00052899,45.00000000
2018-02-27 10:05:31,0.00052790,75.00000000
2018-02-27 10:05:31,0.00052789,10.00000000
2018-02-27 10:05:31,0.00052787,232.00000000
2018-02-27 10:05:31,0.00052764,32.00000000
2018-02-27 10:05:32,0.00052795,51.00000000
2018-02-27 10:05:34,0.00052710,6.00000000
2018-02-27 10:05:35,0.00052710,5.00000000
2018-02-27 10:05:37,0.00052707,49.00000000
2018-02-27 10:05:47,0.00052790,20.00000000
2018-02-27 10:05:54,0.00052790,42.00000000
2018-02-27 10:05:55,0.00052769,36.00000000
2018-02-27 10:05:55,0.00052707,33.00000000
2018-02-27 10:06:03,0.00052707,688.00000000
2018-02-27 10:06:03,0.00052680,8.00000000
2018-02-27 10:06:03,0.00052638,56.00000000
2018-02-27 10:06:03,0.00052616,48.00000000
2018-02-27 10:06:07,0.00052634,8.00000000
2018-02-27 10:06:07,0.00052634,2.00000000
2018-02-27 10:06:07,0.00052633,2.00000000
2018-02-27 10:06:08,0.00052775,10.00000000
2018-02-27 10:06:08,0.00052776,3.00000000
2018-02-27 10:06:09,0.00052775,5.00000000
2018-02-27 10:06:10,0.00052648,10.00000000
2018-02-27 10:06:10,0.00052647,15.00000000
2018-02-27 10:06:10,0.00052633,11.00000000
2018-02-27 10:06:10,0.00052618,170.00000000
2018-02-27 10:06:10,0.00052605,52.00000000
2018-02-27 10:06:10,0.00052601,31.00000000
2018-02-27 10:06:16,0.00052763,7.00000000
2018-02-27 10:06:20,0.00052642,8.00000000
2018-02-27 10:06:20,0.00052622,8.00000000
2018-02-27 10:06:20,0.00052606,47.00000000
2018-02-27 10:06:20,0.00052606,161.00000000
2018-02-27 10:06:26,0.00052752,5.00000000
2018-02-27 10:06:29,0.00052668,8.00000000
2018-02-27 10:06:29,0.00052668,2.00000000
2018-02-27 10:06:29,0.00052750,8.00000000
2018-02-27 10:06:32,0.00052704,10.00000000
2018-02-27 10:06:32,0.00052705,54.00000000
2018-02-27 10:06:35,0.00052706,23.00000000
2018-02-27 10:06:35,0.00052707,31.00000000
2018-02-27 10:06:35,0.00052707,18.00000000
2018-02-27 10:06:35,0.00052707,17.00000000
2018-02-27 10:06:35,0.00052707,35.00000000
2018-02-27 10:06:43,0.00052711,4.00000000
2018-02-27 10:06:43,0.00052709,1.00000000
2018-02-27 10:06:44,0.00052776,14.00000000
2018-02-27 10:06:46,0.00052776,29.00000000
2018-02-27 10:06:48,0.00052709,17.00000000
2018-02-27 10:06:49,0.00052707,58.00000000
2018-02-27 10:06:53,0.00052707,2.00000000
2018-02-27 10:06:54,0.00052707,47.00000000
2018-02-27 10:06:56,0.00052705,1.00000000
2018-02-27 10:06:58,0.00052705,6.00000000
2018-02-27 10:06:58,0.00052707,12.00000000
2018-02-27 10:07:02,0.00052704,79.00000000
2018-02-27 10:07:15,0.00052706,7.00000000
2018-02-27 10:07:19,0.00052706,12.00000000
2018-02-27 10:07:21,0.00052706,30.00000000
2018-02-27 10:07:22,0.00052706,27.00000000
2018-02-27 10:07:24,0.00052707,2.00000000
2018-02-27 10:07:35,0.00052707,33.00000000
2018-02-27 10:07:36,0.00052706,65.00000000
2018-02-27 10:07:36,0.00052704,68.00000000
2018-02-27 10:07:36,0.00052700,688.00000000
2018-02-27 10:07:40,0.00052700,123.00000000
2018-02-27 10:07:40,0.00052706,62.00000000
2018-02-27 10:07:40,0.00052707,97.00000000
2018-02-27 10:07:55,0.00052669,13.00000000
2018-02-27 10:08:01,0.00052694,45.00000000
2018-02-27 10:08:01,0.00052669,53.00000000
2018-02-27 10:08:04,0.00052637,36.00000000
2018-02-27 10:08:08,0.00052697,11.00000000
2018-02-27 10:08:09,0.00052637,9.00000000
2018-02-27 10:08:13,0.00052637,3.00000000
2018-02-27 10:08:19,0.00052650,79.00000000
2018-02-27 10:08:20,0.00052625,9.00000000
2018-02-27 10:08:20,0.00052610,874.00000000
2018-02-27 10:08:21,0.00052610,3.00000000
2018-02-27 10:08:24,0.00052696,9.00000000
2018-02-27 10:08:25,0.00052695,8.00000000
2018-02-27 10:08:32,0.00052640,2.00000000
2018-02-27 10:08:32,0.00052640,18.00000000
2018-02-27 10:08:32,0.00052640,3.00000000
2018-02-27 10:08:32,0.00052640,1.00000000
2018-02-27 10:08:32,0.00052695,1.00000000
2018-02-27 10:08:32,0.00052621,14.00000000
2018-02-27 10:08:35,0.00052695,10.00000000
2018-02-27 10:08:36,0.00052694,5.00000000
2018-02-27 10:08:44,0.00052619,9.00000000
2018-02-27 10:08:44,0.00052611,9.00000000
2018-02-27 10:08:44,0.00052610,20.00000000
2018-02-27 10:08:47,0.00052618,9.00000000
2018-02-27 10:08:49,0.00052621,9.00000000
2018-02-27 10:08:50,0.00052640,24.00000000
2018-02-27 10:08:52,0.00052618,6.00000000
2018-02-27 10:08:54,0.00052618,3.00000000
2018-02-27 10:08:57,0.00052613,15.00000000
2018-02-27 10:08:57,0.00052610,159.00000000
2018-02-27 10:08:57,0.00052601,64.00000000
2018-02-27 10:08:57,0.00052600,105.00000000
2018-02-27 10:08:57,0.00052600,3.00000000
2018-02-27 10:08:59,0.00052690,5.00000000
2018-02-27 10:08:59,0.00052693,9.00000000
2018-02-27 10:08:59,0.00052618,18.00000000
2018-02-27 10:09:01,0.00052615,38.00000000
2018-02-27 10:09:02,0.00052600,8.00000000
2018-02-27 10:09:02,0.00052600,18.00000000
2018-02-27 10:09:02,0.00052600,21.00000000
2018-02-27 10:09:02,0.00052618,2.00000000
2018-02-27 10:09:04,0.00052602,18.00000000
2018-02-27 10:09:06,0.00052602,6.00000000
2018-02-27 10:09:07,0.00052602,5.00000000
2018-02-27 10:09:07,0.00052618,1.00000000
2018-02-27 10:09:07,0.00052690,21.00000000
2018-02-27 10:09:07,0.00052588,47.00000000
2018-02-27 10:09:09,0.00052584,102.00000000
2018-02-27 10:09:15,0.00052584,8.00000000
2018-02-27 10:09:15,0.00052583,10.00000000
2018-02-27 10:09:15,0.00052582,13.00000000
2018-02-27 10:09:15,0.00052580,69.00000000
2018-02-27 10:09:15,0.00052551,88.00000000
2018-02-27 10:09:15,0.00052550,58.00000000
2018-02-27 10:09:15,0.00052545,167.00000000
2018-02-27 10:09:15,0.00052542,727.00000000
2018-02-27 10:09:15,0.00052530,441.00000000
2018-02-27 10:09:15,0.00052508,91.00000000
2018-02-27 10:09:15,0.00052507,2081.00000000
2018-02-27 10:09:17,0.00052507,3.00000000
2018-02-27 10:09:17,0.00052579,3.00000000
2018-02-27 10:09:18,0.00052579,3.00000000
2018-02-27 10:09:21,0.00052515,9.00000000
2018-02-27 10:09:21,0.00052508,10.00000000
2018-02-27 10:09:22,0.00052507,88.00000000
2018-02-27 10:09:22,0.00052507,3.00000000
2018-02-27 10:09:27,0.00052516,3.00000000
2018-02-27 10:09:29,0.00052559,4.00000000
2018-02-27 10:09:29,0.00052560,16.00000000
2018-02-27 10:09:30,0.00052516,2.00000000
2018-02-27 10:09:30,0.00052507,2939.00000000
2018-02-27 10:09:31,0.00052507,9.00000000
2018-02-27 10:09:32,0.00052500,183.00000000
2018-02-27 10:09:32,0.00052500,52.00000000
2018-02-27 10:09:32,0.00052507,10.00000000
2018-02-27 10:09:35,0.00052507,24.00000000
2018-02-27 10:09:42,0.00052507,50.00000000
2018-02-27 10:09:42,0.00052480,8.00000000
2018-02-27 10:09:44,0.00052507,10.00000000
2018-02-27 10:09:48,0.00052507,13.00000000
2018-02-27 10:09:55,0.00052466,19.00000000
2018-02-27 10:10:05,0.00052507,54.00000000
2018-02-27 10:10:05,0.00052458,13.00000000
2018-02-27 10:10:10,0.00052507,20.00000000
2018-02-27 10:10:15,0.00052458,3.00000000
2018-02-27 10:10:16,0.00052506,3.00000000
2018-02-27 10:10:18,0.00052458,9.00000000
2018-02-27 10:10:28,0.00052458,15.00000000
2018-02-27 10:10:31,0.00052458,19.00000000
2018-02-27 10:10:31,0.00052457,446.00000000
2018-02-27 10:10:31,0.00052450,79.00000000
2018-02-27 10:10:33,0.00052450,63.00000000
2018-02-27 10:10:37,0.00052451,10.00000000
2018-02-27 10:10:37,0.00052450,5.00000000
2018-02-27 10:10:38,0.00052450,20.00000000
2018-02-27 10:10:40,0.00052500,8.00000000
2018-02-27 10:10:40,0.00052502,9.00000000
2018-02-27 10:10:42,0.00052507,38.00000000
2018-02-27 10:10:47,0.00052507,19.00000000
2018-02-27 10:10:47,0.00052450,132.00000000
2018-02-27 10:10:49,0.00052507,42.00000000
2018-02-27 10:10:49,0.00052507,152.00000000
2018-02-27 10:11:05,0.00052506,9.00000000
2018-02-27 10:11:06,0.00052506,2.00000000
2018-02-27 10:11:06,0.00052451,9.00000000
2018-02-27 10:11:09,0.00052451,1.00000000
2018-02-27 10:11:09,0.00052450,18.00000000
2018-02-27 10:11:09,0.00052448,1.00000000
2018-02-27 10:11:09,0.00052443,16.00000000
2018-02-27 10:11:11,0.00052450,10.00000000
2018-02-27 10:11:11,0.00052450,10.00000000
2018-02-27 10:11:19,0.00052452,19.00000000
2018-02-27 10:11:19,0.00052451,317.00000000
2018-02-27 10:11:20,0.00052451,148.00000000
2018-02-27 10:11:20,0.00052451,4.00000000
2018-02-27 10:11:37,0.00052451,14.00000000
2018-02-27 10:11:39,0.00052451,2083.00000000
2018-02-27 10:11:42,0.00052443,235.00000000
2018-02-27 10:11:45,0.00052443,110.00000000
2018-02-27 10:11:49,0.00052451,27.00000000
2018-02-27 10:11:50,0.00052451,10.00000000
2018-02-27 10:11:52,0.00052451,26.00000000
2018-02-27 10:11:57,0.00052443,32.00000000
2018-02-27 10:12:06,0.00052450,30.00000000
2018-02-27 10:12:10,0.00052450,92.00000000
2018-02-27 10:12:19,0.00052450,3.00000000
2018-02-27 10:12:20,0.00052443,84.00000000
2018-02-27 10:12:26,0.00052443,2.00000000
2018-02-27 10:12:35,0.00052443,4.00000000
2018-02-27 10:12:40,0.00052442,5.00000000
2018-02-27 10:12:44,0.00052442,276.00000000
2018-02-27 10:12:46,0.00052443,10.00000000
2018-02-27 10:12:52,0.00052443,2.00000000
2018-02-27 10:12:57,0.00052442,40.00000000
2018-02-27 10:12:57,0.00052443,83.00000000
2018-02-27 10:13:04,0.00052422,10.00000000
2018-02-27 10:13:04,0.00052421,18.00000000
2018-02-27 10:13:04,0.00052418,135.00000000
2018-02-27 10:13:04,0.00052416,26.00000000
2018-02-27 10:13:04,0.00052415,146.00000000
2018-02-27 10:13:05,0.00052415,97.00000000
2018-02-27 10:13:06,0.00052440,1231.00000000
2018-02-27 10:13:09,0.00052412,10.00000000
2018-02-27 10:13:09,0.00052411,50.00000000
2018-02-27 10:13:09,0.00052405,3.00000000
2018-02-27 10:13:09,0.00052400,19.00000000
2018-02-27 10:13:09,0.00052365,21.00000000
2018-02-27 10:13:09,0.00052357,95.00000000
2018-02-27 10:13:09,0.00052353,7.00000000
2018-02-27 10:13:09,0.00052300,83.00000000
2018-02-27 10:13:11,0.00052305,8.00000000
2018-02-27 10:13:11,0.00052301,119.00000000
2018-02-27 10:13:14,0.00052303,89.00000000
2018-02-27 10:13:14,0.00052302,10.00000000
2018-02-27 10:13:14,0.00052301,19.00000000
2018-02-27 10:13:14,0.00052301,33.00000000
2018-02-27 10:13:14,0.00052301,15.00000000
2018-02-27 10:13:15,0.00052289,10.00000000
2018-02-27 10:13:15,0.00052301,40.00000000
2018-02-27 10:13:15,0.00052301,3.00000000
2018-02-27 10:13:16,0.00052300,178.00000000
2018-02-27 10:13:16,0.00052301,15.00000000
2018-02-27 10:13:19,0.00052300,19.00000000
2018-02-27 10:13:19,0.00052301,82.00000000
2018-02-27 10:13:20,0.00052301,20.00000000
2018-02-27 10:13:21,0.00052301,1.00000000
2018-02-27 10:13:23,0.00052301,48.00000000
2018-02-27 10:13:25,0.00052300,6.00000000
2018-02-27 10:13:25,0.00052289,100.00000000
2018-02-27 10:13:29,0.00052301,20.00000000
2018-02-27 10:13:30,0.00052301,9.00000000
2018-02-27 10:13:36,0.00052301,307.00000000
2018-02-27 10:13:39,0.00052296,178.00000000
2018-02-27 10:13:39,0.00052294,129.00000000
2018-02-27 10:13:39,0.00052289,150.00000000
2018-02-27 10:13:43,0.00052288,155.00000000
2018-02-27 10:13:43,0.00052288,23.00000000
2018-02-27 10:13:44,0.00052289,110.00000000
2018-02-27 10:13:55,0.00052258,43.00000000
2018-02-27 10:13:57,0.00052228,42.00000000
2018-02-27 10:14:00,0.00052228,8.00000000
2018-02-27 10:14:00,0.00052224,4.00000000
2018-02-27 10:14:00,0.00052210,27.00000000
2018-02-27 10:14:00,0.00052207,1.00000000
2018-02-27 10:14:01,0.00052218,10.00000000
2018-02-27 10:14:01,0.00052218,10.00000000
2018-02-27 10:14:01,0.00052218,108.00000000
2018-02-27 10:14:02,0.00052218,6.00000000
2018-02-27 10:14:02,0.00052228,33.00000000
2018-02-27 10:14:08,0.00052219,143.00000000
2018-02-27 10:14:08,0.00052207,290.00000000
2018-02-27 10:14:12,0.00052207,43.00000000
2018-02-27 10:14:12,0.00052200,67.00000000
2018-02-27 10:14:12,0.00052192,4.00000000
2018-02-27 10:14:12,0.00052180,14.00000000
2018-02-27 10:14:12,0.00052163,70.00000000
2018-02-27 10:14:12,0.00052150,10.00000000
2018-02-27 10:14:12,0.00052143,6.00000000
2018-02-27 10:14:12,0.00052138,3.00000000
2018-02-27 10:14:12,0.00052131,6.00000000
2018-02-27 10:14:12,0.00052121,67.00000000
2018-02-27 10:14:12,0.00052115,35.00000000
2018-02-27 10:14:12,0.00052105,524.00000000
2018-02-27 10:14:12,0.00052120,13.00000000
2018-02-27 10:14:14,0.00052190,9.00000000
2018-02-27 10:14:18,0.00052117,10.00000000
2018-02-27 10:14:18,0.00052116,4.00000000
2018-02-27 10:14:18,0.00052111,9.00000000
2018-02-27 10:14:18,0.00052107,65.00000000
2018-02-27 10:14:18,0.00052106,324.00000000
2018-02-27 10:14:18,0.00052105,489.00000000
2018-02-27 10:14:18,0.00052100,421.00000000
2018-02-27 10:14:19,0.00052274,4.00000000
2018-02-27 10:14:40,0.00052239,6.00000000
2018-02-27 10:14:40,0.00052240,70.00000000
2018-02-27 10:14:45,0.00052233,62.00000000
2018-02-27 10:14:46,0.00052233,23.00000000
2018-02-27 10:14:47,0.00052234,4.00000000
2018-02-27 10:14:48,0.00052231,8.00000000
2018-02-27 10:14:51,0.00052244,4.00000000
2018-02-27 10:14:51,0.00052250,221.00000000
2018-02-27 10:14:51,0.00052256,6.00000000
2018-02-27 10:14:52,0.00052257,30.00000000
2018-02-27 10:14:52,0.00052258,58.00000000
2018-02-27 10:14:56,0.00052258,25.00000000
2018-02-27 10:14:57,0.00052258,166.00000000
2018-02-27 10:14:58,0.00052162,85.00000000
2018-02-27 10:14:58,0.00052161,7.00000000
2018-02-27 10:14:58,0.00052155,8.00000000
2018-02-27 10:14:58,0.00052152,4.00000000
2018-02-27 10:14:58,0.00052147,4.00000000
2018-02-27 10:14:59,0.00052125,137.00000000
2018-02-27 10:14:59,0.00052219,2.00000000
2018-02-27 10:15:01,0.00052162,138.00000000
2018-02-27 10:15:03,0.00052117,4.00000000
2018-02-27 10:15:03,0.00052112,9.00000000
2018-02-27 10:15:03,0.00052111,4.00000000
2018-02-27 10:15:03,0.00052101,101.00000000
2018-02-27 10:15:03,0.00052100,32.00000000
2018-02-27 10:15:03,0.00052213,4.00000000
2018-02-27 10:15:03,0.00052218,76.00000000
2018-02-27 10:15:03,0.00052219,69.00000000
2018-02-27 10:15:04,0.00052105,4.00000000
2018-02-27 10:15:04,0.00052100,13.00000000
2018-02-27 10:15:06,0.00052209,253.00000000
2018-02-27 10:15:06,0.00052210,32.00000000
2018-02-27 10:15:07,0.00052210,12.00000000
2018-02-27 10:15:07,0.00052210,8.00000000
2018-02-27 10:15:07,0.00052210,8.00000000
2018-02-27 10:15:07,0.00052103,9.00000000
2018-02-27 10:15:07,0.00052102,71.00000000
2018-02-27 10:15:09,0.00052200,44.00000000
2018-02-27 10:15:10,0.00052210,52.00000000
2018-02-27 10:15:10,0.00052200,18.00000000
2018-02-27 10:15:10,0.00052119,8.00000000
2018-02-27 10:15:10,0.00052210,945.00000000
2018-02-27 10:15:11,0.00052120,9.00000000
2018-02-27 10:15:12,0.00052200,198.00000000
2018-02-27 10:15:12,0.00052200,98.00000000
2018-02-27 10:15:13,0.00052200,49.00000000
2018-02-27 10:15:15,0.00052125,4.00000000
2018-02-27 10:15:16,0.00052120,10.00000000
2018-02-27 10:15:16,0.00052102,5.00000000
2018-02-27 10:15:16,0.00052100,336.00000000
2018-02-27 10:15:19,0.00052200,19.00000000
2018-02-27 10:15:20,0.00052200,19.00000000
2018-02-27 10:15:21,0.00052200,225.00000000
2018-02-27 10:15:23,0.00052121,5.00000000
2018-02-27 10:15:23,0.00052200,28.00000000
2018-02-27 10:15:24,0.00052153,133.00000000
2018-02-27 10:15:26,0.00052200,18.00000000
2018-02-27 10:15:27,0.00052200,40.00000000
2018-02-27 10:15:29,0.00052162,159.00000000
2018-02-27 10:15:29,0.00052162,3.00000000
2018-02-27 10:15:29,0.00052162,62.00000000
2018-02-27 10:15:29,0.00052162,47.00000000
2018-02-27 10:15:29,0.00052126,10.00000000
2018-02-27 10:15:29,0.00052125,51.00000000
2018-02-27 10:15:31,0.00052162,17.00000000
2018-02-27 10:15:33,0.00052162,63.00000000
2018-02-27 10:15:34,0.00052162,45.00000000
2018-02-27 10:15:34,0.00052125,42.00000000
2018-02-27 10:15:36,0.00052162,16.00000000
2018-02-27 10:15:42,0.00052162,291.00000000
2018-02-27 10:15:46,0.00052125,172.00000000
2018-02-27 10:15:46,0.00052121,38.00000000
2018-02-27 10:15:48,0.00052162,5.00000000
2018-02-27 10:15:58,0.00052162,2.00000000
2018-02-27 10:15:59,0.00052162,7.00000000
2018-02-27 10:16:05,0.00052160,2.00000000
2018-02-27 10:16:07,0.00052160,6.00000000
2018-02-27 10:16:08,0.00052147,22.00000000
2018-02-27 10:16:10,0.00052147,41.00000000
2018-02-27 10:16:15,0.00052147,18.00000000
2018-02-27 10:16:16,0.00052147,502.00000000
2018-02-27 10:16:19,0.00052125,4.00000000
2018-02-27 10:16:21,0.00052125,598.00000000
2018-02-27 10:16:21,0.00052121,48.00000000
2018-02-27 10:16:21,0.00052120,1007.00000000
2018-02-27 10:16:25,0.00052120,55.00000000
2018-02-27 10:16:29,0.00052120,21.00000000
2018-02-27 10:16:29,0.00052120,5.00000000
2018-02-27 10:16:30,0.00052120,10.00000000
2018-02-27 10:16:31,0.00052120,14.00000000
2018-02-27 10:16:36,0.00052100,400.00000000
2018-02-27 10:16:38,0.00052120,583.00000000
2018-02-27 10:16:38,0.00052147,13.00000000
2018-02-27 10:16:38,0.00052160,6.00000000
2018-02-27 10:16:38,0.00052162,83.00000000
2018-02-27 10:16:38,0.00052200,21.00000000
2018-02-27 10:16:38,0.00052205,4.00000000
2018-02-27 10:16:38,0.00052224,30.00000000
2018-02-27 10:16:38,0.00052240,122.00000000
2018-02-27 10:16:38,0.00052224,30.00000000
2018-02-27 10:16:38,0.00052268,4.00000000
2018-02-27 10:16:38,0.00052219,4.00000000
2018-02-27 10:16:38,0.00052219,9.00000000
2018-02-27 10:16:39,0.00052219,24.00000000
2018-02-27 10:16:39,0.00052276,9.00000000
2018-02-27 10:16:40,0.00052276,1.00000000
2018-02-27 10:16:40,0.00052277,4.00000000
2018-02-27 10:16:44,0.00052161,7.00000000
2018-02-27 10:16:55,0.00052161,333.00000000
2018-02-27 10:16:59,0.00052264,4.00000000
2018-02-27 10:16:59,0.00052264,72.00000000
2018-02-27 10:17:00,0.00052264,15.00000000
2018-02-27 10:17:00,0.00052264,8.00000000
2018-02-27 10:17:02,0.00052272,4.00000000
2018-02-27 10:17:04,0.00052277,10.00000000
2018-02-27 10:17:05,0.00052277,38.00000000
2018-02-27 10:17:06,0.00052265,13.00000000
2018-02-27 10:17:06,0.00052277,52.00000000
2018-02-27 10:17:07,0.00052299,2.00000000
2018-02-27 10:17:07,0.00052301,16.00000000
2018-02-27 10:17:12,0.00052277,19.00000000
2018-02-27 10:17:23,0.00052277,11.00000000
2018-02-27 10:17:23,0.00052265,163.00000000
2018-02-27 10:17:23,0.00052161,276.00000000
2018-02-27 10:17:23,0.00052158,122.00000000
2018-02-27 10:17:23,0.00052136,30.00000000
2018-02-27 10:17:23,0.00052124,4.00000000
2018-02-27 10:17:23,0.00052120,100.00000000
2018-02-27 10:17:23,0.00052106,4.00000000
2018-02-27 10:17:23,0.00052101,102.00000000
2018-02-27 10:17:23,0.00052100,332.00000000
2018-02-27 10:17:23,0.00052098,2.00000000
2018-02-27 10:17:23,0.00052087,43.00000000
2018-02-27 10:17:23,0.00052052,40.00000000
2018-02-27 10:17:23,0.00052051,324.00000000
2018-02-27 10:17:23,0.00052050,983.00000000
2018-02-27 10:17:24,0.00052144,3.00000000
2018-02-27 10:17:50,0.00052173,5.00000000
2018-02-27 10:17:50,0.00052150,4.00000000
2018-02-27 10:17:50,0.00052144,106.00000000
2018-02-27 10:17:51,0.00052144,5.00000000
2018-02-27 10:17:54,0.00052144,33.00000000
2018-02-27 10:17:56,0.00052144,399.00000000
2018-02-27 10:17:56,0.00052144,226.00000000
2018-02-27 10:17:56,0.00052144,120.00000000
2018-02-27 10:17:57,0.00052144,102.00000000
2018-02-27 10:17:59,0.00052229,76.00000000
2018-02-27 10:17:59,0.00052230,23.00000000
2018-02-27 10:18:05,0.00052219,4.00000000
2018-02-27 10:18:20,0.00052211,13.00000000
2018-02-27 10:18:20,0.00052214,4.00000000
2018-02-27 10:18:20,0.00052223,4.00000000
2018-02-27 10:18:20,0.00052259,4.00000000
2018-02-27 10:18:21,0.00052265,4.00000000
2018-02-27 10:18:24,0.00052259,17.00000000
2018-02-27 10:18:24,0.00052166,18.00000000
2018-02-27 10:18:24,0.00052161,15.00000000
2018-02-27 10:18:38,0.00052218,7.00000000
2018-02-27 10:18:40,0.00052166,4.00000000
2018-02-27 10:18:40,0.00052161,21.00000000
2018-02-27 10:18:42,0.00052161,26.00000000
2018-02-27 10:18:43,0.00052213,9.00000000
2018-02-27 10:18:43,0.00052218,1.00000000
2018-02-27 10:18:43,0.00052161,100.00000000
2018-02-27 10:18:44,0.00052218,34.00000000
2018-02-27 10:18:46,0.00052161,131.00000000
2018-02-27 10:18:46,0.00052144,68.00000000
2018-02-27 10:18:47,0.00052218,8.00000000
2018-02-27 10:18:51,0.00052144,40.00000000
2018-02-27 10:18:51,0.00052113,76.00000000
2018-02-27 10:18:51,0.00052105,26.00000000
2018-02-27 10:18:51,0.00052092,4.00000000
2018-02-27 10:18:51,0.00052088,30.00000000
2018-02-27 10:18:52,0.00052089,86.00000000
2018-02-27 10:18:53,0.00052094,4.00000000
2018-02-27 10:18:54,0.00052101,6.00000000
2018-02-27 10:18:54,0.00052094,8.00000000
2018-02-27 10:18:54,0.00052068,9.00000000
2018-02-27 10:18:56,0.00052203,4.00000000
2018-02-27 10:18:56,0.00052073,4.00000000
2018-02-27 10:19:00,0.00052080,9.00000000
2018-02-27 10:19:02,0.00052091,9.00000000
2018-02-27 10:19:04,0.00052072,4.00000000
2018-02-27 10:19:08,0.00052067,4.00000000
2018-02-27 10:19:10,0.00052172,10.00000000
2018-02-27 10:19:10,0.00052172,10.00000000
2018-02-27 10:19:10,0.00052174,8.00000000
2018-02-27 10:19:10,0.00052179,52.00000000
2018-02-27 10:19:17,0.00052073,20.00000000
2018-02-27 10:19:17,0.00052072,722.00000000
2018-02-27 10:19:17,0.00052059,8.00000000
2018-02-27 10:19:17,0.00052053,9.00000000
2018-02-27 10:19:17,0.00052052,14.00000000
2018-02-27 10:19:26,0.00052052,9.00000000
2018-02-27 10:19:26,0.00052051,407.00000000
2018-02-27 10:19:26,0.00052050,762.00000000
2018-02-27 10:19:33,0.00052149,29.00000000
2018-02-27 10:19:33,0.00052155,99.00000000
2018-02-27 10:19:33,0.00052156,100.00000000
2018-02-27 10:19:33,0.00052161,151.00000000
2018-02-27 10:19:34,0.00052182,692.00000000
2018-02-27 10:19:46,0.00052072,20.00000000
2018-02-27 10:19:46,0.00052071,24.00000000
2018-02-27 10:19:54,0.00052105,13.00000000
2018-02-27 10:19:56,0.00052069,62.00000000
2018-02-27 10:19:56,0.00052050,189.00000000
2018-02-27 10:19:56,0.00052049,4.00000000
2018-02-27 10:19:56,0.00052040,585.00000000
2018-02-27 10:19:56,0.00052035,4.00000000
2018-02-27 10:19:56,0.00052033,50.00000000
2018-02-27 10:19:56,0.00052032,34.00000000
2018-02-27 10:19:56,0.00052013,20.00000000
2018-02-27 10:19:56,0.00052006,35.00000000
2018-02-27 10:19:56,0.00052001,1060.00000000
2018-02-27 10:19:56,0.00052000,94.00000000
2018-02-27 10:19:57,0.00052029,3.00000000
2018-02-27 10:19:58,0.00052071,53.00000000
2018-02-27 10:20:01,0.00052014,9.00000000
2018-02-27 10:20:01,0.00052002,9.00000000
2018-02-27 10:20:01,0.00052000,3455.00000000
2018-02-27 10:20:01,0.00052000,424.00000000
2018-02-27 10:20:01,0.00052000,220.00000000
2018-02-27 10:20:01,0.00052000,88.00000000
2018-02-27 10:20:01,0.00052000,19.00000000
2018-02-27 10:20:01,0.00051998,186.00000000
2018-02-27 10:20:01,0.00052000,6.00000000
2018-02-27 10:20:01,0.00051997,19.00000000
2018-02-27 10:20:01,0.00051999,10.00000000
2018-02-27 10:20:01,0.00052000,5.00000000
2018-02-27 10:20:02,0.00052000,15.00000000
2018-02-27 10:20:03,0.00052000,82.00000000
2018-02-27 10:20:04,0.00052000,162.00000000
2018-02-27 10:20:05,0.00052000,47.00000000
2018-02-27 10:20:06,0.00052000,115.00000000
2018-02-27 10:20:08,0.00052098,2.00000000
2018-02-27 10:20:12,0.00051980,1.00000000
2018-02-27 10:20:12,0.00052096,12.00000000
2018-02-27 10:20:13,0.00052096,12.00000000
2018-02-27 10:20:13,0.00052096,2.00000000
2018-02-27 10:20:23,0.00052096,48.00000000
2018-02-27 10:20:23,0.00052097,30.00000000
2018-02-27 10:20:23,0.00052098,22.00000000
2018-02-27 10:20:29,0.00052098,59.00000000
2018-02-27 10:20:31,0.00052071,13.00000000
2018-02-27 10:20:31,0.00052071,57.00000000
2018-02-27 10:20:31,0.00052096,10.00000000
2018-02-27 10:20:36,0.00052071,11.00000000
2018-02-27 10:20:41,0.00052096,45.00000000
2018-02-27 10:20:41,0.00052096,1.00000000
2018-02-27 10:20:41,0.00052098,12.00000000
2018-02-27 10:20:45,0.00052071,26.00000000
2018-02-27 10:20:45,0.00051981,28.00000000
2018-02-27 10:20:45,0.00051980,51.00000000
2018-02-27 10:20:45,0.00051967,87.00000000
2018-02-27 10:20:52,0.00052000,9.00000000
2018-02-27 10:20:52,0.00051970,20.00000000
2018-02-27 10:20:52,0.00051967,52.00000000
2018-02-27 10:20:52,0.00051951,4.00000000
2018-02-27 10:20:52,0.00051950,2.00000000
2018-02-27 10:20:52,0.00051920,27.00000000
2018-02-27 10:20:52,0.00051917,17.00000000
2018-02-27 10:20:52,0.00051914,4.00000000
2018-02-27 10:20:52,0.00051900,43.00000000
2018-02-27 10:20:52,0.00051900,2.00000000
2018-02-27 10:20:53,0.00051899,235.00000000
2018-02-27 10:20:57,0.00051899,125.00000000
2018-02-27 10:20:57,0.00051899,20.00000000
2018-02-27 10:21:00,0.00051965,2.00000000
2018-02-27 10:21:04,0.00051965,22.00000000
2018-02-27 10:21:05,0.00051965,440.00000000
2018-02-27 10:21:05,0.00051965,416.00000000
2018-02-27 10:21:05,0.00051965,19.00000000
2018-02-27 10:21:05,0.00052000,9.00000000
2018-02-27 10:21:06,0.00051965,19.00000000
2018-02-27 10:21:07,0.00051997,6.00000000
2018-02-27 10:21:07,0.00052000,25.00000000
2018-02-27 10:21:10,0.00051967,16.00000000
2018-02-27 10:21:10,0.00051999,204.00000000
2018-02-27 10:21:13,0.00051913,9.00000000
2018-02-27 10:21:14,0.00051908,148.00000000
2018-02-27 10:21:14,0.00051907,8.00000000
2018-02-27 10:21:14,0.00051904,27.00000000
2018-02-27 10:21:14,0.00051899,359.00000000
2018-02-27 10:21:14,0.00051890,11.00000000
2018-02-27 10:21:14,0.00051888,439.00000000
2018-02-27 10:21:14,0.00051830,30.00000000
2018-02-27 10:21:14,0.00051805,12.00000000
2018-02-27 10:21:15,0.00051807,3.00000000
2018-02-27 10:21:15,0.00051807,3.00000000
2018-02-27 10:21:16,0.00051825,3.00000000
2018-02-27 10:21:24,0.00051984,9.00000000
2018-02-27 10:21:24,0.00051985,48.00000000
2018-02-27 10:21:24,0.00051996,30.00000000
2018-02-27 10:21:24,0.00051997,18.00000000
2018-02-27 10:21:24,0.00051999,157.00000000
2018-02-27 10:21:24,0.00052000,538.00000000
2018-02-27 10:21:24,0.00051881,9.00000000
2018-02-27 10:21:24,0.00051878,77.00000000
2018-02-27 10:21:24,0.00051870,9.00000000
2018-02-27 10:21:24,0.00051857,9.00000000
2018-02-27 10:21:24,0.00051843,9.00000000
2018-02-27 10:21:24,0.00051842,34.00000000
2018-02-27 10:21:24,0.00051838,8.00000000
2018-02-27 10:21:24,0.00051826,9.00000000
2018-02-27 10:21:24,0.00051825,3.00000000
2018-02-27 10:21:24,0.00051824,12.00000000
2018-02-27 10:21:26,0.00051982,8.00000000
2018-02-27 10:21:26,0.00051999,30.00000000
2018-02-27 10:21:26,0.00052000,62.00000000
2018-02-27 10:21:28,0.00051891,9.00000000
2018-02-27 10:21:28,0.00051886,12.00000000
2018-02-27 10:21:28,0.00051881,24.00000000
2018-02-27 10:21:28,0.00051858,37.00000000
2018-02-27 10:21:29,0.00051993,12.00000000
2018-02-27 10:21:29,0.00051997,67.00000000
2018-02-27 10:21:29,0.00051998,8.00000000
2018-02-27 10:21:31,0.00051996,15.00000000
2018-02-27 10:21:35,0.00051900,143.00000000
2018-02-27 10:21:35,0.00051900,432.00000000
2018-02-27 10:21:35,0.00051900,7.00000000
2018-02-27 10:21:36,0.00051900,4.00000000
2018-02-27 10:21:36,0.00051900,21.00000000
2018-02-27 10:21:41,0.00051858,112.00000000
2018-02-27 10:21:42,0.00051824,411.00000000
2018-02-27 10:21:42,0.00051817,8.00000000
2018-02-27 10:21:42,0.00051812,8.00000000
2018-02-27 10:21:42,0.00051809,55.00000000
2018-02-27 10:21:42,0.00051807,43.00000000
2018-02-27 10:21:47,0.00051807,56.00000000
2018-02-27 10:21:48,0.00051807,14.00000000
2018-02-27 10:21:49,0.00051825,166.00000000
2018-02-27 10:21:49,0.00051825,34.00000000
2018-02-27 10:21:50,0.00051825,19.00000000
2018-02-27 10:21:51,0.00051825,46.00000000
2018-02-27 10:21:52,0.00051825,14.00000000
2018-02-27 10:21:52,0.00051825,5.00000000
2018-02-27 10:21:54,0.00051825,3.00000000
2018-02-27 10:21:55,0.00051825,7.00000000
2018-02-27 10:21:57,0.00051825,635.00000000
2018-02-27 10:21:57,0.00051825,13.00000000
2018-02-27 10:21:59,0.00051897,8.00000000
2018-02-27 10:21:59,0.00051900,54.00000000
2018-02-27 10:22:00,0.00051900,9.00000000
2018-02-27 10:22:02,0.00051877,22.00000000
2018-02-27 10:22:02,0.00051826,30.00000000
2018-02-27 10:22:02,0.00051825,123.00000000
2018-02-27 10:22:03,0.00051900,18.00000000
2018-02-27 10:22:03,0.00051900,5.00000000
2018-02-27 10:22:04,0.00051900,30.00000000
2018-02-27 10:22:04,0.00051900,89.00000000
2018-02-27 10:22:05,0.00051900,55.00000000
2018-02-27 10:22:06,0.00051900,4.00000000
2018-02-27 10:22:10,0.00051826,30.00000000
2018-02-27 10:22:10,0.00051825,927.00000000
2018-02-27 10:22:10,0.00051826,30.00000000
2018-02-27 10:22:10,0.00051825,6.00000000
2018-02-27 10:22:15,0.00051900,71.00000000
2018-02-27 10:22:16,0.00051900,59.00000000
2018-02-27 10:22:17,0.00051900,9.00000000
2018-02-27 10:22:21,0.00051900,43.00000000
2018-02-27 10:22:21,0.00051900,11.00000000
2018-02-27 10:22:29,0.00051900,42.00000000
2018-02-27 10:22:31,0.00051900,41.00000000
2018-02-27 10:22:32,0.00051900,128.00000000
2018-02-27 10:22:33,0.00051836,30.00000000
2018-02-27 10:22:33,0.00051836,4.00000000
2018-02-27 10:22:34,0.00051836,7.00000000
2018-02-27 10:22:36,0.00051900,4.00000000
2018-02-27 10:22:37,0.00051836,6.00000000
2018-02-27 10:22:37,0.00051835,68.00000000
2018-02-27 10:22:39,0.00051835,4.00000000
2018-02-27 10:22:41,0.00051900,1.00000000
2018-02-27 10:22:45,0.00051836,36.00000000
2018-02-27 10:22:57,0.00051898,2.00000000
2018-02-27 10:22:57,0.00051898,1.00000000
2018-02-27 10:23:01,0.00051899,10.00000000
2018-02-27 10:23:01,0.00051899,3.00000000
2018-02-27 10:23:01,0.00051899,2.00000000
2018-02-27 10:23:03,0.00051900,31.00000000
2018-02-27 10:23:06,0.00051899,1.00000000
2018-02-27 10:23:06,0.00051898,9.00000000
2018-02-27 10:23:06,0.00051841,30.00000000
2018-02-27 10:23:06,0.00051838,250.00000000
2018-02-27 10:23:06,0.00051900,10.00000000
2018-02-27 10:23:07,0.00051898,10.00000000
2018-02-27 10:23:12,0.00051898,8.00000000
2018-02-27 10:23:13,0.00051899,10.00000000
2018-02-27 10:23:19,0.00051898,641.00000000
2018-02-27 10:23:19,0.00051900,22.00000000
2018-02-27 10:23:21,0.00051838,82.00000000
2018-02-27 10:23:21,0.00051837,4666.00000000
2018-02-27 10:23:21,0.00051900,40.00000000
2018-02-27 10:23:27,0.00051840,178.00000000
2018-02-27 10:23:27,0.00051838,738.00000000
2018-02-27 10:23:28,0.00051850,98.00000000
2018-02-27 10:23:28,0.00051836,2.00000000
2018-02-27 10:23:32,0.00051900,376.00000000
2018-02-27 10:23:32,0.00051901,6.00000000
2018-02-27 10:23:35,0.00051849,10.00000000
2018-02-27 10:23:35,0.00051847,8.00000000
2018-02-27 10:23:35,0.00051851,8.00000000
2018-02-27 10:23:36,0.00051964,3.00000000
2018-02-27 10:23:36,0.00051963,20.00000000
2018-02-27 10:23:36,0.00051964,51.00000000
2018-02-27 10:23:36,0.00051966,8.00000000
2018-02-27 10:23:36,0.00051990,6.00000000
2018-02-27 10:23:38,0.00051958,8.00000000
2018-02-27 10:23:38,0.00051990,24.00000000
2018-02-27 10:23:38,0.00051991,1.00000000
2018-02-27 10:23:38,0.00051990,2.00000000
2018-02-27 10:23:40,0.00051988,2.00000000
2018-02-27 10:23:40,0.00051988,6.00000000
2018-02-27 10:23:40,0.00051990,1.00000000
2018-02-27 10:23:44,0.00051883,8.00000000
2018-02-27 10:23:44,0.00051989,15.00000000
2018-02-27 10:23:45,0.00051989,40.00000000
2018-02-27 10:23:46,0.00051994,112.00000000
2018-02-27 10:23:46,0.00051994,8.00000000
2018-02-27 10:23:46,0.00051996,217.00000000
2018-02-27 10:23:47,0.00051996,166.00000000
2018-02-27 10:23:47,0.00051996,119.00000000
2018-02-27 10:23:47,0.00051996,70.00000000
2018-02-27 10:23:47,0.00052000,41.00000000
2018-02-27 10:23:47,0.00052001,80.00000000
2018-02-27 10:23:47,0.00051898,22.00000000
2018-02-27 10:23:48,0.00052000,22.00000000
2018-02-27 10:23:49,0.00052001,10.00000000
2018-02-27 10:23:49,0.00052001,223.00000000
2018-02-27 10:23:49,0.00052001,101.00000000
2018-02-27 10:23:50,0.00052000,28.00000000
2018-02-27 10:23:53,0.00052000,19.00000000
2018-02-27 10:23:54,0.00052001,2.00000000
2018-02-27 10:23:56,0.00052055,22.00000000
2018-02-27 10:23:56,0.00052143,40.00000000
2018-02-27 10:23:56,0.00052144,108.00000000
2018-02-27 10:23:57,0.00052144,3.00000000
2018-02-27 10:23:57,0.00052143,3.00000000
2018-02-27 10:23:58,0.00052143,3.00000000
2018-02-27 10:23:58,0.00052141,10.00000000
2018-02-27 10:23:58,0.00052142,22.00000000
2018-02-27 10:23:58,0.00052142,3.00000000
2018-02-27 10:23:58,0.00052142,5.00000000
2018-02-27 10:23:58,0.00052143,37.00000000
2018-02-27 10:23:59,0.00052142,3.00000000
2018-02-27 10:23:59,0.00052015,9.00000000
2018-02-27 10:23:59,0.00052142,5.00000000
2018-02-27 10:24:00,0.00052142,3.00000000
2018-02-27 10:24:00,0.00052141,3.00000000
2018-02-27 10:24:01,0.00052141,3.00000000
2018-02-27 10:24:01,0.00052141,3.00000000
2018-02-27 10:24:02,0.00052141,3.00000000
2018-02-27 10:24:02,0.00052141,3.00000000
2018-02-27 10:24:03,0.00052141,3.00000000
2018-02-27 10:24:04,0.00052141,6.00000000
2018-02-27 10:24:04,0.00052141,3.00000000
2018-02-27 10:24:04,0.00052032,34.00000000
2018-02-27 10:24:04,0.00052141,2.00000000
2018-02-27 10:24:05,0.00052141,1.00000000
2018-02-27 10:24:05,0.00052050,4.00000000
2018-02-27 10:24:06,0.00052051,30.00000000
2018-02-27 10:24:06,0.00052055,3.00000000
2018-02-27 10:24:06,0.00052055,5.00000000
2018-02-27 10:24:06,0.00052139,9.00000000
2018-02-27 10:24:07,0.00052051,10.00000000
2018-02-27 10:24:10,0.00052050,12.00000000
2018-02-27 10:24:11,0.00052050,189.00000000
2018-02-27 10:24:11,0.00052027,76.00000000
2018-02-27 10:24:11,0.00052023,8.00000000
2018-02-27 10:24:13,0.00052050,25.00000000
2018-02-27 10:24:14,0.00052050,23.00000000
2018-02-27 10:24:15,0.00052051,576.00000000
2018-02-27 10:24:16,0.00052000,12.00000000
2018-02-27 10:24:18,0.00052000,5.00000000
2018-02-27 10:24:21,0.00052038,39.00000000
2018-02-27 10:24:21,0.00052039,12.00000000
2018-02-27 10:24:21,0.00052037,3.00000000
2018-02-27 10:24:23,0.00051959,10.00000000
2018-02-27 10:24:24,0.00051959,191.00000000
2018-02-27 10:24:24,0.00052036,210.00000000
2018-02-27 10:24:24,0.00052037,103.00000000
2018-02-27 10:24:24,0.00052040,246.00000000
2018-02-27 10:24:25,0.00052036,3.00000000
2018-02-27 10:24:27,0.00052025,3.00000000
2018-02-27 10:24:28,0.00052025,3.00000000
2018-02-27 10:24:29,0.00052025,3.00000000
2018-02-27 10:24:30,0.00052024,16.00000000
2018-02-27 10:24:33,0.00051929,10.00000000
2018-02-27 10:24:33,0.00051928,3.00000000
2018-02-27 10:24:33,0.00051927,77.00000000
2018-02-27 10:24:33,0.00051917,3.00000000
2018-02-27 10:24:35,0.00051917,97.00000000
2018-02-27 10:24:35,0.00052024,72.00000000
2018-02-27 10:24:35,0.00052024,12.00000000
2018-02-27 10:24:35,0.00052024,6.00000000
2018-02-27 10:24:35,0.00052025,35.00000000
2018-02-27 10:24:36,0.00052024,6.00000000
2018-02-27 10:24:42,0.00052024,379.00000000
2018-02-27 10:24:43,0.00052024,50.00000000
2018-02-27 10:24:44,0.00052025,4.00000000
2018-02-27 10:24:44,0.00052025,3.00000000
2018-02-27 10:24:44,0.00052024,3.00000000
2018-02-27 10:24:45,0.00052024,26.00000000
2018-02-27 10:24:50,0.00052025,42.00000000
2018-02-27 10:24:50,0.00052040,8.00000000
2018-02-27 10:24:52,0.00052024,300.00000000
2018-02-27 10:24:53,0.00052024,15.00000000
2018-02-27 10:25:01,0.00052040,8.00000000
2018-02-27 10:25:03,0.00052040,3.00000000
2018-02-27 10:25:04,0.00052040,3.00000000
2018-02-27 10:25:04,0.00052024,13.00000000
2018-02-27 10:25:04,0.00052024,7.00000000
2018-02-27 10:25:05,0.00052024,384.00000000
2018-02-27 10:25:06,0.00052040,5.00000000
2018-02-27 10:25:09,0.00052024,258.00000000
2018-02-27 10:25:10,0.00052024,27.00000000
2018-02-27 10:25:11,0.00052038,8.00000000
2018-02-27 10:25:11,0.00052040,497.00000000
2018-02-27 10:25:11,0.00052024,11.00000000
2018-02-27 10:25:17,0.00052024,121.00000000
2018-02-27 10:25:28,0.00052024,40.00000000
2018-02-27 10:25:37,0.00052024,9.00000000
2018-02-27 10:26:01,0.00052024,15.00000000
2018-02-27 10:26:02,0.00052024,342.00000000
2018-02-27 10:26:02,0.00052000,121.00000000
2018-02-27 10:26:12,0.00052024,3.00000000
2018-02-27 10:26:12,0.00052000,3.00000000
2018-02-27 10:26:13,0.00052000,34.00000000
2018-02-27 10:26:15,0.00051915,7.00000000
2018-02-27 10:26:15,0.00051909,5.00000000
2018-02-27 10:26:18,0.00051909,2.00000000
2018-02-27 10:26:18,0.00051909,2.00000000
2018-02-27 10:26:18,0.00051909,2.00000000
2018-02-27 10:26:22,0.00051909,3.00000000
2018-02-27 10:26:24,0.00051909,3.00000000
2018-02-27 10:26:25,0.00051909,3.00000000
2018-02-27 10:26:26,0.00051909,3.00000000
2018-02-27 10:26:27,0.00051909,3.00000000
2018-02-27 10:26:28,0.00051909,3.00000000
2018-02-27 10:26:28,0.00051909,3.00000000
2018-02-27 10:26:29,0.00051909,3.00000000
2018-02-27 10:26:29,0.00051909,3.00000000
2018-02-27 10:26:30,0.00051909,3.00000000
2018-02-27 10:26:30,0.00051909,3.00000000
2018-02-27 10:26:31,0.00051909,3.00000000
2018-02-27 10:26:34,0.00051996,2.00000000
2018-02-27 10:26:44,0.00051911,4.00000000
2018-02-27 10:26:44,0.00051909,81.00000000
2018-02-27 10:26:47,0.00051995,2.00000000
2018-02-27 10:26:47,0.00051995,20.00000000
2018-02-27 10:27:02,0.00051924,2.00000000
2018-02-27 10:27:02,0.00051917,9.00000000
2018-02-27 10:27:02,0.00051909,32.00000000
2018-02-27 10:27:06,0.00051909,6.00000000
2018-02-27 10:27:17,0.00051909,97.00000000
2018-02-27 10:27:18,0.00051909,217.00000000
2018-02-27 10:27:18,0.00051904,40.00000000
2018-02-27 10:27:25,0.00051992,2.00000000
2018-02-27 10:27:26,0.00051992,7.00000000
2018-02-27 10:27:26,0.00051909,2.00000000
2018-02-27 10:27:33,0.00051990,7.00000000
2018-02-27 10:27:33,0.00051992,17.00000000
2018-02-27 10:27:33,0.00051995,7.00000000
2018-02-27 10:27:35,0.00051995,5.00000000
2018-02-27 10:27:40,0.00051991,10.00000000
2018-02-27 10:27:40,0.00051990,2.00000000
2018-02-27 10:27:40,0.00051909,240.00000000
2018-02-27 10:27:41,0.00051904,765.00000000
2018-02-27 10:27:41,0.00051904,177.00000000
2018-02-27 10:27:41,0.00051903,450.00000000
2018-02-27 10:27:41,0.00051900,80.00000000
2018-02-27 10:27:41,0.00051895,115.00000000
2018-02-27 10:27:41,0.00051869,244.00000000
2018-02-27 10:27:42,0.00051904,18.00000000
2018-02-27 10:27:42,0.00051900,28.00000000
2018-02-27 10:27:42,0.00051836,1.00000000
2018-02-27 10:27:42,0.00051835,3.00000000
2018-02-27 10:27:43,0.00051909,42.00000000
2018-02-27 10:27:44,0.00051909,350.00000000
2018-02-27 10:27:44,0.00051909,20.00000000
2018-02-27 10:27:45,0.00051904,55.00000000
2018-02-27 10:27:46,0.00051840,2.00000000
2018-02-27 10:27:47,0.00051904,38.00000000
2018-02-27 10:27:47,0.00051909,45.00000000
2018-02-27 10:27:49,0.00051836,8.00000000
2018-02-27 10:27:50,0.00051909,15.00000000
2018-02-27 10:27:50,0.00051834,17.00000000
2018-02-27 10:27:50,0.00051826,10.00000000
2018-02-27 10:27:50,0.00051825,79.00000000
2018-02-27 10:27:50,0.00051807,138.00000000
2018-02-27 10:27:52,0.00051837,10.00000000
2018-02-27 10:27:53,0.00051827,42.00000000
2018-02-27 10:27:54,0.00051807,48.00000000
2018-02-27 10:27:54,0.00051807,102.00000000
2018-02-27 10:28:05,0.00051808,46.00000000
2018-02-27 10:28:05,0.00051807,99.00000000
2018-02-27 10:28:05,0.00051807,124.00000000
2018-02-27 10:28:05,0.00051807,19.00000000
2018-02-27 10:28:05,0.00051807,149.00000000
2018-02-27 10:28:05,0.00051807,13.00000000
2018-02-27 10:28:10,0.00051905,71.00000000
2018-02-27 10:28:18,0.00051905,190.00000000
2018-02-27 10:28:18,0.00051905,99.00000000
2018-02-27 10:28:20,0.00051818,10.00000000
2018-02-27 10:28:21,0.00051818,8.00000000
2018-02-27 10:28:24,0.00051818,5.00000000
2018-02-27 10:28:27,0.00051820,50.00000000
2018-02-27 10:28:31,0.00051904,4.00000000
2018-02-27 10:28:34,0.00051822,10.00000000
2018-02-27 10:28:34,0.00051822,30.00000000
2018-02-27 10:28:36,0.00051850,35.00000000
2018-02-27 10:28:36,0.00051820,8.00000000
2018-02-27 10:28:38,0.00051851,10.00000000
2018-02-27 10:28:44,0.00051821,17.00000000
2018-02-27 10:28:44,0.00051820,27.00000000
2018-02-27 10:28:46,0.00051851,78.00000000
2018-02-27 10:28:54,0.00051850,4.00000000
2018-02-27 10:28:59,0.00051850,12.00000000
2018-02-27 10:28:59,0.00051851,17.00000000
2018-02-27 10:29:02,0.00051851,13.00000000
2018-02-27 10:29:07,0.00051896,13.00000000
2018-02-27 10:29:10,0.00051823,9.00000000
2018-02-27 10:29:10,0.00051822,35.00000000
2018-02-27 10:29:10,0.00051820,20.00000000
2018-02-27 10:29:10,0.00051808,94.00000000
2018-02-27 10:29:10,0.00051807,194.00000000
2018-02-27 10:29:10,0.00051802,47.00000000
2018-02-27 10:29:10,0.00051801,324.00000000
2018-02-27 10:29:10,0.00051800,737.00000000
2018-02-27 10:29:10,0.00051800,408.00000000
2018-02-27 10:29:10,0.00051822,8.00000000
2018-02-27 10:29:10,0.00051891,4.00000000
2018-02-27 10:29:10,0.00051897,32.00000000
2018-02-27 10:29:12,0.00051805,4.00000000
2018-02-27 10:29:12,0.00051800,35.00000000
2018-02-27 10:29:14,0.00051850,53.00000000
2018-02-27 10:29:16,0.00051800,12.00000000
2018-02-27 10:29:17,0.00051800,898.00000000
2018-02-27 10:29:21,0.00051807,14.00000000
2018-02-27 10:29:21,0.00051800,169.00000000
2018-02-27 10:29:26,0.00051881,1.00000000
2018-02-27 10:29:26,0.00051881,2.00000000
2018-02-27 10:29:41,0.00051878,5.00000000
2018-02-27 10:29:41,0.00051880,9.00000000
2018-02-27 10:29:41,0.00051881,433.00000000
2018-02-27 10:29:41,0.00051883,72.00000000
2018-02-27 10:29:41,0.00051892,4.00000000
2018-02-27 10:29:41,0.00051896,54.00000000
2018-02-27 10:29:41,0.00051900,149.00000000
2018-02-27 10:29:41,0.00051903,77.00000000
2018-02-27 10:29:41,0.00051908,40.00000000
2018-02-27 10:29:41,0.00051908,591.00000000
2018-02-27 10:29:47,0.00051903,4.00000000
2018-02-27 10:29:47,0.00051908,53.00000000
2018-02-27 10:29:47,0.00051884,4.00000000
2018-02-27 10:29:47,0.00051807,4.00000000
2018-02-27 10:29:47,0.00051801,15.00000000
2018-02-27 10:29:47,0.00051800,147.00000000
2018-02-27 10:29:49,0.00051807,8.00000000
2018-02-27 10:29:49,0.00051805,192.00000000
2018-02-27 10:29:49,0.00051803,4.00000000
2018-02-27 10:29:51,0.00051899,83.00000000
2018-02-27 10:29:52,0.00051804,10.00000000
2018-02-27 10:29:52,0.00051803,37.00000000
2018-02-27 10:29:52,0.00051891,4.00000000
2018-02-27 10:29:52,0.00051896,13.00000000
2018-02-27 10:29:59,0.00051809,4.00000000
2018-02-27 10:29:59,0.00051803,36.00000000
2018-02-27 10:29:59,0.00051801,172.00000000
2018-02-27 10:29:59,0.00051800,8.00000000
2018-02-27 10:29:59,0.00051860,10.00000000
2018-02-27 10:29:59,0.00051870,10.00000000
2018-02-27 10:30:04,0.00051875,3.00000000
2018-02-27 10:30:13,0.00051805,6.00000000
2018-02-27 10:30:21,0.00051806,34.00000000
2018-02-27 10:30:21,0.00051805,1.00000000
2018-02-27 10:30:27,0.00051803,37.00000000
2018-02-27 10:30:28,0.00051803,46.00000000
2018-02-27 10:30:28,0.00051805,15.00000000
2018-02-27 10:30:28,0.00051866,74.00000000
2018-02-27 10:30:28,0.00051800,1704.00000000
2018-02-27 10:30:30,0.00051867,21.00000000
2018-02-27 10:30:31,0.00051801,31.00000000
2018-02-27 10:30:32,0.00051805,300.00000000
2018-02-27 10:30:32,0.00051801,390.00000000
2018-02-27 10:30:34,0.00051801,269.00000000
2018-02-27 10:30:34,0.00051800,74.00000000
2018-02-27 10:30:41,0.00051785,2.00000000
2018-02-27 10:30:41,0.00051784,1.00000000
2018-02-27 10:30:41,0.00051800,85.00000000
2018-02-27 10:30:45,0.00051784,3.00000000
2018-02-27 10:30:45,0.00051760,35.00000000
2018-02-27 10:30:52,0.00051760,150.00000000
2018-02-27 10:30:57,0.00051762,285.00000000
2018-02-27 10:30:57,0.00051760,308.00000000
2018-02-27 10:31:03,0.00051750,61.00000000
2018-02-27 10:31:05,0.00051760,406.00000000
2018-02-27 10:31:09,0.00051760,4.00000000
2018-02-27 10:31:10,0.00051760,41.00000000
2018-02-27 10:31:12,0.00051750,372.00000000
2018-02-27 10:31:12,0.00051723,30.00000000
2018-02-27 10:31:12,0.00051721,56.00000000
2018-02-27 10:31:12,0.00051720,1088.00000000
2018-02-27 10:31:16,0.00051720,12.00000000
2018-02-27 10:31:16,0.00051712,42.00000000
2018-02-27 10:31:17,0.00051712,4.00000000
2018-02-27 10:31:17,0.00051712,2.00000000
2018-02-27 10:31:17,0.00051718,8.00000000
2018-02-27 10:31:17,0.00051719,10.00000000
2018-02-27 10:31:17,0.00051720,434.00000000
2018-02-27 10:31:17,0.00051711,1000.00000000
2018-02-27 10:31:17,0.00051720,2.00000000
2018-02-27 10:31:18,0.00051720,16.00000000
2018-02-27 10:31:18,0.00051720,8.00000000
2018-02-27 10:31:19,0.00051720,8.00000000
2018-02-27 10:31:19,0.00051720,8.00000000
2018-02-27 10:31:19,0.00051720,8.00000000
2018-02-27 10:31:19,0.00051720,7.00000000
2018-02-27 10:31:19,0.00051720,7.00000000
2018-02-27 10:31:19,0.00051720,8.00000000
2018-02-27 10:31:19,0.00051711,13.00000000
2018-02-27 10:31:20,0.00051720,9.00000000
2018-02-27 10:31:20,0.00051720,92.00000000
2018-02-27 10:31:26,0.00051711,195.00000000
2018-02-27 10:31:28,0.00051711,45.00000000
2018-02-27 10:31:29,0.00051720,5.00000000
2018-02-27 10:31:34,0.00051711,7.00000000
2018-02-27 10:31:34,0.00051711,33.00000000
2018-02-27 10:31:35,0.00051711,8.00000000
2018-02-27 10:31:36,0.00051711,8.00000000
2018-02-27 10:31:36,0.00051720,10.00000000
2018-02-27 10:31:38,0.00051719,21.00000000
2018-02-27 10:31:39,0.00051719,15.00000000
2018-02-27 10:31:39,0.00051720,25.00000000
2018-02-27 10:31:41,0.00051719,3.00000000
2018-02-27 10:31:42,0.00051719,3.00000000
2018-02-27 10:31:42,0.00051719,3.00000000
2018-02-27 10:31:43,0.00051719,3.00000000
2018-02-27 10:31:43,0.00051719,3.00000000
2018-02-27 10:31:45,0.00051719,3.00000000
2018-02-27 10:31:45,0.00051719,3.00000000
2018-02-27 10:31:46,0.00051719,3.00000000
2018-02-27 10:31:47,0.00051719,3.00000000
2018-02-27 10:31:48,0.00051712,100.00000000
2018-02-27 10:31:52,0.00051711,18.00000000
2018-02-27 10:31:57,0.00051711,374.00000000
2018-02-27 10:31:58,0.00051711,13.00000000
2018-02-27 10:31:59,0.00051719,7.00000000
2018-02-27 10:32:00,0.00051719,110.00000000
2018-02-27 10:32:00,0.00051719,9.00000000
2018-02-27 10:32:00,0.00051719,3.00000000
2018-02-27 10:32:00,0.00051711,269.00000000
2018-02-27 10:32:02,0.00051711,375.00000000
2018-02-27 10:32:02,0.00051704,61.00000000
2018-02-27 10:32:02,0.00051702,267.00000000
2018-02-27 10:32:02,0.00051700,2747.00000000
2018-02-27 10:32:02,0.00051700,3.00000000
2018-02-27 10:32:02,0.00051700,3.00000000
2018-02-27 10:32:03,0.00051700,18.00000000
2018-02-27 10:32:03,0.00051700,3.00000000
2018-02-27 10:32:03,0.00051700,640.00000000
2018-02-27 10:32:04,0.00051699,10.00000000
2018-02-27 10:32:05,0.00051700,99.00000000
2018-02-27 10:32:06,0.00051700,41.00000000
2018-02-27 10:32:07,0.00051700,83.00000000
2018-02-27 10:32:09,0.00051700,105.00000000
2018-02-27 10:32:10,0.00051700,9.00000000
2018-02-27 10:32:13,0.00051699,1.00000000
2018-02-27 10:32:15,0.00051700,120.00000000
2018-02-27 10:32:15,0.00051700,24.00000000
2018-02-27 10:32:15,0.00051700,63.00000000
2018-02-27 10:32:15,0.00051710,42.00000000
2018-02-27 10:32:16,0.00051710,9.00000000
2018-02-27 10:32:19,0.00051699,31.00000000
2018-02-27 10:32:19,0.00051698,52.00000000
2018-02-27 10:32:19,0.00051695,24.00000000
2018-02-27 10:32:19,0.00051690,349.00000000
2018-02-27 10:32:20,0.00051690,14.00000000
2018-02-27 10:32:20,0.00051690,3.00000000
2018-02-27 10:32:21,0.00051690,25.00000000
2018-02-27 10:32:23,0.00051690,24.00000000
2018-02-27 10:32:25,0.00051690,5.00000000
2018-02-27 10:32:29,0.00051687,69.00000000
2018-02-27 10:32:29,0.00051680,181.00000000
2018-02-27 10:32:32,0.00051690,4.00000000
2018-02-27 10:32:41,0.00051690,89.00000000
2018-02-27 10:32:45,0.00051690,290.00000000
2018-02-27 10:32:45,0.00051681,507.00000000
2018-02-27 10:32:45,0.00051680,165.00000000
2018-02-27 10:32:46,0.00051680,654.00000000
2018-02-27 10:32:46,0.00051655,100.00000000
2018-02-27 10:32:46,0.00051635,10.00000000
2018-02-27 10:32:49,0.00051690,10.00000000
2018-02-27 10:32:57,0.00051690,32.00000000
2018-02-27 10:32:58,0.00051690,158.00000000
2018-02-27 10:32:58,0.00051710,67.00000000
2018-02-27 10:32:58,0.00051710,15.00000000
2018-02-27 10:33:03,0.00051683,401.00000000
2018-02-27 10:33:04,0.00051690,5.00000000
2018-02-27 10:33:12,0.00051690,11.00000000
2018-02-27 10:33:12,0.00051710,48.00000000
2018-02-27 10:33:13,0.00051690,153.00000000
2018-02-27 10:33:13,0.00051683,249.00000000
2018-02-27 10:33:18,0.00051710,38.00000000
2018-02-27 10:33:20,0.00051710,31.00000000
2018-02-27 10:33:20,0.00051760,25.00000000
2018-02-27 10:33:24,0.00051760,2.00000000
2018-02-27 10:33:26,0.00051690,16.00000000
2018-02-27 10:33:27,0.00051686,8.00000000
2018-02-27 10:33:27,0.00051683,454.00000000
2018-02-27 10:33:27,0.00051680,16.00000000
2018-02-27 10:33:28,0.00051689,3.00000000
2018-02-27 10:33:29,0.00051664,5.00000000
2018-02-27 10:33:30,0.00051636,144.00000000
2018-02-27 10:33:31,0.00051636,9.00000000
2018-02-27 10:33:34,0.00051664,100.00000000
2018-02-27 10:33:35,0.00051635,7.00000000
2018-02-27 10:33:37,0.00051635,16.00000000
2018-02-27 10:33:38,0.00051630,5.00000000
2018-02-27 10:33:43,0.00051630,8.00000000
2018-02-27 10:33:43,0.00051620,41.00000000
2018-02-27 10:33:43,0.00051620,2.00000000
2018-02-27 10:33:43,0.00051620,2.00000000
2018-02-27 10:33:43,0.00051620,24.00000000
2018-02-27 10:33:43,0.00051620,29.00000000
2018-02-27 10:33:43,0.00051620,3.00000000
2018-02-27 10:33:45,0.00051620,10.00000000
2018-02-27 10:33:45,0.00051620,3.00000000
2018-02-27 10:33:47,0.00051610,4.00000000
2018-02-27 10:33:48,0.00051620,17.00000000
2018-02-27 10:33:50,0.00051619,10.00000000
2018-02-27 10:33:52,0.00051610,2.00000000
2018-02-27 10:33:52,0.00051606,1.00000000
2018-02-27 10:33:53,0.00051619,9.00000000
2018-02-27 10:33:55,0.00051619,4.00000000
2018-02-27 10:34:00,0.00051619,3.00000000
2018-02-27 10:34:00,0.00051619,35.00000000
2018-02-27 10:34:01,0.00051620,73.00000000
2018-02-27 10:34:01,0.00051687,56.00000000
2018-02-27 10:34:01,0.00051690,226.00000000
2018-02-27 10:34:02,0.00051690,12.00000000
2018-02-27 10:34:03,0.00051690,10.00000000
2018-02-27 10:34:05,0.00051606,11.00000000
2018-02-27 10:34:05,0.00051605,92.00000000
2018-02-27 10:34:06,0.00051690,28.00000000
2018-02-27 10:34:06,0.00051605,362.00000000
2018-02-27 10:34:07,0.00051690,106.00000000
2018-02-27 10:34:07,0.00051690,6.00000000
2018-02-27 10:34:16,0.00051649,154.00000000
2018-02-27 10:34:16,0.00051671,183.00000000
2018-02-27 10:34:16,0.00051687,8.00000000
2018-02-27 10:34:16,0.00051689,521.00000000
2018-02-27 10:34:16,0.00051690,1134.00000000
2018-02-27 10:34:24,0.00051690,59.00000000
2018-02-27 10:34:24,0.00051690,10.00000000
2018-02-27 10:34:33,0.00051686,9.00000000
2018-02-27 10:34:36,0.00051686,9.00000000
2018-02-27 10:34:39,0.00051606,43.00000000
2018-02-27 10:34:39,0.00051605,42.00000000
2018-02-27 10:34:40,0.00051684,8.00000000
2018-02-27 10:34:40,0.00051686,6.00000000
2018-02-27 10:34:40,0.00051689,40.00000000
2018-02-27 10:34:41,0.00051686,96.00000000
2018-02-27 10:34:42,0.00051689,543.00000000
2018-02-27 10:34:42,0.00051689,7.00000000
2018-02-27 10:34:46,0.00051690,800.00000000
2018-02-27 10:34:48,0.00051686,9.00000000
2018-02-27 10:34:49,0.00051690,9.00000000
2018-02-27 10:34:51,0.00051690,136.00000000
2018-02-27 10:34:51,0.00051690,17.00000000
2018-02-27 10:34:52,0.00051690,173.00000000
2018-02-27 10:34:57,0.00051690,20.00000000
2018-02-27 10:35:01,0.00051690,1448.00000000
2018-02-27 10:35:06,0.00051690,283.00000000
2018-02-27 10:35:07,0.00051690,4.00000000
2018-02-27 10:35:08,0.00051690,38.00000000
2018-02-27 10:35:12,0.00051627,15.00000000
2018-02-27 10:35:12,0.00051613,34.00000000
2018-02-27 10:35:23,0.00051690,4.00000000
2018-02-27 10:35:23,0.00051616,8.00000000
2018-02-27 10:35:23,0.00051613,101.00000000
2018-02-27 10:35:23,0.00051605,224.00000000
2018-02-27 10:35:24,0.00051605,45.00000000
2018-02-27 10:35:25,0.00051605,193.00000000
2018-02-27 10:35:25,0.00051686,8.00000000
2018-02-27 10:35:25,0.00051689,129.00000000
2018-02-27 10:35:29,0.00051689,38.00000000
2018-02-27 10:35:29,0.00051689,51.00000000
2018-02-27 10:35:32,0.00051690,9.00000000
2018-02-27 10:35:33,0.00051689,37.00000000
2018-02-27 10:35:35,0.00051613,5.00000000
2018-02-27 10:35:35,0.00051600,24.00000000
2018-02-27 10:35:35,0.00051600,696.00000000
2018-02-27 10:35:35,0.00051593,15.00000000
2018-02-27 10:35:35,0.00051592,4.00000000
2018-02-27 10:35:35,0.00051588,312.00000000
2018-02-27 10:35:35,0.00051585,370.00000000
2018-02-27 10:35:35,0.00051688,10.00000000
2018-02-27 10:35:35,0.00051689,37.00000000
2018-02-27 10:35:41,0.00051689,193.00000000
2018-02-27 10:35:41,0.00051689,155.00000000
2018-02-27 10:35:41,0.00051690,87.00000000
2018-02-27 10:35:41,0.00051690,9.00000000
2018-02-27 10:35:42,0.00051689,27.00000000
2018-02-27 10:35:51,0.00051689,84.00000000
2018-02-27 10:35:55,0.00051689,1330.00000000
2018-02-27 10:35:56,0.00051689,880.00000000
2018-02-27 10:35:58,0.00051690,44.00000000
2018-02-27 10:35:58,0.00051690,60.00000000
2018-02-27 10:35:59,0.00051690,60.00000000
2018-02-27 10:36:10,0.00051688,38.00000000
2018-02-27 10:36:16,0.00051608,20.00000000
2018-02-27 10:36:16,0.00051585,80.00000000
2018-02-27 10:36:16,0.00051568,56.00000000
2018-02-27 10:36:16,0.00051567,76.00000000
2018-02-27 10:36:16,0.00051562,44.00000000
2018-02-27 10:36:16,0.00051561,57.00000000
2018-02-27 10:36:16,0.00051560,5.00000000
2018-02-27 10:36:16,0.00051559,20.00000000
2018-02-27 10:36:16,0.00051557,130.00000000
2018-02-27 10:36:16,0.00051555,405.00000000
2018-02-27 10:36:16,0.00051554,207.00000000
2018-02-27 10:36:20,0.00051636,30.00000000
2018-02-27 10:36:20,0.00051561,8.00000000
2018-02-27 10:36:20,0.00051557,8.00000000
2018-02-27 10:36:22,0.00051559,18.00000000
2018-02-27 10:36:28,0.00051600,51.00000000
2018-02-27 10:36:28,0.00051571,8.00000000
2018-02-27 10:36:28,0.00051570,9.00000000
2018-02-27 10:36:28,0.00051559,152.00000000
2018-02-27 10:36:28,0.00051666,3.00000000
2018-02-27 10:36:31,0.00051653,15.00000000
2018-02-27 10:36:31,0.00051655,20.00000000
2018-02-27 10:36:32,0.00051574,15.00000000
2018-02-27 10:36:32,0.00051566,20.00000000
2018-02-27 10:36:32,0.00051554,173.00000000
2018-02-27 10:36:32,0.00051550,104.00000000
2018-02-27 10:36:32,0.00051546,30.00000000
2018-02-27 10:36:32,0.00051535,24.00000000
2018-02-27 10:36:32,0.00051530,51.00000000
2018-02-27 10:36:32,0.00051515,28.00000000
2018-02-27 10:36:32,0.00051513,1374.00000000
2018-02-27 10:36:33,0.00051663,20.00000000
2018-02-27 10:36:33,0.00051664,32.00000000
2018-02-27 10:36:37,0.00051568,7.00000000
2018-02-27 10:36:37,0.00051568,13.00000000
2018-02-27 10:36:37,0.00051567,9.00000000
2018-02-27 10:36:37,0.00051557,8.00000000
2018-02-27 10:36:39,0.00051646,8.00000000
2018-02-27 10:36:39,0.00051651,8.00000000
2018-02-27 10:36:44,0.00051653,3.00000000
2018-02-27 10:36:44,0.00051653,3.00000000
2018-02-27 10:36:46,0.00051653,33.00000000
2018-02-27 10:36:46,0.00051653,4.00000000
2018-02-27 10:36:47,0.00051572,8.00000000
2018-02-27 10:36:47,0.00051560,63.00000000
2018-02-27 10:36:47,0.00051557,116.00000000
2018-02-27 10:36:47,0.00051653,3.00000000
2018-02-27 10:36:48,0.00051653,54.00000000
2018-02-27 10:36:49,0.00051650,7.00000000
2018-02-27 10:36:51,0.00051653,80.00000000
2018-02-27 10:36:51,0.00051653,4.00000000
2018-02-27 10:36:52,0.00051560,346.00000000
2018-02-27 10:36:52,0.00051557,96.00000000
2018-02-27 10:36:52,0.00051653,24.00000000
2018-02-27 10:36:57,0.00051659,12.00000000
2018-02-27 10:36:57,0.00051660,2.00000000
2018-02-27 10:37:01,0.00051660,39.00000000
2018-02-27 10:37:01,0.00051660,39.00000000
2018-02-27 10:37:02,0.00051558,20.00000000
2018-02-27 10:37:02,0.00051557,52.00000000
2018-02-27 10:37:05,0.00051659,2.00000000
2018-02-27 10:37:10,0.00051659,18.00000000
2018-02-27 10:37:10,0.00051660,10.00000000
2018-02-27 10:37:11,0.00051659,10.00000000
2018-02-27 10:37:12,0.00051659,2.00000000
2018-02-27 10:37:14,0.00051659,53.00000000
2018-02-27 10:37:16,0.00051659,35.00000000
2018-02-27 10:37:17,0.00051659,9.00000000
2018-02-27 10:37:22,0.00051659,2.00000000
2018-02-27 10:37:23,0.00051659,19.00000000
2018-02-27 10:37:23,0.00051659,28.00000000
2018-02-27 10:37:23,0.00051659,28.00000000
2018-02-27 10:37:23,0.00051659,28.00000000
2018-02-27 10:37:23,0.00051659,27.00000000
2018-02-27 10:37:23,0.00051659,28.00000000
2018-02-27 10:37:23,0.00051581,10.00000000
2018-02-27 10:37:23,0.00051580,9.00000000
2018-02-27 10:37:23,0.00051579,78.00000000
2018-02-27 10:37:26,0.00051659,94.00000000
2018-02-27 10:37:27,0.00051659,126.00000000
2018-02-27 10:37:27,0.00051659,118.00000000
2018-02-27 10:37:27,0.00051660,467.00000000
2018-02-27 10:37:27,0.00051660,28.00000000
2018-02-27 10:37:32,0.00051666,50.00000000
2018-02-27 10:37:33,0.00051666,161.00000000
2018-02-27 10:37:33,0.00051666,24.00000000
2018-02-27 10:37:33,0.00051666,24.00000000
2018-02-27 10:37:34,0.00051666,12.00000000
2018-02-27 10:37:34,0.00051666,40.00000000
2018-02-27 10:37:35,0.00051666,134.00000000
2018-02-27 10:37:36,0.00051687,7.00000000
2018-02-27 10:37:38,0.00051666,50.00000000
2018-02-27 10:37:38,0.00051660,22.00000000
2018-02-27 10:37:39,0.00051659,12.00000000
2018-02-27 10:37:39,0.00051687,31.00000000
2018-02-27 10:37:45,0.00051687,18.00000000
2018-02-27 10:37:54,0.00051688,4.00000000
2018-02-27 10:37:58,0.00051687,5.00000000
2018-02-27 10:38:03,0.00051687,5.00000000
2018-02-27 10:38:06,0.00051687,3.00000000
2018-02-27 10:38:08,0.00051688,64.00000000
2018-02-27 10:38:20,0.00051687,32.00000000
2018-02-27 10:38:22,0.00051688,179.00000000
2018-02-27 10:38:26,0.00051689,10.00000000
2018-02-27 10:38:26,0.00051688,9.00000000
2018-02-27 10:38:31,0.00051689,84.00000000
2018-02-27 10:38:31,0.00051690,2916.00000000
2018-02-27 10:38:32,0.00051690,264.00000000
2018-02-27 10:38:32,0.00051690,102.00000000
2018-02-27 10:38:33,0.00051690,832.00000000
2018-02-27 10:38:33,0.00051690,1530.00000000
2018-02-27 10:38:34,0.00051690,633.00000000
2018-02-27 10:38:34,0.00051690,169.00000000
2018-02-27 10:38:34,0.00051690,119.00000000
2018-02-27 10:38:34,0.00051690,61.00000000
2018-02-27 10:38:35,0.00051690,375.00000000
2018-02-27 10:38:35,0.00051690,103.00000000
2018-02-27 10:38:36,0.00051690,110.00000000
2018-02-27 10:38:37,0.00051690,3304.00000000
2018-02-27 10:38:38,0.00051690,253.00000000
2018-02-27 10:38:39,0.00051690,324.00000000
2018-02-27 10:38:39,0.00051690,526.00000000
2018-02-27 10:38:41,0.00051690,368.00000000
2018-02-27 10:38:42,0.00051690,112.00000000
2018-02-27 10:38:43,0.00051689,10.00000000
2018-02-27 10:38:43,0.00051688,15.00000000
2018-02-27 10:38:44,0.00051690,2000.00000000
2018-02-27 10:38:44,0.00051690,272.00000000
2018-02-27 10:38:46,0.00051691,324.00000000
2018-02-27 10:38:46,0.00051690,198.00000000
2018-02-27 10:38:49,0.00051700,20.00000000
2018-02-27 10:38:50,0.00051700,4.00000000
2018-02-27 10:38:50,0.00051759,139.00000000
2018-02-27 10:38:53,0.00051759,5.00000000
2018-02-27 10:38:55,0.00051759,5.00000000
2018-02-27 10:38:55,0.00051759,2.00000000
2018-02-27 10:38:58,0.00051759,4.00000000
2018-02-27 10:38:59,0.00051759,4.00000000
2018-02-27 10:39:02,0.00051759,4.00000000
2018-02-27 10:39:03,0.00051759,10.00000000
2018-02-27 10:39:03,0.00051759,39.00000000
2018-02-27 10:39:05,0.00051759,33.00000000
2018-02-27 10:39:05,0.00051759,27.00000000
2018-02-27 10:39:17,0.00051758,20.00000000
2018-02-27 10:39:17,0.00051759,53.00000000
2018-02-27 10:39:17,0.00051760,17.00000000
2018-02-27 10:39:17,0.00051795,44.00000000
2018-02-27 10:39:20,0.00051795,290.00000000
2018-02-27 10:39:20,0.00051800,606.00000000
2018-02-27 10:39:23,0.00051853,4.00000000
2018-02-27 10:39:24,0.00051853,6.00000000
2018-02-27 10:39:25,0.00051853,8.00000000
2018-02-27 10:39:28,0.00051875,10.00000000
2018-02-27 10:39:32,0.00051853,6.00000000
2018-02-27 10:39:32,0.00051853,28.00000000
2018-02-27 10:39:32,0.00051853,80.00000000
2018-02-27 10:39:33,0.00051874,7.00000000
2018-02-27 10:39:34,0.00051853,38.00000000
2018-02-27 10:39:34,0.00051853,67.00000000
2018-02-27 10:39:35,0.00051874,72.00000000
2018-02-27 10:39:43,0.00051873,2.00000000
2018-02-27 10:39:43,0.00051882,24.00000000
2018-02-27 10:39:43,0.00051883,59.00000000
2018-02-27 10:39:46,0.00051780,193.00000000
2018-02-27 10:39:46,0.00051775,56.00000000
2018-02-27 10:39:46,0.00051769,67.00000000
2018-02-27 10:39:57,0.00051866,2.00000000
2018-02-27 10:39:58,0.00051866,191.00000000
2018-02-27 10:39:58,0.00051868,67.00000000
2018-02-27 10:39:58,0.00051883,9.00000000
2018-02-27 10:39:58,0.00051884,4.00000000
2018-02-27 10:39:58,0.00051888,223.00000000
2018-02-27 10:39:58,0.00051888,6.00000000
2018-02-27 10:40:02,0.00051888,18.00000000
2018-02-27 10:40:06,0.00051888,7.00000000
2018-02-27 10:40:06,0.00051900,1.00000000
2018-02-27 10:40:08,0.00051900,83.00000000
2018-02-27 10:40:11,0.00051900,2.00000000
2018-02-27 10:40:11,0.00051900,3.00000000
2018-02-27 10:40:12,0.00051900,63.00000000
2018-02-27 10:40:13,0.00051900,3.00000000
2018-02-27 10:40:14,0.00051903,8.00000000
2018-02-27 10:40:14,0.00051900,7.00000000
2018-02-27 10:40:15,0.00051900,112.00000000
2018-02-27 10:40:16,0.00051900,58.00000000
2018-02-27 10:40:16,0.00051975,4.00000000
2018-02-27 10:40:16,0.00051977,8.00000000
2018-02-27 10:40:16,0.00051980,18.00000000
2018-02-27 10:40:20,0.00051979,2.00000000
2018-02-27 10:40:21,0.00051836,12.00000000
2018-02-27 10:40:23,0.00051978,12.00000000
2018-02-27 10:40:23,0.00051979,38.00000000
2018-02-27 10:40:23,0.00051980,121.00000000
2018-02-27 10:40:24,0.00051846,50.00000000
2018-02-27 10:40:24,0.00051845,42.00000000
2018-02-27 10:40:26,0.00051897,10.00000000
2018-02-27 10:40:26,0.00051898,10.00000000
2018-02-27 10:40:32,0.00051898,32.00000000
2018-02-27 10:40:32,0.00051898,328.00000000
2018-02-27 10:40:32,0.00051898,328.00000000
2018-02-27 10:40:32,0.00051898,156.00000000
2018-02-27 10:40:32,0.00051898,90.00000000
2018-02-27 10:40:35,0.00051978,30.00000000
2018-02-27 10:40:35,0.00051979,181.00000000
2018-02-27 10:40:35,0.00051980,224.00000000
2018-02-27 10:40:35,0.00052000,65.00000000
2018-02-27 10:40:40,0.00051898,32.00000000
2018-02-27 10:40:47,0.00051992,9.00000000
2018-02-27 10:40:47,0.00051994,4.00000000
2018-02-27 10:40:47,0.00051994,2.00000000
2018-02-27 10:40:47,0.00051901,2.00000000
2018-02-27 10:40:48,0.00051901,6.00000000
2018-02-27 10:40:48,0.00051898,177.00000000
2018-02-27 10:40:50,0.00051902,4.00000000
2018-02-27 10:41:00,0.00051932,6.00000000
2018-02-27 10:41:00,0.00051932,18.00000000
2018-02-27 10:41:03,0.00051944,1.00000000
2018-02-27 10:41:04,0.00051902,6.00000000
2018-02-27 10:41:04,0.00051898,22.00000000
2018-02-27 10:41:09,0.00051944,1.00000000
2018-02-27 10:41:10,0.00051944,18.00000000
2018-02-27 10:41:11,0.00051944,72.00000000
2018-02-27 10:41:11,0.00051901,9.00000000
2018-02-27 10:41:11,0.00051897,11.00000000
2018-02-27 10:41:17,0.00051944,10.00000000
2018-02-27 10:41:18,0.00051944,57.00000000
2018-02-27 10:41:18,0.00051944,36.00000000
2018-02-27 10:41:20,0.00051944,117.00000000
2018-02-27 10:41:24,0.00051944,16.00000000
2018-02-27 10:41:30,0.00051944,14.00000000
2018-02-27 10:41:32,0.00051944,10.00000000
2018-02-27 10:41:34,0.00051944,2.00000000
2018-02-27 10:41:34,0.00051898,400.00000000
2018-02-27 10:41:48,0.00051898,126.00000000
2018-02-27 10:41:49,0.00051898,20.00000000
2018-02-27 10:41:53,0.00051898,18.00000000
2018-02-27 10:41:53,0.00051898,45.00000000
2018-02-27 10:41:55,0.00051898,57.00000000
2018-02-27 10:41:56,0.00051944,2.00000000
2018-02-27 10:41:56,0.00051944,13.00000000
2018-02-27 10:41:58,0.00051898,13.00000000
2018-02-27 10:41:59,0.00051944,64.00000000
2018-02-27 10:42:00,0.00051944,8.00000000
2018-02-27 10:42:01,0.00051898,8.00000000
2018-02-27 10:42:03,0.00051898,40.00000000
2018-02-27 10:42:11,0.00051988,8.00000000
2018-02-27 10:42:25,0.00051932,24.00000000
2018-02-27 10:42:25,0.00051899,25.00000000
2018-02-27 10:42:27,0.00051899,26.00000000
2018-02-27 10:42:27,0.00051898,1140.00000000
2018-02-27 10:42:27,0.00051897,18.00000000
2018-02-27 10:42:27,0.00051888,8.00000000
2018-02-27 10:42:27,0.00051887,99.00000000
2018-02-27 10:42:27,0.00051863,4.00000000
2018-02-27 10:42:27,0.00051816,30.00000000
2018-02-27 10:42:27,0.00051813,112.00000000
2018-02-27 10:42:27,0.00051810,4.00000000
2018-02-27 10:42:27,0.00051802,54.00000000
2018-02-27 10:42:27,0.00051801,57.00000000
2018-02-27 10:42:27,0.00051800,250.00000000
2018-02-27 10:42:27,0.00051688,57.00000000
2018-02-27 10:42:27,0.00051687,2.00000000
2018-02-27 10:42:27,0.00051664,2.00000000
2018-02-27 10:42:27,0.00051650,40.00000000
2018-02-27 10:42:27,0.00051649,8.00000000
2018-02-27 10:42:27,0.00051643,750.00000000
2018-02-27 10:42:27,0.00051630,19.00000000
2018-02-27 10:42:27,0.00051700,7.00000000
2018-02-27 10:42:27,0.00051982,7.00000000
2018-02-27 10:42:28,0.00051980,5.00000000
2018-02-27 10:42:38,0.00051859,19.00000000
2018-02-27 10:42:38,0.00051859,37.00000000
2018-02-27 10:42:42,0.00051967,2.00000000
2018-02-27 10:42:47,0.00051859,2.00000000
2018-02-27 10:42:49,0.00051859,13.00000000
2018-02-27 10:42:56,0.00051843,10.00000000
2018-02-27 10:42:58,0.00051851,3.00000000
2018-02-27 10:43:00,0.00051824,10.00000000
2018-02-27 10:43:08,0.00051830,76.00000000
2018-02-27 10:43:08,0.00051824,28.00000000
2018-02-27 10:43:10,0.00051822,2.00000000
2018-02-27 10:43:23,0.00051819,27.00000000
2018-02-27 10:43:26,0.00051815,2.00000000
2018-02-27 10:43:30,0.00051782,5.00000000
2018-02-27 10:43:30,0.00051778,2.00000000
2018-02-27 10:43:30,0.00051616,33.00000000
2018-02-27 10:43:30,0.00051812,33.00000000
2018-02-27 10:43:32,0.00051627,165.00000000
2018-02-27 10:43:34,0.00051638,12.00000000
2018-02-27 10:43:39,0.00051792,17.00000000
2018-02-27 10:43:41,0.00051792,5.00000000
2018-02-27 10:43:45,0.00051787,61.00000000
2018-02-27 10:43:45,0.00051787,7.00000000
2018-02-27 10:43:49,0.00051781,116.00000000
2018-02-27 10:43:49,0.00051783,32.00000000
2018-02-27 10:43:49,0.00051789,94.00000000
2018-02-27 10:43:49,0.00051792,16.00000000
2018-02-27 10:43:50,0.00051784,23.00000000
2018-02-27 10:43:50,0.00051784,35.00000000
2018-02-27 10:43:50,0.00051800,18.00000000
2018-02-27 10:43:53,0.00051721,2.00000000
2018-02-27 10:43:53,0.00051715,2.00000000
2018-02-27 10:43:53,0.00051708,12.00000000
2018-02-27 10:43:53,0.00051700,12.00000000
2018-02-27 10:43:53,0.00051691,6.00000000
2018-02-27 10:43:53,0.00051679,6.00000000
2018-02-27 10:43:53,0.00051678,10.00000000
2018-02-27 10:43:54,0.00051782,8.00000000
2018-02-27 10:43:54,0.00051783,7.00000000
2018-02-27 10:43:55,0.00051783,12.00000000
2018-02-27 10:43:57,0.00051787,6.00000000
2018-02-27 10:43:57,0.00051787,100.00000000
2018-02-27 10:44:00,0.00051787,547.00000000
2018-02-27 10:44:00,0.00051787,277.00000000
2018-02-27 10:44:00,0.00051787,23.00000000
2018-02-27 10:44:03,0.00051703,124.00000000
2018-02-27 10:44:04,0.00051710,66.00000000
2018-02-27 10:44:04,0.00051708,10.00000000
2018-02-27 10:44:04,0.00051700,64.00000000
2018-02-27 10:44:04,0.00051698,30.00000000
2018-02-27 10:44:04,0.00051697,87.00000000
2018-02-27 10:44:04,0.00051694,90.00000000
2018-02-27 10:44:04,0.00051690,4.00000000
2018-02-27 10:44:04,0.00051681,86.00000000
2018-02-27 10:44:06,0.00051703,5.00000000
2018-02-27 10:44:08,0.00051697,7.00000000
2018-02-27 10:44:08,0.00051690,508.00000000
2018-02-27 10:44:12,0.00051698,10.00000000
2018-02-27 10:44:12,0.00051692,209.00000000
2018-02-27 10:44:13,0.00051796,10.00000000
2018-02-27 10:44:13,0.00051797,190.00000000
2018-02-27 10:44:31,0.00051792,108.00000000
2018-02-27 10:44:36,0.00051789,46.00000000
2018-02-27 10:44:37,0.00051792,5.00000000
2018-02-27 10:44:37,0.00051792,13.00000000
2018-02-27 10:44:44,0.00051791,5.00000000
2018-02-27 10:44:44,0.00051792,14.00000000
2018-02-27 10:44:46,0.00051792,3.00000000
2018-02-27 10:44:59,0.00051792,26.00000000
2018-02-27 10:45:02,0.00051720,7.00000000
2018-02-27 10:45:23,0.00051720,6.00000000
2018-02-27 10:45:24,0.00051791,100.00000000
2018-02-27 10:45:28,0.00051720,16.00000000
2018-02-27 10:45:28,0.00051700,22.00000000
2018-02-27 10:45:29,0.00051790,9.00000000
2018-02-27 10:45:29,0.00051792,16.00000000
2018-02-27 10:45:32,0.00051791,9.00000000
2018-02-27 10:45:32,0.00051792,528.00000000
2018-02-27 10:45:32,0.00051793,11.00000000
2018-02-27 10:45:32,0.00051822,30.00000000
2018-02-27 10:45:32,0.00051823,77.00000000
2018-02-27 10:45:32,0.00051840,59.00000000
2018-02-27 10:45:32,0.00051876,123.00000000
2018-02-27 10:45:32,0.00051891,18.00000000
2018-02-27 10:45:32,0.00051895,405.00000000
2018-02-27 10:45:33,0.00051805,18.00000000
2018-02-27 10:45:34,0.00051720,26.00000000
2018-02-27 10:45:37,0.00051888,8.00000000
2018-02-27 10:45:38,0.00051782,2.00000000
2018-02-27 10:45:38,0.00051888,2.00000000
2018-02-27 10:45:38,0.00051889,4.00000000
2018-02-27 10:45:48,0.00051887,4.00000000
2018-02-27 10:45:48,0.00051791,10.00000000
2018-02-27 10:45:48,0.00051788,8.00000000
2018-02-27 10:45:48,0.00051778,30.00000000
2018-02-27 10:45:49,0.00051778,13.00000000
2018-02-27 10:45:50,0.00051777,20.00000000
2018-02-27 10:45:56,0.00051867,10.00000000
2018-02-27 10:45:56,0.00051867,63.00000000
2018-02-27 10:45:56,0.00051867,5.00000000
2018-02-27 10:45:58,0.00051779,10.00000000
2018-02-27 10:45:58,0.00051778,2.00000000
2018-02-27 10:45:58,0.00051764,28.00000000
2018-02-27 10:45:58,0.00051760,4.00000000
2018-02-27 10:45:59,0.00051760,53.00000000
2018-02-27 10:46:00,0.00051750,170.00000000
2018-02-27 10:46:01,0.00051700,169.00000000
2018-02-27 10:46:01,0.00051700,40.00000000
2018-02-27 10:46:07,0.00051700,70.00000000
2018-02-27 10:46:08,0.00051776,20.00000000
2018-02-27 10:46:08,0.00051777,76.00000000
2018-02-27 10:46:09,0.00051777,39.00000000
2018-02-27 10:46:11,0.00051777,242.00000000
2018-02-27 10:46:15,0.00051799,6.00000000
2018-02-27 10:46:15,0.00051700,35.00000000
2018-02-27 10:46:31,0.00051777,100.00000000
2018-02-27 10:46:31,0.00051700,18.00000000
2018-02-27 10:46:32,0.00051776,4.00000000
2018-02-27 10:46:33,0.00051700,1281.00000000
2018-02-27 10:46:34,0.00051700,81.00000000
2018-02-27 10:46:42,0.00051700,45.00000000
2018-02-27 10:46:45,0.00051700,5.00000000
2018-02-27 10:46:45,0.00051700,134.00000000
2018-02-27 10:46:47,0.00051710,10.00000000
2018-02-27 10:46:47,0.00051681,718.00000000
2018-02-27 10:46:48,0.00051686,5.00000000
2018-02-27 10:46:49,0.00051700,24.00000000
2018-02-27 10:46:49,0.00051700,7.00000000
2018-02-27 10:46:50,0.00051700,43.00000000
2018-02-27 10:46:50,0.00051790,5.00000000
2018-02-27 10:47:01,0.00051786,5.00000000
2018-02-27 10:47:01,0.00051787,101.00000000
2018-02-27 10:47:01,0.00051789,54.00000000
2018-02-27 10:47:01,0.00051790,9.00000000
2018-02-27 10:47:02,0.00051687,3.00000000
2018-02-27 10:47:07,0.00051691,20.00000000
2018-02-27 10:47:07,0.00051690,8.00000000
2018-02-27 10:47:07,0.00051686,17.00000000
2018-02-27 10:47:10,0.00051681,80.00000000
2018-02-27 10:47:11,0.00051681,4.00000000
2018-02-27 10:47:13,0.00051681,203.00000000
2018-02-27 10:47:14,0.00051679,8.00000000
2018-02-27 10:47:14,0.00051681,46.00000000
2018-02-27 10:47:17,0.00051686,443.00000000
2018-02-27 10:47:17,0.00051700,257.00000000
2018-02-27 10:47:18,0.00051700,51.00000000
2018-02-27 10:47:18,0.00051700,76.00000000
2018-02-27 10:47:20,0.00051700,41.00000000
2018-02-27 10:47:20,0.00051700,517.00000000
2018-02-27 10:47:20,0.00051686,5.00000000
2018-02-27 10:47:20,0.00051686,64.00000000
2018-02-27 10:47:23,0.00051710,11.00000000
2018-02-27 10:47:23,0.00051686,38.00000000
2018-02-27 10:47:25,0.00051760,19.00000000
2018-02-27 10:47:25,0.00051761,8.00000000
2018-02-27 10:47:25,0.00051686,10.00000000
2018-02-27 10:47:30,0.00051769,9.00000000
2018-02-27 10:47:31,0.00051690,10.00000000
2018-02-27 10:47:31,0.00051689,3.00000000
2018-02-27 10:47:32,0.00051788,10.00000000
2018-02-27 10:47:32,0.00051690,10.00000000
2018-02-27 10:47:33,0.00051689,5.00000000
2018-02-27 10:47:33,0.00051686,10.00000000
2018-02-27 10:47:35,0.00051693,5.00000000
2018-02-27 10:47:35,0.00051720,163.00000000
2018-02-27 10:47:37,0.00051686,102.00000000
2018-02-27 10:47:41,0.00051668,50.00000000
2018-02-27 10:47:42,0.00051664,10.00000000
2018-02-27 10:47:48,0.00051664,3.00000000
2018-02-27 10:47:49,0.00051664,3.00000000
2018-02-27 10:47:50,0.00051664,25.00000000
2018-02-27 10:47:56,0.00051664,2.00000000
2018-02-27 10:47:56,0.00051640,4.00000000
2018-02-27 10:48:02,0.00051640,4.00000000
2018-02-27 10:48:02,0.00051640,42.00000000
2018-02-27 10:48:05,0.00051608,54.00000000
2018-02-27 10:48:05,0.00051640,29.00000000
2018-02-27 10:48:11,0.00051609,10.00000000
2018-02-27 10:48:11,0.00051608,1.00000000
2018-02-27 10:48:11,0.00051607,130.00000000
2018-02-27 10:48:11,0.00051604,44.00000000
2018-02-27 10:48:14,0.00051604,75.00000000
2018-02-27 10:48:14,0.00051603,1310.00000000
2018-02-27 10:48:14,0.00051600,2133.00000000
2018-02-27 10:48:15,0.00051600,10.00000000
2018-02-27 10:48:31,0.00051560,10.00000000
2018-02-27 10:48:33,0.00051558,15.00000000
2018-02-27 10:48:33,0.00051555,34.00000000
2018-02-27 10:48:33,0.00051550,5.00000000
2018-02-27 10:48:33,0.00051514,147.00000000
2018-02-27 10:48:35,0.00051560,3.00000000
2018-02-27 10:48:37,0.00051514,974.00000000
2018-02-27 10:48:37,0.00051510,360.00000000
2018-02-27 10:48:37,0.00051504,8.00000000
2018-02-27 10:48:37,0.00051501,583.00000000
2018-02-27 10:48:37,0.00051500,17962.00000000
2018-02-27 10:48:37,0.00051500,50.00000000
2018-02-27 10:48:37,0.00051500,150.00000000
2018-02-27 10:48:37,0.00051500,19.00000000
2018-02-27 10:48:37,0.00051500,5.00000000
2018-02-27 10:48:37,0.00051500,54.00000000
2018-02-27 10:48:37,0.00051500,505.00000000
2018-02-27 10:48:37,0.00051499,37.00000000
2018-02-27 10:48:37,0.00051489,2.00000000
2018-02-27 10:48:37,0.00051560,29.00000000
2018-02-27 10:48:39,0.00051500,3.00000000
2018-02-27 10:48:40,0.00051500,48.00000000
2018-02-27 10:48:40,0.00051500,176.00000000
2018-02-27 10:48:40,0.00051500,7.00000000
2018-02-27 10:48:41,0.00051500,9.00000000
2018-02-27 10:48:41,0.00051500,151.00000000
2018-02-27 10:48:41,0.00051500,376.00000000
2018-02-27 10:48:41,0.00051514,44.00000000
2018-02-27 10:48:41,0.00051560,192.00000000
2018-02-27 10:48:45,0.00051558,8.00000000
2018-02-27 10:48:45,0.00051558,5.00000000
2018-02-27 10:48:45,0.00051560,1.00000000
2018-02-27 10:48:45,0.00051560,14.00000000
2018-02-27 10:48:46,0.00051560,2.00000000
2018-02-27 10:48:48,0.00051473,136.00000000
2018-02-27 10:48:48,0.00051560,61.00000000
2018-02-27 10:48:48,0.00051575,75.00000000
2018-02-27 10:48:58,0.00051497,8.00000000
2018-02-27 10:48:58,0.00051493,73.00000000
2018-02-27 10:48:59,0.00051489,4.00000000
2018-02-27 10:48:59,0.00051489,147.00000000
2018-02-27 10:48:59,0.00051489,432.00000000
2018-02-27 10:49:00,0.00051489,5.00000000
2018-02-27 10:49:00,0.00051489,31.00000000
2018-02-27 10:49:00,0.00051489,31.00000000
2018-02-27 10:49:01,0.00051483,8.00000000
2018-02-27 10:49:01,0.00051480,23.00000000
2018-02-27 10:49:01,0.00051473,88.00000000
2018-02-27 10:49:01,0.00051469,55.00000000
2018-02-27 10:49:01,0.00051457,657.00000000
2018-02-27 10:49:01,0.00051457,7.00000000
2018-02-27 10:49:02,0.00051457,413.00000000
2018-02-27 10:49:02,0.00051457,11.00000000
2018-02-27 10:49:02,0.00051457,42.00000000
2018-02-27 10:49:02,0.00051457,75.00000000
2018-02-27 10:49:03,0.00051457,151.00000000
2018-02-27 10:49:03,0.00051489,73.00000000
2018-02-27 10:49:03,0.00051455,52.00000000
2018-02-27 10:49:03,0.00051489,28.00000000
2018-02-27 10:49:03,0.00051593,8.00000000
2018-02-27 10:49:04,0.00051460,121.00000000
2018-02-27 10:49:09,0.00051491,7.00000000
2018-02-27 10:49:13,0.00051500,18.00000000
2018-02-27 10:49:14,0.00051593,14.00000000
2018-02-27 10:49:17,0.00051593,20.00000000
2018-02-27 10:49:20,0.00051593,10.00000000
2018-02-27 10:49:22,0.00051593,10.00000000
2018-02-27 10:49:24,0.00051593,74.00000000
2018-02-27 10:49:24,0.00051594,54.00000000
2018-02-27 10:49:24,0.00051595,75.00000000
2018-02-27 10:49:24,0.00051596,8.00000000
2018-02-27 10:49:24,0.00051599,91.00000000
2018-02-27 10:49:24,0.00051600,30.00000000
2018-02-27 10:49:28,0.00051600,35.00000000
2018-02-27 10:49:29,0.00051500,103.00000000
2018-02-27 10:49:30,0.00051503,4.00000000
2018-02-27 10:49:31,0.00051600,170.00000000
2018-02-27 10:49:40,0.00051500,80.00000000
2018-02-27 10:49:42,0.00051593,35.00000000
2018-02-27 10:49:44,0.00051593,25.00000000
2018-02-27 10:49:46,0.00051591,9.00000000
2018-02-27 10:49:46,0.00051593,1.00000000
2018-02-27 10:49:49,0.00051593,10.00000000
2018-02-27 10:49:49,0.00051500,761.00000000
2018-02-27 10:49:53,0.00051593,4.00000000
2018-02-27 10:49:56,0.00051599,10.00000000
2018-02-27 10:49:56,0.00051600,278.00000000
2018-02-27 10:49:58,0.00051593,36.00000000
2018-02-27 10:49:59,0.00051593,5.00000000
2018-02-27 10:49:59,0.00051600,96.00000000
2018-02-27 10:50:03,0.00051516,10.00000000
2018-02-27 10:50:03,0.00051515,22.00000000
2018-02-27 10:50:03,0.00051500,111.00000000
2018-02-27 10:50:09,0.00051593,6.00000000
2018-02-27 10:50:10,0.00051600,39.00000000
2018-02-27 10:50:13,0.00051598,4.00000000
2018-02-27 10:50:13,0.00051600,36.00000000
2018-02-27 10:50:13,0.00051600,6.00000000
2018-02-27 10:50:14,0.00051600,5.00000000
2018-02-27 10:50:15,0.00051600,18.00000000
2018-02-27 10:50:16,0.00051600,380.00000000
2018-02-27 10:50:17,0.00051600,21.00000000
2018-02-27 10:50:17,0.00051600,10.00000000
2018-02-27 10:50:25,0.00051593,4.00000000
2018-02-27 10:50:29,0.00051593,10.00000000
2018-02-27 10:50:30,0.00051593,2.00000000
2018-02-27 10:50:30,0.00051593,134.00000000
2018-02-27 10:50:31,0.00051518,27.00000000
2018-02-27 10:50:31,0.00051600,4.00000000
2018-02-27 10:50:47,0.00051600,90.00000000
2018-02-27 10:50:47,0.00051600,10.00000000
2018-02-27 10:50:47,0.00051600,3.00000000
2018-02-27 10:50:47,0.00051593,15.00000000
2018-02-27 10:50:48,0.00051593,3.00000000
2018-02-27 10:50:49,0.00051521,8.00000000
2018-02-27 10:50:49,0.00051518,29.00000000
2018-02-27 10:50:53,0.00051590,8.00000000
2018-02-27 10:50:53,0.00051592,20.00000000
2018-02-27 10:50:53,0.00051593,12.00000000
2018-02-27 10:50:53,0.00051600,50.00000000
2018-02-27 10:51:11,0.00051518,3.00000000
2018-02-27 10:51:11,0.00051500,410.00000000
2018-02-27 10:51:16,0.00051500,6.00000000
2018-02-27 10:51:16,0.00051500,4.00000000
2018-02-27 10:51:17,0.00051498,10.00000000
2018-02-27 10:51:17,0.00051497,5.00000000
2018-02-27 10:51:17,0.00051489,6.00000000
2018-02-27 10:51:20,0.00051500,32.00000000
2018-02-27 10:51:20,0.00051500,6.00000000
2018-02-27 10:51:22,0.00051500,20.00000000
2018-02-27 10:51:23,0.00051490,10.00000000
2018-02-27 10:51:23,0.00051489,2.00000000
2018-02-27 10:51:28,0.00051500,5.00000000
2018-02-27 10:51:31,0.00051500,5.00000000
2018-02-27 10:51:38,0.00051500,9.00000000
2018-02-27 10:51:41,0.00051500,424.00000000
2018-02-27 10:51:41,0.00051490,19.00000000
2018-02-27 10:51:41,0.00051489,24.00000000
2018-02-27 10:51:43,0.00051489,7.00000000
2018-02-27 10:51:43,0.00051499,2.00000000
2018-02-27 10:51:47,0.00051499,23.00000000
2018-02-27 10:51:53,0.00051480,6.00000000
2018-02-27 10:52:10,0.00051498,49.00000000
2018-02-27 10:52:10,0.00051499,65.00000000
2018-02-27 10:52:13,0.00051497,4.00000000
2018-02-27 10:52:13,0.00051456,41.00000000
2018-02-27 10:52:13,0.00051455,51.00000000
2018-02-27 10:52:13,0.00051450,54.00000000
2018-02-27 10:52:13,0.00051449,16.00000000
2018-02-27 10:52:13,0.00051440,10.00000000
2018-02-27 10:52:13,0.00051438,3.00000000
2018-02-27 10:52:13,0.00051423,2.00000000
2018-02-27 10:52:13,0.00051410,37.00000000
2018-02-27 10:52:13,0.00051410,38.00000000
2018-02-27 10:52:13,0.00051406,26.00000000
2018-02-27 10:52:13,0.00051405,36.00000000
2018-02-27 10:52:20,0.00051480,48.00000000
2018-02-27 10:52:20,0.00051422,10.00000000
2018-02-27 10:52:20,0.00051414,10.00000000
2018-02-27 10:52:20,0.00051405,81.00000000
2018-02-27 10:52:20,0.00051404,101.00000000
2018-02-27 10:52:22,0.00051499,22.00000000
2018-02-27 10:52:28,0.00051499,61.00000000
2018-02-27 10:52:38,0.00051500,5.00000000
2018-02-27 10:52:39,0.00051499,179.00000000
2018-02-27 10:52:46,0.00051499,244.00000000
2018-02-27 10:52:47,0.00051418,8.00000000
2018-02-27 10:52:47,0.00051417,53.00000000
2018-02-27 10:52:47,0.00051499,4.00000000
2018-02-27 10:52:51,0.00051490,40.00000000
2018-02-27 10:52:52,0.00051490,14.00000000
2018-02-27 10:52:54,0.00051487,2.00000000
2018-02-27 10:52:54,0.00051487,6.00000000
2018-02-27 10:52:54,0.00051490,3.00000000
2018-02-27 10:52:57,0.00051500,76.00000000
2018-02-27 10:53:01,0.00051500,10.00000000
2018-02-27 10:53:03,0.00051490,36.00000000
2018-02-27 10:53:06,0.00051500,349.00000000
2018-02-27 10:53:13,0.00051500,1057.00000000
2018-02-27 10:53:20,0.00051500,1631.00000000
2018-02-27 10:53:27,0.00051584,160.00000000
2018-02-27 10:53:27,0.00051584,5.00000000
2018-02-27 10:53:33,0.00051575,63.00000000
2018-02-27 10:53:33,0.00051583,54.00000000
2018-02-27 10:53:33,0.00051575,13.00000000
2018-02-27 10:53:34,0.00051583,75.00000000
2018-02-27 10:53:34,0.00051584,29.00000000
2018-02-27 10:53:40,0.00051584,19.00000000
2018-02-27 10:53:41,0.00051584,10.00000000
2018-02-27 10:53:41,0.00051595,3.00000000
2018-02-27 10:53:48,0.00051584,27.00000000
2018-02-27 10:53:51,0.00051550,28.00000000
2018-02-27 10:53:51,0.00051550,2.00000000
2018-02-27 10:53:52,0.00051550,8.00000000
2018-02-27 10:53:56,0.00051550,2.00000000
2018-02-27 10:53:57,0.00051550,90.00000000
2018-02-27 10:54:00,0.00051500,46.00000000
2018-02-27 10:54:04,0.00051501,3.00000000
2018-02-27 10:54:04,0.00051500,42.00000000
2018-02-27 10:54:06,0.00051500,6.00000000
2018-02-27 10:54:06,0.00051500,19.00000000
2018-02-27 10:54:08,0.00051500,19.00000000
2018-02-27 10:54:10,0.00051500,19.00000000
2018-02-27 10:54:11,0.00051500,23.00000000
2018-02-27 10:54:15,0.00051500,9.00000000
2018-02-27 10:54:15,0.00051500,82.00000000
2018-02-27 10:54:17,0.00051500,20.00000000
2018-02-27 10:54:17,0.00051500,257.00000000
2018-02-27 10:54:39,0.00051500,12.00000000
2018-02-27 10:54:44,0.00051530,23.00000000
2018-02-27 10:54:47,0.00051550,3.00000000
2018-02-27 10:54:47,0.00051550,71.00000000
2018-02-27 10:54:49,0.00051550,40.00000000
2018-02-27 10:54:49,0.00051500,298.00000000
2018-02-27 10:54:49,0.00051499,43.00000000
2018-02-27 10:54:49,0.00051490,32.00000000
2018-02-27 10:54:49,0.00051439,28.00000000
2018-02-27 10:54:49,0.00051431,11.00000000
2018-02-27 10:54:50,0.00051549,10.00000000
2018-02-27 10:54:54,0.00051490,191.00000000
2018-02-27 10:54:54,0.00051549,4.00000000
2018-02-27 10:54:56,0.00051549,6.00000000
2018-02-27 10:54:57,0.00051550,10.00000000
2018-02-27 10:55:00,0.00051549,35.00000000
2018-02-27 10:55:15,0.00051550,9.00000000
2018-02-27 10:55:18,0.00051549,32.00000000
2018-02-27 10:55:20,0.00051549,37.00000000
2018-02-27 10:55:20,0.00051549,9.00000000
2018-02-27 10:55:20,0.00051500,147.00000000
2018-02-27 10:55:21,0.00051500,9.00000000
2018-02-27 10:55:25,0.00051549,8.00000000
2018-02-27 10:55:30,0.00051515,28.00000000
2018-02-27 10:55:30,0.00051500,60.00000000
2018-02-27 10:55:30,0.00051500,20.00000000
2018-02-27 10:55:32,0.00051549,80.00000000
2018-02-27 10:55:33,0.00051549,18.00000000
2018-02-27 10:55:33,0.00051549,15.00000000
2018-02-27 10:55:33,0.00051549,18.00000000
2018-02-27 10:55:34,0.00051549,9.00000000
2018-02-27 10:55:36,0.00051500,10.00000000
2018-02-27 10:55:40,0.00051549,90.00000000
2018-02-27 10:55:42,0.00051549,359.00000000
2018-02-27 10:55:42,0.00051549,3.00000000
2018-02-27 10:55:48,0.00051548,33.00000000
2018-02-27 10:56:00,0.00051548,10.00000000
2018-02-27 10:56:10,0.00051548,94.00000000
2018-02-27 10:56:15,0.00051501,1.00000000
2018-02-27 10:56:18,0.00051548,2.00000000
2018-02-27 10:56:19,0.00051501,402.00000000
2018-02-27 10:56:19,0.00051500,160.00000000
2018-02-27 10:56:19,0.00051499,3.00000000
2018-02-27 10:56:20,0.00051499,53.00000000
2018-02-27 10:56:20,0.00051499,11.00000000
2018-02-27 10:56:21,0.00051499,232.00000000
2018-02-27 10:56:21,0.00051500,358.00000000
2018-02-27 10:56:21,0.00051500,219.00000000
2018-02-27 10:56:27,0.00051500,7.00000000
2018-02-27 10:56:29,0.00051500,360.00000000
2018-02-27 10:56:31,0.00051500,24.00000000
2018-02-27 10:56:32,0.00051500,3.00000000
2018-02-27 10:56:33,0.00051491,15.00000000
2018-02-27 10:56:33,0.00051491,38.00000000
2018-02-27 10:56:33,0.00051491,3.00000000
2018-02-27 10:56:33,0.00051491,30.00000000
2018-02-27 10:56:33,0.00051491,4.00000000
2018-02-27 10:56:34,0.00051500,3.00000000
2018-02-27 10:56:35,0.00051500,114.00000000
2018-02-27 10:56:37,0.00051500,446.00000000
2018-02-27 10:56:40,0.00051490,11.00000000
2018-02-27 10:56:40,0.00051500,388.00000000
2018-02-27 10:56:43,0.00051500,3.00000000
2018-02-27 10:56:44,0.00051500,3.00000000
2018-02-27 10:56:44,0.00051500,4.00000000
2018-02-27 10:56:45,0.00051500,24.00000000
2018-02-27 10:56:47,0.00051500,60.00000000
2018-02-27 10:56:49,0.00051500,5.00000000
2018-02-27 10:56:55,0.00051500,16.00000000
2018-02-27 10:57:03,0.00051491,9.00000000
2018-02-27 10:57:03,0.00051490,35.00000000
2018-02-27 10:57:03,0.00051435,35.00000000
2018-02-27 10:57:08,0.00051491,4.00000000
2018-02-27 10:57:08,0.00051491,7.00000000
2018-02-27 10:57:10,0.00051491,9.00000000
2018-02-27 10:57:10,0.00051491,2.00000000
2018-02-27 10:57:11,0.00051431,1.00000000
2018-02-27 10:57:13,0.00051491,638.00000000
2018-02-27 10:57:15,0.00051491,1.00000000
2018-02-27 10:57:15,0.00051500,159.00000000
2018-02-27 10:57:15,0.00051500,160.00000000
2018-02-27 10:57:22,0.00051443,9.00000000
2018-02-27 10:57:22,0.00051437,9.00000000
2018-02-27 10:57:22,0.00051435,3.00000000
2018-02-27 10:57:22,0.00051437,77.00000000
2018-02-27 10:57:23,0.00051437,8.00000000
2018-02-27 10:57:23,0.00051437,35.00000000
2018-02-27 10:57:23,0.00051437,66.00000000
2018-02-27 10:57:24,0.00051437,5.00000000
2018-02-27 10:57:25,0.00051437,151.00000000
2018-02-27 10:57:26,0.00051437,9.00000000
2018-02-27 10:57:28,0.00051437,135.00000000
2018-02-27 10:57:31,0.00051435,29.00000000
2018-02-27 10:57:32,0.00051435,9.00000000
2018-02-27 10:57:32,0.00051435,10.00000000
2018-02-27 10:57:35,0.00051431,49.00000000
2018-02-27 10:57:35,0.00051430,2.00000000
2018-02-27 10:57:35,0.00051410,56.00000000
2018-02-27 10:57:39,0.00051410,2544.00000000
2018-02-27 10:57:40,0.00051410,15.00000000
2018-02-27 10:57:40,0.00051410,9.00000000
2018-02-27 10:57:44,0.00051410,183.00000000
2018-02-27 10:57:48,0.00051410,10.00000000
2018-02-27 10:57:50,0.00051408,10.00000000
2018-02-27 10:57:50,0.00051405,47.00000000
2018-02-27 10:57:54,0.00051410,2239.00000000
2018-02-27 10:57:54,0.00051435,92.00000000
2018-02-27 10:57:54,0.00051405,39.00000000
2018-02-27 10:57:54,0.00051435,9.00000000
2018-02-27 10:57:57,0.00051435,18.00000000
2018-02-27 10:57:59,0.00051410,62.00000000
2018-02-27 10:58:05,0.00051435,14.00000000
2018-02-27 10:58:09,0.00051410,6.00000000
2018-02-27 10:58:09,0.00051410,336.00000000
2018-02-27 10:58:09,0.00051410,2214.00000000
2018-02-27 10:58:09,0.00051435,382.00000000
2018-02-27 10:58:10,0.00051435,273.00000000
2018-02-27 10:58:13,0.00051405,1.00000000
2018-02-27 10:58:14,0.00051435,191.00000000
2018-02-27 10:58:15,0.00051435,1080.00000000
2018-02-27 10:58:16,0.00051500,9.00000000
2018-02-27 10:58:18,0.00051498,10.00000000
2018-02-27 10:58:19,0.00051435,21.00000000
2018-02-27 10:58:19,0.00051498,22.00000000
2018-02-27 10:58:19,0.00051498,4.00000000
2018-02-27 10:58:19,0.00051498,77.00000000
2018-02-27 10:58:20,0.00051498,8.00000000
2018-02-27 10:58:20,0.00051498,7.00000000
2018-02-27 10:58:21,0.00051498,3.00000000
2018-02-27 10:58:21,0.00051498,20.00000000
2018-02-27 10:58:22,0.00051498,21.00000000
2018-02-27 10:58:30,0.00051498,20.00000000
2018-02-27 10:58:36,0.00051497,6.00000000
2018-02-27 10:58:37,0.00051406,16.00000000
2018-02-27 10:58:37,0.00051405,24.00000000
2018-02-27 10:58:37,0.00051404,10.00000000
2018-02-27 10:58:41,0.00051497,194.00000000
2018-02-27 10:58:41,0.00051414,20.00000000
2018-02-27 10:58:41,0.00051413,19.00000000
2018-02-27 10:58:42,0.00051413,41.00000000
2018-02-27 10:58:44,0.00051404,120.00000000
2018-02-27 10:58:47,0.00051404,17.00000000
2018-02-27 10:58:50,0.00051407,8.00000000
2018-02-27 10:58:50,0.00051404,28.00000000
2018-02-27 10:58:53,0.00051493,20.00000000
2018-02-27 10:58:53,0.00051494,8.00000000
2018-02-27 10:58:53,0.00051500,28.00000000
2018-02-27 10:58:53,0.00051493,55.00000000
2018-02-27 10:58:53,0.00051404,325.00000000
2018-02-27 10:58:53,0.00051404,39.00000000
2018-02-27 10:59:02,0.00051410,4.00000000
2018-02-27 10:59:04,0.00051414,16.00000000
2018-02-27 10:59:04,0.00051413,8.00000000
2018-02-27 10:59:04,0.00051402,1.00000000
2018-02-27 10:59:05,0.00051404,16.00000000
2018-02-27 10:59:06,0.00051498,2.00000000
2018-02-27 10:59:10,0.00051403,4.00000000
2018-02-27 10:59:12,0.00051404,3.00000000
2018-02-27 10:59:12,0.00051404,3.00000000
2018-02-27 10:59:12,0.00051404,9.00000000
2018-02-27 10:59:13,0.00051404,30.00000000
2018-02-27 10:59:25,0.00051414,1.00000000
2018-02-27 10:59:26,0.00051490,3.00000000
2018-02-27 10:59:29,0.00051490,7.00000000
2018-02-27 10:59:29,0.00051491,19.00000000
2018-02-27 10:59:34,0.00051487,3.00000000
2018-02-27 10:59:42,0.00051484,3.00000000
2018-02-27 10:59:45,0.00051427,4.00000000
2018-02-27 10:59:45,0.00051421,30.00000000
2018-02-27 10:59:45,0.00051406,490.00000000
2018-02-27 10:59:53,0.00051406,7.00000000
2018-02-27 10:59:55,0.00051480,10.00000000
2018-02-27 10:59:55,0.00051480,2.00000000
2018-02-27 10:59:55,0.00051483,19.00000000
2018-02-27 10:59:55,0.00051406,2.00000000
2018-02-27 10:59:55,0.00051483,103.00000000
2018-02-27 10:59:55,0.00051484,5.00000000
2018-02-27 10:59:55,0.00051485,17.00000000
2018-02-27 10:59:56,0.00051409,8.00000000
2018-02-27 10:59:56,0.00051407,45.00000000
2018-02-27 10:59:56,0.00051406,235.00000000
