DATE,PRICE,VOLUME
2018-02-24 22:00:19,0.00057845,53.00000000
2018-02-24 22:00:19,0.00057844,256.00000000
2018-02-24 22:00:59,0.00057845,9.00000000
2018-02-24 22:00:59,0.00057844,8.00000000
2018-02-24 22:01:09,0.00057924,8.00000000
2018-02-24 22:01:20,0.00057920,6.00000000
2018-02-24 22:01:20,0.00057920,6.00000000
2018-02-24 22:01:36,0.00057893,4.00000000
2018-02-24 22:01:43,0.00057893,5.00000000
2018-02-24 22:01:43,0.00057894,4.00000000
2018-02-24 22:01:43,0.00057900,199.00000000
2018-02-24 22:01:43,0.00057848,304.00000000
2018-02-24 22:01:43,0.00057844,1332.00000000
2018-02-24 22:01:43,0.00057816,4.00000000
2018-02-24 22:01:43,0.00057806,30.00000000
2018-02-24 22:01:43,0.00057800,124.00000000
2018-02-24 22:01:43,0.00057799,103.00000000
2018-02-24 22:01:43,0.00057781,198.00000000
2018-02-24 22:01:43,0.00057780,1356.00000000
2018-02-24 22:01:43,0.00057750,19.00000000
2018-02-24 22:01:43,0.00057748,1331.00000000
2018-02-24 22:01:43,0.00057740,20.00000000
2018-02-24 22:01:43,0.00057736,5.00000000
2018-02-24 22:01:43,0.00057726,148.00000000
2018-02-24 22:01:43,0.00057725,5.00000000
2018-02-24 22:01:43,0.00057715,50.00000000
2018-02-24 22:01:43,0.00057713,50.00000000
2018-02-24 22:01:43,0.00057711,50.00000000
2018-02-24 22:01:43,0.00057709,50.00000000
2018-02-24 22:01:43,0.00057708,41.00000000
2018-02-24 22:01:43,0.00057707,50.00000000
2018-02-24 22:01:43,0.00057705,8.00000000
2018-02-24 22:01:43,0.00057700,17.00000000
2018-02-24 22:01:43,0.00057699,161.00000000
2018-02-24 22:01:43,0.00057656,8.00000000
2018-02-24 22:01:43,0.00057643,156.00000000
2018-02-24 22:01:43,0.00057609,21.00000000
2018-02-24 22:01:43,0.00057605,26.00000000
2018-02-24 22:01:43,0.00057600,78.00000000
2018-02-24 22:01:43,0.00057566,528.00000000
2018-02-24 22:01:43,0.00057750,30.00000000
2018-02-24 22:01:43,0.00057750,30.00000000
2018-02-24 22:01:43,0.00057750,30.00000000
2018-02-24 22:01:43,0.00057750,30.00000000
2018-02-24 22:01:44,0.00057750,30.00000000
2018-02-24 22:01:44,0.00057750,20.00000000
2018-02-24 22:01:44,0.00057750,10.00000000
2018-02-24 22:01:44,0.00057611,4.00000000
2018-02-24 22:01:44,0.00057715,18.00000000
2018-02-24 22:01:44,0.00057715,15.00000000
2018-02-24 22:01:44,0.00057715,3.00000000
2018-02-24 22:01:44,0.00057715,7.00000000
2018-02-24 22:01:45,0.00057715,7.00000000
2018-02-24 22:01:45,0.00057715,28.00000000
2018-02-24 22:01:45,0.00057745,4.00000000
2018-02-24 22:01:45,0.00057618,132.00000000
2018-02-24 22:01:45,0.00057617,14.00000000
2018-02-24 22:01:46,0.00057623,5.00000000
2018-02-24 22:01:47,0.00057803,2.00000000
2018-02-24 22:01:55,0.00057790,51.00000000
2018-02-24 22:01:55,0.00057791,4.00000000
2018-02-24 22:02:02,0.00057793,6.00000000
2018-02-24 22:02:02,0.00057793,6.00000000
2018-02-24 22:02:02,0.00057793,6.00000000
2018-02-24 22:02:02,0.00057793,3.00000000
2018-02-24 22:02:02,0.00057799,4.00000000
2018-02-24 22:02:02,0.00057850,5.00000000
2018-02-24 22:02:05,0.00057844,12.00000000
2018-02-24 22:02:07,0.00057791,12.00000000
2018-02-24 22:02:07,0.00057789,11.00000000
2018-02-24 22:02:07,0.00057791,17.00000000
2018-02-24 22:02:09,0.00057784,4.00000000
2018-02-24 22:02:10,0.00057838,35.00000000
2018-02-24 22:02:16,0.00057785,5.00000000
2018-02-24 22:02:19,0.00057785,8.00000000
2018-02-24 22:02:20,0.00057785,9.00000000
2018-02-24 22:02:20,0.00057785,17.00000000
2018-02-24 22:02:23,0.00057785,31.00000000
2018-02-24 22:02:23,0.00057785,26.00000000
2018-02-24 22:02:23,0.00057785,108.00000000
2018-02-24 22:02:27,0.00057835,19.00000000
2018-02-24 22:02:27,0.00057835,5.00000000
2018-02-24 22:02:28,0.00057800,13.00000000
2018-02-24 22:02:28,0.00057800,5.00000000
2018-02-24 22:02:32,0.00057800,53.00000000
2018-02-24 22:02:34,0.00057800,10.00000000
2018-02-24 22:02:45,0.00057714,36.00000000
2018-02-24 22:02:45,0.00057714,28.00000000
2018-02-24 22:02:48,0.00057823,4.00000000
2018-02-24 22:02:50,0.00057750,82.00000000
2018-02-24 22:02:50,0.00057679,4.00000000
2018-02-24 22:02:50,0.00057674,93.00000000
2018-02-24 22:02:50,0.00057671,21.00000000
2018-02-24 22:03:11,0.00057706,4.00000000
2018-02-24 22:03:11,0.00057703,98.00000000
2018-02-24 22:03:16,0.00057709,4.00000000
2018-02-24 22:03:16,0.00057704,3.00000000
2018-02-24 22:03:32,0.00057704,33.00000000
2018-02-24 22:03:32,0.00057704,51.00000000
2018-02-24 22:03:32,0.00057702,30.00000000
2018-02-24 22:03:32,0.00057702,25.00000000
2018-02-24 22:03:32,0.00057702,30.00000000
2018-02-24 22:03:33,0.00057702,13.00000000
2018-02-24 22:03:33,0.00057704,64.00000000
2018-02-24 22:03:33,0.00057704,65.00000000
2018-02-24 22:03:33,0.00057704,23.00000000
2018-02-24 22:03:33,0.00057698,4.00000000
2018-02-24 22:03:33,0.00057693,9.00000000
2018-02-24 22:03:34,0.00057692,3.00000000
2018-02-24 22:03:34,0.00057672,169.00000000
2018-02-24 22:03:34,0.00057670,4.00000000
2018-02-24 22:03:34,0.00057652,7.00000000
2018-02-24 22:03:34,0.00057645,4.00000000
2018-02-24 22:03:34,0.00057628,4.00000000
2018-02-24 22:03:34,0.00057620,5.00000000
2018-02-24 22:03:34,0.00057614,4.00000000
2018-02-24 22:03:34,0.00057606,78.00000000
2018-02-24 22:03:34,0.00057601,172.00000000
2018-02-24 22:03:34,0.00057600,202.00000000
2018-02-24 22:03:34,0.00057696,4.00000000
2018-02-24 22:03:34,0.00057698,4.00000000
2018-02-24 22:03:34,0.00057694,4.00000000
2018-02-24 22:03:34,0.00057694,17.00000000
2018-02-24 22:03:35,0.00057694,2.00000000
2018-02-24 22:03:35,0.00057694,142.00000000
2018-02-24 22:03:40,0.00057744,17.00000000
2018-02-24 22:03:40,0.00057744,13.00000000
2018-02-24 22:03:40,0.00057747,3.00000000
2018-02-24 22:03:47,0.00057747,8.00000000
2018-02-24 22:03:50,0.00057747,17.00000000
2018-02-24 22:03:53,0.00057747,21.00000000
2018-02-24 22:03:53,0.00057747,1.00000000
2018-02-24 22:04:05,0.00057747,30.00000000
2018-02-24 22:04:13,0.00057740,2.00000000
2018-02-24 22:04:20,0.00057740,37.00000000
2018-02-24 22:04:20,0.00057747,89.00000000
2018-02-24 22:04:20,0.00057747,68.00000000
2018-02-24 22:04:21,0.00057707,25.00000000
2018-02-24 22:04:21,0.00057704,8.00000000
2018-02-24 22:04:21,0.00057700,648.00000000
2018-02-24 22:04:25,0.00057707,26.00000000
2018-02-24 22:04:25,0.00057740,502.00000000
2018-02-24 22:04:26,0.00057740,42.00000000
2018-02-24 22:04:32,0.00057740,205.00000000
2018-02-24 22:04:33,0.00057740,47.00000000
2018-02-24 22:04:34,0.00057740,10.00000000
2018-02-24 22:04:38,0.00057740,12.00000000
2018-02-24 22:04:43,0.00057740,69.00000000
2018-02-24 22:05:03,0.00057788,4.00000000
2018-02-24 22:05:20,0.00057788,8.00000000
2018-02-24 22:05:22,0.00057788,74.00000000
2018-02-24 22:05:24,0.00057741,11.00000000
2018-02-24 22:05:30,0.00057788,18.00000000
2018-02-24 22:05:41,0.00057788,14.00000000
2018-02-24 22:05:41,0.00057788,3.00000000
2018-02-24 22:05:49,0.00057741,78.00000000
2018-02-24 22:05:49,0.00057740,197.00000000
2018-02-24 22:05:49,0.00057700,542.00000000
2018-02-24 22:05:50,0.00057700,15.00000000
2018-02-24 22:05:57,0.00057706,4.00000000
2018-02-24 22:05:57,0.00057706,3.00000000
2018-02-24 22:06:04,0.00057707,19.00000000
2018-02-24 22:06:05,0.00057707,6.00000000
2018-02-24 22:06:07,0.00057704,8.00000000
2018-02-24 22:06:15,0.00057786,4.00000000
2018-02-24 22:06:15,0.00057788,140.00000000
2018-02-24 22:06:15,0.00057793,4.00000000
2018-02-24 22:06:15,0.00057808,4.00000000
2018-02-24 22:06:15,0.00057845,10.00000000
2018-02-24 22:06:18,0.00057842,4.00000000
2018-02-24 22:06:19,0.00057842,4.00000000
2018-02-24 22:06:19,0.00057722,64.00000000
2018-02-24 22:06:26,0.00057732,4.00000000
2018-02-24 22:06:35,0.00057818,9.00000000
2018-02-24 22:06:37,0.00057815,55.00000000
2018-02-24 22:06:44,0.00057815,6.00000000
2018-02-24 22:06:44,0.00057750,2.00000000
2018-02-24 22:06:52,0.00057815,125.00000000
2018-02-24 22:06:53,0.00057800,16.00000000
2018-02-24 22:06:53,0.00057832,59.00000000
2018-02-24 22:06:54,0.00057832,38.00000000
2018-02-24 22:06:59,0.00057833,4.00000000
2018-02-24 22:06:59,0.00057838,4.00000000
2018-02-24 22:06:59,0.00057845,48.00000000
2018-02-24 22:06:59,0.00057843,10.00000000
2018-02-24 22:07:00,0.00057843,521.00000000
2018-02-24 22:07:03,0.00057843,30.00000000
2018-02-24 22:07:04,0.00057843,30.00000000
2018-02-24 22:07:04,0.00057844,53.00000000
2018-02-24 22:07:13,0.00057802,3.00000000
2018-02-24 22:07:13,0.00057844,36.00000000
2018-02-24 22:07:17,0.00057800,39.00000000
2018-02-24 22:07:23,0.00057844,15.00000000
2018-02-24 22:07:25,0.00057844,42.00000000
2018-02-24 22:07:29,0.00057800,137.00000000
2018-02-24 22:07:29,0.00057750,163.00000000
2018-02-24 22:07:32,0.00057843,41.00000000
2018-02-24 22:07:32,0.00057844,10.00000000
2018-02-24 22:07:37,0.00057839,48.00000000
2018-02-24 22:07:39,0.00057844,32.00000000
2018-02-24 22:07:42,0.00057841,46.00000000
2018-02-24 22:07:48,0.00057840,44.00000000
2018-02-24 22:08:07,0.00057751,75.00000000
2018-02-24 22:08:08,0.00057799,20.00000000
2018-02-24 22:08:08,0.00057800,131.00000000
2018-02-24 22:08:13,0.00057751,75.00000000
2018-02-24 22:08:16,0.00057799,25.00000000
2018-02-24 22:08:18,0.00057751,18.00000000
2018-02-24 22:08:21,0.00057752,20.00000000
2018-02-24 22:08:21,0.00057751,55.00000000
2018-02-24 22:08:30,0.00057751,74.00000000
2018-02-24 22:08:30,0.00057750,75.00000000
2018-02-24 22:08:30,0.00057743,4.00000000
2018-02-24 22:08:30,0.00057731,4.00000000
2018-02-24 22:08:30,0.00057726,51.00000000
2018-02-24 22:08:30,0.00057701,292.00000000
2018-02-24 22:08:35,0.00057799,1.00000000
2018-02-24 22:08:35,0.00057800,20.00000000
2018-02-24 22:08:38,0.00057795,4.00000000
2018-02-24 22:08:38,0.00057800,2.00000000
2018-02-24 22:08:46,0.00057751,10.00000000
2018-02-24 22:08:46,0.00057751,2.00000000
2018-02-24 22:08:48,0.00057706,4.00000000
2018-02-24 22:08:48,0.00057701,11.00000000
2018-02-24 22:08:48,0.00057700,485.00000000
2018-02-24 22:08:53,0.00057751,10.00000000
2018-02-24 22:08:56,0.00057700,41.00000000
2018-02-24 22:09:00,0.00057700,378.00000000
2018-02-24 22:09:00,0.00057751,8.00000000
2018-02-24 22:09:10,0.00057700,40.00000000
2018-02-24 22:09:29,0.00057751,495.00000000
2018-02-24 22:09:29,0.00057800,1508.00000000
2018-02-24 22:09:32,0.00057705,4.00000000
2018-02-24 22:09:32,0.00057700,55.00000000
2018-02-24 22:09:38,0.00057700,822.00000000
2018-02-24 22:09:46,0.00057795,4.00000000
2018-02-24 22:10:30,0.00057702,9.00000000
2018-02-24 22:10:30,0.00057701,21.00000000
2018-02-24 22:10:30,0.00057700,302.00000000
2018-02-24 22:10:33,0.00057700,1000.00000000
2018-02-24 22:10:35,0.00057795,11.00000000
2018-02-24 22:10:37,0.00057795,15.00000000
2018-02-24 22:10:38,0.00057700,37.00000000
2018-02-24 22:10:40,0.00057700,136.00000000
2018-02-24 22:10:41,0.00057700,2.00000000
2018-02-24 22:10:44,0.00057700,12.00000000
2018-02-24 22:10:45,0.00057698,5.00000000
2018-02-24 22:10:45,0.00057700,47.00000000
2018-02-24 22:10:45,0.00057700,20.00000000
2018-02-24 22:10:49,0.00057601,39.00000000
2018-02-24 22:10:49,0.00057600,1812.00000000
2018-02-24 22:11:00,0.00057700,8.00000000
2018-02-24 22:11:02,0.00057607,4.00000000
2018-02-24 22:11:02,0.00057601,24.00000000
2018-02-24 22:11:02,0.00057600,6.00000000
2018-02-24 22:11:02,0.00057552,7.00000000
2018-02-24 22:11:02,0.00057550,2.00000000
2018-02-24 22:11:02,0.00057524,132.00000000
2018-02-24 22:11:02,0.00057521,30.00000000
2018-02-24 22:11:02,0.00057520,554.00000000
2018-02-24 22:11:02,0.00057500,288.00000000
2018-02-24 22:11:02,0.00057485,173.00000000
2018-02-24 22:11:02,0.00057456,803.00000000
2018-02-24 22:11:02,0.00057445,5.00000000
2018-02-24 22:11:02,0.00057429,90.00000000
2018-02-24 22:11:02,0.00057428,139.00000000
2018-02-24 22:11:02,0.00057426,8071.00000000
2018-02-24 22:11:03,0.00057607,5.00000000
2018-02-24 22:11:03,0.00057601,5.00000000
2018-02-24 22:11:15,0.00057601,2.00000000
2018-02-24 22:11:15,0.00057601,8.00000000
2018-02-24 22:11:39,0.00057601,25.00000000
2018-02-24 22:11:39,0.00057600,2.00000000
2018-02-24 22:11:39,0.00057600,9.00000000
2018-02-24 22:11:39,0.00057600,17.00000000
2018-02-24 22:11:39,0.00057682,4.00000000
2018-02-24 22:11:39,0.00057688,13.00000000
2018-02-24 22:11:39,0.00057688,17.00000000
2018-02-24 22:11:40,0.00057688,9.00000000
2018-02-24 22:11:41,0.00057688,20.00000000
2018-02-24 22:11:41,0.00057601,15.00000000
2018-02-24 22:11:41,0.00057601,99.00000000
2018-02-24 22:11:41,0.00057601,5.00000000
2018-02-24 22:11:41,0.00057601,5.00000000
2018-02-24 22:11:42,0.00057601,4.00000000
2018-02-24 22:11:42,0.00057601,12.00000000
2018-02-24 22:11:42,0.00057601,14.00000000
2018-02-24 22:11:43,0.00057682,10.00000000
2018-02-24 22:11:43,0.00057677,4.00000000
2018-02-24 22:11:45,0.00057682,20.00000000
2018-02-24 22:11:46,0.00057680,20.00000000
2018-02-24 22:11:47,0.00057680,6.00000000
2018-02-24 22:11:47,0.00057660,10.00000000
2018-02-24 22:11:47,0.00057659,28.00000000
2018-02-24 22:11:48,0.00057601,351.00000000
2018-02-24 22:11:48,0.00057681,10.00000000
2018-02-24 22:11:48,0.00057681,20.00000000
2018-02-24 22:11:49,0.00057681,31.00000000
2018-02-24 22:11:49,0.00057683,28.00000000
2018-02-24 22:11:49,0.00057676,4.00000000
2018-02-24 22:11:49,0.00057683,16.00000000
2018-02-24 22:11:55,0.00057692,2.00000000
2018-02-24 22:12:05,0.00057692,2.00000000
2018-02-24 22:12:05,0.00057700,39.00000000
2018-02-24 22:12:05,0.00057700,33.00000000
2018-02-24 22:12:05,0.00057757,162.00000000
2018-02-24 22:12:05,0.00057757,20.00000000
2018-02-24 22:12:05,0.00057684,10.00000000
2018-02-24 22:12:05,0.00057683,65.00000000
2018-02-24 22:12:25,0.00057754,23.00000000
2018-02-24 22:12:26,0.00057755,146.00000000
2018-02-24 22:12:26,0.00057755,19.00000000
2018-02-24 22:12:26,0.00057683,57.00000000
2018-02-24 22:12:28,0.00057754,48.00000000
2018-02-24 22:12:35,0.00057754,40.00000000
2018-02-24 22:12:35,0.00057755,86.00000000
2018-02-24 22:12:45,0.00057752,34.00000000
2018-02-24 22:12:45,0.00057753,48.00000000
2018-02-24 22:12:53,0.00057754,279.00000000
2018-02-24 22:12:53,0.00057768,30.00000000
2018-02-24 22:12:53,0.00057788,10.00000000
2018-02-24 22:12:53,0.00057799,172.00000000
2018-02-24 22:12:53,0.00057800,551.00000000
2018-02-24 22:12:53,0.00057837,148.00000000
2018-02-24 22:12:53,0.00057854,7.00000000
2018-02-24 22:12:53,0.00057893,828.00000000
2018-02-24 22:12:53,0.00057896,752.00000000
2018-02-24 22:12:53,0.00057900,1573.00000000
2018-02-24 22:12:53,0.00057901,17.00000000
2018-02-24 22:12:53,0.00057905,5.00000000
2018-02-24 22:12:53,0.00057910,5.00000000
2018-02-24 22:12:53,0.00057914,173.00000000
2018-02-24 22:12:53,0.00057934,6.00000000
2018-02-24 22:12:53,0.00057961,4.00000000
2018-02-24 22:12:53,0.00057965,368.00000000
2018-02-24 22:12:53,0.00057966,32.00000000
2018-02-24 22:12:53,0.00057995,953.00000000
2018-02-24 22:12:53,0.00057998,307.00000000
2018-02-24 22:12:57,0.00057996,2.00000000
2018-02-24 22:13:01,0.00057707,12.00000000
2018-02-24 22:13:07,0.00057751,20.00000000
2018-02-24 22:13:23,0.00057947,20.00000000
2018-02-24 22:13:23,0.00057947,15.00000000
2018-02-24 22:13:23,0.00057947,5.00000000
2018-02-24 22:13:24,0.00057947,3.00000000
2018-02-24 22:13:24,0.00057947,16.00000000
2018-02-24 22:13:25,0.00057823,7.00000000
2018-02-24 22:13:27,0.00057947,4.00000000
2018-02-24 22:13:27,0.00057834,4.00000000
2018-02-24 22:13:33,0.00057827,10.00000000
2018-02-24 22:13:33,0.00057827,122.00000000
2018-02-24 22:13:33,0.00057826,51.00000000
2018-02-24 22:13:35,0.00057837,49.00000000
2018-02-24 22:13:36,0.00057888,38.00000000
2018-02-24 22:13:36,0.00057888,7.00000000
2018-02-24 22:13:46,0.00057873,19.00000000
2018-02-24 22:13:46,0.00057874,4.00000000
2018-02-24 22:13:46,0.00057875,10.00000000
2018-02-24 22:13:46,0.00057882,6.00000000
2018-02-24 22:13:52,0.00057883,10.00000000
2018-02-24 22:13:52,0.00057882,109.00000000
2018-02-24 22:13:57,0.00057882,6.00000000
2018-02-24 22:14:01,0.00057882,10.00000000
2018-02-24 22:14:03,0.00057885,4.00000000
2018-02-24 22:14:07,0.00057882,51.00000000
2018-02-24 22:14:07,0.00057882,46.00000000
2018-02-24 22:14:09,0.00057882,2.00000000
2018-02-24 22:14:09,0.00057882,109.00000000
2018-02-24 22:14:09,0.00057756,30.00000000
2018-02-24 22:14:09,0.00057755,55.00000000
2018-02-24 22:14:14,0.00057768,1.00000000
2018-02-24 22:14:53,0.00057872,14.00000000
2018-02-24 22:14:53,0.00057985,34.00000000
2018-02-24 22:14:55,0.00057807,15.00000000
2018-02-24 22:14:56,0.00057814,29.00000000
2018-02-24 22:14:57,0.00057979,11.00000000
2018-02-24 22:14:57,0.00057980,11.00000000
2018-02-24 22:14:57,0.00057981,15.00000000
2018-02-24 22:14:57,0.00057987,33.00000000
2018-02-24 22:14:57,0.00057991,34.00000000
2018-02-24 22:14:57,0.00057993,41.00000000
2018-02-24 22:14:58,0.00057821,2.00000000
2018-02-24 22:15:11,0.00057880,10.00000000
2018-02-24 22:15:11,0.00057857,10.00000000
2018-02-24 22:15:28,0.00057851,21.00000000
2018-02-24 22:15:31,0.00057851,8.00000000
2018-02-24 22:15:31,0.00057851,1.00000000
2018-02-24 22:15:31,0.00057851,5.00000000
2018-02-24 22:15:31,0.00057851,22.00000000
2018-02-24 22:15:31,0.00057851,3.00000000
2018-02-24 22:15:31,0.00057850,5.00000000
2018-02-24 22:15:32,0.00057851,30.00000000
2018-02-24 22:15:32,0.00057850,21.00000000
2018-02-24 22:15:43,0.00057851,19.00000000
2018-02-24 22:15:47,0.00057850,100.00000000
2018-02-24 22:15:57,0.00057850,236.00000000
2018-02-24 22:16:10,0.00057850,6.00000000
2018-02-24 22:16:14,0.00057850,1.00000000
2018-02-24 22:16:30,0.00057850,31.00000000
2018-02-24 22:16:37,0.00057850,193.00000000
2018-02-24 22:16:39,0.00057850,153.00000000
2018-02-24 22:16:40,0.00057855,51.00000000
2018-02-24 22:16:49,0.00057855,35.00000000
2018-02-24 22:16:49,0.00057850,19.00000000
2018-02-24 22:17:07,0.00057857,20.00000000
2018-02-24 22:17:09,0.00057996,10.00000000
2018-02-24 22:17:09,0.00057997,86.00000000
2018-02-24 22:17:23,0.00057998,70.00000000
2018-02-24 22:17:24,0.00057890,10.00000000
2018-02-24 22:17:24,0.00057889,4.00000000
2018-02-24 22:17:26,0.00057993,4.00000000
2018-02-24 22:17:26,0.00057999,375.00000000
2018-02-24 22:17:27,0.00057998,30.00000000
2018-02-24 22:17:27,0.00057999,15.00000000
2018-02-24 22:17:32,0.00057999,17.00000000
2018-02-24 22:17:36,0.00057890,4.00000000
2018-02-24 22:17:36,0.00057884,92.00000000
2018-02-24 22:17:43,0.00057883,6.00000000
2018-02-24 22:17:52,0.00057952,2.00000000
2018-02-24 22:17:52,0.00057851,30.00000000
2018-02-24 22:17:52,0.00057850,89.00000000
2018-02-24 22:18:06,0.00057928,14.00000000
2018-02-24 22:18:11,0.00057912,4.00000000
2018-02-24 22:18:25,0.00057888,72.00000000
2018-02-24 22:18:25,0.00057928,4.00000000
2018-02-24 22:18:25,0.00057950,51.00000000
2018-02-24 22:18:25,0.00057950,50.00000000
2018-02-24 22:18:25,0.00057950,86.00000000
2018-02-24 22:18:25,0.00057950,37.00000000
2018-02-24 22:18:26,0.00057950,51.00000000
2018-02-24 22:18:26,0.00057950,4.00000000
2018-02-24 22:18:26,0.00057950,26.00000000
2018-02-24 22:18:26,0.00057950,121.00000000
2018-02-24 22:18:26,0.00057950,3.00000000
2018-02-24 22:18:27,0.00057950,1.00000000
2018-02-24 22:18:27,0.00057858,148.00000000
2018-02-24 22:18:42,0.00057972,148.00000000
2018-02-24 22:18:42,0.00057974,10.00000000
2018-02-24 22:18:49,0.00057888,20.00000000
2018-02-24 22:19:31,0.00057888,2.00000000
2018-02-24 22:19:31,0.00057890,15.00000000
2018-02-24 22:19:33,0.00057861,132.00000000
2018-02-24 22:19:33,0.00057857,51.00000000
2018-02-24 22:19:33,0.00057850,70.00000000
2018-02-24 22:19:33,0.00057752,3.00000000
2018-02-24 22:19:33,0.00057751,19.00000000
2018-02-24 22:19:42,0.00057751,36.00000000
2018-02-24 22:20:01,0.00057762,4.00000000
2018-02-24 22:20:02,0.00057761,8.00000000
2018-02-24 22:20:03,0.00057755,3.00000000
2018-02-24 22:20:09,0.00057751,7.00000000
2018-02-24 22:20:18,0.00057755,1.00000000
2018-02-24 22:20:18,0.00057882,37.00000000
2018-02-24 22:20:18,0.00057889,15.00000000
2018-02-24 22:20:18,0.00057890,34.00000000
2018-02-24 22:20:23,0.00057761,4.00000000
2018-02-24 22:20:23,0.00057754,4.00000000
2018-02-24 22:20:50,0.00057764,6.00000000
2018-02-24 22:20:50,0.00057764,165.00000000
2018-02-24 22:20:50,0.00057752,101.00000000
2018-02-24 22:20:55,0.00057752,101.00000000
2018-02-24 22:20:58,0.00057751,4.00000000
2018-02-24 22:21:03,0.00057751,45.00000000
2018-02-24 22:21:09,0.00057752,5.00000000
2018-02-24 22:21:17,0.00057752,52.00000000
2018-02-24 22:21:18,0.00057752,17.00000000
2018-02-24 22:21:55,0.00057773,8.00000000
2018-02-24 22:21:55,0.00057768,36.00000000
2018-02-24 22:22:02,0.00057763,4.00000000
2018-02-24 22:22:02,0.00057754,30.00000000
2018-02-24 22:22:09,0.00057752,10.00000000
2018-02-24 22:22:11,0.00057751,12.00000000
2018-02-24 22:22:12,0.00057751,4.00000000
2018-02-24 22:22:15,0.00057752,51.00000000
2018-02-24 22:22:15,0.00057754,4.00000000
2018-02-24 22:22:20,0.00057768,5.00000000
2018-02-24 22:22:21,0.00057768,18.00000000
2018-02-24 22:22:32,0.00057768,4.00000000
2018-02-24 22:22:32,0.00057768,10.00000000
2018-02-24 22:22:33,0.00057768,21.00000000
2018-02-24 22:23:01,0.00057867,20.00000000
2018-02-24 22:23:01,0.00057868,51.00000000
2018-02-24 22:23:01,0.00057890,235.00000000
2018-02-24 22:23:01,0.00057993,70.00000000
2018-02-24 22:23:05,0.00057852,127.00000000
2018-02-24 22:23:09,0.00057879,10.00000000
2018-02-24 22:23:09,0.00057875,51.00000000
2018-02-24 22:23:09,0.00057868,4.00000000
2018-02-24 22:23:09,0.00057862,4.00000000
2018-02-24 22:23:09,0.00057853,120.00000000
2018-02-24 22:23:09,0.00057842,30.00000000
2018-02-24 22:23:09,0.00057832,5.00000000
2018-02-24 22:23:09,0.00057803,56.00000000
2018-02-24 22:23:16,0.00057847,4.00000000
2018-02-24 22:23:24,0.00057817,94.00000000
2018-02-24 22:23:27,0.00057806,33.00000000
2018-02-24 22:23:32,0.00057803,4.00000000
2018-02-24 22:23:37,0.00057805,20.00000000
2018-02-24 22:23:43,0.00057805,36.00000000
2018-02-24 22:23:43,0.00057803,10.00000000
2018-02-24 22:23:48,0.00057805,3.00000000
2018-02-24 22:24:06,0.00057805,20.00000000
2018-02-24 22:24:11,0.00057805,15.00000000
2018-02-24 22:24:18,0.00057805,42.00000000
2018-02-24 22:24:18,0.00057817,20.00000000
2018-02-24 22:24:28,0.00057847,16.00000000
2018-02-24 22:24:28,0.00057852,12.00000000
2018-02-24 22:24:34,0.00057850,26.00000000
2018-02-24 22:24:46,0.00057850,4.00000000
2018-02-24 22:24:49,0.00057850,1.00000000
2018-02-24 22:24:51,0.00057851,44.00000000
2018-02-24 22:24:51,0.00057851,44.00000000
2018-02-24 22:25:03,0.00057851,6.00000000
2018-02-24 22:25:22,0.00057851,24.00000000
2018-02-24 22:25:29,0.00057851,106.00000000
2018-02-24 22:25:36,0.00057850,252.00000000
2018-02-24 22:25:42,0.00057851,111.00000000
2018-02-24 22:25:53,0.00057850,7.00000000
2018-02-24 22:26:12,0.00057810,5.00000000
2018-02-24 22:26:20,0.00057849,6.00000000
2018-02-24 22:26:20,0.00057851,81.00000000
2018-02-24 22:26:23,0.00057851,38.00000000
2018-02-24 22:26:34,0.00057806,9.00000000
2018-02-24 22:26:34,0.00057806,12.00000000
2018-02-24 22:26:35,0.00057806,9.00000000
2018-02-24 22:26:36,0.00057806,7.00000000
2018-02-24 22:26:38,0.00057806,10.00000000
2018-02-24 22:26:41,0.00057806,9.00000000
2018-02-24 22:27:31,0.00057806,1.00000000
2018-02-24 22:27:31,0.00057850,7.00000000
2018-02-24 22:27:40,0.00057850,4.00000000
2018-02-24 22:27:49,0.00057850,6.00000000
2018-02-24 22:27:52,0.00057805,21.00000000
2018-02-24 22:28:05,0.00057807,9.00000000
2018-02-24 22:28:05,0.00057806,17.00000000
2018-02-24 22:28:05,0.00057805,17.00000000
2018-02-24 22:28:05,0.00057805,12.00000000
2018-02-24 22:28:05,0.00057800,51.00000000
2018-02-24 22:28:05,0.00057800,29.00000000
2018-02-24 22:28:05,0.00057800,51.00000000
2018-02-24 22:28:05,0.00057800,51.00000000
2018-02-24 22:28:05,0.00057800,51.00000000
2018-02-24 22:28:06,0.00057800,51.00000000
2018-02-24 22:28:06,0.00057800,51.00000000
2018-02-24 22:28:06,0.00057800,51.00000000
2018-02-24 22:28:06,0.00057800,51.00000000
2018-02-24 22:28:06,0.00057800,638.00000000
2018-02-24 22:28:06,0.00057754,26.00000000
2018-02-24 22:28:06,0.00057850,3.00000000
2018-02-24 22:28:06,0.00057851,12.00000000
2018-02-24 22:28:10,0.00057764,23.00000000
2018-02-24 22:28:10,0.00057755,9.00000000
2018-02-24 22:28:14,0.00057806,3.00000000
2018-02-24 22:28:20,0.00057759,4.00000000
2018-02-24 22:28:22,0.00057806,7.00000000
2018-02-24 22:28:22,0.00057806,5.00000000
2018-02-24 22:28:26,0.00057759,4.00000000
2018-02-24 22:28:46,0.00057765,9.00000000
2018-02-24 22:28:51,0.00057765,9.00000000
2018-02-24 22:28:51,0.00057764,46.00000000
2018-02-24 22:28:52,0.00057759,6.00000000
2018-02-24 22:28:52,0.00057754,5.00000000
2018-02-24 22:28:53,0.00057752,8.00000000
2018-02-24 22:28:54,0.00057760,9.00000000
2018-02-24 22:28:54,0.00057752,8.00000000
2018-02-24 22:28:58,0.00057760,2.00000000
2018-02-24 22:28:58,0.00057758,2.00000000
2018-02-24 22:28:59,0.00057758,2.00000000
2018-02-24 22:29:01,0.00057798,4.00000000
2018-02-24 22:29:01,0.00057804,9.00000000
2018-02-24 22:29:06,0.00057758,173.00000000
2018-02-24 22:29:07,0.00057758,280.00000000
2018-02-24 22:29:07,0.00057851,220.00000000
2018-02-24 22:29:07,0.00057851,173.00000000
2018-02-24 22:29:10,0.00057775,9.00000000
2018-02-24 22:29:10,0.00057775,21.00000000
2018-02-24 22:29:10,0.00057804,12.00000000
2018-02-24 22:29:11,0.00057804,41.00000000
2018-02-24 22:29:13,0.00057758,4.00000000
2018-02-24 22:29:14,0.00057843,42.00000000
2018-02-24 22:29:14,0.00057845,19.00000000
2018-02-24 22:29:14,0.00057849,102.00000000
2018-02-24 22:29:14,0.00057849,6.00000000
2018-02-24 22:29:16,0.00057757,4.00000000
2018-02-24 22:29:17,0.00057752,24.00000000
2018-02-24 22:29:18,0.00057751,125.00000000
2018-02-24 22:29:20,0.00057751,4.00000000
2018-02-24 22:29:20,0.00057757,6.00000000
2018-02-24 22:29:21,0.00057757,62.00000000
2018-02-24 22:29:21,0.00057849,65.00000000
2018-02-24 22:29:21,0.00057850,34.00000000
2018-02-24 22:29:21,0.00057851,34.00000000
2018-02-24 22:29:21,0.00057872,51.00000000
2018-02-24 22:29:21,0.00057899,34.00000000
2018-02-24 22:29:21,0.00057958,20.00000000
2018-02-24 22:29:27,0.00057958,38.00000000
2018-02-24 22:29:27,0.00057958,8.00000000
2018-02-24 22:29:27,0.00057789,38.00000000
2018-02-24 22:29:32,0.00057805,5.00000000
2018-02-24 22:29:32,0.00057805,91.00000000
2018-02-24 22:29:32,0.00057805,37.00000000
2018-02-24 22:29:32,0.00057803,2.00000000
2018-02-24 22:29:33,0.00057803,14.00000000
2018-02-24 22:29:33,0.00057803,35.00000000
2018-02-24 22:29:35,0.00057797,4.00000000
2018-02-24 22:29:35,0.00057799,4.00000000
2018-02-24 22:29:36,0.00057926,18.00000000
2018-02-24 22:29:36,0.00057927,171.00000000
2018-02-24 22:29:36,0.00057928,4.00000000
2018-02-24 22:29:36,0.00057929,47.00000000
2018-02-24 22:29:38,0.00057795,4.00000000
2018-02-24 22:29:39,0.00057793,51.00000000
2018-02-24 22:29:39,0.00057798,4.00000000
2018-02-24 22:29:41,0.00057799,19.00000000
2018-02-24 22:29:41,0.00057799,29.00000000
2018-02-24 22:29:41,0.00057799,27.00000000
2018-02-24 22:29:41,0.00057799,26.00000000
2018-02-24 22:29:42,0.00057799,10.00000000
2018-02-24 22:29:42,0.00057915,4.00000000
2018-02-24 22:29:42,0.00057919,4.00000000
2018-02-24 22:29:42,0.00057953,4.00000000
2018-02-24 22:29:42,0.00057957,5.00000000
2018-02-24 22:29:42,0.00057958,46.00000000
2018-02-24 22:29:42,0.00057981,30.00000000
2018-02-24 22:29:42,0.00057982,67.00000000
2018-02-24 22:29:42,0.00057983,15.00000000
2018-02-24 22:29:42,0.00057984,4.00000000
2018-02-24 22:29:42,0.00057992,26.00000000
2018-02-24 22:29:42,0.00057993,40.00000000
2018-02-24 22:29:42,0.00057799,9.00000000
2018-02-24 22:29:48,0.00057939,171.00000000
2018-02-24 22:29:53,0.00057810,170.00000000
2018-02-24 22:29:53,0.00057808,30.00000000
2018-02-24 22:29:53,0.00057805,51.00000000
2018-02-24 22:29:53,0.00057803,4.00000000
2018-02-24 22:29:53,0.00057795,34.00000000
2018-02-24 22:29:53,0.00057795,30.00000000
2018-02-24 22:29:53,0.00057795,30.00000000
2018-02-24 22:29:53,0.00057795,29.00000000
2018-02-24 22:29:53,0.00057793,170.00000000
2018-02-24 22:29:56,0.00057795,133.00000000
2018-02-24 22:29:57,0.00057793,4.00000000
2018-02-24 22:29:57,0.00057795,67.00000000
2018-02-24 22:30:00,0.00057795,18.00000000
2018-02-24 22:30:00,0.00057795,15.00000000
2018-02-24 22:30:02,0.00057795,6.00000000
2018-02-24 22:30:16,0.00057795,6.00000000
2018-02-24 22:30:16,0.00057795,103.00000000
2018-02-24 22:30:17,0.00057796,39.00000000
2018-02-24 22:30:27,0.00057933,39.00000000
2018-02-24 22:30:28,0.00057935,51.00000000
2018-02-24 22:30:28,0.00057936,4.00000000
2018-02-24 22:30:28,0.00057991,25.00000000
2018-02-24 22:30:39,0.00057991,89.00000000
2018-02-24 22:30:57,0.00057991,228.00000000
2018-02-24 22:30:57,0.00057993,137.00000000
2018-02-24 22:31:05,0.00057902,9.00000000
2018-02-24 22:31:05,0.00057901,529.00000000
2018-02-24 22:31:05,0.00057887,20.00000000
2018-02-24 22:31:05,0.00057877,51.00000000
2018-02-24 22:31:05,0.00057824,2.00000000
2018-02-24 22:31:05,0.00057821,43.00000000
2018-02-24 22:31:05,0.00057798,148.00000000
2018-02-24 22:31:05,0.00057777,22.00000000
2018-02-24 22:31:05,0.00057764,23.00000000
2018-02-24 22:31:05,0.00057751,30.00000000
2018-02-24 22:31:05,0.00057717,800.00000000
2018-02-24 22:31:05,0.00057716,207.00000000
2018-02-24 22:31:05,0.00057715,40.00000000
2018-02-24 22:31:05,0.00057713,4.00000000
2018-02-24 22:31:05,0.00057702,156.00000000
2018-02-24 22:31:05,0.00057695,5.00000000
2018-02-24 22:31:05,0.00057684,5.00000000
2018-02-24 22:31:05,0.00057683,126.00000000
2018-02-24 22:31:05,0.00057680,42.00000000
2018-02-24 22:31:05,0.00057623,42.00000000
2018-02-24 22:31:05,0.00057555,90.00000000
2018-02-24 22:31:05,0.00057553,4.00000000
2018-02-24 22:31:05,0.00057550,5.00000000
2018-02-24 22:31:05,0.00057545,4.00000000
2018-02-24 22:31:05,0.00057534,4.00000000
2018-02-24 22:31:05,0.00057530,173.00000000
2018-02-24 22:31:05,0.00057529,4.00000000
2018-02-24 22:31:05,0.00057510,18.00000000
2018-02-24 22:31:05,0.00057500,190.00000000
2018-02-24 22:31:05,0.00057496,92.00000000
2018-02-24 22:31:05,0.00057494,91.00000000
2018-02-24 22:31:05,0.00057492,60.00000000
2018-02-24 22:31:05,0.00057490,80.00000000
2018-02-24 22:31:05,0.00057488,92.00000000
2018-02-24 22:31:05,0.00057476,34.00000000
2018-02-24 22:31:05,0.00057473,173.00000000
2018-02-24 22:31:05,0.00057470,613.00000000
2018-02-24 22:31:05,0.00057463,298.00000000
2018-02-24 22:31:05,0.00057462,90.00000000
2018-02-24 22:31:05,0.00057461,173.00000000
2018-02-24 22:31:05,0.00057455,7.00000000
2018-02-24 22:31:05,0.00057427,207.00000000
2018-02-24 22:31:05,0.00057426,12222.00000000
2018-02-24 22:31:05,0.00057425,1305.00000000
2018-02-24 22:31:05,0.00057420,5.00000000
2018-02-24 22:31:05,0.00057416,24.00000000
2018-02-24 22:31:05,0.00057413,10.00000000
2018-02-24 22:31:05,0.00057410,70.00000000
2018-02-24 22:31:05,0.00057404,1214.00000000
2018-02-24 22:31:05,0.00057401,57.00000000
2018-02-24 22:31:05,0.00057400,19.00000000
2018-02-24 22:31:05,0.00057399,3746.00000000
2018-02-24 22:31:05,0.00057397,99.00000000
2018-02-24 22:31:05,0.00057389,5635.00000000
2018-02-24 22:31:05,0.00057381,17.00000000
2018-02-24 22:31:05,0.00057366,771.00000000
2018-02-24 22:31:06,0.00057908,4.00000000
2018-02-24 22:31:06,0.00057815,6.00000000
2018-02-24 22:31:06,0.00057817,174.00000000
2018-02-24 22:31:06,0.00057816,14.00000000
2018-02-24 22:31:07,0.00057816,44.00000000
2018-02-24 22:31:07,0.00057816,35.00000000
2018-02-24 22:31:08,0.00057887,102.00000000
2018-02-24 22:31:08,0.00057887,15.00000000
2018-02-24 22:31:08,0.00057887,3.00000000
2018-02-24 22:31:08,0.00057887,9.00000000
2018-02-24 22:31:08,0.00057887,27.00000000
2018-02-24 22:31:09,0.00057889,39.00000000
2018-02-24 22:31:11,0.00057901,15.00000000
2018-02-24 22:31:11,0.00057901,153.00000000
2018-02-24 22:31:11,0.00057901,10.00000000
2018-02-24 22:31:11,0.00057899,174.00000000
2018-02-24 22:31:12,0.00057901,31.00000000
2018-02-24 22:31:12,0.00057901,5.00000000
2018-02-24 22:31:12,0.00057901,6.00000000
2018-02-24 22:31:12,0.00057901,367.00000000
2018-02-24 22:31:17,0.00057968,6.00000000
2018-02-24 22:31:18,0.00057859,5.00000000
2018-02-24 22:31:18,0.00057859,7.00000000
2018-02-24 22:31:19,0.00057864,4.00000000
2018-02-24 22:31:19,0.00057859,49.00000000
2018-02-24 22:31:19,0.00057854,8.00000000
2018-02-24 22:31:19,0.00057843,9.00000000
2018-02-24 22:31:19,0.00057842,4.00000000
2018-02-24 22:31:21,0.00057865,9.00000000
2018-02-24 22:31:21,0.00057837,95.00000000
2018-02-24 22:31:25,0.00057844,218.00000000
2018-02-24 22:31:25,0.00057844,79.00000000
2018-02-24 22:31:29,0.00057844,14.00000000
2018-02-24 22:31:29,0.00057840,200.00000000
2018-02-24 22:31:29,0.00057828,9.00000000
2018-02-24 22:31:30,0.00057844,140.00000000
2018-02-24 22:31:33,0.00057939,93.00000000
2018-02-24 22:31:33,0.00057940,34.00000000
2018-02-24 22:31:34,0.00057935,4.00000000
2018-02-24 22:31:34,0.00057941,10.00000000
2018-02-24 22:31:34,0.00057941,71.00000000
2018-02-24 22:31:35,0.00057941,30.00000000
2018-02-24 22:31:36,0.00057933,30.00000000
2018-02-24 22:31:36,0.00057933,30.00000000
2018-02-24 22:31:36,0.00057933,30.00000000
2018-02-24 22:31:37,0.00057933,2.00000000
2018-02-24 22:31:38,0.00057933,2.00000000
2018-02-24 22:31:38,0.00057933,26.00000000
2018-02-24 22:31:38,0.00057933,14.00000000
2018-02-24 22:31:40,0.00057933,42.00000000
2018-02-24 22:31:40,0.00057933,2.00000000
2018-02-24 22:31:44,0.00057851,4.00000000
2018-02-24 22:31:44,0.00057845,67.00000000
2018-02-24 22:31:44,0.00057826,37.00000000
2018-02-24 22:31:44,0.00057828,170.00000000
2018-02-24 22:31:44,0.00057828,3.00000000
2018-02-24 22:31:45,0.00057936,4.00000000
2018-02-24 22:31:45,0.00057940,20.00000000
2018-02-24 22:31:47,0.00057937,19.00000000
2018-02-24 22:31:54,0.00057924,131.00000000
2018-02-24 22:31:55,0.00057926,173.00000000
2018-02-24 22:31:55,0.00057925,173.00000000
2018-02-24 22:31:55,0.00057929,1139.00000000
2018-02-24 22:31:57,0.00057929,788.00000000
2018-02-24 22:31:57,0.00057943,37.00000000
2018-02-24 22:31:57,0.00057931,34.00000000
2018-02-24 22:31:57,0.00057956,3.00000000
2018-02-24 22:31:58,0.00057956,1.00000000
2018-02-24 22:31:58,0.00057956,3.00000000
2018-02-24 22:31:59,0.00057931,145.00000000
2018-02-24 22:32:06,0.00057931,2.00000000
2018-02-24 22:32:08,0.00057931,15.00000000
2018-02-24 22:32:12,0.00057977,3.00000000
2018-02-24 22:32:21,0.00057977,9.00000000
2018-02-24 22:32:22,0.00057985,4.00000000
2018-02-24 22:32:23,0.00057989,9.00000000
2018-02-24 22:32:26,0.00057931,86.00000000
2018-02-24 22:32:35,0.00057989,11.00000000
2018-02-24 22:32:35,0.00057990,85.00000000
2018-02-24 22:32:38,0.00057990,415.00000000
2018-02-24 22:32:38,0.00057993,255.00000000
2018-02-24 22:32:51,0.00057931,18.00000000
2018-02-24 22:32:51,0.00057874,23.00000000
2018-02-24 22:32:56,0.00057933,17.00000000
2018-02-24 22:33:01,0.00057881,4.00000000
2018-02-24 22:33:01,0.00057874,28.00000000
2018-02-24 22:33:01,0.00057868,20.00000000
2018-02-24 22:33:01,0.00057858,48.00000000
2018-02-24 22:33:27,0.00057931,15.00000000
2018-02-24 22:33:32,0.00057933,302.00000000
2018-02-24 22:33:32,0.00057931,25.00000000
2018-02-24 22:33:35,0.00057931,973.00000000
2018-02-24 22:33:35,0.00057974,13.00000000
2018-02-24 22:33:35,0.00057982,4.00000000
2018-02-24 22:33:35,0.00057986,51.00000000
2018-02-24 22:33:35,0.00057987,4.00000000
2018-02-24 22:33:35,0.00057993,89.00000000
2018-02-24 22:33:36,0.00057995,51.00000000
2018-02-24 22:33:36,0.00057995,364.00000000
2018-02-24 22:33:36,0.00057996,10.00000000
2018-02-24 22:33:36,0.00057996,196.00000000
2018-02-24 22:33:36,0.00057996,689.00000000
2018-02-24 22:33:41,0.00057996,68.00000000
2018-02-24 22:33:42,0.00057995,15.00000000
2018-02-24 22:33:42,0.00057996,151.00000000
2018-02-24 22:33:43,0.00057996,51.00000000
2018-02-24 22:33:43,0.00057996,51.00000000
2018-02-24 22:33:44,0.00057996,13.00000000
2018-02-24 22:33:44,0.00057996,789.00000000
2018-02-24 22:33:44,0.00057999,17.00000000
2018-02-24 22:33:44,0.00058000,17.00000000
2018-02-24 22:33:44,0.00058000,3.00000000
2018-02-24 22:33:44,0.00058000,31.00000000
2018-02-24 22:33:44,0.00058000,12.00000000
2018-02-24 22:33:44,0.00058000,30.00000000
2018-02-24 22:33:44,0.00058000,14.00000000
2018-02-24 22:33:44,0.00058000,3.00000000
2018-02-24 22:33:44,0.00058000,17.00000000
2018-02-24 22:33:44,0.00058000,529.00000000
2018-02-24 22:33:44,0.00057905,50.00000000
2018-02-24 22:33:50,0.00058002,40.00000000
2018-02-24 22:33:50,0.00057995,20.00000000
2018-02-24 22:33:54,0.00057965,5.00000000
2018-02-24 22:33:54,0.00057965,3.00000000
2018-02-24 22:33:55,0.00057965,95.00000000
2018-02-24 22:33:55,0.00057993,2.00000000
2018-02-24 22:33:59,0.00057967,4.00000000
2018-02-24 22:33:59,0.00057958,1.00000000
2018-02-24 22:33:59,0.00057958,5.00000000
2018-02-24 22:34:06,0.00057958,182.00000000
2018-02-24 22:34:06,0.00057956,13.00000000
2018-02-24 22:34:06,0.00057906,15.00000000
2018-02-24 22:34:06,0.00057896,209.00000000
2018-02-24 22:34:06,0.00057888,30.00000000
2018-02-24 22:34:06,0.00057886,8.00000000
2018-02-24 22:34:06,0.00057865,4.00000000
2018-02-24 22:34:06,0.00057858,123.00000000
2018-02-24 22:34:06,0.00057826,263.00000000
2018-02-24 22:34:06,0.00057825,560.00000000
2018-02-24 22:34:11,0.00057961,13.00000000
2018-02-24 22:34:11,0.00057959,80.00000000
2018-02-24 22:34:11,0.00057959,16.00000000
2018-02-24 22:34:12,0.00057959,3.00000000
2018-02-24 22:34:12,0.00057959,69.00000000
2018-02-24 22:34:17,0.00057959,3.00000000
2018-02-24 22:34:17,0.00057959,6.00000000
2018-02-24 22:34:17,0.00057959,11.00000000
2018-02-24 22:34:17,0.00058051,4.00000000
2018-02-24 22:34:17,0.00058057,7.00000000
2018-02-24 22:34:32,0.00058021,13.00000000
2018-02-24 22:34:37,0.00058066,43.00000000
2018-02-24 22:34:37,0.00058067,4.00000000
2018-02-24 22:34:37,0.00058080,150.00000000
2018-02-24 22:34:40,0.00058081,72.00000000
2018-02-24 22:34:44,0.00057967,168.00000000
2018-02-24 22:34:44,0.00057965,30.00000000
2018-02-24 22:34:44,0.00057962,51.00000000
2018-02-24 22:34:44,0.00057953,6.00000000
2018-02-24 22:34:44,0.00057909,15.00000000
2018-02-24 22:34:44,0.00057832,89.00000000
2018-02-24 22:34:44,0.00057831,24.00000000
2018-02-24 22:34:44,0.00057825,15.00000000
2018-02-24 22:34:52,0.00057974,4.00000000
2018-02-24 22:34:52,0.00057973,2.00000000
2018-02-24 22:34:54,0.00058021,168.00000000
2018-02-24 22:34:54,0.00058023,13.00000000
2018-02-24 22:34:59,0.00058023,20.00000000
2018-02-24 22:35:08,0.00057974,20.00000000
2018-02-24 22:35:08,0.00057973,187.00000000
2018-02-24 22:35:09,0.00058028,11.00000000
2018-02-24 22:35:11,0.00058028,10.00000000
2018-02-24 22:35:12,0.00058022,4.00000000
2018-02-24 22:35:25,0.00058020,18.00000000
2018-02-24 22:35:25,0.00058021,32.00000000
2018-02-24 22:35:39,0.00058019,25.00000000
2018-02-24 22:35:42,0.00058019,3.00000000
2018-02-24 22:35:48,0.00058019,8.00000000
2018-02-24 22:35:48,0.00058022,20.00000000
2018-02-24 22:35:51,0.00058072,2.00000000
2018-02-24 22:35:53,0.00058027,13.00000000
2018-02-24 22:35:53,0.00058022,29.00000000
2018-02-24 22:36:01,0.00058074,4.00000000
2018-02-24 22:36:01,0.00058081,90.00000000
2018-02-24 22:36:06,0.00058022,174.00000000
2018-02-24 22:36:06,0.00058019,5.00000000
2018-02-24 22:36:06,0.00058004,9.00000000
2018-02-24 22:36:06,0.00058002,43.00000000
2018-02-24 22:36:06,0.00058000,58.00000000
2018-02-24 22:36:06,0.00057973,209.00000000
2018-02-24 22:36:06,0.00057931,47.00000000
2018-02-24 22:36:06,0.00057906,5.00000000
2018-02-24 22:36:06,0.00057859,5.00000000
2018-02-24 22:36:06,0.00057831,404.00000000
2018-02-24 22:36:06,0.00057826,800.00000000
2018-02-24 22:36:06,0.00057825,1031.00000000
2018-02-24 22:36:07,0.00058021,49.00000000
2018-02-24 22:36:08,0.00058021,2.00000000
2018-02-24 22:36:08,0.00058022,5.00000000
2018-02-24 22:36:08,0.00058081,5.00000000
2018-02-24 22:36:08,0.00058099,308.00000000
2018-02-24 22:36:11,0.00058016,4.00000000
2018-02-24 22:36:16,0.00057884,4.00000000
2018-02-24 22:36:16,0.00057879,5.00000000
2018-02-24 22:36:21,0.00058047,5.00000000
2018-02-24 22:36:21,0.00058048,13.00000000
2018-02-24 22:36:21,0.00058070,4.00000000
2018-02-24 22:36:21,0.00058075,4.00000000
2018-02-24 22:36:21,0.00058079,34.00000000
2018-02-24 22:36:21,0.00058080,30.00000000
2018-02-24 22:36:21,0.00058081,497.00000000
2018-02-24 22:36:21,0.00058099,356.00000000
2018-02-24 22:36:24,0.00057966,35.00000000
2018-02-24 22:36:26,0.00058082,4.00000000
2018-02-24 22:36:26,0.00058087,4.00000000
2018-02-24 22:36:26,0.00058099,132.00000000
2018-02-24 22:36:27,0.00058099,47.00000000
2018-02-24 22:36:35,0.00058096,35.00000000
2018-02-24 22:36:35,0.00058098,9.00000000
2018-02-24 22:36:35,0.00058099,22.00000000
2018-02-24 22:36:35,0.00058099,22.00000000
2018-02-24 22:36:35,0.00058099,21.00000000
2018-02-24 22:36:35,0.00058099,17.00000000
2018-02-24 22:36:35,0.00058096,17.00000000
2018-02-24 22:36:41,0.00058096,4.00000000
2018-02-24 22:36:41,0.00058099,250.00000000
2018-02-24 22:36:41,0.00058100,9.00000000
2018-02-24 22:36:41,0.00058101,42.00000000
2018-02-24 22:36:41,0.00058107,90.00000000
2018-02-24 22:36:41,0.00058109,89.00000000
2018-02-24 22:36:41,0.00058111,59.00000000
2018-02-24 22:36:41,0.00058113,79.00000000
2018-02-24 22:36:41,0.00058115,168.00000000
2018-02-24 22:36:41,0.00058120,10.00000000
2018-02-24 22:36:41,0.00058138,171.00000000
2018-02-24 22:36:41,0.00058143,63.00000000
2018-02-24 22:36:41,0.00058153,229.00000000
2018-02-24 22:36:41,0.00058154,2556.00000000
2018-02-24 22:36:41,0.00058154,1.00000000
2018-02-24 22:36:41,0.00058186,2.00000000
2018-02-24 22:36:41,0.00058190,148.00000000
2018-02-24 22:36:41,0.00058200,10.00000000
2018-02-24 22:36:41,0.00058096,4.00000000
2018-02-24 22:36:42,0.00058099,159.00000000
2018-02-24 22:36:43,0.00058199,22.00000000
2018-02-24 22:36:43,0.00058195,4.00000000
2018-02-24 22:36:44,0.00058200,308.00000000
2018-02-24 22:36:44,0.00058202,474.00000000
2018-02-24 22:36:46,0.00058202,284.00000000
2018-02-24 22:36:46,0.00058202,269.00000000
2018-02-24 22:36:48,0.00058202,235.00000000
2018-02-24 22:36:50,0.00058202,4.00000000
2018-02-24 22:36:51,0.00058105,4.00000000
2018-02-24 22:36:51,0.00058104,4.00000000
2018-02-24 22:36:51,0.00058099,9.00000000
2018-02-24 22:36:55,0.00058104,4.00000000
2018-02-24 22:36:57,0.00058196,4.00000000
2018-02-24 22:36:57,0.00058197,4.00000000
2018-02-24 22:36:57,0.00058201,3.00000000
2018-02-24 22:36:59,0.00058105,4.00000000
2018-02-24 22:37:00,0.00058104,189.00000000
2018-02-24 22:37:00,0.00058104,32.00000000
2018-02-24 22:37:05,0.00058099,2.00000000
2018-02-24 22:37:05,0.00058099,101.00000000
2018-02-24 22:37:08,0.00058190,4.00000000
2018-02-24 22:37:08,0.00058196,81.00000000
2018-02-24 22:37:10,0.00058196,37.00000000
2018-02-24 22:37:15,0.00058196,4.00000000
2018-02-24 22:37:16,0.00058110,4.00000000
2018-02-24 22:37:19,0.00058104,133.00000000
2018-02-24 22:37:19,0.00058104,107.00000000
2018-02-24 22:37:23,0.00058104,113.00000000
2018-02-24 22:37:23,0.00058104,220.00000000
2018-02-24 22:37:36,0.00058190,56.00000000
2018-02-24 22:37:40,0.00058104,47.00000000
2018-02-24 22:37:44,0.00058110,4.00000000
2018-02-24 22:37:44,0.00058104,102.00000000
2018-02-24 22:37:45,0.00058104,4.00000000
2018-02-24 22:37:56,0.00058110,109.00000000
2018-02-24 22:37:58,0.00058188,11.00000000
2018-02-24 22:37:59,0.00058188,6.00000000
2018-02-24 22:38:06,0.00058110,224.00000000
2018-02-24 22:38:06,0.00058105,207.00000000
2018-02-24 22:38:06,0.00058104,439.00000000
2018-02-24 22:38:06,0.00058099,233.00000000
2018-02-24 22:38:06,0.00058072,51.00000000
2018-02-24 22:38:06,0.00058004,97.00000000
2018-02-24 22:38:08,0.00058011,4.00000000
2018-02-24 22:38:08,0.00058006,4.00000000
2018-02-24 22:38:08,0.00058018,4.00000000
2018-02-24 22:38:08,0.00058006,62.00000000
2018-02-24 22:38:09,0.00058014,91.00000000
2018-02-24 22:38:10,0.00058019,4.00000000
2018-02-24 22:38:10,0.00058014,4.00000000
2018-02-24 22:38:10,0.00058014,4.00000000
2018-02-24 22:38:12,0.00058022,4.00000000
2018-02-24 22:38:12,0.00058017,4.00000000
2018-02-24 22:38:12,0.00058018,3.00000000
2018-02-24 22:38:12,0.00058020,3.00000000
2018-02-24 22:38:12,0.00058020,4.00000000
2018-02-24 22:38:13,0.00058018,4.00000000
2018-02-24 22:38:17,0.00058018,5.00000000
2018-02-24 22:38:17,0.00058007,26.00000000
2018-02-24 22:38:17,0.00058140,29.00000000
2018-02-24 22:38:19,0.00058134,9.00000000
2018-02-24 22:38:22,0.00058007,8.00000000
2018-02-24 22:38:27,0.00058010,53.00000000
2018-02-24 22:38:27,0.00058010,18.00000000
2018-02-24 22:38:27,0.00058010,294.00000000
2018-02-24 22:38:27,0.00058000,206.00000000
2018-02-24 22:38:33,0.00058011,9.00000000
2018-02-24 22:38:33,0.00058000,26.00000000
2018-02-24 22:38:37,0.00058052,12.00000000
2018-02-24 22:38:40,0.00058038,29.00000000
2018-02-24 22:38:40,0.00058038,6.00000000
2018-02-24 22:38:40,0.00058038,2.00000000
2018-02-24 22:38:41,0.00058038,12.00000000
2018-02-24 22:38:42,0.00058035,2.00000000
2018-02-24 22:38:43,0.00058021,17.00000000
2018-02-24 22:38:44,0.00058021,2.00000000
2018-02-24 22:38:44,0.00058021,2.00000000
2018-02-24 22:38:45,0.00058020,18.00000000
2018-02-24 22:38:46,0.00058021,54.00000000
2018-02-24 22:38:47,0.00058020,4.00000000
2018-02-24 22:38:47,0.00058020,4.00000000
2018-02-24 22:38:48,0.00058037,3.00000000
2018-02-24 22:39:00,0.00058126,127.00000000
2018-02-24 22:39:04,0.00058020,3.00000000
2018-02-24 22:39:05,0.00058020,1.00000000
2018-02-24 22:39:08,0.00058125,21.00000000
2018-02-24 22:39:08,0.00058009,2.00000000
2018-02-24 22:39:10,0.00058009,2.00000000
2018-02-24 22:39:11,0.00058009,90.00000000
2018-02-24 22:39:14,0.00058003,4.00000000
2018-02-24 22:39:14,0.00058009,24.00000000
2018-02-24 22:39:21,0.00058009,3.00000000
2018-02-24 22:39:22,0.00058000,4.00000000
2018-02-24 22:39:23,0.00058000,143.00000000
2018-02-24 22:39:23,0.00057971,4.00000000
2018-02-24 22:39:23,0.00057886,4.00000000
2018-02-24 22:39:23,0.00057876,356.00000000
2018-02-24 22:39:23,0.00057862,48.00000000
2018-02-24 22:39:23,0.00057859,52.00000000
2018-02-24 22:39:23,0.00057857,4.00000000
2018-02-24 22:39:23,0.00057835,4.00000000
2018-02-24 22:39:23,0.00057825,567.00000000
2018-02-24 22:39:23,0.00057821,4.00000000
2018-02-24 22:39:23,0.00057815,6.00000000
2018-02-24 22:39:23,0.00057776,55.00000000
2018-02-24 22:39:23,0.00057756,173.00000000
2018-02-24 22:39:23,0.00057750,7.00000000
2018-02-24 22:39:23,0.00057724,21.00000000
2018-02-24 22:39:23,0.00057720,22.00000000
2018-02-24 22:39:23,0.00057718,173.00000000
2018-02-24 22:39:23,0.00057709,5.00000000
2018-02-24 22:39:23,0.00057658,42.00000000
2018-02-24 22:39:23,0.00057600,503.00000000
2018-02-24 22:39:23,0.00057550,2.00000000
2018-02-24 22:39:23,0.00057518,5.00000000
2018-02-24 22:39:23,0.00057497,800.00000000
2018-02-24 22:39:23,0.00057496,92.00000000
2018-02-24 22:39:23,0.00057494,91.00000000
2018-02-24 22:39:23,0.00057492,60.00000000
2018-02-24 22:39:23,0.00057490,81.00000000
2018-02-24 22:39:23,0.00057488,95.00000000
2018-02-24 22:39:23,0.00057461,34.00000000
2018-02-24 22:39:23,0.00057459,312.00000000
2018-02-24 22:39:23,0.00057443,21.00000000
2018-02-24 22:39:23,0.00057437,8.00000000
2018-02-24 22:39:23,0.00057429,10.00000000
2018-02-24 22:39:23,0.00057411,79.00000000
2018-02-24 22:39:23,0.00057401,348.00000000
2018-02-24 22:39:23,0.00057400,628.00000000
2018-02-24 22:39:23,0.00057368,500.00000000
2018-02-24 22:39:23,0.00057366,780.00000000
2018-02-24 22:39:23,0.00057350,76.00000000
2018-02-24 22:39:23,0.00057319,80.00000000
2018-02-24 22:39:23,0.00057308,94.00000000
2018-02-24 22:39:23,0.00057300,187.00000000
2018-02-24 22:39:23,0.00057296,70.00000000
2018-02-24 22:39:23,0.00057295,435.00000000
2018-02-24 22:39:23,0.00057278,310.00000000
2018-02-24 22:39:23,0.00057251,348.00000000
2018-02-24 22:39:23,0.00057250,677.00000000
2018-02-24 22:39:23,0.00057234,570.00000000
2018-02-24 22:39:23,0.00057224,82.00000000
2018-02-24 22:39:23,0.00057214,693.00000000
2018-02-24 22:39:23,0.00057210,90.00000000
2018-02-24 22:39:23,0.00057205,345.00000000
2018-02-24 22:39:23,0.00057202,168.00000000
2018-02-24 22:39:23,0.00057201,966.00000000
2018-02-24 22:39:23,0.00057200,271.00000000
2018-02-24 22:39:23,0.00057180,3399.00000000
2018-02-24 22:39:23,0.00057186,2500.00000000
2018-02-24 22:39:23,0.00057190,131.00000000
2018-02-24 22:39:23,0.00057190,2081.00000000
2018-02-24 22:39:23,0.00058009,33.00000000
2018-02-24 22:39:23,0.00058124,163.00000000
2018-02-24 22:39:24,0.00057582,2.00000000
2018-02-24 22:39:24,0.00057521,5.00000000
2018-02-24 22:39:24,0.00057519,14.00000000
2018-02-24 22:39:24,0.00057721,30.00000000
2018-02-24 22:39:24,0.00057722,49.00000000
2018-02-24 22:39:25,0.00057722,25.00000000
2018-02-24 22:39:26,0.00057722,5.00000000
2018-02-24 22:39:26,0.00057795,92.00000000
2018-02-24 22:39:31,0.00057795,48.00000000
2018-02-24 22:39:33,0.00057651,2.00000000
2018-02-24 22:39:43,0.00057792,4.00000000
2018-02-24 22:39:45,0.00057683,4.00000000
2018-02-24 22:39:45,0.00057677,6.00000000
2018-02-24 22:39:46,0.00057677,65.00000000
2018-02-24 22:39:49,0.00057783,4.00000000
2018-02-24 22:39:56,0.00057775,72.00000000
2018-02-24 22:39:56,0.00057775,21.00000000
2018-02-24 22:39:56,0.00057775,7.00000000
2018-02-24 22:39:56,0.00057775,20.00000000
2018-02-24 22:39:57,0.00057774,34.00000000
2018-02-24 22:39:57,0.00057775,38.00000000
2018-02-24 22:40:01,0.00057653,20.00000000
2018-02-24 22:40:01,0.00057768,136.00000000
2018-02-24 22:40:01,0.00057769,14.00000000
2018-02-24 22:40:02,0.00057769,82.00000000
2018-02-24 22:40:02,0.00057769,150.00000000
2018-02-24 22:40:04,0.00057769,150.00000000
2018-02-24 22:40:06,0.00057769,150.00000000
2018-02-24 22:40:07,0.00057769,95.00000000
2018-02-24 22:40:07,0.00057770,20.00000000
2018-02-24 22:40:07,0.00057805,56.00000000
2018-02-24 22:40:14,0.00057805,2.00000000
2018-02-24 22:40:15,0.00057699,4.00000000
2018-02-24 22:40:15,0.00057693,8.00000000
2018-02-24 22:40:22,0.00057768,17.00000000
2018-02-24 22:40:22,0.00057769,17.00000000
2018-02-24 22:40:22,0.00057799,4.00000000
2018-02-24 22:40:22,0.00057805,53.00000000
2018-02-24 22:40:27,0.00057684,5.00000000
2018-02-24 22:40:28,0.00057804,7.00000000
2018-02-24 22:40:48,0.00057693,3.00000000
2018-02-24 22:40:54,0.00057793,48.00000000
2018-02-24 22:40:54,0.00057795,2.00000000
2018-02-24 22:40:54,0.00057800,63.00000000
2018-02-24 22:40:56,0.00057693,180.00000000
2018-02-24 22:40:56,0.00057693,17.00000000
2018-02-24 22:40:56,0.00057693,17.00000000
2018-02-24 22:40:56,0.00057693,24.00000000
2018-02-24 22:40:56,0.00057693,7.00000000
2018-02-24 22:40:56,0.00057693,31.00000000
2018-02-24 22:40:56,0.00057688,24.00000000
2018-02-24 22:40:56,0.00057693,31.00000000
2018-02-24 22:40:56,0.00057693,15.00000000
2018-02-24 22:40:57,0.00057693,200.00000000
2018-02-24 22:40:57,0.00057693,24.00000000
2018-02-24 22:40:58,0.00057693,4.00000000
2018-02-24 22:41:00,0.00057799,24.00000000
2018-02-24 22:41:01,0.00057799,1.00000000
2018-02-24 22:41:04,0.00057800,42.00000000
2018-02-24 22:41:10,0.00057800,10.00000000
2018-02-24 22:41:19,0.00057800,19.00000000
2018-02-24 22:41:19,0.00057800,102.00000000
2018-02-24 22:41:27,0.00057800,11.00000000
2018-02-24 22:41:29,0.00057800,21.00000000
2018-02-24 22:41:32,0.00057800,2.00000000
2018-02-24 22:41:36,0.00057800,704.00000000
2018-02-24 22:41:37,0.00057800,9.00000000
2018-02-24 22:41:38,0.00057800,2.00000000
2018-02-24 22:41:38,0.00057800,130.00000000
2018-02-24 22:41:39,0.00057800,176.00000000
2018-02-24 22:41:39,0.00057800,8.00000000
2018-02-24 22:41:39,0.00057800,35.00000000
2018-02-24 22:41:39,0.00057801,10.00000000
2018-02-24 22:41:43,0.00057800,244.00000000
2018-02-24 22:41:45,0.00057800,16.00000000
2018-02-24 22:41:47,0.00057800,159.00000000
2018-02-24 22:41:47,0.00057801,163.00000000
2018-02-24 22:41:50,0.00057800,18.00000000
2018-02-24 22:41:50,0.00057800,5.00000000
2018-02-24 22:41:54,0.00057800,9.00000000
2018-02-24 22:41:57,0.00057801,121.00000000
2018-02-24 22:41:57,0.00057802,45.00000000
2018-02-24 22:42:07,0.00057801,25.00000000
2018-02-24 22:42:09,0.00057802,455.00000000
2018-02-24 22:42:21,0.00057804,25.00000000
2018-02-24 22:42:21,0.00057806,5.00000000
2018-02-24 22:42:21,0.00057807,602.00000000
2018-02-24 22:42:25,0.00057802,623.00000000
2018-02-24 22:42:25,0.00057700,26.00000000
2018-02-24 22:42:27,0.00057706,4.00000000
2018-02-24 22:42:27,0.00057700,13.00000000
2018-02-24 22:42:27,0.00057694,3.00000000
2018-02-24 22:42:27,0.00057693,120.00000000
2018-02-24 22:42:30,0.00057788,4.00000000
2018-02-24 22:42:30,0.00057794,12.00000000
2018-02-24 22:42:50,0.00057794,32.00000000
2018-02-24 22:42:51,0.00057794,81.00000000
2018-02-24 22:42:52,0.00057794,34.00000000
2018-02-24 22:42:52,0.00057807,51.00000000
2018-02-24 22:42:52,0.00057807,66.00000000
2018-02-24 22:43:05,0.00057794,2.00000000
2018-02-24 22:43:07,0.00057807,20.00000000
2018-02-24 22:43:14,0.00057807,1445.00000000
2018-02-24 22:43:17,0.00057821,92.00000000
2018-02-24 22:43:38,0.00057821,8.00000000
2018-02-24 22:43:38,0.00057821,9.00000000
2018-02-24 22:43:38,0.00057821,9.00000000
2018-02-24 22:43:38,0.00057821,9.00000000
2018-02-24 22:43:38,0.00057821,9.00000000
2018-02-24 22:43:38,0.00057821,17.00000000
2018-02-24 22:43:39,0.00057807,9.00000000
2018-02-24 22:43:48,0.00057801,6.00000000
2018-02-24 22:43:48,0.00057801,6.00000000
2018-02-24 22:43:49,0.00057820,3.00000000
2018-02-24 22:43:49,0.00057821,20.00000000
2018-02-24 22:43:49,0.00057831,15.00000000
2018-02-24 22:43:49,0.00057834,2.00000000
2018-02-24 22:43:49,0.00057844,41.00000000
2018-02-24 22:43:51,0.00057844,88.00000000
2018-02-24 22:43:58,0.00057844,17.00000000
2018-02-24 22:44:07,0.00057844,43.00000000
2018-02-24 22:44:10,0.00057844,24.00000000
2018-02-24 22:44:25,0.00057845,30.00000000
2018-02-24 22:44:25,0.00057844,3210.00000000
2018-02-24 22:44:25,0.00057844,30.00000000
2018-02-24 22:44:25,0.00057844,30.00000000
2018-02-24 22:44:25,0.00057844,30.00000000
2018-02-24 22:44:25,0.00057844,30.00000000
2018-02-24 22:44:25,0.00057844,30.00000000
2018-02-24 22:44:42,0.00057810,2.00000000
2018-02-24 22:44:50,0.00057844,268.00000000
2018-02-24 22:44:53,0.00057813,8.00000000
2018-02-24 22:44:53,0.00057810,5.00000000
2018-02-24 22:44:53,0.00057807,11.00000000
2018-02-24 22:44:53,0.00057801,15.00000000
2018-02-24 22:45:00,0.00057844,801.00000000
2018-02-24 22:45:10,0.00057807,4.00000000
2018-02-24 22:45:10,0.00057802,54.00000000
2018-02-24 22:45:10,0.00057802,14.00000000
2018-02-24 22:45:10,0.00057801,86.00000000
2018-02-24 22:45:10,0.00057800,100.00000000
2018-02-24 22:45:10,0.00057794,225.00000000
2018-02-24 22:45:11,0.00057794,4.00000000
2018-02-24 22:45:14,0.00057794,10.00000000
2018-02-24 22:45:16,0.00057794,57.00000000
2018-02-24 22:45:16,0.00057794,20.00000000
2018-02-24 22:45:19,0.00057794,3.00000000
2018-02-24 22:45:21,0.00057794,54.00000000
2018-02-24 22:45:22,0.00057794,8.00000000
2018-02-24 22:45:22,0.00057784,2.00000000
2018-02-24 22:45:24,0.00057781,3.00000000
2018-02-24 22:45:24,0.00057707,17.00000000
2018-02-24 22:45:29,0.00057700,7.00000000
2018-02-24 22:45:33,0.00057700,8.00000000
2018-02-24 22:45:38,0.00057700,7.00000000
2018-02-24 22:45:38,0.00057700,6.00000000
2018-02-24 22:45:38,0.00057700,17.00000000
2018-02-24 22:45:46,0.00057786,17.00000000
2018-02-24 22:45:46,0.00057787,4.00000000
2018-02-24 22:45:46,0.00057794,26.00000000
2018-02-24 22:45:50,0.00057793,30.00000000
2018-02-24 22:45:50,0.00057793,30.00000000
2018-02-24 22:45:50,0.00057793,30.00000000
2018-02-24 22:45:50,0.00057794,21.00000000
2018-02-24 22:45:50,0.00057794,51.00000000
2018-02-24 22:45:50,0.00057794,67.00000000
2018-02-24 22:45:59,0.00057781,10.00000000
2018-02-24 22:46:07,0.00057707,8.00000000
2018-02-24 22:46:07,0.00057697,232.00000000
2018-02-24 22:46:09,0.00057703,4.00000000
2018-02-24 22:46:18,0.00057781,3.00000000
2018-02-24 22:46:22,0.00057781,4.00000000
2018-02-24 22:46:29,0.00057701,9.00000000
2018-02-24 22:46:29,0.00057700,18.00000000
2018-02-24 22:46:58,0.00057787,3.00000000
2018-02-24 22:46:58,0.00057788,4.00000000
2018-02-24 22:46:58,0.00057813,10.00000000
2018-02-24 22:46:58,0.00057818,26.00000000
2018-02-24 22:46:58,0.00057892,57.00000000
2018-02-24 22:46:58,0.00057900,22.00000000
2018-02-24 22:46:58,0.00057955,26.00000000
2018-02-24 22:46:58,0.00057993,2.00000000
2018-02-24 22:46:58,0.00058034,5.00000000
2018-02-24 22:46:58,0.00058036,233.00000000
2018-02-24 22:46:58,0.00058039,7.00000000
2018-02-24 22:46:58,0.00058060,74.00000000
2018-02-24 22:46:58,0.00058099,800.00000000
2018-02-24 22:46:58,0.00058100,81.00000000
2018-02-24 22:46:58,0.00058100,229.00000000
2018-02-24 22:46:58,0.00058100,2.00000000
2018-02-24 22:46:58,0.00058100,778.00000000
2018-02-24 22:46:58,0.00058100,52.00000000
2018-02-24 22:46:59,0.00058100,153.00000000
2018-02-24 22:46:59,0.00058100,26.00000000
2018-02-24 22:47:01,0.00058100,3.00000000
2018-02-24 22:47:01,0.00058100,7.00000000
2018-02-24 22:47:07,0.00058100,815.00000000
2018-02-24 22:47:14,0.00058100,10.00000000
2018-02-24 22:47:18,0.00058120,3.00000000
2018-02-24 22:47:19,0.00058100,8.00000000
2018-02-24 22:47:19,0.00058100,21.00000000
2018-02-24 22:47:19,0.00058100,251.00000000
2018-02-24 22:47:23,0.00058100,6422.00000000
2018-02-24 22:47:29,0.00057979,4.00000000
2018-02-24 22:47:32,0.00058091,4.00000000
2018-02-24 22:47:32,0.00058099,30.00000000
2018-02-24 22:47:32,0.00058100,580.00000000
2018-02-24 22:47:44,0.00058080,30.00000000
2018-02-24 22:47:44,0.00058098,30.00000000
2018-02-24 22:47:44,0.00058099,246.00000000
2018-02-24 22:47:44,0.00058100,68.00000000
2018-02-24 22:47:44,0.00057918,17.00000000
2018-02-24 22:47:45,0.00057992,36.00000000
2018-02-24 22:47:50,0.00057992,52.00000000
2018-02-24 22:48:52,0.00057990,3.00000000
2018-02-24 22:49:09,0.00057886,7.00000000
2018-02-24 22:49:24,0.00057887,140.00000000
2018-02-24 22:49:48,0.00057887,37.00000000
2018-02-24 22:49:58,0.00057887,20.00000000
2018-02-24 22:50:06,0.00057889,36.00000000
2018-02-24 22:50:10,0.00057889,207.00000000
2018-02-24 22:50:11,0.00057959,4.00000000
2018-02-24 22:50:20,0.00057948,10.00000000
2018-02-24 22:50:20,0.00057950,2.00000000
2018-02-24 22:50:25,0.00057889,19.00000000
2018-02-24 22:50:26,0.00057889,29.00000000
2018-02-24 22:50:32,0.00057890,68.00000000
2018-02-24 22:50:44,0.00057950,2.00000000
2018-02-24 22:51:03,0.00057933,9.00000000
2018-02-24 22:51:06,0.00057933,16.00000000
2018-02-24 22:51:06,0.00057933,212.00000000
2018-02-24 22:51:06,0.00057933,18.00000000
2018-02-24 22:51:15,0.00057895,9.00000000
2018-02-24 22:51:15,0.00057894,310.00000000
2018-02-24 22:51:15,0.00057889,268.00000000
2018-02-24 22:51:26,0.00057896,9.00000000
2018-02-24 22:51:27,0.00057889,9.00000000
2018-02-24 22:51:31,0.00057880,39.00000000
2018-02-24 22:51:31,0.00057867,51.00000000
2018-02-24 22:51:31,0.00057860,18.00000000
2018-02-24 22:51:31,0.00057859,413.00000000
2018-02-24 22:51:31,0.00057825,317.00000000
2018-02-24 22:51:31,0.00057806,12.00000000
2018-02-24 22:51:31,0.00057889,45.00000000
2018-02-24 22:51:59,0.00057896,47.00000000
2018-02-24 22:52:05,0.00057896,30.00000000
2018-02-24 22:52:08,0.00057933,23.00000000
2018-02-24 22:52:08,0.00057933,23.00000000
2018-02-24 22:52:09,0.00057950,18.00000000
2018-02-24 22:52:09,0.00057959,10.00000000
2018-02-24 22:52:56,0.00057933,9.00000000
2018-02-24 22:53:18,0.00057933,27.00000000
2018-02-24 22:53:25,0.00057933,156.00000000
2018-02-24 22:53:31,0.00057958,18.00000000
2018-02-24 22:53:39,0.00057958,13.00000000
2018-02-24 22:53:45,0.00057958,22.00000000
2018-02-24 22:53:46,0.00057959,17.00000000
2018-02-24 22:53:48,0.00057958,10.00000000
2018-02-24 22:53:50,0.00057958,3.00000000
2018-02-24 22:53:52,0.00057958,10.00000000
2018-02-24 22:53:52,0.00057958,2.00000000
2018-02-24 22:53:53,0.00057958,103.00000000
2018-02-24 22:53:53,0.00057958,42.00000000
2018-02-24 22:53:55,0.00057933,355.00000000
2018-02-24 22:54:05,0.00057899,5.00000000
2018-02-24 22:54:07,0.00057896,121.00000000
2018-02-24 22:54:20,0.00057897,33.00000000
2018-02-24 22:54:20,0.00057896,67.00000000
2018-02-24 22:54:47,0.00057896,46.00000000
2018-02-24 22:54:54,0.00057896,17.00000000
2018-02-24 22:55:02,0.00057896,21.00000000
2018-02-24 22:55:02,0.00057807,4.00000000
2018-02-24 22:55:02,0.00057801,155.00000000
2018-02-24 22:55:14,0.00057894,8.00000000
2018-02-24 22:55:14,0.00057807,2.00000000
2018-02-24 22:55:30,0.00057894,4.00000000
2018-02-24 22:56:21,0.00057894,50.00000000
2018-02-24 22:56:23,0.00057895,3.00000000
2018-02-24 22:56:24,0.00057894,120.00000000
2018-02-24 22:56:24,0.00057894,29.00000000
2018-02-24 22:56:25,0.00057894,211.00000000
2018-02-24 22:56:25,0.00057807,2.00000000
2018-02-24 22:56:25,0.00057801,63.00000000
2018-02-24 22:56:29,0.00057889,4.00000000
2018-02-24 22:56:29,0.00057894,1.00000000
2018-02-24 22:56:36,0.00057894,18.00000000
2018-02-24 22:56:36,0.00057895,5.00000000
2018-02-24 22:56:36,0.00057807,2.00000000
2018-02-24 22:56:37,0.00057895,17.00000000
2018-02-24 22:57:17,0.00057890,157.00000000
2018-02-24 22:58:07,0.00057803,4.00000000
2018-02-24 22:58:07,0.00057801,7.00000000
2018-02-24 22:58:07,0.00057801,1.00000000
2018-02-24 22:58:08,0.00057890,4.00000000
2018-02-24 22:58:08,0.00057890,205.00000000
2018-02-24 22:58:12,0.00057888,6.00000000
2018-02-24 22:58:12,0.00057890,21.00000000
2018-02-24 22:58:16,0.00057890,18.00000000
2018-02-24 22:58:22,0.00057808,4.00000000
2018-02-24 22:58:22,0.00057804,25.00000000
2018-02-24 22:58:22,0.00057802,43.00000000
2018-02-24 22:58:39,0.00057884,3.00000000
2018-02-24 22:58:42,0.00057803,6.00000000
2018-02-24 22:58:43,0.00057803,3.00000000
2018-02-24 22:58:43,0.00057802,220.00000000
2018-02-24 22:58:43,0.00057801,51.00000000
2018-02-24 22:58:43,0.00057800,668.00000000
2018-02-24 22:58:47,0.00057800,205.00000000
2018-02-24 22:58:52,0.00057801,9.00000000
2018-02-24 22:58:52,0.00057800,23.00000000
2018-02-24 22:58:59,0.00057884,1.00000000
2018-02-24 22:59:07,0.00057808,1.00000000
2018-02-24 22:59:12,0.00057808,8.00000000
2018-02-24 22:59:12,0.00057808,13.00000000
2018-02-24 22:59:20,0.00057889,4.00000000
2018-02-24 22:59:20,0.00057894,47.00000000
2018-02-24 22:59:30,0.00057894,116.00000000
2018-02-24 22:59:30,0.00057895,284.00000000
