DATE,PRICE,VOLUME
2018-02-28 13:00:02,0.00047100,12.00000000
2018-02-28 13:00:02,0.00047101,99.00000000
2018-02-28 13:00:02,0.00047162,19.00000000
2018-02-28 13:00:02,0.00047169,11817.00000000
2018-02-28 13:00:05,0.00047101,8.00000000
2018-02-28 13:00:16,0.00047050,10.00000000
2018-02-28 13:00:16,0.00047045,10.00000000
2018-02-28 13:00:16,0.00047045,16.00000000
2018-02-28 13:00:16,0.00047045,24.00000000
2018-02-28 13:00:16,0.00047045,3.00000000
2018-02-28 13:00:17,0.00047045,80.00000000
2018-02-28 13:00:19,0.00047045,38.00000000
2018-02-28 13:00:21,0.00047045,52.00000000
2018-02-28 13:00:23,0.00047045,59.00000000
2018-02-28 13:00:24,0.00047045,204.00000000
2018-02-28 13:00:27,0.00047045,4.00000000
2018-02-28 13:00:28,0.00047100,159.00000000
2018-02-28 13:00:32,0.00047100,4.00000000
2018-02-28 13:00:37,0.00047100,11.00000000
2018-02-28 13:00:41,0.00047050,180.00000000
2018-02-28 13:00:50,0.00047050,19.00000000
2018-02-28 13:00:53,0.00047050,51.00000000
2018-02-28 13:00:56,0.00047050,3.00000000
2018-02-28 13:00:56,0.00047050,71.00000000
2018-02-28 13:00:56,0.00047050,15.00000000
2018-02-28 13:00:58,0.00047050,3.00000000
2018-02-28 13:01:00,0.00047050,15.00000000
2018-02-28 13:01:01,0.00047050,5.00000000
2018-02-28 13:01:01,0.00047050,4.00000000
2018-02-28 13:01:04,0.00047050,206.00000000
2018-02-28 13:01:06,0.00047050,72.00000000
2018-02-28 13:01:06,0.00047050,212.00000000
2018-02-28 13:01:07,0.00047045,215.00000000
2018-02-28 13:01:07,0.00047038,28.00000000
2018-02-28 13:01:13,0.00047038,810.00000000
2018-02-28 13:01:23,0.00047003,10.00000000
2018-02-28 13:01:24,0.00047003,69.00000000
2018-02-28 13:01:25,0.00047003,5.00000000
2018-02-28 13:01:26,0.00047000,500.00000000
2018-02-28 13:01:26,0.00047000,118.00000000
2018-02-28 13:01:26,0.00047000,10.00000000
2018-02-28 13:01:31,0.00046952,100.00000000
2018-02-28 13:01:31,0.00046952,10.00000000
2018-02-28 13:01:31,0.00046952,8.00000000
2018-02-28 13:01:34,0.00046947,9.00000000
2018-02-28 13:01:34,0.00046947,383.00000000
2018-02-28 13:01:35,0.00046947,699.00000000
2018-02-28 13:01:35,0.00046999,64.00000000
2018-02-28 13:01:37,0.00046948,34.00000000
2018-02-28 13:01:44,0.00046948,260.00000000
2018-02-28 13:01:48,0.00046948,79.00000000
2018-02-28 13:01:48,0.00047000,21.00000000
2018-02-28 13:01:48,0.00047000,21.00000000
2018-02-28 13:01:48,0.00047000,21.00000000
2018-02-28 13:01:49,0.00047000,21.00000000
2018-02-28 13:01:49,0.00047000,21.00000000
2018-02-28 13:01:49,0.00047000,36.00000000
2018-02-28 13:01:49,0.00047000,21.00000000
2018-02-28 13:01:49,0.00047000,21.00000000
2018-02-28 13:01:49,0.00047000,36.00000000
2018-02-28 13:01:49,0.00047000,16.00000000
2018-02-28 13:01:49,0.00047000,13.00000000
2018-02-28 13:01:49,0.00047000,16.00000000
2018-02-28 13:01:53,0.00047000,119.00000000
2018-02-28 13:01:57,0.00046997,243.00000000
2018-02-28 13:02:04,0.00046930,8.00000000
2018-02-28 13:02:04,0.00046900,492.00000000
2018-02-28 13:02:06,0.00046995,4.00000000
2018-02-28 13:02:08,0.00046995,27.00000000
2018-02-28 13:02:11,0.00046930,459.00000000
2018-02-28 13:02:11,0.00046903,10.00000000
2018-02-28 13:02:11,0.00046901,27.00000000
2018-02-28 13:02:11,0.00046900,205.00000000
2018-02-28 13:02:11,0.00046900,80.00000000
2018-02-28 13:02:20,0.00046903,149.00000000
2018-02-28 13:02:24,0.00046904,10.00000000
2018-02-28 13:02:24,0.00046903,76.00000000
2018-02-28 13:02:30,0.00046995,32.00000000
2018-02-28 13:02:30,0.00046904,10.00000000
2018-02-28 13:02:30,0.00046903,46.00000000
2018-02-28 13:02:32,0.00046903,4.00000000
2018-02-28 13:02:37,0.00046904,10.00000000
2018-02-28 13:02:37,0.00046903,31.00000000
2018-02-28 13:02:38,0.00046904,123.00000000
2018-02-28 13:02:38,0.00046904,13.00000000
2018-02-28 13:02:40,0.00046905,10.00000000
2018-02-28 13:02:40,0.00046904,36.00000000
2018-02-28 13:02:41,0.00046904,95.00000000
2018-02-28 13:02:41,0.00046903,128.00000000
2018-02-28 13:02:41,0.00046903,4347.00000000
2018-02-28 13:02:43,0.00046903,30.00000000
2018-02-28 13:02:54,0.00046904,10.00000000
2018-02-28 13:02:54,0.00046903,10.00000000
2018-02-28 13:02:54,0.00046903,5.00000000
2018-02-28 13:02:54,0.00046903,95.00000000
2018-02-28 13:02:55,0.00046903,314.00000000
2018-02-28 13:02:55,0.00046903,381.00000000
2018-02-28 13:02:55,0.00046903,134.00000000
2018-02-28 13:02:56,0.00046903,55.00000000
2018-02-28 13:02:59,0.00046994,4.00000000
2018-02-28 13:03:01,0.00046903,150.00000000
2018-02-28 13:03:03,0.00046985,16.00000000
2018-02-28 13:03:03,0.00046986,100.00000000
2018-02-28 13:03:03,0.00046902,4.00000000
2018-02-28 13:03:03,0.00046901,31.00000000
2018-02-28 13:03:03,0.00046900,144.00000000
2018-02-28 13:03:05,0.00046985,10.00000000
2018-02-28 13:03:08,0.00046986,81.00000000
2018-02-28 13:03:10,0.00046986,18.00000000
2018-02-28 13:03:11,0.00046986,1.00000000
2018-02-28 13:03:13,0.00046994,3.00000000
2018-02-28 13:03:13,0.00046994,22.00000000
2018-02-28 13:03:21,0.00046994,2.00000000
2018-02-28 13:03:21,0.00046995,8.00000000
2018-02-28 13:03:22,0.00046995,8.00000000
2018-02-28 13:03:29,0.00046995,21.00000000
2018-02-28 13:03:29,0.00046995,115.00000000
2018-02-28 13:03:29,0.00046995,96.00000000
2018-02-28 13:03:33,0.00046986,17.00000000
2018-02-28 13:03:33,0.00046985,11.00000000
2018-02-28 13:03:34,0.00046995,3.00000000
2018-02-28 13:03:37,0.00046995,191.00000000
2018-02-28 13:03:37,0.00046996,31.00000000
2018-02-28 13:03:37,0.00046999,115.00000000
2018-02-28 13:03:37,0.00047000,1248.00000000
2018-02-28 13:03:37,0.00047000,10.00000000
2018-02-28 13:03:41,0.00046995,36.00000000
2018-02-28 13:03:41,0.00046995,292.00000000
2018-02-28 13:03:45,0.00046995,61.00000000
2018-02-28 13:03:47,0.00046995,511.00000000
2018-02-28 13:03:48,0.00046995,20.00000000
2018-02-28 13:03:48,0.00046985,2.00000000
2018-02-28 13:03:48,0.00046901,85.00000000
2018-02-28 13:03:48,0.00046900,207.00000000
2018-02-28 13:03:58,0.00046916,9.00000000
2018-02-28 13:03:58,0.00046916,424.00000000
2018-02-28 13:04:01,0.00046901,10.00000000
2018-02-28 13:04:01,0.00046900,32.00000000
2018-02-28 13:04:01,0.00046875,94.00000000
2018-02-28 13:04:11,0.00046900,520.00000000
2018-02-28 13:04:11,0.00046900,1705.00000000
2018-02-28 13:04:11,0.00046900,475.00000000
2018-02-28 13:04:11,0.00046900,426.00000000
2018-02-28 13:04:11,0.00046875,154.00000000
2018-02-28 13:04:11,0.00046871,30.00000000
2018-02-28 13:04:11,0.00046856,11.00000000
2018-02-28 13:04:11,0.00046851,17.00000000
2018-02-28 13:04:11,0.00046850,225.00000000
2018-02-28 13:04:11,0.00046813,100.00000000
2018-02-28 13:04:11,0.00046809,19.00000000
2018-02-28 13:04:11,0.00046801,40.00000000
2018-02-28 13:04:11,0.00046800,978.00000000
2018-02-28 13:04:12,0.00046803,21.00000000
2018-02-28 13:04:12,0.00046802,63.00000000
2018-02-28 13:04:13,0.00046958,20.00000000
2018-02-28 13:04:13,0.00046963,20.00000000
2018-02-28 13:04:15,0.00046980,10.00000000
2018-02-28 13:04:18,0.00046972,53.00000000
2018-02-28 13:04:18,0.00046969,413.00000000
2018-02-28 13:04:20,0.00046968,85.00000000
2018-02-28 13:04:22,0.00046976,80.00000000
2018-02-28 13:04:22,0.00046979,30.00000000
2018-02-28 13:04:22,0.00046980,1308.00000000
2018-02-28 13:04:22,0.00046984,19.00000000
2018-02-28 13:04:22,0.00046995,6.00000000
2018-02-28 13:04:22,0.00047000,980.00000000
2018-02-28 13:04:22,0.00047000,30.00000000
2018-02-28 13:04:22,0.00047019,10.00000000
2018-02-28 13:04:22,0.00047000,4.00000000
2018-02-28 13:04:23,0.00047019,120.00000000
2018-02-28 13:04:23,0.00047050,159.00000000
2018-02-28 13:04:23,0.00047063,61.00000000
2018-02-28 13:04:23,0.00047071,20.00000000
2018-02-28 13:04:23,0.00047100,22.00000000
2018-02-28 13:04:23,0.00047102,40.00000000
2018-02-28 13:04:23,0.00047105,100.00000000
2018-02-28 13:04:23,0.00047131,8.00000000
2018-02-28 13:04:23,0.00047132,684.00000000
2018-02-28 13:04:23,0.00047132,83.00000000
2018-02-28 13:04:23,0.00047102,4.00000000
2018-02-28 13:04:23,0.00047102,16.00000000
2018-02-28 13:04:24,0.00047168,30.00000000
2018-02-28 13:04:24,0.00047169,1056.00000000
2018-02-28 13:04:24,0.00047168,30.00000000
2018-02-28 13:04:24,0.00047169,325.00000000
2018-02-28 13:04:25,0.00047096,40.00000000
2018-02-28 13:04:28,0.00047167,8.00000000
2018-02-28 13:04:30,0.00047167,2.00000000
2018-02-28 13:04:30,0.00047167,12.00000000
2018-02-28 13:04:32,0.00047095,9.00000000
2018-02-28 13:04:32,0.00047167,2.00000000
2018-02-28 13:04:40,0.00047085,10.00000000
2018-02-28 13:04:40,0.00047066,10.00000000
2018-02-28 13:04:43,0.00047167,38.00000000
2018-02-28 13:04:43,0.00047169,521.00000000
2018-02-28 13:04:49,0.00047073,138.00000000
2018-02-28 13:04:51,0.00047073,74.00000000
2018-02-28 13:04:51,0.00047071,84.00000000
2018-02-28 13:04:53,0.00047028,21.00000000
2018-02-28 13:04:53,0.00047027,40.00000000
2018-02-28 13:04:53,0.00047026,71.00000000
2018-02-28 13:04:55,0.00047005,31.00000000
2018-02-28 13:04:55,0.00047004,30.00000000
2018-02-28 13:04:55,0.00047003,30.00000000
2018-02-28 13:04:57,0.00046992,10.00000000
2018-02-28 13:04:59,0.00046986,40.00000000
2018-02-28 13:05:11,0.00046965,23.00000000
2018-02-28 13:05:12,0.00046962,3.00000000
2018-02-28 13:05:13,0.00046962,4.00000000
2018-02-28 13:05:14,0.00046959,31.00000000
2018-02-28 13:05:16,0.00046956,6.00000000
2018-02-28 13:05:16,0.00046954,5.00000000
2018-02-28 13:05:17,0.00046948,5.00000000
2018-02-28 13:05:24,0.00046928,3.00000000
2018-02-28 13:05:25,0.00046928,42.00000000
2018-02-28 13:05:25,0.00046928,60.00000000
2018-02-28 13:05:25,0.00046939,79.00000000
2018-02-28 13:05:25,0.00046927,47.00000000
2018-02-28 13:05:26,0.00046927,4.00000000
2018-02-28 13:05:26,0.00046927,54.00000000
2018-02-28 13:05:28,0.00046878,213.00000000
2018-02-28 13:05:28,0.00046875,787.00000000
2018-02-28 13:05:29,0.00046879,8.00000000
2018-02-28 13:05:32,0.00046988,100.00000000
2018-02-28 13:05:36,0.00046937,3.00000000
2018-02-28 13:05:36,0.00046936,3.00000000
2018-02-28 13:05:37,0.00046934,7.00000000
2018-02-28 13:05:38,0.00046934,19.00000000
2018-02-28 13:05:38,0.00046934,46.00000000
2018-02-28 13:05:40,0.00046927,33.00000000
2018-02-28 13:05:40,0.00046922,6.00000000
2018-02-28 13:05:41,0.00046928,38.00000000
2018-02-28 13:05:43,0.00046989,6.00000000
2018-02-28 13:05:45,0.00046989,6.00000000
2018-02-28 13:05:47,0.00047000,4.00000000
2018-02-28 13:05:47,0.00047002,2.00000000
2018-02-28 13:05:58,0.00046989,82.00000000
2018-02-28 13:06:01,0.00046989,255.00000000
2018-02-28 13:06:01,0.00046997,30.00000000
2018-02-28 13:06:01,0.00047000,271.00000000
2018-02-28 13:06:01,0.00047001,200.00000000
2018-02-28 13:06:01,0.00047002,470.00000000
2018-02-28 13:06:01,0.00047003,909.00000000
2018-02-28 13:06:01,0.00047003,30.00000000
2018-02-28 13:06:01,0.00047003,30.00000000
2018-02-28 13:06:01,0.00047003,30.00000000
2018-02-28 13:06:01,0.00047003,30.00000000
2018-02-28 13:06:01,0.00047003,15.00000000
2018-02-28 13:06:01,0.00047004,200.00000000
2018-02-28 13:06:01,0.00047005,17.00000000
2018-02-28 13:06:11,0.00047005,5.00000000
2018-02-28 13:06:11,0.00047005,5.00000000
2018-02-28 13:06:12,0.00046936,9.00000000
2018-02-28 13:06:12,0.00046935,26.00000000
2018-02-28 13:06:29,0.00047002,10.00000000
2018-02-28 13:06:29,0.00047003,90.00000000
2018-02-28 13:06:33,0.00046990,98.00000000
2018-02-28 13:06:33,0.00046950,8.00000000
2018-02-28 13:06:33,0.00046935,492.00000000
2018-02-28 13:06:39,0.00046935,23.00000000
2018-02-28 13:06:45,0.00046935,200.00000000
2018-02-28 13:06:51,0.00046935,93.00000000
2018-02-28 13:06:53,0.00046935,1088.00000000
2018-02-28 13:06:53,0.00047000,5.00000000
2018-02-28 13:06:53,0.00047003,175.00000000
2018-02-28 13:06:55,0.00047004,8.00000000
2018-02-28 13:06:56,0.00047005,39.00000000
2018-02-28 13:06:59,0.00047004,108.00000000
2018-02-28 13:07:00,0.00047004,22.00000000
2018-02-28 13:07:02,0.00047010,100.00000000
2018-02-28 13:07:02,0.00047004,58.00000000
2018-02-28 13:07:02,0.00047004,118.00000000
2018-02-28 13:07:05,0.00046928,38.00000000
2018-02-28 13:07:09,0.00047000,7.00000000
2018-02-28 13:07:09,0.00047000,162.00000000
2018-02-28 13:07:15,0.00047009,10.00000000
2018-02-28 13:07:15,0.00047010,65.00000000
2018-02-28 13:07:15,0.00047010,9.00000000
2018-02-28 13:07:16,0.00047010,717.00000000
2018-02-28 13:07:16,0.00047050,213.00000000
2018-02-28 13:07:16,0.00047050,7.00000000
2018-02-28 13:07:16,0.00047050,7.00000000
2018-02-28 13:07:16,0.00047050,56.00000000
2018-02-28 13:07:16,0.00047050,3.00000000
2018-02-28 13:07:17,0.00047050,11.00000000
2018-02-28 13:07:19,0.00047015,381.00000000
2018-02-28 13:07:35,0.00047074,10.00000000
2018-02-28 13:07:36,0.00047015,4.00000000
2018-02-28 13:07:37,0.00047074,10.00000000
2018-02-28 13:07:40,0.00047074,1.00000000
2018-02-28 13:07:40,0.00047075,10.00000000
2018-02-28 13:07:40,0.00047076,2.00000000
2018-02-28 13:07:41,0.00047015,2.00000000
2018-02-28 13:07:42,0.00047075,10.00000000
2018-02-28 13:07:42,0.00047076,7.00000000
2018-02-28 13:07:43,0.00047080,380.00000000
2018-02-28 13:07:43,0.00047015,36.00000000
2018-02-28 13:07:43,0.00046981,30.00000000
2018-02-28 13:07:43,0.00046980,60.00000000
2018-02-28 13:07:43,0.00046981,21.00000000
2018-02-28 13:07:43,0.00047080,21.00000000
2018-02-28 13:07:43,0.00047089,11.00000000
2018-02-28 13:07:43,0.00047142,10.00000000
2018-02-28 13:07:43,0.00047167,66.00000000
2018-02-28 13:07:53,0.00047159,60.00000000
2018-02-28 13:07:57,0.00047167,157.00000000
2018-02-28 13:07:57,0.00047168,64.00000000
2018-02-28 13:07:59,0.00047167,4.00000000
2018-02-28 13:07:59,0.00047075,212.00000000
2018-02-28 13:07:59,0.00047073,84.00000000
2018-02-28 13:07:59,0.00047070,19.00000000
2018-02-28 13:07:59,0.00047070,17.00000000
2018-02-28 13:07:59,0.00047070,15.00000000
2018-02-28 13:07:59,0.00047070,17.00000000
2018-02-28 13:07:59,0.00047070,160.00000000
2018-02-28 13:07:59,0.00047070,150.00000000
2018-02-28 13:07:59,0.00047070,91.00000000
2018-02-28 13:07:59,0.00047068,17.00000000
2018-02-28 13:08:00,0.00047061,10.00000000
2018-02-28 13:08:01,0.00047068,7.00000000
2018-02-28 13:08:01,0.00047068,170.00000000
2018-02-28 13:08:03,0.00047068,13.00000000
2018-02-28 13:08:08,0.00047068,10.00000000
2018-02-28 13:08:08,0.00047070,17.00000000
2018-02-28 13:08:11,0.00047068,41.00000000
2018-02-28 13:08:12,0.00047068,12.00000000
2018-02-28 13:08:13,0.00047009,17.00000000
2018-02-28 13:08:13,0.00047000,213.00000000
2018-02-28 13:08:13,0.00047068,87.00000000
2018-02-28 13:08:14,0.00047014,10.00000000
2018-02-28 13:08:15,0.00047018,9.00000000
2018-02-28 13:08:15,0.00047014,14.00000000
2018-02-28 13:08:24,0.00047003,981.00000000
2018-02-28 13:08:24,0.00047003,44.00000000
2018-02-28 13:08:26,0.00047057,6.00000000
2018-02-28 13:08:36,0.00046968,6.00000000
2018-02-28 13:08:37,0.00046967,12.00000000
2018-02-28 13:08:42,0.00046967,198.00000000
2018-02-28 13:08:47,0.00046967,351.00000000
2018-02-28 13:08:48,0.00047003,20.00000000
2018-02-28 13:08:55,0.00047002,350.00000000
2018-02-28 13:08:55,0.00047003,160.00000000
2018-02-28 13:09:02,0.00047003,76.00000000
2018-02-28 13:09:03,0.00047003,570.00000000
2018-02-28 13:09:04,0.00047003,119.00000000
2018-02-28 13:09:07,0.00047003,23.00000000
2018-02-28 13:09:09,0.00047003,383.00000000
2018-02-28 13:09:13,0.00047003,21.00000000
2018-02-28 13:09:14,0.00047003,10.00000000
2018-02-28 13:09:15,0.00047003,19.00000000
2018-02-28 13:09:16,0.00047003,8.00000000
2018-02-28 13:09:18,0.00047003,182.00000000
2018-02-28 13:09:18,0.00047003,15.00000000
2018-02-28 13:09:18,0.00047003,398.00000000
2018-02-28 13:09:19,0.00047057,197.00000000
2018-02-28 13:09:22,0.00047004,192.00000000
2018-02-28 13:09:23,0.00047057,1.00000000
2018-02-28 13:09:23,0.00047058,9.00000000
2018-02-28 13:09:27,0.00047058,195.00000000
2018-02-28 13:09:27,0.00047068,277.00000000
2018-02-28 13:09:27,0.00047090,30.00000000
2018-02-28 13:09:42,0.00047057,6.00000000
2018-02-28 13:09:48,0.00046978,32.00000000
2018-02-28 13:09:48,0.00046967,420.00000000
2018-02-28 13:09:54,0.00047057,70.00000000
2018-02-28 13:10:08,0.00047055,10.00000000
2018-02-28 13:10:08,0.00047056,10.00000000
2018-02-28 13:10:08,0.00047057,8.00000000
2018-02-28 13:10:20,0.00046970,16.00000000
2018-02-28 13:10:20,0.00046970,4.00000000
2018-02-28 13:10:20,0.00046969,18.00000000
2018-02-28 13:10:20,0.00046968,48.00000000
2018-02-28 13:10:27,0.00046968,60.00000000
2018-02-28 13:10:32,0.00046968,1.00000000
2018-02-28 13:10:43,0.00047005,356.00000000
2018-02-28 13:10:44,0.00047005,4.00000000
2018-02-28 13:10:47,0.00047005,31.00000000
2018-02-28 13:10:47,0.00047056,11.00000000
2018-02-28 13:10:47,0.00047057,70.00000000
2018-02-28 13:10:49,0.00046969,13.00000000
2018-02-28 13:10:50,0.00047056,10.00000000
2018-02-28 13:10:51,0.00047056,7.00000000
2018-02-28 13:10:51,0.00047057,61.00000000
2018-02-28 13:10:58,0.00047009,211.00000000
2018-02-28 13:10:58,0.00047007,10.00000000
2018-02-28 13:11:10,0.00047082,184.00000000
2018-02-28 13:11:10,0.00047079,10.00000000
2018-02-28 13:11:12,0.00047079,17.00000000
2018-02-28 13:11:13,0.00047136,10.00000000
2018-02-28 13:11:14,0.00047137,10.00000000
2018-02-28 13:11:14,0.00047079,17.00000000
2018-02-28 13:11:14,0.00047001,10.00000000
2018-02-28 13:11:14,0.00047000,52.00000000
2018-02-28 13:11:15,0.00047084,10.00000000
2018-02-28 13:11:15,0.00047153,10.00000000
2018-02-28 13:11:18,0.00047080,10.00000000
2018-02-28 13:11:18,0.00047079,382.00000000
2018-02-28 13:11:18,0.00047026,19.00000000
2018-02-28 13:11:19,0.00047153,10.00000000
2018-02-28 13:11:19,0.00047154,10.00000000
2018-02-28 13:11:19,0.00047154,14.00000000
2018-02-28 13:11:19,0.00047163,6.00000000
2018-02-28 13:11:19,0.00047163,3.00000000
2018-02-28 13:11:20,0.00047038,17.00000000
2018-02-28 13:11:21,0.00047048,209.00000000
2018-02-28 13:11:21,0.00047047,20.00000000
2018-02-28 13:11:21,0.00047046,19.00000000
2018-02-28 13:11:22,0.00047084,183.00000000
2018-02-28 13:11:27,0.00047101,112.00000000
2018-02-28 13:11:36,0.00047064,97.00000000
2018-02-28 13:11:36,0.00047066,10.00000000
2018-02-28 13:11:36,0.00047081,19.00000000
2018-02-28 13:11:36,0.00047160,30.00000000
2018-02-28 13:11:36,0.00047162,18.00000000
2018-02-28 13:11:36,0.00047163,454.00000000
2018-02-28 13:11:37,0.00047081,126.00000000
2018-02-28 13:11:37,0.00047160,10.00000000
2018-02-28 13:11:42,0.00047077,10.00000000
2018-02-28 13:11:52,0.00047101,140.00000000
2018-02-28 13:12:01,0.00047101,9.00000000
2018-02-28 13:12:04,0.00047149,10.00000000
2018-02-28 13:12:06,0.00047150,16.00000000
2018-02-28 13:12:06,0.00047156,1.00000000
2018-02-28 13:12:07,0.00047101,6.00000000
2018-02-28 13:12:18,0.00047156,198.00000000
2018-02-28 13:12:33,0.00047156,163.00000000
2018-02-28 13:12:36,0.00047145,70.00000000
2018-02-28 13:12:38,0.00047145,91.00000000
2018-02-28 13:12:41,0.00047145,110.00000000
2018-02-28 13:12:41,0.00047145,342.00000000
2018-02-28 13:12:41,0.00047101,127.00000000
2018-02-28 13:12:42,0.00047145,220.00000000
2018-02-28 13:12:43,0.00047145,76.00000000
2018-02-28 13:12:43,0.00047101,139.00000000
2018-02-28 13:12:52,0.00047145,171.00000000
2018-02-28 13:12:53,0.00047101,950.00000000
2018-02-28 13:12:54,0.00047101,3.00000000
2018-02-28 13:13:16,0.00047104,10.00000000
2018-02-28 13:13:19,0.00047028,31.00000000
2018-02-28 13:13:22,0.00047155,27.00000000
2018-02-28 13:13:24,0.00047056,100.00000000
2018-02-28 13:13:26,0.00047065,16.00000000
2018-02-28 13:13:31,0.00047055,4.00000000
2018-02-28 13:13:31,0.00047054,53.00000000
2018-02-28 13:13:31,0.00047054,32.00000000
2018-02-28 13:13:31,0.00047017,18.00000000
2018-02-28 13:13:31,0.00047012,30.00000000
2018-02-28 13:13:31,0.00047011,135.00000000
2018-02-28 13:13:40,0.00047025,50.00000000
2018-02-28 13:13:41,0.00047026,131.00000000
2018-02-28 13:13:41,0.00047028,127.00000000
2018-02-28 13:13:41,0.00047026,21.00000000
2018-02-28 13:13:41,0.00047025,38.00000000
2018-02-28 13:13:49,0.00047027,59.00000000
2018-02-28 13:13:50,0.00047027,32.00000000
2018-02-28 13:13:51,0.00047120,8.00000000
2018-02-28 13:13:54,0.00047111,25.00000000
2018-02-28 13:13:55,0.00047026,8.00000000
2018-02-28 13:13:55,0.00047025,42.00000000
2018-02-28 13:14:19,0.00047025,140.00000000
2018-02-28 13:14:23,0.00047025,73.00000000
2018-02-28 13:14:23,0.00047023,30.00000000
2018-02-28 13:14:24,0.00047023,36.00000000
2018-02-28 13:14:24,0.00047025,41.00000000
2018-02-28 13:14:26,0.00047099,10.00000000
2018-02-28 13:14:34,0.00047042,12.00000000
2018-02-28 13:14:34,0.00047036,25.00000000
2018-02-28 13:14:34,0.00047029,8.00000000
2018-02-28 13:14:52,0.00047099,1008.00000000
2018-02-28 13:14:52,0.00047100,3.00000000
2018-02-28 13:14:52,0.00047121,85.00000000
2018-02-28 13:14:52,0.00047144,48.00000000
2018-02-28 13:14:52,0.00047145,8.00000000
2018-02-28 13:15:02,0.00047053,10.00000000
2018-02-28 13:15:02,0.00047052,9.00000000
2018-02-28 13:15:02,0.00047049,6.00000000
2018-02-28 13:15:05,0.00047144,20.00000000
2018-02-28 13:15:05,0.00047145,73.00000000
2018-02-28 13:15:10,0.00047145,10.00000000
2018-02-28 13:15:14,0.00047145,700.00000000
2018-02-28 13:15:16,0.00047052,10.00000000
2018-02-28 13:15:18,0.00047144,1458.00000000
2018-02-28 13:15:18,0.00047149,83.00000000
2018-02-28 13:15:18,0.00047150,142.00000000
2018-02-28 13:15:18,0.00047156,74.00000000
2018-02-28 13:15:18,0.00047162,8.00000000
2018-02-28 13:15:18,0.00047163,301.00000000
2018-02-28 13:15:18,0.00047164,562.00000000
2018-02-28 13:15:18,0.00047165,207.00000000
2018-02-28 13:15:18,0.00047166,375.00000000
2018-02-28 13:15:18,0.00047168,500.00000000
2018-02-28 13:15:18,0.00047169,1825.00000000
2018-02-28 13:15:22,0.00047169,72.00000000
2018-02-28 13:15:24,0.00047169,665.00000000
2018-02-28 13:15:30,0.00047168,11.00000000
2018-02-28 13:15:30,0.00047170,57.00000000
2018-02-28 13:15:30,0.00047200,1076.00000000
2018-02-28 13:15:30,0.00047210,19.00000000
2018-02-28 13:15:30,0.00047271,4.00000000
2018-02-28 13:15:30,0.00047271,26.00000000
2018-02-28 13:15:30,0.00047294,4.00000000
2018-02-28 13:15:30,0.00047299,319.00000000
2018-02-28 13:15:30,0.00047400,75.00000000
2018-02-28 13:15:30,0.00047400,202.00000000
2018-02-28 13:15:31,0.00047419,25.00000000
2018-02-28 13:15:31,0.00047179,10.00000000
2018-02-28 13:15:32,0.00047181,210.00000000
2018-02-28 13:15:32,0.00047179,10.00000000
2018-02-28 13:15:32,0.00047178,480.00000000
2018-02-28 13:15:44,0.00047292,175.00000000
2018-02-28 13:15:44,0.00047292,35.00000000
2018-02-28 13:15:44,0.00047294,10.00000000
2018-02-28 13:15:45,0.00047298,89.00000000
2018-02-28 13:15:54,0.00047233,16.00000000
2018-02-28 13:15:55,0.00047233,68.00000000
2018-02-28 13:15:56,0.00047233,91.00000000
2018-02-28 13:15:56,0.00047297,22.00000000
2018-02-28 13:16:03,0.00047250,89.00000000
2018-02-28 13:16:09,0.00047293,2.00000000
2018-02-28 13:16:11,0.00047250,11.00000000
2018-02-28 13:16:17,0.00047197,60.00000000
2018-02-28 13:16:19,0.00047250,124.00000000
2018-02-28 13:16:19,0.00047284,60.00000000
2018-02-28 13:16:19,0.00047286,6.00000000
2018-02-28 13:16:19,0.00047291,287.00000000
2018-02-28 13:16:19,0.00047291,104.00000000
2018-02-28 13:16:19,0.00047292,63.00000000
2018-02-28 13:16:19,0.00047292,21.00000000
2018-02-28 13:16:20,0.00047251,9.00000000
2018-02-28 13:16:20,0.00047297,116.00000000
2018-02-28 13:16:26,0.00047297,57.00000000
2018-02-28 13:16:28,0.00047297,63.00000000
2018-02-28 13:16:34,0.00047297,4.00000000
2018-02-28 13:16:34,0.00047297,16.00000000
2018-02-28 13:16:44,0.00047252,292.00000000
2018-02-28 13:16:44,0.00047252,165.00000000
2018-02-28 13:16:45,0.00047297,135.00000000
2018-02-28 13:16:48,0.00047296,8.00000000
2018-02-28 13:16:48,0.00047297,29.00000000
2018-02-28 13:16:52,0.00047227,19.00000000
2018-02-28 13:16:52,0.00047217,84.00000000
2018-02-28 13:16:52,0.00047197,121.00000000
2018-02-28 13:16:53,0.00047296,10.00000000
2018-02-28 13:16:53,0.00047297,82.00000000
2018-02-28 13:16:55,0.00047171,211.00000000
2018-02-28 13:16:58,0.00047171,20.00000000
2018-02-28 13:16:58,0.00047170,23.00000000
2018-02-28 13:16:58,0.00047150,13.00000000
2018-02-28 13:16:58,0.00047146,30.00000000
2018-02-28 13:16:58,0.00047145,112.00000000
2018-02-28 13:17:01,0.00047145,4.00000000
2018-02-28 13:17:01,0.00047112,30.00000000
2018-02-28 13:17:01,0.00047111,130.00000000
2018-02-28 13:17:02,0.00047090,8.00000000
2018-02-28 13:17:02,0.00047064,10.00000000
2018-02-28 13:17:02,0.00047055,30.00000000
2018-02-28 13:17:02,0.00047054,26.00000000
2018-02-28 13:17:03,0.00047114,21.00000000
2018-02-28 13:17:03,0.00047054,33.00000000
2018-02-28 13:17:03,0.00047025,30.00000000
2018-02-28 13:17:03,0.00047024,86.00000000
2018-02-28 13:17:06,0.00047029,30.00000000
2018-02-28 13:17:06,0.00047028,239.00000000
2018-02-28 13:17:06,0.00047027,586.00000000
2018-02-28 13:17:09,0.00047091,10.00000000
2018-02-28 13:17:09,0.00047090,1299.00000000
2018-02-28 13:17:10,0.00047112,211.00000000
2018-02-28 13:17:10,0.00047113,10.00000000
2018-02-28 13:17:10,0.00047114,53.00000000
2018-02-28 13:17:11,0.00047113,10.00000000
2018-02-28 13:17:11,0.00047113,13.00000000
2018-02-28 13:17:14,0.00047197,84.00000000
2018-02-28 13:17:14,0.00047198,21.00000000
2018-02-28 13:17:14,0.00047204,30.00000000
2018-02-28 13:17:14,0.00047259,74.00000000
2018-02-28 13:17:14,0.00047262,51.00000000
2018-02-28 13:17:17,0.00047259,10.00000000
2018-02-28 13:17:17,0.00047260,10.00000000
2018-02-28 13:17:17,0.00047290,18.00000000
2018-02-28 13:17:19,0.00047219,3.00000000
2018-02-28 13:17:20,0.00047289,3.00000000
2018-02-28 13:17:20,0.00047290,2.00000000
2018-02-28 13:17:21,0.00047247,10.00000000
2018-02-28 13:17:21,0.00047246,18.00000000
2018-02-28 13:17:21,0.00047295,5.00000000
2018-02-28 13:17:24,0.00047288,5.00000000
2018-02-28 13:17:32,0.00047178,15.00000000
2018-02-28 13:17:32,0.00047272,5.00000000
2018-02-28 13:17:32,0.00047178,7.00000000
2018-02-28 13:17:54,0.00047228,3.00000000
2018-02-28 13:17:55,0.00047228,19.00000000
2018-02-28 13:17:55,0.00047230,8.00000000
2018-02-28 13:17:55,0.00047232,20.00000000
2018-02-28 13:17:55,0.00047250,37.00000000
2018-02-28 13:18:01,0.00047249,10.00000000
2018-02-28 13:18:01,0.00047250,29.00000000
2018-02-28 13:18:21,0.00047240,30.00000000
2018-02-28 13:18:28,0.00047240,75.00000000
2018-02-28 13:18:29,0.00047192,29.00000000
2018-02-28 13:18:34,0.00047240,6.00000000
2018-02-28 13:18:35,0.00047178,3.00000000
2018-02-28 13:18:57,0.00047192,29.00000000
2018-02-28 13:19:05,0.00047177,5.00000000
2018-02-28 13:19:06,0.00047177,2.00000000
2018-02-28 13:19:07,0.00047177,47.00000000
2018-02-28 13:19:11,0.00047178,14.00000000
2018-02-28 13:19:11,0.00047200,76.00000000
2018-02-28 13:19:19,0.00047150,50.00000000
2018-02-28 13:19:20,0.00047147,55.00000000
2018-02-28 13:19:20,0.00047147,24.00000000
2018-02-28 13:19:21,0.00047147,10.00000000
2018-02-28 13:19:23,0.00047176,49.00000000
2018-02-28 13:19:23,0.00047177,52.00000000
2018-02-28 13:19:25,0.00047176,30.00000000
2018-02-28 13:19:26,0.00047176,30.00000000
2018-02-28 13:19:26,0.00047176,26.00000000
2018-02-28 13:19:27,0.00047177,238.00000000
2018-02-28 13:19:32,0.00047147,27.00000000
2018-02-28 13:19:33,0.00047147,230.00000000
2018-02-28 13:19:37,0.00047147,202.00000000
2018-02-28 13:19:39,0.00047147,1120.00000000
2018-02-28 13:19:42,0.00047147,48.00000000
2018-02-28 13:19:42,0.00047113,11.00000000
2018-02-28 13:19:42,0.00047100,11.00000000
2018-02-28 13:19:51,0.00047100,54.00000000
2018-02-28 13:19:53,0.00047100,207.00000000
2018-02-28 13:19:53,0.00047100,28.00000000
2018-02-28 13:19:53,0.00047150,7.00000000
2018-02-28 13:19:54,0.00047150,10.00000000
2018-02-28 13:19:54,0.00047177,93.00000000
2018-02-28 13:20:10,0.00047178,1000.00000000
2018-02-28 13:20:17,0.00047178,58.00000000
2018-02-28 13:20:20,0.00047178,11.00000000
2018-02-28 13:20:27,0.00047177,26.00000000
2018-02-28 13:20:29,0.00047177,43.00000000
2018-02-28 13:20:35,0.00047177,26.00000000
2018-02-28 13:20:51,0.00047177,70.00000000
2018-02-28 13:20:58,0.00047100,332.00000000
2018-02-28 13:20:58,0.00047098,47.00000000
2018-02-28 13:20:58,0.00047090,10.00000000
2018-02-28 13:20:58,0.00047055,85.00000000
2018-02-28 13:20:58,0.00047048,19.00000000
2018-02-28 13:20:58,0.00047047,67.00000000
2018-02-28 13:21:00,0.00047174,10.00000000
2018-02-28 13:21:00,0.00047175,85.00000000
2018-02-28 13:21:00,0.00047177,35.00000000
2018-02-28 13:21:01,0.00047177,47.00000000
2018-02-28 13:21:02,0.00047177,38.00000000
2018-02-28 13:21:02,0.00047177,41.00000000
2018-02-28 13:21:02,0.00047059,38.00000000
2018-02-28 13:21:04,0.00047072,111.00000000
2018-02-28 13:21:04,0.00047080,20.00000000
2018-02-28 13:21:04,0.00047072,23.00000000
2018-02-28 13:21:05,0.00047082,54.00000000
2018-02-28 13:21:08,0.00047100,63.00000000
2018-02-28 13:21:09,0.00047066,6.00000000
2018-02-28 13:21:10,0.00047098,188.00000000
2018-02-28 13:21:10,0.00047100,26.00000000
2018-02-28 13:21:18,0.00047070,210.00000000
2018-02-28 13:21:18,0.00047068,30.00000000
2018-02-28 13:21:18,0.00047053,10.00000000
2018-02-28 13:21:18,0.00047047,468.00000000
2018-02-28 13:21:18,0.00047047,30.00000000
2018-02-28 13:21:18,0.00047047,30.00000000
2018-02-28 13:21:18,0.00047047,30.00000000
2018-02-28 13:21:18,0.00047047,62.00000000
2018-02-28 13:21:18,0.00047047,36.00000000
2018-02-28 13:21:18,0.00047047,30.00000000
2018-02-28 13:21:18,0.00047047,13.00000000
2018-02-28 13:21:18,0.00047047,30.00000000
2018-02-28 13:21:18,0.00047047,20.00000000
2018-02-28 13:21:18,0.00047047,21.00000000
2018-02-28 13:21:19,0.00047016,53.00000000
2018-02-28 13:21:19,0.00047045,10.00000000
2018-02-28 13:21:19,0.00047045,200.00000000
2018-02-28 13:21:19,0.00047047,407.00000000
2018-02-28 13:21:19,0.00047016,25.00000000
2018-02-28 13:21:20,0.00047016,53.00000000
2018-02-28 13:21:20,0.00047046,10.00000000
2018-02-28 13:21:20,0.00047047,96.00000000
2018-02-28 13:21:20,0.00047018,15.00000000
2018-02-28 13:21:20,0.00047018,194.00000000
2018-02-28 13:21:20,0.00047016,823.00000000
2018-02-28 13:21:20,0.00047011,51.00000000
2018-02-28 13:21:20,0.00047010,432.00000000
2018-02-28 13:21:20,0.00047001,4.00000000
2018-02-28 13:21:20,0.00047000,1191.00000000
2018-02-28 13:21:20,0.00047000,206.00000000
2018-02-28 13:21:24,0.00047016,468.00000000
2018-02-28 13:21:24,0.00047016,532.00000000
2018-02-28 13:21:32,0.00047057,7.00000000
2018-02-28 13:21:35,0.00047057,77.00000000
2018-02-28 13:21:40,0.00047018,110.00000000
2018-02-28 13:21:40,0.00047016,853.00000000
2018-02-28 13:21:42,0.00047014,15.00000000
2018-02-28 13:21:42,0.00047014,4.00000000
2018-02-28 13:21:43,0.00047014,106.00000000
2018-02-28 13:21:43,0.00047016,18.00000000
2018-02-28 13:21:46,0.00047000,987.00000000
2018-02-28 13:21:49,0.00047016,19.00000000
2018-02-28 13:21:57,0.00047055,51.00000000
2018-02-28 13:21:58,0.00047016,1032.00000000
2018-02-28 13:21:58,0.00047000,1968.00000000
2018-02-28 13:22:00,0.00047000,245.00000000
2018-02-28 13:22:02,0.00047000,100.00000000
2018-02-28 13:22:03,0.00047000,2853.00000000
2018-02-28 13:22:04,0.00047000,80.00000000
2018-02-28 13:22:13,0.00046980,50.00000000
2018-02-28 13:22:14,0.00046999,324.00000000
2018-02-28 13:22:19,0.00046980,469.00000000
2018-02-28 13:22:19,0.00046968,51.00000000
2018-02-28 13:22:19,0.00046939,3.00000000
2018-02-28 13:22:19,0.00046927,86.00000000
2018-02-28 13:22:19,0.00046922,67.00000000
2018-02-28 13:22:30,0.00046922,1013.00000000
2018-02-28 13:22:31,0.00046999,55.00000000
2018-02-28 13:22:31,0.00046922,302.00000000
2018-02-28 13:22:32,0.00046999,1.00000000
2018-02-28 13:22:32,0.00047000,2.00000000
2018-02-28 13:22:32,0.00046923,71.00000000
2018-02-28 13:22:35,0.00046923,100.00000000
2018-02-28 13:22:42,0.00046923,6.00000000
2018-02-28 13:22:49,0.00046990,30.00000000
2018-02-28 13:22:53,0.00046923,169.00000000
2018-02-28 13:22:53,0.00046990,3.00000000
2018-02-28 13:22:55,0.00046902,10.00000000
2018-02-28 13:22:55,0.00046901,250.00000000
2018-02-28 13:22:57,0.00046990,17.00000000
2018-02-28 13:22:57,0.00047000,414.00000000
2018-02-28 13:22:58,0.00046907,140.00000000
2018-02-28 13:22:59,0.00046999,18.00000000
2018-02-28 13:23:09,0.00047054,29.00000000
2018-02-28 13:23:09,0.00047000,5.00000000
2018-02-28 13:23:21,0.00046997,132.00000000
2018-02-28 13:23:23,0.00046997,8.00000000
2018-02-28 13:23:30,0.00046999,6.00000000
2018-02-28 13:23:30,0.00047054,1.00000000
2018-02-28 13:23:30,0.00047055,116.00000000
2018-02-28 13:23:36,0.00047053,10.00000000
2018-02-28 13:23:36,0.00047054,30.00000000
2018-02-28 13:23:36,0.00047055,365.00000000
2018-02-28 13:23:36,0.00047100,7.00000000
2018-02-28 13:23:36,0.00047101,130.00000000
2018-02-28 13:23:36,0.00047121,13.00000000
2018-02-28 13:23:41,0.00047119,5.00000000
2018-02-28 13:23:42,0.00047119,5.00000000
2018-02-28 13:23:48,0.00047032,57.00000000
2018-02-28 13:23:49,0.00047033,30.00000000
2018-02-28 13:23:49,0.00047033,6.00000000
2018-02-28 13:23:57,0.00047043,4.00000000
2018-02-28 13:23:57,0.00047043,234.00000000
2018-02-28 13:23:57,0.00047050,326.00000000
2018-02-28 13:23:58,0.00047116,10.00000000
2018-02-28 13:23:58,0.00047117,10.00000000
2018-02-28 13:23:58,0.00047118,743.00000000
2018-02-28 13:24:10,0.00047177,79.00000000
2018-02-28 13:24:10,0.00047177,21.00000000
2018-02-28 13:24:10,0.00047177,10.00000000
2018-02-28 13:24:20,0.00047171,10.00000000
2018-02-28 13:24:23,0.00047177,10.00000000
2018-02-28 13:24:28,0.00047177,151.00000000
2018-02-28 13:24:28,0.00047200,369.00000000
2018-02-28 13:24:31,0.00047102,3.00000000
2018-02-28 13:24:50,0.00047151,11.00000000
2018-02-28 13:25:11,0.00047150,70.00000000
2018-02-28 13:25:21,0.00047150,76.00000000
2018-02-28 13:25:26,0.00047199,12.00000000
2018-02-28 13:25:26,0.00047200,15.00000000
2018-02-28 13:25:33,0.00047156,42.00000000
2018-02-28 13:25:34,0.00047156,150.00000000
2018-02-28 13:25:42,0.00047155,14.00000000
2018-02-28 13:25:44,0.00047198,78.00000000
2018-02-28 13:25:47,0.00047198,122.00000000
2018-02-28 13:25:47,0.00047199,366.00000000
2018-02-28 13:25:47,0.00047200,23.00000000
2018-02-28 13:25:48,0.00047200,110.00000000
2018-02-28 13:25:55,0.00047155,5.00000000
2018-02-28 13:25:59,0.00047200,14.00000000
2018-02-28 13:26:01,0.00047214,542.00000000
2018-02-28 13:26:04,0.00047214,414.00000000
2018-02-28 13:26:07,0.00047213,296.00000000
2018-02-28 13:26:17,0.00047212,19.00000000
2018-02-28 13:26:17,0.00047213,987.00000000
2018-02-28 13:26:19,0.00047200,4.00000000
2018-02-28 13:26:24,0.00047170,5.00000000
2018-02-28 13:26:28,0.00047170,69.00000000
2018-02-28 13:26:39,0.00047174,419.00000000
2018-02-28 13:26:42,0.00047170,50.00000000
2018-02-28 13:26:43,0.00047200,1.00000000
2018-02-28 13:26:46,0.00047170,297.00000000
2018-02-28 13:26:56,0.00047170,25.00000000
2018-02-28 13:27:01,0.00047170,10.00000000
2018-02-28 13:27:01,0.00047170,135.00000000
2018-02-28 13:27:05,0.00047170,113.00000000
2018-02-28 13:27:09,0.00047170,133.00000000
2018-02-28 13:27:10,0.00047170,10.00000000
2018-02-28 13:27:12,0.00047170,9.00000000
2018-02-28 13:27:15,0.00047197,17.00000000
2018-02-28 13:27:17,0.00047197,39.00000000
2018-02-28 13:27:17,0.00047171,91.00000000
2018-02-28 13:27:27,0.00047171,10.00000000
2018-02-28 13:27:27,0.00047171,18.00000000
2018-02-28 13:27:27,0.00047170,332.00000000
2018-02-28 13:27:28,0.00047171,9.00000000
2018-02-28 13:27:40,0.00047171,536.00000000
2018-02-28 13:27:40,0.00047170,601.00000000
2018-02-28 13:27:40,0.00047170,523.00000000
2018-02-28 13:27:40,0.00047170,342.00000000
2018-02-28 13:27:40,0.00047170,97.00000000
2018-02-28 13:27:47,0.00047171,321.00000000
2018-02-28 13:27:47,0.00047171,314.00000000
2018-02-28 13:27:50,0.00047171,112.00000000
2018-02-28 13:27:56,0.00047171,396.00000000
2018-02-28 13:27:56,0.00047152,235.00000000
2018-02-28 13:28:08,0.00047150,10.00000000
2018-02-28 13:28:12,0.00047151,25.00000000
2018-02-28 13:28:12,0.00047150,79.00000000
2018-02-28 13:28:19,0.00047150,25.00000000
2018-02-28 13:28:44,0.00047100,50.00000000
2018-02-28 13:28:49,0.00047100,15.00000000
2018-02-28 13:28:49,0.00047082,10.00000000
2018-02-28 13:28:50,0.00047082,20.00000000
2018-02-28 13:28:54,0.00047082,168.00000000
2018-02-28 13:28:54,0.00047082,144.00000000
2018-02-28 13:29:11,0.00047082,71.00000000
2018-02-28 13:29:15,0.00047082,20.00000000
2018-02-28 13:29:17,0.00047082,10.00000000
2018-02-28 13:29:22,0.00047082,208.00000000
2018-02-28 13:29:28,0.00047082,423.00000000
2018-02-28 13:29:29,0.00047082,542.00000000
2018-02-28 13:29:34,0.00047082,42.00000000
2018-02-28 13:29:37,0.00047082,116.00000000
2018-02-28 13:29:52,0.00047081,10.00000000
2018-02-28 13:29:52,0.00047082,21.00000000
2018-02-28 13:29:52,0.00047087,9.00000000
2018-02-28 13:29:58,0.00047087,25.00000000
2018-02-28 13:29:58,0.00047089,50.00000000
2018-02-28 13:29:58,0.00047090,33.00000000
2018-02-28 13:30:19,0.00047088,38.00000000
2018-02-28 13:30:20,0.00047088,3.00000000
2018-02-28 13:30:20,0.00047089,35.00000000
2018-02-28 13:30:21,0.00047090,38.00000000
2018-02-28 13:30:37,0.00047090,20.00000000
2018-02-28 13:30:38,0.00047040,10.00000000
2018-02-28 13:30:43,0.00047040,128.00000000
2018-02-28 13:31:01,0.00047089,74.00000000
2018-02-28 13:31:01,0.00047090,10.00000000
2018-02-28 13:31:02,0.00047050,10.00000000
2018-02-28 13:31:02,0.00047050,371.00000000
2018-02-28 13:31:02,0.00047040,1074.00000000
2018-02-28 13:31:02,0.00047035,73.00000000
2018-02-28 13:31:02,0.00047034,85.00000000
2018-02-28 13:31:02,0.00047004,17.00000000
2018-02-28 13:31:02,0.00046999,728.00000000
2018-02-28 13:31:12,0.00046999,77.00000000
2018-02-28 13:31:16,0.00046999,18.00000000
2018-02-28 13:31:16,0.00047040,2.00000000
2018-02-28 13:31:20,0.00046921,210.00000000
2018-02-28 13:31:20,0.00046919,12.00000000
2018-02-28 13:31:28,0.00046919,201.00000000
2018-02-28 13:31:28,0.00046921,290.00000000
2018-02-28 13:31:35,0.00046913,211.00000000
2018-02-28 13:31:35,0.00046911,30.00000000
2018-02-28 13:31:35,0.00046910,21.00000000
2018-02-28 13:31:39,0.00046908,21.00000000
2018-02-28 13:31:55,0.00046903,3.00000000
2018-02-28 13:31:55,0.00046902,7.00000000
2018-02-28 13:31:55,0.00046900,31.00000000
2018-02-28 13:31:55,0.00046900,127.00000000
2018-02-28 13:31:55,0.00046900,48.00000000
2018-02-28 13:31:58,0.00046900,21.00000000
2018-02-28 13:31:59,0.00046891,153.00000000
2018-02-28 13:31:59,0.00046874,9.00000000
2018-02-28 13:31:59,0.00046868,73.00000000
2018-02-28 13:31:59,0.00046845,143.00000000
2018-02-28 13:31:59,0.00046811,40.00000000
2018-02-28 13:31:59,0.00046810,75.00000000
2018-02-28 13:31:59,0.00046803,19.00000000
2018-02-28 13:31:59,0.00046800,109.00000000
2018-02-28 13:31:59,0.00046791,19.00000000
2018-02-28 13:31:59,0.00046790,857.00000000
2018-02-28 13:31:59,0.00046790,243.00000000
2018-02-28 13:31:59,0.00046787,131.00000000
2018-02-28 13:31:59,0.00046761,39.00000000
2018-02-28 13:31:59,0.00046761,60.00000000
2018-02-28 13:32:01,0.00046763,21.00000000
2018-02-28 13:32:01,0.00046762,87.00000000
2018-02-28 13:32:02,0.00046873,19.00000000
2018-02-28 13:32:02,0.00046889,8.00000000
2018-02-28 13:32:06,0.00046880,3.00000000
2018-02-28 13:32:08,0.00046876,3.00000000
2018-02-28 13:32:10,0.00046871,3.00000000
2018-02-28 13:32:10,0.00046871,3.00000000
2018-02-28 13:32:10,0.00046796,16.00000000
2018-02-28 13:32:10,0.00046788,32.00000000
2018-02-28 13:32:10,0.00046778,66.00000000
2018-02-28 13:32:10,0.00046870,30.00000000
2018-02-28 13:32:11,0.00046876,21.00000000
2018-02-28 13:32:12,0.00046867,14.00000000
2018-02-28 13:32:13,0.00046867,159.00000000
2018-02-28 13:32:13,0.00046869,21.00000000
2018-02-28 13:32:14,0.00046877,13.00000000
2018-02-28 13:32:15,0.00046809,13.00000000
2018-02-28 13:32:15,0.00046809,86.00000000
2018-02-28 13:32:20,0.00046876,30.00000000
2018-02-28 13:32:20,0.00046876,30.00000000
2018-02-28 13:32:21,0.00046876,30.00000000
2018-02-28 13:32:21,0.00046877,3.00000000
2018-02-28 13:32:23,0.00046877,3.00000000
2018-02-28 13:32:23,0.00046877,21.00000000
2018-02-28 13:32:24,0.00046877,188.00000000
2018-02-28 13:32:25,0.00046816,10.00000000
2018-02-28 13:32:32,0.00046877,35.00000000
2018-02-28 13:32:33,0.00046889,100.00000000
2018-02-28 13:32:39,0.00046823,12.00000000
2018-02-28 13:32:39,0.00046816,108.00000000
2018-02-28 13:32:42,0.00046889,2134.00000000
2018-02-28 13:32:42,0.00046823,124.00000000
2018-02-28 13:32:42,0.00046816,96.00000000
2018-02-28 13:32:42,0.00046810,685.00000000
2018-02-28 13:32:42,0.00046763,95.00000000
2018-02-28 13:32:42,0.00046750,10.00000000
2018-02-28 13:32:42,0.00046734,257.00000000
2018-02-28 13:32:42,0.00046710,10.00000000
2018-02-28 13:32:42,0.00046709,8.00000000
2018-02-28 13:32:42,0.00046703,213.00000000
2018-02-28 13:32:42,0.00046700,33.00000000
2018-02-28 13:32:43,0.00046702,97.00000000
2018-02-28 13:32:45,0.00046839,44.00000000
2018-02-28 13:32:45,0.00046816,10.00000000
2018-02-28 13:32:45,0.00046816,24.00000000
2018-02-28 13:32:45,0.00046816,229.00000000
2018-02-28 13:32:53,0.00046880,97.00000000
2018-02-28 13:32:54,0.00046882,64.00000000
2018-02-28 13:33:04,0.00046812,3.00000000
2018-02-28 13:33:04,0.00046806,6.00000000
2018-02-28 13:33:12,0.00046812,187.00000000
2018-02-28 13:33:12,0.00046810,15.00000000
2018-02-28 13:33:12,0.00046804,85.00000000
2018-02-28 13:33:12,0.00046792,30.00000000
2018-02-28 13:33:12,0.00046783,184.00000000
2018-02-28 13:33:12,0.00046775,257.00000000
2018-02-28 13:33:12,0.00046726,19.00000000
2018-02-28 13:33:12,0.00046700,223.00000000
2018-02-28 13:33:14,0.00046806,8.00000000
2018-02-28 13:33:17,0.00046892,68.00000000
2018-02-28 13:33:22,0.00046892,17.00000000
2018-02-28 13:33:22,0.00046893,18.00000000
2018-02-28 13:33:25,0.00046898,27.00000000
2018-02-28 13:33:25,0.00046909,19.00000000
2018-02-28 13:33:25,0.00046917,30.00000000
2018-02-28 13:33:29,0.00046825,87.00000000
2018-02-28 13:33:30,0.00046959,3.00000000
2018-02-28 13:33:36,0.00046894,3.00000000
2018-02-28 13:33:36,0.00046893,40.00000000
2018-02-28 13:33:36,0.00046834,30.00000000
2018-02-28 13:33:36,0.00046833,85.00000000
2018-02-28 13:33:36,0.00046814,5.00000000
2018-02-28 13:33:36,0.00046813,102.00000000
2018-02-28 13:33:36,0.00046806,104.00000000
2018-02-28 13:33:36,0.00046802,10.00000000
2018-02-28 13:33:36,0.00046802,213.00000000
2018-02-28 13:33:36,0.00046802,947.00000000
2018-02-28 13:33:36,0.00046802,333.00000000
2018-02-28 13:33:36,0.00046802,21.00000000
2018-02-28 13:33:36,0.00046802,812.00000000
2018-02-28 13:33:36,0.00046802,133.00000000
2018-02-28 13:33:36,0.00046800,93.00000000
2018-02-28 13:33:36,0.00046802,121.00000000
2018-02-28 13:33:36,0.00046802,21.00000000
2018-02-28 13:33:36,0.00046802,16.00000000
2018-02-28 13:33:36,0.00046802,281.00000000
2018-02-28 13:33:36,0.00046802,1560.00000000
2018-02-28 13:33:37,0.00046917,16.00000000
2018-02-28 13:33:37,0.00046960,5.00000000
2018-02-28 13:33:37,0.00046995,30.00000000
2018-02-28 13:33:37,0.00046996,7.00000000
2018-02-28 13:33:37,0.00047012,30.00000000
2018-02-28 13:33:37,0.00047016,131.00000000
2018-02-28 13:33:44,0.00047016,50.00000000
2018-02-28 13:33:44,0.00046923,210.00000000
2018-02-28 13:33:44,0.00046921,30.00000000
2018-02-28 13:33:44,0.00046917,2070.00000000
2018-02-28 13:33:46,0.00047029,37.00000000
2018-02-28 13:33:52,0.00046926,5.00000000
2018-02-28 13:33:52,0.00046917,11.00000000
2018-02-28 13:33:53,0.00047011,26.00000000
2018-02-28 13:33:54,0.00046917,32.00000000
2018-02-28 13:33:55,0.00046917,11.00000000
2018-02-28 13:34:00,0.00046959,352.00000000
2018-02-28 13:34:00,0.00046959,390.00000000
2018-02-28 13:34:06,0.00046959,8.00000000
2018-02-28 13:34:06,0.00046959,18.00000000
2018-02-28 13:34:06,0.00046959,235.00000000
2018-02-28 13:34:14,0.00046960,10.00000000
2018-02-28 13:34:14,0.00046959,4.00000000
2018-02-28 13:34:17,0.00046959,11.00000000
2018-02-28 13:34:20,0.00046959,20.00000000
2018-02-28 13:34:24,0.00046959,29.00000000
2018-02-28 13:34:25,0.00046959,147.00000000
2018-02-28 13:34:30,0.00046959,2.00000000
2018-02-28 13:34:41,0.00046961,39.00000000
2018-02-28 13:34:48,0.00046961,22.00000000
2018-02-28 13:34:53,0.00046959,80.00000000
2018-02-28 13:34:54,0.00046961,41.00000000
2018-02-28 13:34:54,0.00046964,9.00000000
2018-02-28 13:35:00,0.00046959,291.00000000
2018-02-28 13:35:05,0.00046917,1201.00000000
2018-02-28 13:35:06,0.00046996,10.00000000
2018-02-28 13:35:06,0.00046997,3.00000000
2018-02-28 13:35:06,0.00046998,22.00000000
2018-02-28 13:35:07,0.00046917,10.00000000
2018-02-28 13:35:08,0.00046917,69.00000000
2018-02-28 13:35:23,0.00046867,20.00000000
2018-02-28 13:35:23,0.00046775,101.00000000
2018-02-28 13:35:23,0.00046774,131.00000000
2018-02-28 13:35:23,0.00046753,19.00000000
2018-02-28 13:35:23,0.00046717,18.00000000
2018-02-28 13:35:23,0.00046715,257.00000000
2018-02-28 13:35:23,0.00046710,17.00000000
2018-02-28 13:35:23,0.00046705,10.00000000
2018-02-28 13:35:23,0.00046914,30.00000000
2018-02-28 13:35:23,0.00046915,110.00000000
2018-02-28 13:35:27,0.00046894,10.00000000
2018-02-28 13:35:27,0.00046895,8.00000000
2018-02-28 13:35:33,0.00046796,213.00000000
2018-02-28 13:35:33,0.00046794,10.00000000
2018-02-28 13:35:33,0.00046793,2.00000000
2018-02-28 13:35:35,0.00046884,45.00000000
2018-02-28 13:35:38,0.00046881,168.00000000
2018-02-28 13:35:39,0.00046883,101.00000000
2018-02-28 13:35:39,0.00046889,55.00000000
2018-02-28 13:35:39,0.00046897,19.00000000
2018-02-28 13:35:44,0.00046915,115.00000000
2018-02-28 13:35:44,0.00046915,134.00000000
2018-02-28 13:35:44,0.00046915,144.00000000
2018-02-28 13:35:44,0.00046915,143.00000000
2018-02-28 13:35:44,0.00046915,131.00000000
2018-02-28 13:35:44,0.00046915,112.00000000
2018-02-28 13:35:46,0.00046900,1258.00000000
2018-02-28 13:35:48,0.00046914,30.00000000
2018-02-28 13:35:48,0.00046915,49.00000000
2018-02-28 13:35:49,0.00046914,30.00000000
2018-02-28 13:36:04,0.00046900,8.00000000
2018-02-28 13:36:16,0.00046915,149.00000000
2018-02-28 13:36:25,0.00046831,15.00000000
2018-02-28 13:36:25,0.00046822,10.00000000
2018-02-28 13:36:25,0.00046821,25.00000000
2018-02-28 13:36:31,0.00046831,15.00000000
2018-02-28 13:36:42,0.00046915,163.00000000
2018-02-28 13:36:43,0.00046836,156.00000000
2018-02-28 13:36:44,0.00046840,54.00000000
2018-02-28 13:36:44,0.00046838,10.00000000
2018-02-28 13:36:44,0.00046835,30.00000000
2018-02-28 13:36:44,0.00046834,85.00000000
2018-02-28 13:36:44,0.00046831,32.00000000
2018-02-28 13:36:44,0.00046831,139.00000000
2018-02-28 13:36:46,0.00046840,57.00000000
2018-02-28 13:36:48,0.00046928,20.00000000
2018-02-28 13:36:48,0.00046935,30.00000000
2018-02-28 13:36:48,0.00046936,16.00000000
2018-02-28 13:36:49,0.00046824,20.00000000
2018-02-28 13:36:49,0.00046823,10.00000000
2018-02-28 13:36:49,0.00046775,20.00000000
2018-02-28 13:36:51,0.00046793,780.00000000
2018-02-28 13:36:56,0.00046891,21.00000000
2018-02-28 13:36:56,0.00046891,21.00000000
2018-02-28 13:36:56,0.00046891,31.00000000
2018-02-28 13:36:56,0.00046891,3.00000000
2018-02-28 13:36:57,0.00046888,8.00000000
2018-02-28 13:36:57,0.00046887,85.00000000
2018-02-28 13:36:57,0.00046888,25.00000000
2018-02-28 13:36:58,0.00046884,10.00000000
2018-02-28 13:36:58,0.00046885,75.00000000
2018-02-28 13:36:58,0.00046885,10.00000000
2018-02-28 13:37:19,0.00046885,780.00000000
2018-02-28 13:37:24,0.00046886,20.00000000
2018-02-28 13:37:30,0.00046958,1.00000000
2018-02-28 13:37:33,0.00046886,51.00000000
2018-02-28 13:37:33,0.00046885,81.00000000
2018-02-28 13:37:34,0.00046958,19.00000000
2018-02-28 13:37:37,0.00046958,38.00000000
2018-02-28 13:37:37,0.00046886,30.00000000
2018-02-28 13:37:38,0.00046886,172.00000000
2018-02-28 13:37:38,0.00046886,30.00000000
2018-02-28 13:37:38,0.00046886,30.00000000
2018-02-28 13:37:39,0.00046886,10.00000000
2018-02-28 13:37:40,0.00046886,169.00000000
2018-02-28 13:37:40,0.00046886,3.00000000
2018-02-28 13:37:41,0.00046886,27.00000000
2018-02-28 13:37:41,0.00046886,5.00000000
2018-02-28 13:37:42,0.00046886,3.00000000
2018-02-28 13:37:43,0.00046886,428.00000000
2018-02-28 13:37:46,0.00046886,194.00000000
2018-02-28 13:37:46,0.00046886,124.00000000
2018-02-28 13:37:50,0.00046886,154.00000000
2018-02-28 13:37:50,0.00046959,3.00000000
2018-02-28 13:37:50,0.00046998,7.00000000
2018-02-28 13:37:55,0.00046905,10.00000000
2018-02-28 13:37:55,0.00046997,10.00000000
2018-02-28 13:37:55,0.00046998,1.00000000
2018-02-28 13:37:55,0.00046999,9.00000000
2018-02-28 13:38:01,0.00046998,19.00000000
2018-02-28 13:38:06,0.00046905,9.00000000
2018-02-28 13:38:10,0.00046997,5.00000000
2018-02-28 13:38:10,0.00046911,11.00000000
2018-02-28 13:38:10,0.00046910,11.00000000
2018-02-28 13:38:10,0.00046904,85.00000000
2018-02-28 13:38:10,0.00046886,359.00000000
2018-02-28 13:38:10,0.00046885,1233.00000000
2018-02-28 13:38:11,0.00046884,10.00000000
2018-02-28 13:38:19,0.00046810,15.00000000
2018-02-28 13:38:19,0.00046775,1.00000000
2018-02-28 13:38:22,0.00046881,15.00000000
2018-02-28 13:38:22,0.00046882,42.00000000
2018-02-28 13:38:47,0.00046879,47.00000000
2018-02-28 13:38:55,0.00046879,30.00000000
2018-02-28 13:38:58,0.00046879,1.00000000
2018-02-28 13:38:58,0.00046880,73.00000000
2018-02-28 13:39:00,0.00046879,30.00000000
2018-02-28 13:39:01,0.00046879,30.00000000
2018-02-28 13:39:01,0.00046879,23.00000000
2018-02-28 13:39:02,0.00046879,17.00000000
2018-02-28 13:39:18,0.00046878,1.00000000
2018-02-28 13:39:18,0.00046878,5.00000000
2018-02-28 13:39:18,0.00046778,82.00000000
2018-02-28 13:39:21,0.00046876,36.00000000
2018-02-28 13:39:27,0.00046876,45.00000000
2018-02-28 13:39:33,0.00046796,10.00000000
2018-02-28 13:39:33,0.00046795,17.00000000
2018-02-28 13:39:33,0.00046779,11.00000000
2018-02-28 13:39:33,0.00046778,212.00000000
2018-02-28 13:39:36,0.00046876,47.00000000
2018-02-28 13:39:37,0.00046876,8.00000000
2018-02-28 13:39:40,0.00046785,1.00000000
2018-02-28 13:39:42,0.00046878,3.00000000
2018-02-28 13:39:42,0.00046879,4.00000000
2018-02-28 13:39:42,0.00046879,21.00000000
2018-02-28 13:39:43,0.00046879,13.00000000
2018-02-28 13:39:43,0.00046880,15.00000000
2018-02-28 13:39:43,0.00046786,92.00000000
2018-02-28 13:39:50,0.00046785,20.00000000
2018-02-28 13:39:50,0.00046784,74.00000000
2018-02-28 13:39:50,0.00046786,26.00000000
2018-02-28 13:40:07,0.00046879,52.00000000
2018-02-28 13:40:11,0.00046879,10.00000000
2018-02-28 13:40:17,0.00046822,4.00000000
2018-02-28 13:40:17,0.00046879,11.00000000
2018-02-28 13:40:19,0.00046879,9.00000000
2018-02-28 13:40:24,0.00046822,6.00000000
2018-02-28 13:40:24,0.00046785,50.00000000
2018-02-28 13:40:24,0.00046784,11.00000000
2018-02-28 13:40:24,0.00046784,30.00000000
2018-02-28 13:40:24,0.00046784,1265.00000000
2018-02-28 13:40:37,0.00046878,12.00000000
2018-02-28 13:40:40,0.00046788,34.00000000
2018-02-28 13:40:40,0.00046784,41.00000000
2018-02-28 13:40:41,0.00046877,5.00000000
2018-02-28 13:40:46,0.00046787,5.00000000
2018-02-28 13:40:46,0.00046786,8.00000000
2018-02-28 13:40:54,0.00046787,3.00000000
2018-02-28 13:40:59,0.00046874,20.00000000
2018-02-28 13:40:59,0.00046875,7.00000000
2018-02-28 13:41:08,0.00046875,48.00000000
2018-02-28 13:41:15,0.00046875,582.00000000
2018-02-28 13:41:16,0.00046875,28.00000000
2018-02-28 13:41:17,0.00046875,184.00000000
2018-02-28 13:41:17,0.00046875,64.00000000
2018-02-28 13:41:17,0.00046875,66.00000000
2018-02-28 13:41:17,0.00046875,25.00000000
2018-02-28 13:41:18,0.00046875,20.00000000
2018-02-28 13:41:18,0.00046875,9.00000000
2018-02-28 13:41:19,0.00046875,332.00000000
2018-02-28 13:41:31,0.00046875,734.00000000
2018-02-28 13:41:32,0.00046879,9.00000000
2018-02-28 13:41:32,0.00046880,12.00000000
2018-02-28 13:41:33,0.00046875,20.00000000
2018-02-28 13:41:40,0.00046879,7.00000000
2018-02-28 13:41:40,0.00046875,11.00000000
2018-02-28 13:41:40,0.00046875,37.00000000
2018-02-28 13:41:48,0.00046881,23.00000000
2018-02-28 13:41:55,0.00046881,50.00000000
2018-02-28 13:41:55,0.00046882,3.00000000
2018-02-28 13:42:00,0.00046881,5.00000000
2018-02-28 13:42:00,0.00046875,41.00000000
2018-02-28 13:42:00,0.00046788,4.00000000
2018-02-28 13:42:01,0.00046789,5.00000000
2018-02-28 13:42:04,0.00046881,4.00000000
2018-02-28 13:42:04,0.00046882,31.00000000
2018-02-28 13:42:04,0.00046882,78.00000000
2018-02-28 13:42:04,0.00046900,143.00000000
2018-02-28 13:42:04,0.00046945,29.00000000
2018-02-28 13:42:04,0.00046952,131.00000000
2018-02-28 13:42:04,0.00046987,40.00000000
2018-02-28 13:42:04,0.00046988,19.00000000
2018-02-28 13:42:04,0.00046999,156.00000000
2018-02-28 13:42:04,0.00047000,7.00000000
2018-02-28 13:42:04,0.00047031,837.00000000
2018-02-28 13:42:04,0.00047035,171.00000000
2018-02-28 13:42:07,0.00046985,10.00000000
2018-02-28 13:42:07,0.00046986,100.00000000
2018-02-28 13:42:07,0.00047035,378.00000000
2018-02-28 13:42:07,0.00047040,39.00000000
2018-02-28 13:42:09,0.00046910,62.00000000
2018-02-28 13:42:12,0.00046933,210.00000000
2018-02-28 13:42:12,0.00046931,10.00000000
2018-02-28 13:42:12,0.00046924,23.00000000
2018-02-28 13:42:12,0.00046921,5.00000000
2018-02-28 13:42:12,0.00046917,30.00000000
2018-02-28 13:42:12,0.00046924,25.00000000
2018-02-28 13:42:13,0.00046903,19.00000000
2018-02-28 13:42:14,0.00046877,63.00000000
2018-02-28 13:42:14,0.00046876,14.00000000
2018-02-28 13:42:19,0.00046999,4.00000000
2018-02-28 13:42:21,0.00046989,64.00000000
2018-02-28 13:42:24,0.00046920,3.00000000
2018-02-28 13:42:26,0.00046875,10.00000000
2018-02-28 13:42:29,0.00046875,40.00000000
2018-02-28 13:42:34,0.00046875,95.00000000
2018-02-28 13:42:36,0.00046806,14.00000000
2018-02-28 13:42:45,0.00046887,44.00000000
2018-02-28 13:42:47,0.00046810,6.00000000
2018-02-28 13:42:47,0.00046805,9.00000000
2018-02-28 13:42:55,0.00046788,14.00000000
2018-02-28 13:43:06,0.00046855,95.00000000
2018-02-28 13:43:06,0.00046857,14.00000000
2018-02-28 13:43:07,0.00046790,10.00000000
2018-02-28 13:43:08,0.00046788,61.00000000
2018-02-28 13:43:08,0.00046788,29.00000000
2018-02-28 13:43:08,0.00046788,19.00000000
2018-02-28 13:43:18,0.00046788,279.00000000
2018-02-28 13:43:18,0.00046788,68.00000000
2018-02-28 13:43:18,0.00046806,87.00000000
2018-02-28 13:43:28,0.00046787,19.00000000
2018-02-28 13:43:28,0.00046784,1.00000000
2018-02-28 13:43:32,0.00046875,10.00000000
2018-02-28 13:43:32,0.00046875,42.00000000
2018-02-28 13:43:32,0.00046875,73.00000000
2018-02-28 13:43:34,0.00046796,79.00000000
2018-02-28 13:43:35,0.00046968,11.00000000
2018-02-28 13:43:39,0.00046830,61.00000000
2018-02-28 13:43:40,0.00046846,32.00000000
2018-02-28 13:43:40,0.00046846,5.00000000
2018-02-28 13:43:41,0.00046849,23.00000000
2018-02-28 13:43:42,0.00046849,9.00000000
2018-02-28 13:43:55,0.00046912,239.00000000
2018-02-28 13:43:55,0.00046930,16.00000000
2018-02-28 13:43:55,0.00046849,5.00000000
2018-02-28 13:43:55,0.00046793,179.00000000
2018-02-28 13:43:59,0.00046808,209.00000000
2018-02-28 13:43:59,0.00046806,10.00000000
2018-02-28 13:43:59,0.00046801,30.00000000
2018-02-28 13:43:59,0.00046793,4.00000000
2018-02-28 13:43:59,0.00046792,800.00000000
2018-02-28 13:43:59,0.00046792,30.00000000
2018-02-28 13:44:00,0.00046790,17.00000000
2018-02-28 13:44:01,0.00046784,10.00000000
2018-02-28 13:44:07,0.00046790,192.00000000
2018-02-28 13:44:09,0.00046924,69.00000000
2018-02-28 13:44:09,0.00046925,10.00000000
2018-02-28 13:44:09,0.00046967,23.00000000
2018-02-28 13:44:09,0.00046970,64.00000000
2018-02-28 13:44:09,0.00047003,20.00000000
2018-02-28 13:44:09,0.00047010,164.00000000
2018-02-28 13:44:15,0.00047006,5.00000000
2018-02-28 13:44:16,0.00046851,211.00000000
2018-02-28 13:44:17,0.00046852,20.00000000
2018-02-28 13:44:17,0.00046851,30.00000000
2018-02-28 13:44:17,0.00047001,5.00000000
2018-02-28 13:44:17,0.00046852,21.00000000
2018-02-28 13:44:19,0.00046851,85.00000000
2018-02-28 13:44:24,0.00046852,23.00000000
2018-02-28 13:44:24,0.00046807,131.00000000
2018-02-28 13:44:24,0.00046806,132.00000000
2018-02-28 13:44:24,0.00046784,41.00000000
2018-02-28 13:44:24,0.00046775,10.00000000
2018-02-28 13:44:24,0.00046774,35.00000000
2018-02-28 13:44:24,0.00046765,806.00000000
2018-02-28 13:44:24,0.00046765,17.00000000
2018-02-28 13:44:24,0.00046763,178.00000000
2018-02-28 13:44:24,0.00046763,28.00000000
2018-02-28 13:44:24,0.00046764,101.00000000
2018-02-28 13:44:24,0.00046765,60.00000000
2018-02-28 13:44:24,0.00046765,261.00000000
2018-02-28 13:44:25,0.00046765,156.00000000
2018-02-28 13:44:25,0.00046764,10.00000000
2018-02-28 13:44:25,0.00046765,21.00000000
2018-02-28 13:44:26,0.00046852,109.00000000
2018-02-28 13:44:37,0.00046788,56.00000000
2018-02-28 13:44:37,0.00046788,97.00000000
2018-02-28 13:44:37,0.00046788,46.00000000
2018-02-28 13:44:38,0.00046788,83.00000000
2018-02-28 13:44:38,0.00046848,10.00000000
2018-02-28 13:44:45,0.00046848,54.00000000
2018-02-28 13:44:45,0.00046848,25.00000000
2018-02-28 13:44:45,0.00046848,6.00000000
2018-02-28 13:44:45,0.00046849,48.00000000
2018-02-28 13:44:46,0.00046849,7.00000000
2018-02-28 13:44:47,0.00046848,67.00000000
2018-02-28 13:44:53,0.00046848,14.00000000
2018-02-28 13:44:56,0.00046848,128.00000000
2018-02-28 13:44:56,0.00046849,64.00000000
2018-02-28 13:44:56,0.00046849,25.00000000
2018-02-28 13:44:56,0.00046849,47.00000000
2018-02-28 13:44:56,0.00046925,132.00000000
2018-02-28 13:44:56,0.00046945,19.00000000
2018-02-28 13:44:56,0.00046971,20.00000000
2018-02-28 13:44:56,0.00046972,238.00000000
2018-02-28 13:44:57,0.00046971,10.00000000
2018-02-28 13:45:08,0.00046967,11.00000000
2018-02-28 13:45:10,0.00046967,23.00000000
2018-02-28 13:45:10,0.00046967,7.00000000
2018-02-28 13:45:13,0.00046967,3.00000000
2018-02-28 13:45:13,0.00046968,2.00000000
2018-02-28 13:45:16,0.00046877,6.00000000
2018-02-28 13:45:26,0.00046968,10.00000000
2018-02-28 13:45:26,0.00046971,17.00000000
2018-02-28 13:45:26,0.00046972,46.00000000
2018-02-28 13:45:27,0.00046935,10.00000000
2018-02-28 13:45:27,0.00046935,8.00000000
2018-02-28 13:45:27,0.00046972,19.00000000
2018-02-28 13:45:29,0.00046972,50.00000000
2018-02-28 13:45:29,0.00046973,153.00000000
2018-02-28 13:45:30,0.00046971,10.00000000
2018-02-28 13:45:30,0.00046882,4.00000000
2018-02-28 13:45:30,0.00046881,212.00000000
2018-02-28 13:45:30,0.00046879,388.00000000
2018-02-28 13:45:30,0.00046878,764.00000000
2018-02-28 13:45:32,0.00046878,200.00000000
2018-02-28 13:45:34,0.00046933,69.00000000
2018-02-28 13:45:37,0.00046933,20.00000000
2018-02-28 13:45:46,0.00046927,76.00000000
2018-02-28 13:45:48,0.00046927,47.00000000
2018-02-28 13:45:48,0.00046929,5.00000000
2018-02-28 13:45:50,0.00046900,21.00000000
2018-02-28 13:45:50,0.00046932,9.00000000
2018-02-28 13:45:52,0.00046932,7.00000000
2018-02-28 13:45:53,0.00046932,21.00000000
2018-02-28 13:45:55,0.00046932,3.00000000
2018-02-28 13:46:19,0.00046901,10.00000000
2018-02-28 13:46:24,0.00046901,4.00000000
2018-02-28 13:46:27,0.00046901,13.00000000
2018-02-28 13:46:28,0.00046901,336.00000000
2018-02-28 13:46:28,0.00046901,25.00000000
2018-02-28 13:46:31,0.00046901,200.00000000
2018-02-28 13:46:38,0.00046902,228.00000000
2018-02-28 13:46:41,0.00046901,10.00000000
2018-02-28 13:46:44,0.00046901,21.00000000
2018-02-28 13:46:46,0.00046901,10.00000000
2018-02-28 13:46:51,0.00046901,32.00000000
2018-02-28 13:46:52,0.00046901,10.00000000
2018-02-28 13:46:52,0.00046885,7.00000000
2018-02-28 13:46:52,0.00046881,1.00000000
2018-02-28 13:46:56,0.00046902,264.00000000
2018-02-28 13:46:56,0.00046902,264.00000000
2018-02-28 13:46:57,0.00046902,54.00000000
2018-02-28 13:46:59,0.00046881,45.00000000
2018-02-28 13:46:59,0.00046881,200.00000000
2018-02-28 13:46:59,0.00046881,41.00000000
2018-02-28 13:47:04,0.00046880,254.00000000
2018-02-28 13:47:05,0.00046881,5.00000000
2018-02-28 13:47:06,0.00046880,17.00000000
2018-02-28 13:47:08,0.00046880,233.00000000
2018-02-28 13:47:08,0.00046881,374.00000000
2018-02-28 13:47:16,0.00046881,5.00000000
2018-02-28 13:47:20,0.00046881,23.00000000
2018-02-28 13:47:24,0.00046881,304.00000000
2018-02-28 13:47:24,0.00046881,50.00000000
2018-02-28 13:47:30,0.00046880,67.00000000
2018-02-28 13:47:30,0.00046881,133.00000000
2018-02-28 13:47:30,0.00046881,251.00000000
2018-02-28 13:47:35,0.00046881,5.00000000
2018-02-28 13:47:36,0.00046881,10.00000000
2018-02-28 13:47:37,0.00046881,65.00000000
2018-02-28 13:47:53,0.00046881,3.00000000
2018-02-28 13:47:55,0.00046881,69.00000000
2018-02-28 13:48:02,0.00046881,29.00000000
2018-02-28 13:48:06,0.00046881,28.00000000
2018-02-28 13:48:06,0.00046881,70.00000000
2018-02-28 13:48:08,0.00046901,4.00000000
2018-02-28 13:48:08,0.00046902,137.00000000
2018-02-28 13:48:14,0.00046902,82.00000000
2018-02-28 13:48:18,0.00046902,16.00000000
2018-02-28 13:48:23,0.00046902,22.00000000
2018-02-28 13:48:26,0.00046902,13.00000000
2018-02-28 13:48:29,0.00046902,5.00000000
2018-02-28 13:48:30,0.00046902,130.00000000
2018-02-28 13:48:35,0.00046921,11.00000000
2018-02-28 13:48:44,0.00046902,630.00000000
2018-02-28 13:48:53,0.00046921,8.00000000
2018-02-28 13:48:58,0.00046921,80.00000000
2018-02-28 13:49:00,0.00046921,32.00000000
2018-02-28 13:49:01,0.00046921,15.00000000
2018-02-28 13:49:04,0.00046921,32.00000000
2018-02-28 13:49:04,0.00046904,50.00000000
2018-02-28 13:49:07,0.00046904,48.00000000
2018-02-28 13:49:12,0.00046904,75.00000000
2018-02-28 13:49:22,0.00046903,100.00000000
2018-02-28 13:49:26,0.00046904,61.00000000
2018-02-28 13:49:30,0.00046903,46.00000000
2018-02-28 13:49:46,0.00046903,24.00000000
2018-02-28 13:49:52,0.00046903,87.00000000
2018-02-28 13:50:04,0.00046904,1.00000000
2018-02-28 13:50:04,0.00046921,23.00000000
2018-02-28 13:50:09,0.00046903,422.00000000
2018-02-28 13:50:09,0.00046902,9.00000000
2018-02-28 13:50:09,0.00046900,230.00000000
2018-02-28 13:50:09,0.00046881,142.00000000
2018-02-28 13:50:10,0.00046903,189.00000000
2018-02-28 13:50:11,0.00046903,452.00000000
2018-02-28 13:50:11,0.00046921,12.00000000
2018-02-28 13:50:16,0.00046921,688.00000000
2018-02-28 13:50:23,0.00046932,9.00000000
2018-02-28 13:50:28,0.00046921,8.00000000
2018-02-28 13:50:29,0.00046921,7.00000000
2018-02-28 13:50:29,0.00046881,27.00000000
2018-02-28 13:50:37,0.00046921,21.00000000
2018-02-28 13:50:37,0.00046932,574.00000000
2018-02-28 13:50:38,0.00046881,267.00000000
2018-02-28 13:50:43,0.00046932,8.00000000
2018-02-28 13:50:45,0.00046932,26.00000000
2018-02-28 13:50:45,0.00046932,26.00000000
2018-02-28 13:50:45,0.00046932,21.00000000
2018-02-28 13:50:53,0.00046932,1.00000000
2018-02-28 13:50:53,0.00046970,33.00000000
2018-02-28 13:50:53,0.00046978,10.00000000
2018-02-28 13:50:53,0.00047000,48.00000000
2018-02-28 13:50:53,0.00047000,53.00000000
2018-02-28 13:50:53,0.00047030,5.00000000
2018-02-28 13:50:53,0.00047035,5.00000000
2018-02-28 13:50:53,0.00047062,20.00000000
2018-02-28 13:50:53,0.00047087,51.00000000
2018-02-28 13:50:56,0.00047091,20.00000000
2018-02-28 13:50:56,0.00046991,20.00000000
2018-02-28 13:51:00,0.00046997,51.00000000
2018-02-28 13:51:04,0.00047000,5.00000000
2018-02-28 13:51:06,0.00047000,24.00000000
2018-02-28 13:51:08,0.00047094,6.00000000
2018-02-28 13:51:09,0.00047000,51.00000000
2018-02-28 13:51:11,0.00047000,38.00000000
2018-02-28 13:51:12,0.00047000,106.00000000
2018-02-28 13:51:12,0.00046996,5.00000000
2018-02-28 13:51:14,0.00047000,48.00000000
2018-02-28 13:51:22,0.00047000,100.00000000
2018-02-28 13:51:22,0.00047000,100.00000000
2018-02-28 13:51:26,0.00046945,3.00000000
2018-02-28 13:51:32,0.00046945,16.00000000
2018-02-28 13:51:38,0.00046943,6.00000000
2018-02-28 13:51:39,0.00046919,13.00000000
2018-02-28 13:51:40,0.00046919,30.00000000
2018-02-28 13:51:40,0.00046919,7.00000000
2018-02-28 13:51:41,0.00046919,23.00000000
2018-02-28 13:51:41,0.00046919,27.00000000
2018-02-28 13:51:42,0.00046919,4.00000000
2018-02-28 13:51:47,0.00046919,100.00000000
2018-02-28 13:51:47,0.00046921,21.00000000
2018-02-28 13:51:47,0.00046945,184.00000000
2018-02-28 13:51:53,0.00046945,102.00000000
2018-02-28 13:51:56,0.00046945,27.00000000
2018-02-28 13:51:56,0.00046945,1.00000000
2018-02-28 13:51:56,0.00046945,22.00000000
2018-02-28 13:51:58,0.00046945,1.00000000
2018-02-28 13:52:11,0.00046919,52.00000000
2018-02-28 13:52:11,0.00046945,218.00000000
2018-02-28 13:52:20,0.00046921,67.00000000
2018-02-28 13:52:20,0.00046945,20.00000000
2018-02-28 13:52:20,0.00046945,37.00000000
2018-02-28 13:52:22,0.00046920,40.00000000
2018-02-28 13:52:27,0.00046945,10.00000000
2018-02-28 13:52:27,0.00046920,2.00000000
2018-02-28 13:52:27,0.00046919,11.00000000
2018-02-28 13:52:40,0.00046944,38.00000000
2018-02-28 13:52:41,0.00046920,17.00000000
2018-02-28 13:52:41,0.00046919,48.00000000
2018-02-28 13:52:41,0.00046919,7.00000000
2018-02-28 13:52:46,0.00046881,65.00000000
2018-02-28 13:52:51,0.00046919,7.00000000
2018-02-28 13:52:52,0.00046945,94.00000000
2018-02-28 13:53:08,0.00046967,45.00000000
2018-02-28 13:53:15,0.00046974,31.00000000
2018-02-28 13:53:15,0.00046945,98.00000000
2018-02-28 13:53:15,0.00046919,16.00000000
2018-02-28 13:53:19,0.00046919,585.00000000
2018-02-28 13:53:20,0.00046881,14.00000000
2018-02-28 13:53:23,0.00046973,30.00000000
2018-02-28 13:53:23,0.00046974,85.00000000
2018-02-28 13:53:23,0.00047055,19.00000000
2018-02-28 13:53:23,0.00047072,66.00000000
2018-02-28 13:53:25,0.00046883,127.00000000
2018-02-28 13:53:30,0.00047051,5.00000000
2018-02-28 13:53:34,0.00046938,213.00000000
2018-02-28 13:53:34,0.00046936,15.00000000
2018-02-28 13:53:34,0.00046933,85.00000000
2018-02-28 13:53:34,0.00046929,30.00000000
2018-02-28 13:53:34,0.00046912,19.00000000
2018-02-28 13:53:34,0.00046883,252.00000000
2018-02-28 13:53:34,0.00046883,151.00000000
2018-02-28 13:53:36,0.00047040,5.00000000
2018-02-28 13:53:39,0.00047027,5.00000000
2018-02-28 13:53:43,0.00046887,5.00000000
2018-02-28 13:53:43,0.00046886,30.00000000
2018-02-28 13:53:47,0.00046887,17.00000000
2018-02-28 13:53:47,0.00046886,70.00000000
2018-02-28 13:53:47,0.00046883,41.00000000
2018-02-28 13:53:55,0.00046946,335.00000000
2018-02-28 13:53:55,0.00046948,10.00000000
2018-02-28 13:53:55,0.00046963,15.00000000
2018-02-28 13:53:55,0.00046982,85.00000000
2018-02-28 13:53:56,0.00047052,9.00000000
2018-02-28 13:54:02,0.00047050,50.00000000
2018-02-28 13:54:05,0.00046983,58.00000000
2018-02-28 13:54:07,0.00047050,83.00000000
2018-02-28 13:54:07,0.00047052,41.00000000
2018-02-28 13:54:07,0.00047070,7.00000000
2018-02-28 13:54:07,0.00047072,69.00000000
2018-02-28 13:54:13,0.00047071,30.00000000
2018-02-28 13:54:13,0.00047072,1.00000000
2018-02-28 13:54:17,0.00047050,145.00000000
2018-02-28 13:54:25,0.00047087,10.00000000
2018-02-28 13:54:40,0.00046996,175.00000000
2018-02-28 13:54:41,0.00046997,10.00000000
2018-02-28 13:54:41,0.00046993,66.00000000
2018-02-28 13:54:43,0.00047067,34.00000000
2018-02-28 13:54:43,0.00046990,19.00000000
2018-02-28 13:54:43,0.00046989,40.00000000
2018-02-28 13:54:46,0.00046983,5.00000000
2018-02-28 13:54:49,0.00047042,5.00000000
2018-02-28 13:54:50,0.00047032,5.00000000
2018-02-28 13:54:54,0.00047014,103.00000000
2018-02-28 13:54:59,0.00046888,15.00000000
2018-02-28 13:54:59,0.00046887,27.00000000
2018-02-28 13:55:06,0.00046887,54.00000000
2018-02-28 13:55:09,0.00046920,8.00000000
2018-02-28 13:55:09,0.00046920,25.00000000
2018-02-28 13:55:09,0.00046922,10.00000000
2018-02-28 13:55:10,0.00046934,5.00000000
2018-02-28 13:55:26,0.00046934,5.00000000
2018-02-28 13:55:29,0.00047000,19.00000000
2018-02-28 13:55:34,0.00047000,19.00000000
2018-02-28 13:55:34,0.00047014,51.00000000
2018-02-28 13:55:34,0.00047000,74.00000000
2018-02-28 13:55:47,0.00047014,53.00000000
2018-02-28 13:55:56,0.00047071,27.00000000
2018-02-28 13:55:59,0.00047014,353.00000000
2018-02-28 13:55:59,0.00047014,154.00000000
2018-02-28 13:55:59,0.00047000,16.00000000
2018-02-28 13:55:59,0.00047000,50.00000000
2018-02-28 13:55:59,0.00047000,74.00000000
2018-02-28 13:56:00,0.00046998,26.00000000
2018-02-28 13:56:01,0.00046935,16.00000000
2018-02-28 13:56:11,0.00046935,7.00000000
2018-02-28 13:56:11,0.00046935,7.00000000
2018-02-28 13:56:11,0.00046934,7.00000000
2018-02-28 13:56:11,0.00046934,211.00000000
2018-02-28 13:56:11,0.00046912,74.00000000
2018-02-28 13:56:11,0.00046888,3.00000000
2018-02-28 13:56:11,0.00046887,187.00000000
2018-02-28 13:56:11,0.00046885,16.00000000
2018-02-28 13:56:11,0.00046882,42.00000000
2018-02-28 13:56:11,0.00046881,658.00000000
2018-02-28 13:56:12,0.00046883,3.00000000
2018-02-28 13:56:13,0.00046884,10.00000000
2018-02-28 13:56:13,0.00046881,14.00000000
2018-02-28 13:56:15,0.00046881,3.00000000
2018-02-28 13:56:15,0.00046881,7.00000000
2018-02-28 13:56:16,0.00046881,5.00000000
2018-02-28 13:56:17,0.00046881,4.00000000
2018-02-28 13:56:17,0.00046881,3.00000000
2018-02-28 13:56:21,0.00046928,10.00000000
2018-02-28 13:56:21,0.00046928,19.00000000
2018-02-28 13:56:22,0.00046928,26.00000000
2018-02-28 13:56:22,0.00046881,53.00000000
2018-02-28 13:56:23,0.00046881,21.00000000
2018-02-28 13:56:33,0.00046848,50.00000000
2018-02-28 13:56:34,0.00046848,35.00000000
2018-02-28 13:56:34,0.00046819,95.00000000
2018-02-28 13:56:34,0.00046818,307.00000000
2018-02-28 13:56:34,0.00046801,133.00000000
2018-02-28 13:56:34,0.00046800,2465.00000000
2018-02-28 13:56:49,0.00046848,96.00000000
2018-02-28 13:56:49,0.00046831,11.00000000
2018-02-28 13:56:49,0.00046807,100.00000000
2018-02-28 13:56:49,0.00046800,73.00000000
2018-02-28 13:56:56,0.00046914,85.00000000
2018-02-28 13:56:56,0.00046915,17.00000000
2018-02-28 13:56:56,0.00046919,10.00000000
2018-02-28 13:56:56,0.00046920,15.00000000
2018-02-28 13:56:58,0.00046822,85.00000000
2018-02-28 13:56:58,0.00046806,11.00000000
2018-02-28 13:56:58,0.00046800,183.00000000
2018-02-28 13:57:13,0.00046918,413.00000000
2018-02-28 13:57:22,0.00046913,8.00000000
2018-02-28 13:57:32,0.00046915,10.00000000
2018-02-28 13:57:36,0.00046912,10.00000000
2018-02-28 13:57:36,0.00046913,67.00000000
2018-02-28 13:57:36,0.00046918,123.00000000
2018-02-28 13:57:46,0.00046825,28.00000000
2018-02-28 13:57:46,0.00046824,85.00000000
2018-02-28 13:57:46,0.00046802,75.00000000
2018-02-28 13:57:46,0.00046800,812.00000000
2018-02-28 13:57:47,0.00046802,54.00000000
2018-02-28 13:57:48,0.00046917,50.00000000
2018-02-28 13:57:48,0.00046918,427.00000000
2018-02-28 13:57:48,0.00046929,10.00000000
2018-02-28 13:57:48,0.00047000,155.00000000
2018-02-28 13:57:58,0.00046912,30.00000000
2018-02-28 13:58:11,0.00046897,27.00000000
2018-02-28 13:58:11,0.00046912,25.00000000
2018-02-28 13:58:11,0.00046916,30.00000000
2018-02-28 13:58:11,0.00046917,40.00000000
2018-02-28 13:58:13,0.00046913,10.00000000
2018-02-28 13:58:13,0.00046912,78.00000000
2018-02-28 13:58:27,0.00046895,20.00000000
2018-02-28 13:58:34,0.00046895,9.00000000
2018-02-28 13:58:38,0.00046895,4.00000000
2018-02-28 13:58:43,0.00046895,92.00000000
2018-02-28 13:58:57,0.00046895,5.00000000
2018-02-28 13:58:57,0.00046895,177.00000000
2018-02-28 13:59:23,0.00046819,10.00000000
2018-02-28 13:59:23,0.00046818,45.00000000
2018-02-28 13:59:27,0.00046818,141.00000000
2018-02-28 13:59:27,0.00046801,4.00000000
2018-02-28 13:59:27,0.00046800,1649.00000000
2018-02-28 13:59:27,0.00046788,6.00000000
2018-02-28 13:59:27,0.00046750,3.00000000
2018-02-28 13:59:27,0.00046739,132.00000000
2018-02-28 13:59:30,0.00046797,324.00000000
2018-02-28 13:59:30,0.00046711,87.00000000
2018-02-28 13:59:30,0.00046710,13.00000000
2018-02-28 13:59:32,0.00046724,9.00000000
2018-02-28 13:59:33,0.00046797,3.00000000
2018-02-28 13:59:34,0.00046797,15.00000000
2018-02-28 13:59:36,0.00046797,21.00000000
2018-02-28 13:59:37,0.00046797,15.00000000
2018-02-28 13:59:37,0.00046797,31.00000000
2018-02-28 13:59:39,0.00046797,10.00000000
2018-02-28 13:59:40,0.00046785,54.00000000
2018-02-28 13:59:41,0.00046797,33.00000000
2018-02-28 13:59:41,0.00046797,47.00000000
2018-02-28 13:59:44,0.00046717,21.00000000
2018-02-28 13:59:44,0.00046709,11.00000000
2018-02-28 13:59:44,0.00046702,128.00000000
2018-02-28 13:59:44,0.00046701,5.00000000
2018-02-28 13:59:44,0.00046700,2076.00000000
2018-02-28 13:59:46,0.00046702,211.00000000
2018-02-28 13:59:46,0.00046700,70.00000000
2018-02-28 13:59:46,0.00046700,95.00000000
2018-02-28 13:59:52,0.00046783,75.00000000
2018-02-28 13:59:52,0.00046784,5.00000000
2018-02-28 13:59:52,0.00046784,3.00000000
2018-02-28 13:59:52,0.00046699,4.00000000
