DATE,PRICE,VOLUME
2018-03-01 06:00:12,0.00044773,47.00000000
2018-03-01 06:00:22,0.00044772,22.00000000
2018-03-01 06:00:27,0.00044772,30.00000000
2018-03-01 06:00:29,0.00044773,22.00000000
2018-03-01 06:00:34,0.00044773,8.00000000
2018-03-01 06:00:34,0.00044774,5.00000000
2018-03-01 06:00:39,0.00044774,4.00000000
2018-03-01 06:00:39,0.00044783,63.00000000
2018-03-01 06:00:50,0.00044774,550.00000000
2018-03-01 06:01:04,0.00044775,163.00000000
2018-03-01 06:01:06,0.00044783,49.00000000
2018-03-01 06:01:07,0.00044783,10.00000000
2018-03-01 06:01:08,0.00044775,1.00000000
2018-03-01 06:01:08,0.00044775,452.00000000
2018-03-01 06:01:13,0.00044775,184.00000000
2018-03-01 06:01:34,0.00044780,34.00000000
2018-03-01 06:01:41,0.00044780,10.00000000
2018-03-01 06:01:44,0.00044783,29.00000000
2018-03-01 06:01:50,0.00044783,4.00000000
2018-03-01 06:01:50,0.00044879,1.00000000
2018-03-01 06:01:54,0.00044879,13.00000000
2018-03-01 06:02:00,0.00044879,3.00000000
2018-03-01 06:02:16,0.00044879,23.00000000
2018-03-01 06:02:16,0.00044882,824.00000000
2018-03-01 06:02:16,0.00044888,953.00000000
2018-03-01 06:02:23,0.00044888,157.00000000
2018-03-01 06:02:29,0.00044900,20.00000000
2018-03-01 06:02:34,0.00044900,61.00000000
2018-03-01 06:02:49,0.00044890,45.00000000
2018-03-01 06:03:06,0.00044890,18.00000000
2018-03-01 06:03:21,0.00044910,8.00000000
2018-03-01 06:03:21,0.00044943,21.00000000
2018-03-01 06:03:21,0.00044949,19.00000000
2018-03-01 06:03:21,0.00044980,12.00000000
2018-03-01 06:03:21,0.00045000,72.00000000
2018-03-01 06:03:21,0.00045037,19.00000000
2018-03-01 06:03:21,0.00045048,20.00000000
2018-03-01 06:03:21,0.00045049,100.00000000
2018-03-01 06:03:21,0.00045050,57.00000000
2018-03-01 06:03:34,0.00044969,17.00000000
2018-03-01 06:03:34,0.00044970,86.00000000
2018-03-01 06:03:34,0.00045026,22.00000000
2018-03-01 06:03:34,0.00045034,2.00000000
2018-03-01 06:03:39,0.00044962,6.00000000
2018-03-01 06:03:40,0.00044893,30.00000000
2018-03-01 06:03:40,0.00044893,27.00000000
2018-03-01 06:04:37,0.00044951,5.00000000
2018-03-01 06:04:37,0.00044952,18.00000000
2018-03-01 06:04:38,0.00044952,36.00000000
2018-03-01 06:04:38,0.00044953,22.00000000
2018-03-01 06:04:40,0.00044954,23.00000000
2018-03-01 06:04:40,0.00045048,30.00000000
2018-03-01 06:04:40,0.00045049,62.00000000
2018-03-01 06:04:41,0.00044953,5.00000000
2018-03-01 06:04:44,0.00044953,11.00000000
2018-03-01 06:04:44,0.00045048,30.00000000
2018-03-01 06:04:44,0.00045049,166.00000000
2018-03-01 06:04:44,0.00045049,30.00000000
2018-03-01 06:04:44,0.00045049,30.00000000
2018-03-01 06:04:44,0.00045049,17.00000000
2018-03-01 06:04:44,0.00045049,30.00000000
2018-03-01 06:04:44,0.00045049,30.00000000
2018-03-01 06:04:44,0.00045049,22.00000000
2018-03-01 06:04:44,0.00045049,118.00000000
2018-03-01 06:04:44,0.00045049,7.00000000
2018-03-01 06:04:44,0.00044906,7.00000000
2018-03-01 06:04:49,0.00045046,10.00000000
2018-03-01 06:04:49,0.00045047,2.00000000
2018-03-01 06:04:58,0.00045047,15.00000000
2018-03-01 06:04:58,0.00045047,20.00000000
2018-03-01 06:04:58,0.00045047,206.00000000
2018-03-01 06:04:58,0.00045047,643.00000000
2018-03-01 06:04:58,0.00045047,22.00000000
2018-03-01 06:04:58,0.00045047,22.00000000
2018-03-01 06:04:58,0.00045047,72.00000000
2018-03-01 06:04:58,0.00044958,10.00000000
2018-03-01 06:04:58,0.00044957,88.00000000
2018-03-01 06:04:58,0.00044950,18.00000000
2018-03-01 06:04:58,0.00044950,14.00000000
2018-03-01 06:05:04,0.00044950,94.00000000
2018-03-01 06:05:13,0.00044950,3.00000000
2018-03-01 06:05:14,0.00045020,17.00000000
2018-03-01 06:05:14,0.00045020,14.00000000
2018-03-01 06:05:15,0.00044950,100.00000000
2018-03-01 06:05:19,0.00045000,15.00000000
2018-03-01 06:05:19,0.00045021,22.00000000
2018-03-01 06:05:19,0.00045039,88.00000000
2018-03-01 06:05:19,0.00045047,20.00000000
2018-03-01 06:05:19,0.00045048,171.00000000
2018-03-01 06:05:19,0.00045049,753.00000000
2018-03-01 06:05:19,0.00045050,200.00000000
2018-03-01 06:05:24,0.00045049,4.00000000
2018-03-01 06:05:24,0.00045050,934.00000000
2018-03-01 06:05:27,0.00044961,14.00000000
2018-03-01 06:05:29,0.00045050,161.00000000
2018-03-01 06:05:32,0.00044962,10.00000000
2018-03-01 06:05:33,0.00045048,8.00000000
2018-03-01 06:05:39,0.00045048,13.00000000
2018-03-01 06:05:39,0.00045048,51.00000000
2018-03-01 06:05:40,0.00045048,29.00000000
2018-03-01 06:05:40,0.00045048,10.00000000
2018-03-01 06:05:40,0.00045048,4.00000000
2018-03-01 06:05:40,0.00044952,4.00000000
2018-03-01 06:05:43,0.00045049,4.00000000
2018-03-01 06:05:43,0.00045050,21.00000000
2018-03-01 06:05:47,0.00045049,75.00000000
2018-03-01 06:05:47,0.00045049,8.00000000
2018-03-01 06:05:47,0.00045049,260.00000000
2018-03-01 06:05:48,0.00045050,401.00000000
2018-03-01 06:05:48,0.00045107,20.00000000
2018-03-01 06:05:48,0.00045115,6.00000000
2018-03-01 06:05:48,0.00045126,144.00000000
2018-03-01 06:05:48,0.00045132,251.00000000
2018-03-01 06:05:48,0.00045133,380.00000000
2018-03-01 06:05:52,0.00045130,4.00000000
2018-03-01 06:05:58,0.00045047,4.00000000
2018-03-01 06:05:58,0.00045046,6.00000000
2018-03-01 06:05:59,0.00045046,13.00000000
2018-03-01 06:06:03,0.00045132,13.00000000
2018-03-01 06:06:05,0.00045047,147.00000000
2018-03-01 06:06:08,0.00045050,3.00000000
2018-03-01 06:06:08,0.00045050,170.00000000
2018-03-01 06:06:10,0.00045042,19.00000000
2018-03-01 06:06:14,0.00045035,6.00000000
2018-03-01 06:06:18,0.00045047,56.00000000
2018-03-01 06:06:21,0.00045047,26.00000000
2018-03-01 06:06:22,0.00045047,62.00000000
2018-03-01 06:06:31,0.00045047,62.00000000
2018-03-01 06:06:32,0.00045100,11.00000000
2018-03-01 06:06:33,0.00045100,4.00000000
2018-03-01 06:06:33,0.00045090,6.00000000
2018-03-01 06:06:37,0.00045090,9.00000000
2018-03-01 06:06:40,0.00045033,20.00000000
2018-03-01 06:06:42,0.00045050,27.00000000
2018-03-01 06:06:45,0.00045033,314.00000000
2018-03-01 06:06:45,0.00045033,92.00000000
2018-03-01 06:06:45,0.00045022,30.00000000
2018-03-01 06:06:52,0.00045001,30.00000000
2018-03-01 06:06:52,0.00045000,250.00000000
2018-03-01 06:06:52,0.00044999,76.00000000
2018-03-01 06:06:52,0.00044950,69.00000000
2018-03-01 06:06:56,0.00045058,4.00000000
2018-03-01 06:06:56,0.00045060,5.00000000
2018-03-01 06:07:03,0.00045086,72.00000000
2018-03-01 06:07:19,0.00045022,68.00000000
2018-03-01 06:07:23,0.00045022,466.00000000
2018-03-01 06:07:25,0.00045000,20.00000000
2018-03-01 06:07:25,0.00044985,78.00000000
2018-03-01 06:07:25,0.00044975,30.00000000
2018-03-01 06:07:25,0.00044952,20.00000000
2018-03-01 06:07:25,0.00044951,461.00000000
2018-03-01 06:07:29,0.00045076,6.00000000
2018-03-01 06:07:39,0.00045076,4.00000000
2018-03-01 06:07:39,0.00045077,83.00000000
2018-03-01 06:07:39,0.00045086,26.00000000
2018-03-01 06:07:39,0.00045087,17.00000000
2018-03-01 06:07:39,0.00045088,72.00000000
2018-03-01 06:07:39,0.00045091,87.00000000
2018-03-01 06:07:42,0.00045023,10.00000000
2018-03-01 06:07:42,0.00045022,31.00000000
2018-03-01 06:07:44,0.00045022,80.00000000
2018-03-01 06:07:45,0.00045090,17.00000000
2018-03-01 06:07:45,0.00045091,463.00000000
2018-03-01 06:07:45,0.00045091,149.00000000
2018-03-01 06:07:58,0.00045022,456.00000000
2018-03-01 06:08:11,0.00045078,17.00000000
2018-03-01 06:08:11,0.00045079,135.00000000
2018-03-01 06:08:15,0.00045078,2.00000000
2018-03-01 06:08:31,0.00045023,24.00000000
2018-03-01 06:08:32,0.00045024,20.00000000
2018-03-01 06:08:34,0.00045024,44.00000000
2018-03-01 06:08:34,0.00045024,72.00000000
2018-03-01 06:08:35,0.00045078,91.00000000
2018-03-01 06:08:38,0.00045025,23.00000000
2018-03-01 06:08:39,0.00045025,16.00000000
2018-03-01 06:08:40,0.00045025,23.00000000
2018-03-01 06:08:41,0.00045025,27.00000000
2018-03-01 06:08:43,0.00045025,46.00000000
2018-03-01 06:08:43,0.00045025,39.00000000
2018-03-01 06:08:43,0.00045025,46.00000000
2018-03-01 06:08:46,0.00045026,45.00000000
2018-03-01 06:08:46,0.00045026,53.00000000
2018-03-01 06:08:48,0.00045026,53.00000000
2018-03-01 06:08:49,0.00045026,31.00000000
2018-03-01 06:08:49,0.00045026,31.00000000
2018-03-01 06:08:49,0.00045026,26.00000000
2018-03-01 06:08:49,0.00045078,60.00000000
2018-03-01 06:08:49,0.00045079,14.00000000
2018-03-01 06:08:50,0.00045026,31.00000000
2018-03-01 06:08:52,0.00045037,222.00000000
2018-03-01 06:08:52,0.00045035,10.00000000
2018-03-01 06:09:04,0.00045060,124.00000000
2018-03-01 06:09:05,0.00045025,117.00000000
2018-03-01 06:09:17,0.00045035,17.00000000
2018-03-01 06:09:17,0.00045025,525.00000000
2018-03-01 06:09:17,0.00045025,72.00000000
2018-03-01 06:09:17,0.00045024,88.00000000
2018-03-01 06:09:17,0.00045023,65.00000000
2018-03-01 06:09:17,0.00045022,11.00000000
2018-03-01 06:09:19,0.00045000,10.00000000
2018-03-01 06:09:19,0.00045023,200.00000000
2018-03-01 06:09:20,0.00045022,325.00000000
2018-03-01 06:09:21,0.00045023,22.00000000
2018-03-01 06:09:21,0.00045025,228.00000000
2018-03-01 06:09:23,0.00045025,187.00000000
2018-03-01 06:09:24,0.00045025,159.00000000
2018-03-01 06:09:26,0.00045038,141.00000000
2018-03-01 06:09:29,0.00045000,460.00000000
2018-03-01 06:09:31,0.00045039,46.00000000
2018-03-01 06:09:31,0.00045039,54.00000000
2018-03-01 06:09:31,0.00045039,5.00000000
2018-03-01 06:09:35,0.00045026,13.00000000
2018-03-01 06:09:43,0.00045025,49.00000000
2018-03-01 06:09:44,0.00045048,20.00000000
2018-03-01 06:09:44,0.00045050,1588.00000000
2018-03-01 06:09:55,0.00045050,21.00000000
2018-03-01 06:10:01,0.00045050,135.00000000
2018-03-01 06:10:03,0.00045028,3.00000000
2018-03-01 06:10:17,0.00045050,12.00000000
2018-03-01 06:10:20,0.00045030,4.00000000
2018-03-01 06:10:24,0.00045050,228.00000000
2018-03-01 06:10:32,0.00045050,424.00000000
2018-03-01 06:10:37,0.00045030,41.00000000
2018-03-01 06:10:37,0.00045028,103.00000000
2018-03-01 06:10:38,0.00045026,78.00000000
2018-03-01 06:10:41,0.00045025,448.00000000
2018-03-01 06:10:41,0.00045000,2333.00000000
2018-03-01 06:10:49,0.00045025,146.00000000
2018-03-01 06:10:49,0.00045026,213.00000000
2018-03-01 06:10:59,0.00045025,11.00000000
2018-03-01 06:11:15,0.00045000,260.00000000
2018-03-01 06:11:15,0.00045026,266.00000000
2018-03-01 06:11:15,0.00045030,204.00000000
2018-03-01 06:11:37,0.00044960,56.00000000
2018-03-01 06:11:41,0.00044960,46.00000000
2018-03-01 06:11:41,0.00044959,6.00000000
2018-03-01 06:11:45,0.00044960,20.00000000
2018-03-01 06:11:47,0.00044960,11.00000000
2018-03-01 06:11:47,0.00044960,483.00000000
2018-03-01 06:11:48,0.00044960,20.00000000
2018-03-01 06:11:49,0.00044960,232.00000000
2018-03-01 06:11:50,0.00044960,149.00000000
2018-03-01 06:11:50,0.00045020,220.00000000
2018-03-01 06:11:50,0.00045030,12.00000000
2018-03-01 06:11:50,0.00045030,13.00000000
2018-03-01 06:11:50,0.00045050,7.00000000
2018-03-01 06:11:51,0.00045050,10.00000000
2018-03-01 06:11:53,0.00045048,10.00000000
2018-03-01 06:11:53,0.00045049,10.00000000
2018-03-01 06:11:54,0.00045049,11.00000000
2018-03-01 06:11:59,0.00045049,20.00000000
2018-03-01 06:12:02,0.00045049,20.00000000
2018-03-01 06:12:04,0.00045049,27.00000000
2018-03-01 06:12:16,0.00045030,30.00000000
2018-03-01 06:12:16,0.00045049,34.00000000
2018-03-01 06:12:16,0.00045050,10.00000000
2018-03-01 06:12:16,0.00045049,3.00000000
2018-03-01 06:12:16,0.00045049,74.00000000
2018-03-01 06:12:18,0.00045048,10.00000000
2018-03-01 06:12:18,0.00045049,80.00000000
2018-03-01 06:12:18,0.00045049,10.00000000
2018-03-01 06:12:26,0.00045046,10.00000000
2018-03-01 06:12:26,0.00045050,110.00000000
2018-03-01 06:12:27,0.00044961,220.00000000
2018-03-01 06:12:27,0.00044959,20.00000000
2018-03-01 06:12:27,0.00044958,34.00000000
2018-03-01 06:12:28,0.00044953,25.00000000
2018-03-01 06:12:29,0.00044957,79.00000000
2018-03-01 06:12:33,0.00044954,107.00000000
2018-03-01 06:12:33,0.00044958,10.00000000
2018-03-01 06:12:34,0.00044959,16.00000000
2018-03-01 06:12:34,0.00044959,73.00000000
2018-03-01 06:12:35,0.00044959,125.00000000
2018-03-01 06:12:58,0.00044964,10.00000000
2018-03-01 06:12:58,0.00044963,34.00000000
2018-03-01 06:12:58,0.00044959,60.00000000
2018-03-01 06:12:59,0.00044959,46.00000000
2018-03-01 06:12:59,0.00045048,10.00000000
2018-03-01 06:12:59,0.00045049,44.00000000
2018-03-01 06:13:02,0.00045048,3.00000000
2018-03-01 06:13:11,0.00045047,7.00000000
2018-03-01 06:13:13,0.00045048,16.00000000
2018-03-01 06:13:17,0.00045048,34.00000000
2018-03-01 06:13:18,0.00045048,4.00000000
2018-03-01 06:13:18,0.00045049,12.00000000
2018-03-01 06:13:31,0.00045021,11.00000000
2018-03-01 06:13:31,0.00045018,10.00000000
2018-03-01 06:13:32,0.00045017,14.00000000
2018-03-01 06:13:33,0.00045021,11.00000000
2018-03-01 06:13:33,0.00045019,11.00000000
2018-03-01 06:13:34,0.00045016,5.00000000
2018-03-01 06:13:34,0.00045049,21.00000000
2018-03-01 06:13:36,0.00045048,10.00000000
2018-03-01 06:13:36,0.00045049,66.00000000
2018-03-01 06:13:36,0.00045050,10.00000000
2018-03-01 06:13:36,0.00045049,138.00000000
2018-03-01 06:13:50,0.00045050,75.00000000
2018-03-01 06:14:03,0.00045050,65.00000000
2018-03-01 06:14:15,0.00045040,579.00000000
2018-03-01 06:14:16,0.00045040,175.00000000
2018-03-01 06:14:19,0.00045050,49.00000000
2018-03-01 06:14:31,0.00045040,138.00000000
2018-03-01 06:14:31,0.00045040,1108.00000000
2018-03-01 06:14:34,0.00045040,16.00000000
2018-03-01 06:14:35,0.00045040,73.00000000
2018-03-01 06:14:39,0.00045040,15.00000000
2018-03-01 06:14:50,0.00045040,62.00000000
2018-03-01 06:14:53,0.00045040,1.00000000
2018-03-01 06:15:01,0.00045040,49.00000000
2018-03-01 06:15:08,0.00044970,105.00000000
2018-03-01 06:15:12,0.00045040,12.00000000
2018-03-01 06:15:12,0.00044970,185.00000000
2018-03-01 06:15:12,0.00044959,88.00000000
2018-03-01 06:15:12,0.00044957,1893.00000000
2018-03-01 06:15:12,0.00044952,80.00000000
2018-03-01 06:15:12,0.00044951,70.00000000
2018-03-01 06:15:12,0.00044906,21.00000000
2018-03-01 06:15:12,0.00044901,479.00000000
2018-03-01 06:15:12,0.00044900,300.00000000
2018-03-01 06:15:12,0.00044894,20.00000000
2018-03-01 06:15:12,0.00044893,133.00000000
2018-03-01 06:15:12,0.00044883,267.00000000
2018-03-01 06:15:12,0.00044870,172.00000000
2018-03-01 06:15:12,0.00044861,22.00000000
2018-03-01 06:15:12,0.00044851,40.00000000
2018-03-01 06:15:12,0.00044850,17.00000000
2018-03-01 06:15:12,0.00044849,7.00000000
2018-03-01 06:15:12,0.00044957,27.00000000
2018-03-01 06:15:12,0.00044957,397.00000000
2018-03-01 06:15:39,0.00045038,16.00000000
2018-03-01 06:15:39,0.00045039,25.00000000
2018-03-01 06:15:42,0.00045040,5.00000000
2018-03-01 06:15:42,0.00045039,11.00000000
2018-03-01 06:15:42,0.00045040,78.00000000
2018-03-01 06:15:43,0.00045040,12.00000000
2018-03-01 06:15:45,0.00045039,30.00000000
2018-03-01 06:15:47,0.00045007,4.00000000
2018-03-01 06:15:53,0.00044997,35.00000000
2018-03-01 06:15:53,0.00044970,720.00000000
2018-03-01 06:15:57,0.00044975,11.00000000
2018-03-01 06:15:58,0.00044980,11.00000000
2018-03-01 06:16:00,0.00044973,5.00000000
2018-03-01 06:16:00,0.00045000,3.00000000
2018-03-01 06:16:12,0.00044971,12.00000000
2018-03-01 06:16:15,0.00044970,128.00000000
2018-03-01 06:16:18,0.00044970,466.00000000
2018-03-01 06:16:18,0.00044970,199.00000000
2018-03-01 06:16:19,0.00044970,5.00000000
2018-03-01 06:16:19,0.00044970,213.00000000
2018-03-01 06:16:19,0.00044970,5.00000000
2018-03-01 06:16:27,0.00044970,12.00000000
2018-03-01 06:16:32,0.00044970,18.00000000
2018-03-01 06:16:32,0.00044970,696.00000000
2018-03-01 06:16:34,0.00044914,11.00000000
2018-03-01 06:16:34,0.00044908,10.00000000
2018-03-01 06:16:34,0.00044900,30.00000000
2018-03-01 06:16:34,0.00044899,220.00000000
2018-03-01 06:16:38,0.00044997,12.00000000
2018-03-01 06:16:38,0.00044998,88.00000000
2018-03-01 06:16:38,0.00044999,9.00000000
2018-03-01 06:16:40,0.00044905,135.00000000
2018-03-01 06:16:50,0.00044913,14.00000000
2018-03-01 06:16:52,0.00044913,47.00000000
2018-03-01 06:16:52,0.00044900,89.00000000
2018-03-01 06:16:52,0.00044900,14.00000000
2018-03-01 06:17:00,0.00044988,19.00000000
2018-03-01 06:17:13,0.00044900,13.00000000
2018-03-01 06:17:13,0.00044899,1226.00000000
2018-03-01 06:17:14,0.00044985,6.00000000
2018-03-01 06:17:16,0.00044985,5.00000000
2018-03-01 06:17:18,0.00044985,10.00000000
2018-03-01 06:17:19,0.00044907,11.00000000
2018-03-01 06:17:19,0.00044899,161.00000000
2018-03-01 06:17:20,0.00044985,95.00000000
2018-03-01 06:17:25,0.00044987,3.00000000
2018-03-01 06:17:25,0.00044988,35.00000000
2018-03-01 06:17:25,0.00044990,89.00000000
2018-03-01 06:17:25,0.00044999,53.00000000
2018-03-01 06:17:26,0.00044999,33.00000000
2018-03-01 06:17:29,0.00044999,43.00000000
2018-03-01 06:17:39,0.00044985,9.00000000
2018-03-01 06:18:07,0.00044985,7.00000000
2018-03-01 06:18:09,0.00044985,26.00000000
2018-03-01 06:18:12,0.00044984,11.00000000
2018-03-01 06:18:28,0.00044982,5.00000000
2018-03-01 06:18:29,0.00044983,11.00000000
2018-03-01 06:18:29,0.00044981,22.00000000
2018-03-01 06:18:32,0.00044984,441.00000000
2018-03-01 06:18:34,0.00044962,16.00000000
2018-03-01 06:18:34,0.00044959,13.00000000
2018-03-01 06:18:34,0.00044959,3.00000000
2018-03-01 06:18:34,0.00044957,44.00000000
2018-03-01 06:18:34,0.00044924,10.00000000
2018-03-01 06:18:34,0.00044905,89.00000000
2018-03-01 06:18:34,0.00044899,33.00000000
2018-03-01 06:18:35,0.00044984,30.00000000
2018-03-01 06:18:36,0.00044984,11.00000000
2018-03-01 06:18:37,0.00044984,77.00000000
2018-03-01 06:18:46,0.00044999,11.00000000
2018-03-01 06:18:47,0.00045000,4.00000000
2018-03-01 06:18:50,0.00045000,3.00000000
2018-03-01 06:18:53,0.00045000,13.00000000
2018-03-01 06:19:00,0.00044955,11.00000000
2018-03-01 06:19:01,0.00044951,11.00000000
2018-03-01 06:19:06,0.00044981,34.00000000
2018-03-01 06:19:11,0.00045000,58.00000000
2018-03-01 06:19:11,0.00045010,35.00000000
2018-03-01 06:19:26,0.00044999,35.00000000
2018-03-01 06:19:29,0.00044999,33.00000000
2018-03-01 06:19:33,0.00044983,9.00000000
2018-03-01 06:19:35,0.00044999,226.00000000
2018-03-01 06:19:36,0.00044984,8.00000000
2018-03-01 06:19:36,0.00044983,1.00000000
2018-03-01 06:19:49,0.00044999,399.00000000
2018-03-01 06:19:49,0.00045039,20.00000000
2018-03-01 06:19:49,0.00045040,512.00000000
2018-03-01 06:19:49,0.00045040,3469.00000000
2018-03-01 06:19:49,0.00045050,959.00000000
2018-03-01 06:19:51,0.00045048,10.00000000
2018-03-01 06:19:51,0.00045049,3.00000000
2018-03-01 06:19:52,0.00045000,17.00000000
2018-03-01 06:19:54,0.00045000,132.00000000
2018-03-01 06:19:55,0.00045048,929.00000000
2018-03-01 06:19:55,0.00045049,51.00000000
2018-03-01 06:19:55,0.00045050,242.00000000
2018-03-01 06:19:55,0.00045085,30.00000000
2018-03-01 06:19:55,0.00045087,133.00000000
2018-03-01 06:19:56,0.00045010,50.00000000
2018-03-01 06:19:58,0.00045018,10.00000000
2018-03-01 06:20:03,0.00045017,10.00000000
2018-03-01 06:20:24,0.00045019,10.00000000
2018-03-01 06:20:24,0.00045018,13.00000000
2018-03-01 06:20:24,0.00045018,50.00000000
2018-03-01 06:20:25,0.00045019,10.00000000
2018-03-01 06:20:35,0.00045030,30.00000000
2018-03-01 06:20:35,0.00045030,10.00000000
2018-03-01 06:20:37,0.00045030,30.00000000
2018-03-01 06:20:39,0.00045030,35.00000000
2018-03-01 06:20:46,0.00045033,115.00000000
2018-03-01 06:20:46,0.00045031,10.00000000
2018-03-01 06:20:46,0.00045021,27.00000000
2018-03-01 06:20:59,0.00045025,74.00000000
2018-03-01 06:21:06,0.00045103,7.00000000
2018-03-01 06:21:08,0.00045103,69.00000000
2018-03-01 06:21:16,0.00045098,3.00000000
2018-03-01 06:21:17,0.00045096,13.00000000
2018-03-01 06:21:18,0.00045024,131.00000000
2018-03-01 06:21:19,0.00045025,50.00000000
2018-03-01 06:21:43,0.00045098,9.00000000
2018-03-01 06:21:44,0.00045028,17.00000000
2018-03-01 06:21:45,0.00045028,17.00000000
2018-03-01 06:21:49,0.00045025,124.00000000
2018-03-01 06:21:50,0.00045025,40.00000000
2018-03-01 06:21:51,0.00045098,12.00000000
2018-03-01 06:22:04,0.00045025,36.00000000
2018-03-01 06:22:05,0.00045025,3.00000000
2018-03-01 06:22:13,0.00045055,490.00000000
2018-03-01 06:22:29,0.00045097,33.00000000
2018-03-01 06:22:29,0.00045098,95.00000000
2018-03-01 06:22:29,0.00045098,25.00000000
2018-03-01 06:22:29,0.00045056,15.00000000
2018-03-01 06:22:50,0.00045056,100.00000000
2018-03-01 06:22:55,0.00045056,125.00000000
2018-03-01 06:23:02,0.00045056,86.00000000
2018-03-01 06:23:42,0.00045068,46.00000000
2018-03-01 06:23:45,0.00045068,136.00000000
2018-03-01 06:23:45,0.00045067,64.00000000
2018-03-01 06:23:53,0.00045130,7.00000000
2018-03-01 06:23:53,0.00045131,19.00000000
2018-03-01 06:23:59,0.00045131,1.00000000
2018-03-01 06:23:59,0.00045132,17.00000000
2018-03-01 06:24:00,0.00045068,48.00000000
2018-03-01 06:24:14,0.00045068,11.00000000
2018-03-01 06:24:15,0.00045070,11.00000000
2018-03-01 06:24:27,0.00045070,5.00000000
2018-03-01 06:24:32,0.00045070,65.00000000
2018-03-01 06:24:56,0.00045085,220.00000000
2018-03-01 06:25:07,0.00045085,4.00000000
2018-03-01 06:25:09,0.00045085,55.00000000
2018-03-01 06:25:10,0.00045085,108.00000000
2018-03-01 06:25:10,0.00045085,9.00000000
2018-03-01 06:25:10,0.00045085,117.00000000
2018-03-01 06:25:12,0.00045085,56.00000000
2018-03-01 06:25:13,0.00045132,7.00000000
2018-03-01 06:25:17,0.00045086,35.00000000
2018-03-01 06:25:36,0.00045090,23.00000000
2018-03-01 06:25:58,0.00045132,16.00000000
2018-03-01 06:26:00,0.00045102,289.00000000
2018-03-01 06:26:00,0.00045132,422.00000000
2018-03-01 06:26:04,0.00045132,45.00000000
2018-03-01 06:26:07,0.00045133,1075.00000000
2018-03-01 06:26:09,0.00045132,5.00000000
2018-03-01 06:26:11,0.00045132,24.00000000
2018-03-01 06:26:22,0.00045102,14.00000000
2018-03-01 06:26:23,0.00045141,55.00000000
2018-03-01 06:26:25,0.00045141,41.00000000
2018-03-01 06:26:25,0.00045150,108.00000000
2018-03-01 06:26:25,0.00045141,66.00000000
2018-03-01 06:26:25,0.00045141,16.00000000
2018-03-01 06:26:36,0.00045141,6.00000000
2018-03-01 06:26:37,0.00045150,92.00000000
2018-03-01 06:26:39,0.00045141,26.00000000
2018-03-01 06:26:40,0.00045152,19.00000000
2018-03-01 06:26:47,0.00045152,10.00000000
2018-03-01 06:26:54,0.00045152,312.00000000
2018-03-01 06:26:55,0.00045152,19.00000000
2018-03-01 06:26:55,0.00045198,71.00000000
2018-03-01 06:26:58,0.00045152,11.00000000
2018-03-01 06:26:58,0.00045107,15.00000000
2018-03-01 06:27:00,0.00045142,99.00000000
2018-03-01 06:27:04,0.00045142,9.00000000
2018-03-01 06:27:08,0.00045148,10.00000000
2018-03-01 06:27:14,0.00045198,5.00000000
2018-03-01 06:27:15,0.00045198,9.00000000
2018-03-01 06:27:15,0.00045198,1707.00000000
2018-03-01 06:27:17,0.00045143,6.00000000
2018-03-01 06:27:21,0.00045143,20.00000000
2018-03-01 06:27:22,0.00045198,698.00000000
2018-03-01 06:27:23,0.00045198,196.00000000
2018-03-01 06:27:23,0.00045198,114.00000000
2018-03-01 06:27:24,0.00045198,82.00000000
2018-03-01 06:27:24,0.00045200,294.00000000
2018-03-01 06:27:24,0.00045200,157.00000000
2018-03-01 06:27:27,0.00045143,28.00000000
2018-03-01 06:27:28,0.00045200,28.00000000
2018-03-01 06:27:32,0.00045200,118.00000000
2018-03-01 06:27:33,0.00045200,21.00000000
2018-03-01 06:27:33,0.00045200,30.00000000
2018-03-01 06:27:35,0.00045219,386.00000000
2018-03-01 06:27:41,0.00045219,4.00000000
2018-03-01 06:27:42,0.00045220,4.00000000
2018-03-01 06:27:44,0.00045220,24.00000000
2018-03-01 06:27:44,0.00045232,88.00000000
2018-03-01 06:27:44,0.00045235,171.00000000
2018-03-01 06:27:47,0.00045235,4.00000000
2018-03-01 06:27:49,0.00045235,210.00000000
2018-03-01 06:27:51,0.00045235,179.00000000
2018-03-01 06:27:58,0.00045235,4.00000000
2018-03-01 06:27:59,0.00045235,11.00000000
2018-03-01 06:28:00,0.00045235,9.00000000
2018-03-01 06:28:02,0.00045235,12.00000000
2018-03-01 06:28:03,0.00045235,3145.00000000
2018-03-01 06:28:04,0.00045256,19.00000000
2018-03-01 06:28:04,0.00045258,20.00000000
2018-03-01 06:28:04,0.00045269,100.00000000
2018-03-01 06:28:04,0.00045287,32.00000000
2018-03-01 06:28:04,0.00045292,4.00000000
2018-03-01 06:28:04,0.00045309,7.00000000
2018-03-01 06:28:04,0.00045328,4.00000000
2018-03-01 06:28:04,0.00045334,54.00000000
2018-03-01 06:28:06,0.00045240,217.00000000
2018-03-01 06:28:06,0.00045238,30.00000000
2018-03-01 06:28:06,0.00045238,30.00000000
2018-03-01 06:28:06,0.00045235,108.00000000
2018-03-01 06:28:06,0.00045238,30.00000000
2018-03-01 06:28:06,0.00045235,73.00000000
2018-03-01 06:28:07,0.00045236,54.00000000
2018-03-01 06:28:07,0.00045291,4.00000000
2018-03-01 06:28:07,0.00045291,14.00000000
2018-03-01 06:28:07,0.00045236,34.00000000
2018-03-01 06:28:07,0.00045235,63.00000000
2018-03-01 06:28:08,0.00045235,217.00000000
2018-03-01 06:28:08,0.00045235,351.00000000
2018-03-01 06:28:08,0.00045235,244.00000000
2018-03-01 06:28:08,0.00045235,34.00000000
2018-03-01 06:28:08,0.00045235,152.00000000
2018-03-01 06:28:09,0.00045235,109.00000000
2018-03-01 06:28:09,0.00045236,128.00000000
2018-03-01 06:28:10,0.00045238,218.00000000
2018-03-01 06:28:10,0.00045236,429.00000000
2018-03-01 06:28:10,0.00045236,35.00000000
2018-03-01 06:28:10,0.00045236,217.00000000
2018-03-01 06:28:10,0.00045235,634.00000000
2018-03-01 06:28:10,0.00045235,10.00000000
2018-03-01 06:28:11,0.00045235,50.00000000
2018-03-01 06:28:11,0.00045143,117.00000000
2018-03-01 06:28:11,0.00045232,161.00000000
2018-03-01 06:28:12,0.00045144,90.00000000
2018-03-01 06:28:12,0.00045143,60.00000000
2018-03-01 06:28:12,0.00045133,17.00000000
2018-03-01 06:28:12,0.00045132,133.00000000
2018-03-01 06:28:12,0.00045112,11.00000000
2018-03-01 06:28:12,0.00045107,266.00000000
2018-03-01 06:28:12,0.00045088,21.00000000
2018-03-01 06:28:12,0.00045070,22.00000000
2018-03-01 06:28:12,0.00045068,100.00000000
2018-03-01 06:28:12,0.00045068,28.00000000
2018-03-01 06:28:15,0.00045228,26.00000000
2018-03-01 06:28:15,0.00045207,31.00000000
2018-03-01 06:28:15,0.00045209,21.00000000
2018-03-01 06:28:16,0.00045129,4.00000000
2018-03-01 06:28:17,0.00045226,88.00000000
2018-03-01 06:28:17,0.00045230,30.00000000
2018-03-01 06:28:17,0.00045236,30.00000000
2018-03-01 06:28:17,0.00045236,30.00000000
2018-03-01 06:28:18,0.00045236,10.00000000
2018-03-01 06:28:20,0.00045236,691.00000000
2018-03-01 06:28:22,0.00045236,373.00000000
2018-03-01 06:28:23,0.00045236,126.00000000
2018-03-01 06:28:23,0.00045238,179.00000000
2018-03-01 06:28:24,0.00045238,40.00000000
2018-03-01 06:28:28,0.00045237,8.00000000
2018-03-01 06:28:32,0.00045238,35.00000000
2018-03-01 06:28:34,0.00045257,22.00000000
2018-03-01 06:28:35,0.00045240,6.00000000
2018-03-01 06:28:37,0.00045257,5.00000000
2018-03-01 06:28:47,0.00045238,95.00000000
2018-03-01 06:28:48,0.00045238,36.00000000
2018-03-01 06:28:49,0.00045251,10.00000000
2018-03-01 06:28:50,0.00045237,80.00000000
2018-03-01 06:28:50,0.00045236,613.00000000
2018-03-01 06:28:51,0.00045236,96.00000000
2018-03-01 06:28:52,0.00045200,2.00000000
2018-03-01 06:28:53,0.00045200,32.00000000
2018-03-01 06:28:56,0.00045200,9.00000000
2018-03-01 06:29:01,0.00045222,70.00000000
2018-03-01 06:29:26,0.00045201,112.00000000
2018-03-01 06:29:26,0.00045203,11.00000000
2018-03-01 06:29:28,0.00045206,5.00000000
2018-03-01 06:29:37,0.00045210,30.00000000
2018-03-01 06:29:38,0.00045211,36.00000000
2018-03-01 06:29:39,0.00045211,3.00000000
2018-03-01 06:29:39,0.00045211,74.00000000
2018-03-01 06:29:44,0.00045222,7.00000000
2018-03-01 06:29:47,0.00045221,30.00000000
2018-03-01 06:29:47,0.00045222,205.00000000
2018-03-01 06:29:47,0.00045221,30.00000000
2018-03-01 06:29:47,0.00045221,16.00000000
2018-03-01 06:29:47,0.00045288,65.00000000
2018-03-01 06:29:48,0.00045289,40.00000000
2018-03-01 06:29:48,0.00045294,753.00000000
2018-03-01 06:29:48,0.00045293,90.00000000
2018-03-01 06:29:49,0.00045295,88.00000000
2018-03-01 06:29:51,0.00045294,852.00000000
2018-03-01 06:29:51,0.00045294,10.00000000
2018-03-01 06:30:04,0.00045294,646.00000000
2018-03-01 06:30:06,0.00045294,80.00000000
2018-03-01 06:30:08,0.00045294,22.00000000
2018-03-01 06:30:09,0.00045294,32.00000000
2018-03-01 06:30:10,0.00045250,27.00000000
2018-03-01 06:30:10,0.00045239,10.00000000
2018-03-01 06:30:10,0.00045228,11.00000000
2018-03-01 06:30:10,0.00045224,62.00000000
2018-03-01 06:30:18,0.00045221,6.00000000
2018-03-01 06:30:34,0.00045293,4.00000000
2018-03-01 06:30:38,0.00045293,18.00000000
2018-03-01 06:30:50,0.00045221,22.00000000
2018-03-01 06:31:06,0.00045293,24.00000000
2018-03-01 06:31:09,0.00045292,4.00000000
2018-03-01 06:31:12,0.00045293,4.00000000
2018-03-01 06:31:13,0.00045293,80.00000000
2018-03-01 06:31:17,0.00045293,181.00000000
2018-03-01 06:31:19,0.00045221,99.00000000
2018-03-01 06:31:21,0.00045221,1619.00000000
2018-03-01 06:31:26,0.00045292,74.00000000
2018-03-01 06:31:28,0.00045211,13.00000000
2018-03-01 06:31:28,0.00045204,13.00000000
2018-03-01 06:31:29,0.00045291,10.00000000
2018-03-01 06:31:29,0.00045292,81.00000000
2018-03-01 06:31:34,0.00045205,4.00000000
2018-03-01 06:32:12,0.00045289,4.00000000
2018-03-01 06:32:12,0.00045290,320.00000000
2018-03-01 06:32:14,0.00045290,7.00000000
2018-03-01 06:32:15,0.00045292,44.00000000
2018-03-01 06:32:21,0.00045205,9.00000000
2018-03-01 06:32:31,0.00045287,6.00000000
2018-03-01 06:32:36,0.00045287,1.00000000
2018-03-01 06:32:41,0.00045208,18.00000000
2018-03-01 06:32:41,0.00045205,123.00000000
2018-03-01 06:32:43,0.00045205,782.00000000
2018-03-01 06:32:44,0.00045205,38.00000000
2018-03-01 06:32:44,0.00045205,24.00000000
2018-03-01 06:32:44,0.00045205,156.00000000
2018-03-01 06:32:47,0.00045286,8.00000000
2018-03-01 06:32:47,0.00045287,17.00000000
2018-03-01 06:32:56,0.00045210,12.00000000
2018-03-01 06:32:56,0.00045209,409.00000000
2018-03-01 06:33:07,0.00045210,10.00000000
2018-03-01 06:33:07,0.00045209,2.00000000
2018-03-01 06:33:07,0.00045209,10.00000000
2018-03-01 06:33:07,0.00045209,2.00000000
2018-03-01 06:33:09,0.00045285,7.00000000
2018-03-01 06:33:24,0.00045210,31.00000000
2018-03-01 06:33:25,0.00045210,6.00000000
2018-03-01 06:33:25,0.00045209,40.00000000
2018-03-01 06:33:27,0.00045210,17.00000000
2018-03-01 06:33:27,0.00045210,24.00000000
2018-03-01 06:33:28,0.00045210,39.00000000
2018-03-01 06:33:29,0.00045273,10.00000000
2018-03-01 06:33:29,0.00045274,3.00000000
2018-03-01 06:33:38,0.00045272,17.00000000
2018-03-01 06:33:39,0.00045272,39.00000000
2018-03-01 06:33:39,0.00045272,9.00000000
2018-03-01 06:33:39,0.00045272,10.00000000
2018-03-01 06:33:40,0.00045272,5.00000000
2018-03-01 06:33:47,0.00045273,5.00000000
2018-03-01 06:33:53,0.00045273,14.00000000
2018-03-01 06:33:53,0.00045273,28.00000000
2018-03-01 06:33:53,0.00045273,4.00000000
2018-03-01 06:33:55,0.00045273,77.00000000
2018-03-01 06:34:15,0.00045273,255.00000000
2018-03-01 06:34:15,0.00045274,207.00000000
2018-03-01 06:34:15,0.00045285,1176.00000000
2018-03-01 06:34:15,0.00045286,140.00000000
2018-03-01 06:34:39,0.00045285,10.00000000
2018-03-01 06:34:41,0.00045286,764.00000000
2018-03-01 06:34:51,0.00045286,111.00000000
2018-03-01 06:34:54,0.00045286,1620.00000000
2018-03-01 06:34:55,0.00045286,1014.00000000
2018-03-01 06:34:55,0.00045286,170.00000000
2018-03-01 06:34:55,0.00045285,27.00000000
2018-03-01 06:35:01,0.00045286,333.00000000
2018-03-01 06:35:01,0.00045287,29.00000000
2018-03-01 06:35:21,0.00045285,12.00000000
2018-03-01 06:35:24,0.00045213,5.00000000
2018-03-01 06:35:26,0.00045285,9.00000000
2018-03-01 06:35:27,0.00045213,5.00000000
2018-03-01 06:35:30,0.00045285,250.00000000
2018-03-01 06:35:42,0.00045212,48.00000000
2018-03-01 06:36:11,0.00045214,4.00000000
2018-03-01 06:36:14,0.00045213,171.00000000
2018-03-01 06:36:14,0.00045212,221.00000000
2018-03-01 06:36:15,0.00045260,508.00000000
2018-03-01 06:36:51,0.00045259,4.00000000
2018-03-01 06:36:51,0.00045260,151.00000000
2018-03-01 06:37:05,0.00045214,9.00000000
2018-03-01 06:37:05,0.00045260,76.00000000
2018-03-01 06:37:18,0.00045214,68.00000000
2018-03-01 06:37:18,0.00045212,152.00000000
2018-03-01 06:37:18,0.00045210,60.00000000
2018-03-01 06:37:18,0.00045204,13.00000000
2018-03-01 06:37:18,0.00045200,209.00000000
2018-03-01 06:37:18,0.00045200,15.00000000
2018-03-01 06:37:19,0.00045200,520.00000000
2018-03-01 06:37:25,0.00045192,5.00000000
2018-03-01 06:37:36,0.00045200,662.00000000
2018-03-01 06:37:44,0.00045193,191.00000000
2018-03-01 06:37:44,0.00045192,105.00000000
2018-03-01 06:37:44,0.00045100,30.00000000
2018-03-01 06:37:44,0.00045073,21.00000000
2018-03-01 06:37:44,0.00045072,126.00000000
2018-03-01 06:37:44,0.00045071,228.00000000
2018-03-01 06:37:44,0.00045068,192.00000000
2018-03-01 06:37:44,0.00045055,50.00000000
2018-03-01 06:37:44,0.00045050,1189.00000000
2018-03-01 06:37:44,0.00045033,26.00000000
2018-03-01 06:37:44,0.00045030,1624.00000000
2018-03-01 06:37:44,0.00045025,1297.00000000
2018-03-01 06:37:52,0.00045070,6.00000000
2018-03-01 06:38:10,0.00045088,39.00000000
2018-03-01 06:38:16,0.00045185,6.00000000
2018-03-01 06:38:16,0.00045186,13.00000000
2018-03-01 06:38:16,0.00045188,235.00000000
2018-03-01 06:38:39,0.00045088,13.00000000
2018-03-01 06:38:49,0.00045088,10.00000000
2018-03-01 06:38:49,0.00045179,18.00000000
2018-03-01 06:38:49,0.00045179,19.00000000
2018-03-01 06:38:49,0.00045179,17.00000000
2018-03-01 06:38:49,0.00045179,21.00000000
2018-03-01 06:38:51,0.00045180,19.00000000
2018-03-01 06:39:11,0.00045100,18.00000000
2018-03-01 06:39:11,0.00045098,11.00000000
2018-03-01 06:39:11,0.00045098,4.00000000
2018-03-01 06:39:11,0.00045098,4.00000000
2018-03-01 06:39:18,0.00045089,11.00000000
2018-03-01 06:39:21,0.00045098,43.00000000
2018-03-01 06:39:21,0.00045100,117.00000000
2018-03-01 06:39:21,0.00045171,7.00000000
2018-03-01 06:39:21,0.00045180,441.00000000
2018-03-01 06:39:30,0.00045091,1.00000000
2018-03-01 06:39:36,0.00045093,18.00000000
2018-03-01 06:39:36,0.00045089,545.00000000
2018-03-01 06:39:36,0.00045088,19.00000000
2018-03-01 06:39:36,0.00045070,55.00000000
2018-03-01 06:39:47,0.00045101,13.00000000
2018-03-01 06:39:48,0.00045098,22.00000000
2018-03-01 06:39:48,0.00045098,55.00000000
2018-03-01 06:39:48,0.00045098,41.00000000
2018-03-01 06:39:49,0.00045097,13.00000000
2018-03-01 06:39:51,0.00045097,11.00000000
2018-03-01 06:39:56,0.00045077,10.00000000
2018-03-01 06:39:56,0.00045076,135.00000000
2018-03-01 06:39:59,0.00045079,98.00000000
2018-03-01 06:40:14,0.00045082,265.00000000
2018-03-01 06:40:14,0.00045070,304.00000000
2018-03-01 06:40:14,0.00045062,30.00000000
2018-03-01 06:40:14,0.00045013,98.00000000
2018-03-01 06:40:25,0.00045061,14.00000000
2018-03-01 06:40:27,0.00045042,123.00000000
2018-03-01 06:40:27,0.00045042,97.00000000
2018-03-01 06:40:27,0.00045044,10.00000000
2018-03-01 06:40:36,0.00045044,17.00000000
2018-03-01 06:40:38,0.00045013,107.00000000
2018-03-01 06:40:38,0.00045000,790.00000000
2018-03-01 06:40:38,0.00045000,27.00000000
2018-03-01 06:40:39,0.00045013,3.00000000
2018-03-01 06:40:40,0.00045000,88.00000000
2018-03-01 06:40:40,0.00044951,208.00000000
2018-03-01 06:40:46,0.00045000,303.00000000
2018-03-01 06:40:49,0.00045000,31.00000000
2018-03-01 06:40:50,0.00045000,65.00000000
2018-03-01 06:40:51,0.00044952,14.00000000
2018-03-01 06:40:51,0.00044951,84.00000000
2018-03-01 06:40:51,0.00044950,28.00000000
2018-03-01 06:40:51,0.00044947,6.00000000
2018-03-01 06:40:51,0.00044940,19.00000000
2018-03-01 06:40:51,0.00044900,149.00000000
2018-03-01 06:40:51,0.00045013,1.00000000
2018-03-01 06:40:51,0.00045067,9.00000000
2018-03-01 06:41:02,0.00044948,4.00000000
2018-03-01 06:41:02,0.00044948,20.00000000
2018-03-01 06:41:05,0.00044948,10.00000000
2018-03-01 06:41:07,0.00044948,3.00000000
2018-03-01 06:41:07,0.00044948,8.00000000
2018-03-01 06:41:07,0.00044948,3.00000000
2018-03-01 06:41:08,0.00045001,13.00000000
2018-03-01 06:41:08,0.00045001,8.00000000
2018-03-01 06:41:09,0.00045004,24.00000000
2018-03-01 06:41:10,0.00045032,3.00000000
2018-03-01 06:41:14,0.00044920,36.00000000
2018-03-01 06:41:18,0.00045029,9.00000000
2018-03-01 06:41:39,0.00044926,44.00000000
2018-03-01 06:41:42,0.00044926,174.00000000
2018-03-01 06:41:42,0.00044918,30.00000000
2018-03-01 06:41:42,0.00044900,100.00000000
2018-03-01 06:41:42,0.00044899,360.00000000
2018-03-01 06:41:42,0.00044860,142.00000000
2018-03-01 06:41:42,0.00044842,40.00000000
2018-03-01 06:41:42,0.00044840,510.00000000
2018-03-01 06:41:42,0.00044834,268.00000000
2018-03-01 06:41:42,0.00044815,54.00000000
2018-03-01 06:41:42,0.00044810,2791.00000000
2018-03-01 06:41:53,0.00044959,1.00000000
2018-03-01 06:41:57,0.00044870,9.00000000
2018-03-01 06:42:01,0.00044944,1.00000000
2018-03-01 06:42:01,0.00044870,35.00000000
2018-03-01 06:42:06,0.00044878,15.00000000
2018-03-01 06:42:10,0.00044926,209.00000000
2018-03-01 06:42:17,0.00044924,3.00000000
2018-03-01 06:42:19,0.00044924,3.00000000
2018-03-01 06:42:19,0.00044924,20.00000000
2018-03-01 06:42:20,0.00044924,3.00000000
2018-03-01 06:42:21,0.00044924,223.00000000
2018-03-01 06:42:22,0.00044926,3.00000000
2018-03-01 06:42:22,0.00044926,45.00000000
2018-03-01 06:42:25,0.00044924,3.00000000
2018-03-01 06:42:26,0.00044943,13.00000000
2018-03-01 06:42:26,0.00044943,13.00000000
2018-03-01 06:42:26,0.00044943,9.00000000
2018-03-01 06:42:26,0.00044943,13.00000000
2018-03-01 06:42:26,0.00044943,13.00000000
2018-03-01 06:42:26,0.00044943,4.00000000
2018-03-01 06:42:26,0.00044950,23.00000000
2018-03-01 06:42:27,0.00044950,12.00000000
2018-03-01 06:42:31,0.00044953,11.00000000
2018-03-01 06:42:31,0.00044950,70.00000000
2018-03-01 06:42:31,0.00044943,9.00000000
2018-03-01 06:42:32,0.00044909,29.00000000
2018-03-01 06:42:33,0.00044909,27.00000000
2018-03-01 06:42:33,0.00044909,3.00000000
2018-03-01 06:42:33,0.00044909,3.00000000
2018-03-01 06:42:33,0.00044909,3.00000000
2018-03-01 06:42:34,0.00044909,45.00000000
2018-03-01 06:42:34,0.00044909,119.00000000
2018-03-01 06:42:38,0.00044885,11.00000000
2018-03-01 06:42:40,0.00044887,11.00000000
2018-03-01 06:42:41,0.00044889,11.00000000
2018-03-01 06:42:41,0.00044909,94.00000000
2018-03-01 06:42:42,0.00044889,17.00000000
2018-03-01 06:42:42,0.00044909,3.00000000
2018-03-01 06:42:42,0.00044909,4.00000000
2018-03-01 06:42:44,0.00044909,849.00000000
2018-03-01 06:42:57,0.00044908,9.00000000
2018-03-01 06:42:58,0.00044908,43.00000000
2018-03-01 06:42:58,0.00044909,1119.00000000
2018-03-01 06:42:59,0.00044909,10.00000000
2018-03-01 06:42:59,0.00044909,32.00000000
2018-03-01 06:43:03,0.00044909,722.00000000
2018-03-01 06:43:03,0.00044909,20.00000000
2018-03-01 06:43:18,0.00044909,17.00000000
2018-03-01 06:43:20,0.00044909,199.00000000
2018-03-01 06:43:26,0.00044909,12.00000000
2018-03-01 06:43:32,0.00044909,12.00000000
2018-03-01 06:43:33,0.00044909,609.00000000
2018-03-01 06:43:44,0.00044908,29.00000000
2018-03-01 06:43:44,0.00044898,299.00000000
2018-03-01 06:43:50,0.00044898,52.00000000
2018-03-01 06:43:55,0.00044909,11.00000000
2018-03-01 06:44:15,0.00044906,36.00000000
2018-03-01 06:44:15,0.00044906,84.00000000
2018-03-01 06:44:16,0.00044909,38.00000000
2018-03-01 06:44:16,0.00044909,96.00000000
2018-03-01 06:44:18,0.00044899,221.00000000
2018-03-01 06:44:18,0.00044898,1482.00000000
2018-03-01 06:44:18,0.00044909,275.00000000
2018-03-01 06:44:21,0.00044909,24.00000000
2018-03-01 06:44:29,0.00044909,144.00000000
2018-03-01 06:44:29,0.00044909,144.00000000
2018-03-01 06:44:29,0.00044909,9.00000000
2018-03-01 06:44:29,0.00044946,67.00000000
2018-03-01 06:44:29,0.00044975,11.00000000
2018-03-01 06:44:29,0.00044988,24.00000000
2018-03-01 06:44:29,0.00045000,33.00000000
2018-03-01 06:44:29,0.00044911,11.00000000
2018-03-01 06:44:30,0.00045000,13.00000000
2018-03-01 06:44:37,0.00044999,12.00000000
2018-03-01 06:44:37,0.00045000,370.00000000
2018-03-01 06:44:37,0.00045000,130.00000000
2018-03-01 06:44:41,0.00045066,9.00000000
2018-03-01 06:44:41,0.00045066,31.00000000
2018-03-01 06:44:41,0.00045067,21.00000000
2018-03-01 06:44:42,0.00044933,25.00000000
2018-03-01 06:44:51,0.00045107,25.00000000
2018-03-01 06:44:51,0.00045108,30.00000000
2018-03-01 06:44:55,0.00045108,74.00000000
2018-03-01 06:44:56,0.00045108,31.00000000
2018-03-01 06:44:59,0.00045012,10.00000000
2018-03-01 06:44:59,0.00045011,30.00000000
2018-03-01 06:44:59,0.00045010,88.00000000
2018-03-01 06:44:59,0.00045000,3.00000000
2018-03-01 06:44:59,0.00044945,21.00000000
2018-03-01 06:44:59,0.00044930,10.00000000
2018-03-01 06:44:59,0.00044909,144.00000000
2018-03-01 06:44:59,0.00044898,334.00000000
2018-03-01 06:44:59,0.00044895,7.00000000
2018-03-01 06:44:59,0.00044887,11.00000000
2018-03-01 06:44:59,0.00044861,30.00000000
2018-03-01 06:44:59,0.00044861,45.00000000
2018-03-01 06:44:59,0.00044861,45.00000000
2018-03-01 06:44:59,0.00044861,22.00000000
2018-03-01 06:44:59,0.00044861,30.00000000
2018-03-01 06:44:59,0.00044861,3949.00000000
2018-03-01 06:44:59,0.00045011,11.00000000
2018-03-01 06:45:27,0.00045011,47.00000000
2018-03-01 06:45:30,0.00045099,11.00000000
2018-03-01 06:45:30,0.00045099,301.00000000
2018-03-01 06:45:34,0.00045099,13.00000000
2018-03-01 06:45:34,0.00045100,30.00000000
2018-03-01 06:45:34,0.00045100,30.00000000
2018-03-01 06:45:34,0.00045100,15.00000000
2018-03-01 06:45:48,0.00045011,4.00000000
2018-03-01 06:45:48,0.00044919,219.00000000
2018-03-01 06:45:48,0.00044902,30.00000000
2018-03-01 06:45:48,0.00044901,190.00000000
2018-03-01 06:45:48,0.00044867,57.00000000
2018-03-01 06:45:49,0.00044902,14.00000000
2018-03-01 06:45:49,0.00044902,97.00000000
2018-03-01 06:45:50,0.00044900,219.00000000
2018-03-01 06:46:16,0.00044950,10.00000000
2018-03-01 06:46:33,0.00044949,5.00000000
2018-03-01 06:46:34,0.00044949,5.00000000
2018-03-01 06:46:42,0.00044900,356.00000000
2018-03-01 06:46:47,0.00044948,11.00000000
2018-03-01 06:46:47,0.00044949,20.00000000
2018-03-01 06:46:47,0.00044949,21.00000000
2018-03-01 06:46:51,0.00045007,19.00000000
2018-03-01 06:47:04,0.00044949,6.00000000
2018-03-01 06:47:04,0.00045004,30.00000000
2018-03-01 06:47:04,0.00045005,24.00000000
2018-03-01 06:47:30,0.00045005,16.00000000
2018-03-01 06:47:31,0.00045005,26.00000000
2018-03-01 06:47:33,0.00045005,11.00000000
2018-03-01 06:47:41,0.00045005,1029.00000000
2018-03-01 06:47:56,0.00045004,45.00000000
2018-03-01 06:47:56,0.00045005,199.00000000
2018-03-01 06:48:03,0.00044907,99.00000000
2018-03-01 06:48:15,0.00044916,12.00000000
2018-03-01 06:48:15,0.00044916,1.00000000
2018-03-01 06:48:19,0.00044916,109.00000000
2018-03-01 06:48:19,0.00044914,89.00000000
2018-03-01 06:48:21,0.00044914,132.00000000
2018-03-01 06:48:21,0.00044916,21.00000000
2018-03-01 06:48:21,0.00044916,105.00000000
2018-03-01 06:48:26,0.00044916,118.00000000
2018-03-01 06:48:33,0.00044916,155.00000000
2018-03-01 06:48:49,0.00045000,12.00000000
2018-03-01 06:48:52,0.00044924,11.00000000
2018-03-01 06:48:52,0.00044916,200.00000000
2018-03-01 06:48:52,0.00044900,3.00000000
2018-03-01 06:49:01,0.00044999,27.00000000
2018-03-01 06:49:08,0.00044911,8.00000000
2018-03-01 06:49:08,0.00044911,85.00000000
2018-03-01 06:49:09,0.00044911,2416.00000000
2018-03-01 06:49:17,0.00044999,23.00000000
2018-03-01 06:49:17,0.00044999,22.00000000
2018-03-01 06:49:17,0.00044999,44.00000000
2018-03-01 06:49:17,0.00045004,35.00000000
2018-03-01 06:49:17,0.00045005,186.00000000
2018-03-01 06:49:17,0.00045005,88.00000000
2018-03-01 06:49:17,0.00044911,10.00000000
2018-03-01 06:49:28,0.00044940,9.00000000
2018-03-01 06:49:28,0.00044934,5.00000000
2018-03-01 06:49:42,0.00044934,1813.00000000
2018-03-01 06:49:43,0.00044934,857.00000000
2018-03-01 06:49:49,0.00044927,10.00000000
2018-03-01 06:50:11,0.00044928,11.00000000
2018-03-01 06:50:11,0.00044927,289.00000000
2018-03-01 06:50:16,0.00044927,12.00000000
2018-03-01 06:50:37,0.00044995,8.00000000
2018-03-01 06:50:46,0.00044995,91.00000000
2018-03-01 06:50:46,0.00044997,39.00000000
2018-03-01 06:50:52,0.00044997,24.00000000
2018-03-01 06:51:00,0.00044997,57.00000000
2018-03-01 06:51:02,0.00044995,60.00000000
2018-03-01 06:51:10,0.00044997,911.00000000
2018-03-01 06:51:10,0.00045000,507.00000000
2018-03-01 06:51:18,0.00045000,1102.00000000
2018-03-01 06:51:32,0.00045000,223.00000000
2018-03-01 06:51:37,0.00044998,8.00000000
2018-03-01 06:51:37,0.00044999,15.00000000
2018-03-01 06:51:37,0.00045000,482.00000000
2018-03-01 06:51:39,0.00045000,65.00000000
2018-03-01 06:51:51,0.00044997,5.00000000
2018-03-01 06:51:51,0.00044997,39.00000000
2018-03-01 06:51:57,0.00044998,45.00000000
2018-03-01 06:52:01,0.00044998,4.00000000
2018-03-01 06:52:03,0.00044930,312.00000000
2018-03-01 06:52:08,0.00044930,137.00000000
2018-03-01 06:52:09,0.00045000,28.00000000
2018-03-01 06:52:12,0.00044931,13.00000000
2018-03-01 06:52:14,0.00044930,44.00000000
2018-03-01 06:52:15,0.00044931,13.00000000
2018-03-01 06:52:22,0.00044924,119.00000000
2018-03-01 06:52:29,0.00044930,146.00000000
2018-03-01 06:52:34,0.00044926,10.00000000
2018-03-01 06:52:34,0.00044910,13.00000000
2018-03-01 06:52:34,0.00044909,89.00000000
2018-03-01 06:52:34,0.00044897,30.00000000
2018-03-01 06:52:34,0.00044861,79.00000000
2018-03-01 06:52:34,0.00044850,4.00000000
2018-03-01 06:52:42,0.00044930,16.00000000
2018-03-01 06:52:44,0.00044928,10.00000000
2018-03-01 06:53:02,0.00044928,54.00000000
2018-03-01 06:53:03,0.00044928,212.00000000
2018-03-01 06:53:03,0.00044997,30.00000000
2018-03-01 06:53:03,0.00044998,89.00000000
2018-03-01 06:53:03,0.00044999,30.00000000
2018-03-01 06:53:03,0.00045000,51.00000000
2018-03-01 06:53:51,0.00044980,7.00000000
2018-03-01 06:53:51,0.00044999,51.00000000
2018-03-01 06:53:51,0.00045000,449.00000000
2018-03-01 06:54:02,0.00045000,76.00000000
2018-03-01 06:54:02,0.00045000,7.00000000
2018-03-01 06:54:10,0.00045000,3.00000000
2018-03-01 06:54:13,0.00045000,2.00000000
2018-03-01 06:54:15,0.00045000,1454.00000000
2018-03-01 06:54:15,0.00044923,41.00000000
2018-03-01 06:54:15,0.00044922,30.00000000
2018-03-01 06:54:15,0.00044909,89.00000000
2018-03-01 06:54:15,0.00044902,30.00000000
2018-03-01 06:54:15,0.00044850,162.00000000
2018-03-01 06:54:15,0.00044833,812.00000000
2018-03-01 06:54:20,0.00044995,1.00000000
2018-03-01 06:54:28,0.00044990,1.00000000
2018-03-01 06:54:36,0.00044991,10.00000000
2018-03-01 06:54:39,0.00044988,9.00000000
2018-03-01 06:54:39,0.00044989,2.00000000
2018-03-01 06:54:43,0.00044999,7.00000000
2018-03-01 06:54:43,0.00044999,10.00000000
2018-03-01 06:54:45,0.00044999,13.00000000
2018-03-01 06:54:46,0.00044999,14.00000000
2018-03-01 06:54:52,0.00044999,4.00000000
2018-03-01 06:55:01,0.00044991,4.00000000
2018-03-01 06:55:01,0.00044910,5.00000000
2018-03-01 06:55:05,0.00044910,20.00000000
2018-03-01 06:55:06,0.00044909,10.00000000
2018-03-01 06:55:06,0.00044910,30.00000000
2018-03-01 06:55:08,0.00044911,11.00000000
2018-03-01 06:55:09,0.00044912,10.00000000
2018-03-01 06:55:09,0.00044909,22.00000000
2018-03-01 06:55:09,0.00044861,10.00000000
2018-03-01 06:55:09,0.00044834,22.00000000
2018-03-01 06:55:09,0.00044834,275.00000000
2018-03-01 06:55:09,0.00044998,10.00000000
2018-03-01 06:55:09,0.00044999,12.00000000
2018-03-01 06:55:10,0.00044908,16.00000000
2018-03-01 06:55:10,0.00044910,35.00000000
2018-03-01 06:55:10,0.00044922,22.00000000
2018-03-01 06:55:12,0.00044988,10.00000000
2018-03-01 06:55:13,0.00044912,93.00000000
2018-03-01 06:55:13,0.00044855,2.00000000
2018-03-01 06:55:30,0.00044981,36.00000000
2018-03-01 06:55:30,0.00045000,128.00000000
2018-03-01 06:55:45,0.00045000,1.00000000
2018-03-01 06:55:45,0.00045005,24.00000000
2018-03-01 06:55:45,0.00045050,19.00000000
2018-03-01 06:56:07,0.00045001,10.00000000
2018-03-01 06:56:07,0.00045000,214.00000000
2018-03-01 06:56:07,0.00045000,156.00000000
2018-03-01 06:56:07,0.00044989,22.00000000
2018-03-01 06:56:07,0.00044989,13.00000000
2018-03-01 06:56:08,0.00044989,3.00000000
2018-03-01 06:56:08,0.00044989,20.00000000
2018-03-01 06:56:08,0.00045050,87.00000000
2018-03-01 06:56:08,0.00045053,20.00000000
2018-03-01 06:56:08,0.00045100,108.00000000
2018-03-01 06:56:08,0.00044962,88.00000000
2018-03-01 06:56:08,0.00044961,10.00000000
2018-03-01 06:56:10,0.00044964,79.00000000
2018-03-01 06:56:26,0.00044997,5.00000000
2018-03-01 06:56:43,0.00044910,8.00000000
2018-03-01 06:56:43,0.00044834,30.00000000
2018-03-01 06:56:43,0.00044833,148.00000000
2018-03-01 06:56:44,0.00044975,84.00000000
2018-03-01 06:57:28,0.00044988,13.00000000
2018-03-01 06:57:42,0.00044998,13.00000000
2018-03-01 06:57:52,0.00044996,81.00000000
2018-03-01 06:57:53,0.00045000,10.00000000
2018-03-01 06:57:54,0.00044998,3.00000000
2018-03-01 06:57:54,0.00044988,5.00000000
2018-03-01 06:58:03,0.00044999,22.00000000
2018-03-01 06:58:14,0.00045000,110.00000000
2018-03-01 06:58:14,0.00045000,22.00000000
2018-03-01 06:58:14,0.00044999,22.00000000
2018-03-01 06:58:35,0.00045000,31.00000000
2018-03-01 06:58:43,0.00045000,13.00000000
2018-03-01 06:58:51,0.00045000,59.00000000
2018-03-01 06:58:52,0.00044999,19.00000000
2018-03-01 06:58:54,0.00045000,8.00000000
2018-03-01 06:58:54,0.00044999,125.00000000
2018-03-01 06:58:59,0.00045000,13.00000000
2018-03-01 06:59:07,0.00044999,24.00000000
2018-03-01 06:59:09,0.00045000,4.00000000
2018-03-01 06:59:09,0.00045000,4.00000000
2018-03-01 06:59:09,0.00045000,4.00000000
2018-03-01 06:59:12,0.00044999,6.00000000
2018-03-01 06:59:19,0.00044988,15.00000000
2018-03-01 06:59:23,0.00044988,30.00000000
2018-03-01 06:59:23,0.00044851,9.00000000
2018-03-01 06:59:23,0.00044850,117.00000000
2018-03-01 06:59:23,0.00044850,14.00000000
2018-03-01 06:59:23,0.00044850,139.00000000
2018-03-01 06:59:23,0.00044999,3.00000000
2018-03-01 06:59:25,0.00044996,10.00000000
2018-03-01 06:59:25,0.00044997,85.00000000
2018-03-01 06:59:25,0.00044999,6.00000000
2018-03-01 06:59:25,0.00045000,10.00000000
2018-03-01 06:59:25,0.00044999,9.00000000
2018-03-01 06:59:50,0.00045000,15.00000000
2018-03-01 06:59:55,0.00045000,14.00000000
