DATE,PRICE,VOLUME
2018-02-25 04:00:02,0.00057704,10.00000000
2018-02-25 04:00:05,0.00057673,5.00000000
2018-02-25 04:00:10,0.00057703,30.00000000
2018-02-25 04:00:12,0.00057673,9.00000000
2018-02-25 04:00:15,0.00057673,5.00000000
2018-02-25 04:00:25,0.00057673,19.00000000
2018-02-25 04:00:34,0.00057673,9.00000000
2018-02-25 04:00:34,0.00057673,143.00000000
2018-02-25 04:00:36,0.00057673,677.00000000
2018-02-25 04:00:50,0.00057703,10.00000000
2018-02-25 04:00:57,0.00057672,26.00000000
2018-02-25 04:01:00,0.00057702,10.00000000
2018-02-25 04:01:00,0.00057703,5.00000000
2018-02-25 04:01:00,0.00057670,5.00000000
2018-02-25 04:01:03,0.00057671,8.00000000
2018-02-25 04:01:27,0.00057674,8.00000000
2018-02-25 04:01:27,0.00057671,213.00000000
2018-02-25 04:01:28,0.00057670,24.00000000
2018-02-25 04:01:28,0.00057613,42.00000000
2018-02-25 04:01:28,0.00057671,160.00000000
2018-02-25 04:01:28,0.00057671,79.00000000
2018-02-25 04:01:29,0.00057671,94.00000000
2018-02-25 04:01:29,0.00057671,3.00000000
2018-02-25 04:01:29,0.00057671,215.00000000
2018-02-25 04:01:31,0.00057671,14.00000000
2018-02-25 04:01:32,0.00057671,78.00000000
2018-02-25 04:01:33,0.00057671,136.00000000
2018-02-25 04:01:35,0.00057688,16.00000000
2018-02-25 04:01:37,0.00057688,9.00000000
2018-02-25 04:01:42,0.00057615,49.00000000
2018-02-25 04:01:44,0.00057703,42.00000000
2018-02-25 04:01:44,0.00057704,117.00000000
2018-02-25 04:02:04,0.00057704,1.00000000
2018-02-25 04:02:09,0.00057671,25.00000000
2018-02-25 04:02:11,0.00057639,9.00000000
2018-02-25 04:02:15,0.00057671,75.00000000
2018-02-25 04:02:15,0.00057640,9.00000000
2018-02-25 04:02:23,0.00057704,3.00000000
2018-02-25 04:02:36,0.00057631,13.00000000
2018-02-25 04:02:38,0.00057704,45.00000000
2018-02-25 04:02:38,0.00057623,38.00000000
2018-02-25 04:02:40,0.00057623,108.00000000
2018-02-25 04:02:48,0.00057704,3.00000000
2018-02-25 04:02:49,0.00057704,7.00000000
2018-02-25 04:02:58,0.00057700,15.00000000
2018-02-25 04:02:58,0.00057704,5.00000000
2018-02-25 04:03:09,0.00057704,208.00000000
2018-02-25 04:03:09,0.00057704,49.00000000
2018-02-25 04:03:09,0.00057704,74.00000000
2018-02-25 04:03:10,0.00057705,56.00000000
2018-02-25 04:04:08,0.00057705,250.00000000
2018-02-25 04:04:23,0.00057623,7.00000000
2018-02-25 04:04:24,0.00057705,92.00000000
2018-02-25 04:04:28,0.00057705,19.00000000
2018-02-25 04:04:32,0.00057705,12.00000000
2018-02-25 04:04:37,0.00057705,17.00000000
2018-02-25 04:04:43,0.00057705,2.00000000
2018-02-25 04:04:43,0.00057710,17.00000000
2018-02-25 04:05:02,0.00057705,1.00000000
2018-02-25 04:05:09,0.00057704,13.00000000
2018-02-25 04:05:09,0.00057705,65.00000000
2018-02-25 04:05:30,0.00057705,34.00000000
2018-02-25 04:05:30,0.00057710,20.00000000
2018-02-25 04:05:30,0.00057739,5.00000000
2018-02-25 04:05:30,0.00057750,5.00000000
2018-02-25 04:05:30,0.00057799,21.00000000
2018-02-25 04:05:57,0.00057797,6.00000000
2018-02-25 04:05:58,0.00057797,4.00000000
2018-02-25 04:06:01,0.00057798,61.00000000
2018-02-25 04:06:08,0.00057797,6.00000000
2018-02-25 04:06:08,0.00057798,192.00000000
2018-02-25 04:06:16,0.00057798,17.00000000
2018-02-25 04:06:20,0.00057743,9.00000000
2018-02-25 04:06:20,0.00057742,103.00000000
2018-02-25 04:06:29,0.00057744,19.00000000
2018-02-25 04:06:33,0.00057744,724.00000000
2018-02-25 04:06:37,0.00057744,1084.00000000
2018-02-25 04:06:44,0.00057742,24.00000000
2018-02-25 04:07:05,0.00057742,17.00000000
2018-02-25 04:07:05,0.00057705,3.00000000
2018-02-25 04:07:06,0.00057705,3.00000000
2018-02-25 04:07:06,0.00057705,3.00000000
2018-02-25 04:07:06,0.00057704,192.00000000
2018-02-25 04:07:06,0.00057704,133.00000000
2018-02-25 04:07:07,0.00057704,3.00000000
2018-02-25 04:07:08,0.00057704,11.00000000
2018-02-25 04:07:08,0.00057704,3.00000000
2018-02-25 04:07:09,0.00057704,40.00000000
2018-02-25 04:07:10,0.00057704,18.00000000
2018-02-25 04:07:10,0.00057694,3.00000000
2018-02-25 04:07:34,0.00057741,49.00000000
2018-02-25 04:07:34,0.00057742,1457.00000000
2018-02-25 04:08:15,0.00057737,4.00000000
2018-02-25 04:08:15,0.00057742,49.00000000
2018-02-25 04:08:15,0.00057760,5.00000000
2018-02-25 04:08:15,0.00057799,9.00000000
2018-02-25 04:08:15,0.00057800,97.00000000
2018-02-25 04:08:18,0.00057658,173.00000000
2018-02-25 04:08:18,0.00057656,11.00000000
2018-02-25 04:08:18,0.00057652,23.00000000
2018-02-25 04:08:18,0.00057652,29.00000000
2018-02-25 04:08:18,0.00057648,16.00000000
2018-02-25 04:08:18,0.00057648,14.00000000
2018-02-25 04:08:20,0.00057642,12.00000000
2018-02-25 04:08:20,0.00057637,4.00000000
2018-02-25 04:08:20,0.00057614,27.00000000
2018-02-25 04:08:21,0.00057651,4.00000000
2018-02-25 04:08:21,0.00057614,37.00000000
2018-02-25 04:08:21,0.00057613,391.00000000
2018-02-25 04:08:23,0.00057760,4.00000000
2018-02-25 04:08:23,0.00057765,20.00000000
2018-02-25 04:08:23,0.00057768,35.00000000
2018-02-25 04:08:31,0.00057746,18.00000000
2018-02-25 04:08:38,0.00057739,155.00000000
2018-02-25 04:08:40,0.00057739,46.00000000
2018-02-25 04:08:43,0.00057739,8.00000000
2018-02-25 04:08:46,0.00057739,10.00000000
2018-02-25 04:08:46,0.00057739,18.00000000
2018-02-25 04:08:47,0.00057740,25.00000000
2018-02-25 04:08:50,0.00057739,236.00000000
2018-02-25 04:08:50,0.00057739,10.00000000
2018-02-25 04:08:52,0.00057681,10.00000000
2018-02-25 04:08:57,0.00057681,1.00000000
2018-02-25 04:08:57,0.00057740,16.00000000
2018-02-25 04:08:59,0.00057682,14.00000000
2018-02-25 04:09:06,0.00057682,1.00000000
2018-02-25 04:09:06,0.00057647,4.00000000
2018-02-25 04:09:06,0.00057627,86.00000000
2018-02-25 04:09:06,0.00057627,36.00000000
2018-02-25 04:09:32,0.00057627,11.00000000
2018-02-25 04:09:35,0.00057627,8.00000000
2018-02-25 04:09:35,0.00057621,4.00000000
2018-02-25 04:09:35,0.00057614,4.00000000
2018-02-25 04:09:55,0.00057614,2.00000000
2018-02-25 04:09:56,0.00057614,12.00000000
2018-02-25 04:09:56,0.00057613,38.00000000
2018-02-25 04:09:56,0.00057606,129.00000000
2018-02-25 04:09:57,0.00057606,18.00000000
2018-02-25 04:09:57,0.00057606,18.00000000
2018-02-25 04:09:58,0.00057606,44.00000000
2018-02-25 04:09:58,0.00057605,46.00000000
2018-02-25 04:09:58,0.00057603,23.00000000
2018-02-25 04:09:58,0.00057600,150.00000000
2018-02-25 04:09:58,0.00057568,30.00000000
2018-02-25 04:09:58,0.00057540,451.00000000
2018-02-25 04:10:00,0.00057551,2.00000000
2018-02-25 04:10:02,0.00057540,175.00000000
2018-02-25 04:10:04,0.00057549,4.00000000
2018-02-25 04:10:04,0.00057540,11.00000000
2018-02-25 04:10:07,0.00057540,49.00000000
2018-02-25 04:10:08,0.00057540,36.00000000
2018-02-25 04:10:09,0.00057540,14.00000000
2018-02-25 04:10:09,0.00057529,266.00000000
2018-02-25 04:10:09,0.00057500,128.00000000
2018-02-25 04:10:10,0.00057500,13.00000000
2018-02-25 04:10:11,0.00057500,39.00000000
2018-02-25 04:10:14,0.00057500,12.00000000
2018-02-25 04:10:15,0.00057621,105.00000000
2018-02-25 04:10:15,0.00057621,17.00000000
2018-02-25 04:10:16,0.00057623,35.00000000
2018-02-25 04:10:16,0.00057503,155.00000000
2018-02-25 04:10:16,0.00057503,18.00000000
2018-02-25 04:10:16,0.00057503,52.00000000
2018-02-25 04:10:16,0.00057503,29.00000000
2018-02-25 04:10:20,0.00057509,27.00000000
2018-02-25 04:10:21,0.00057510,8.00000000
2018-02-25 04:10:21,0.00057663,2.00000000
2018-02-25 04:10:21,0.00057666,173.00000000
2018-02-25 04:10:21,0.00057668,12.00000000
2018-02-25 04:10:21,0.00057669,30.00000000
2018-02-25 04:10:21,0.00057682,3.00000000
2018-02-25 04:10:21,0.00057740,92.00000000
2018-02-25 04:10:21,0.00057511,173.00000000
2018-02-25 04:10:21,0.00057509,25.00000000
2018-02-25 04:10:21,0.00057506,11.00000000
2018-02-25 04:10:24,0.00057509,12.00000000
2018-02-25 04:10:24,0.00057508,124.00000000
2018-02-25 04:10:25,0.00057510,10.00000000
2018-02-25 04:10:26,0.00057510,88.00000000
2018-02-25 04:10:29,0.00057624,173.00000000
2018-02-25 04:10:29,0.00057626,10.00000000
2018-02-25 04:10:30,0.00057615,4.00000000
2018-02-25 04:10:30,0.00057627,8.00000000
2018-02-25 04:10:31,0.00057512,173.00000000
2018-02-25 04:10:31,0.00057510,157.00000000
2018-02-25 04:10:36,0.00057520,4.00000000
2018-02-25 04:10:36,0.00057511,6.00000000
2018-02-25 04:10:44,0.00057609,100.00000000
2018-02-25 04:10:46,0.00057598,73.00000000
2018-02-25 04:10:46,0.00057600,4.00000000
2018-02-25 04:10:53,0.00057607,8.00000000
2018-02-25 04:10:53,0.00057608,10.00000000
2018-02-25 04:11:03,0.00057517,4.00000000
2018-02-25 04:11:08,0.00057516,65.00000000
2018-02-25 04:11:08,0.00057632,10.00000000
2018-02-25 04:11:08,0.00057633,52.00000000
2018-02-25 04:11:08,0.00057633,8.00000000
2018-02-25 04:11:08,0.00057633,49.00000000
2018-02-25 04:11:09,0.00057633,14.00000000
2018-02-25 04:11:09,0.00057633,4.00000000
2018-02-25 04:11:10,0.00057634,10.00000000
2018-02-25 04:11:10,0.00057633,5.00000000
2018-02-25 04:11:15,0.00057512,52.00000000
2018-02-25 04:11:19,0.00057520,5.00000000
2018-02-25 04:11:19,0.00057518,4.00000000
2018-02-25 04:11:19,0.00057511,174.00000000
2018-02-25 04:11:20,0.00057511,60.00000000
2018-02-25 04:11:24,0.00057518,174.00000000
2018-02-25 04:11:24,0.00057518,135.00000000
2018-02-25 04:11:27,0.00057518,111.00000000
2018-02-25 04:11:28,0.00057500,174.00000000
2018-02-25 04:11:29,0.00057500,18.00000000
2018-02-25 04:11:32,0.00057597,18.00000000
2018-02-25 04:11:34,0.00057501,9.00000000
2018-02-25 04:11:34,0.00057501,3.00000000
2018-02-25 04:11:34,0.00057501,3.00000000
2018-02-25 04:11:34,0.00057501,3.00000000
2018-02-25 04:11:35,0.00057501,22.00000000
2018-02-25 04:11:36,0.00057500,35.00000000
2018-02-25 04:11:36,0.00057500,42.00000000
2018-02-25 04:11:38,0.00057500,76.00000000
2018-02-25 04:11:50,0.00057520,60.00000000
2018-02-25 04:11:50,0.00057502,113.00000000
2018-02-25 04:11:52,0.00057525,47.00000000
2018-02-25 04:11:52,0.00057527,4.00000000
2018-02-25 04:11:56,0.00057512,4.00000000
2018-02-25 04:11:56,0.00057508,129.00000000
2018-02-25 04:11:56,0.00057509,10.00000000
2018-02-25 04:11:56,0.00057503,8.00000000
2018-02-25 04:12:01,0.00057502,129.00000000
2018-02-25 04:12:01,0.00057503,3.00000000
2018-02-25 04:12:18,0.00057592,10.00000000
2018-02-25 04:12:18,0.00057593,4.00000000
2018-02-25 04:12:18,0.00057600,4.00000000
2018-02-25 04:12:23,0.00057599,61.00000000
2018-02-25 04:12:23,0.00057600,133.00000000
2018-02-25 04:12:23,0.00057508,4.00000000
2018-02-25 04:12:23,0.00057502,137.00000000
2018-02-25 04:12:33,0.00057503,18.00000000
2018-02-25 04:12:43,0.00057520,9.00000000
2018-02-25 04:12:43,0.00057520,24.00000000
2018-02-25 04:12:45,0.00057521,12.00000000
2018-02-25 04:12:45,0.00057520,104.00000000
2018-02-25 04:12:45,0.00057510,18.00000000
2018-02-25 04:12:50,0.00057510,1.00000000
2018-02-25 04:13:22,0.00057584,4.00000000
2018-02-25 04:13:31,0.00057517,10.00000000
2018-02-25 04:13:31,0.00057516,4.00000000
2018-02-25 04:13:32,0.00057510,8.00000000
2018-02-25 04:13:36,0.00057510,175.00000000
2018-02-25 04:13:40,0.00057511,607.00000000
2018-02-25 04:13:40,0.00057511,175.00000000
2018-02-25 04:13:42,0.00057616,20.00000000
2018-02-25 04:13:42,0.00057617,4.00000000
2018-02-25 04:13:42,0.00057624,126.00000000
2018-02-25 04:13:42,0.00057625,14.00000000
2018-02-25 04:13:42,0.00057625,3.00000000
2018-02-25 04:13:42,0.00057626,10.00000000
2018-02-25 04:13:43,0.00057625,2.00000000
2018-02-25 04:13:43,0.00057625,28.00000000
2018-02-25 04:13:43,0.00057625,1.00000000
2018-02-25 04:13:43,0.00057514,10.00000000
2018-02-25 04:13:43,0.00057513,208.00000000
2018-02-25 04:13:44,0.00057620,42.00000000
2018-02-25 04:13:46,0.00057519,4.00000000
2018-02-25 04:13:46,0.00057511,150.00000000
2018-02-25 04:13:47,0.00057612,20.00000000
2018-02-25 04:13:47,0.00057614,146.00000000
2018-02-25 04:13:51,0.00057600,3.00000000
2018-02-25 04:13:51,0.00057512,20.00000000
2018-02-25 04:13:53,0.00057511,10.00000000
2018-02-25 04:13:55,0.00057512,83.00000000
2018-02-25 04:13:55,0.00057511,92.00000000
2018-02-25 04:14:00,0.00057512,174.00000000
2018-02-25 04:14:02,0.00057512,139.00000000
2018-02-25 04:14:04,0.00057602,20.00000000
2018-02-25 04:14:04,0.00057604,4.00000000
2018-02-25 04:14:04,0.00057619,20.00000000
2018-02-25 04:14:04,0.00057622,8.00000000
2018-02-25 04:14:04,0.00057626,42.00000000
2018-02-25 04:14:04,0.00057633,2.00000000
2018-02-25 04:14:04,0.00057741,4.00000000
2018-02-25 04:14:04,0.00057742,7.00000000
2018-02-25 04:14:04,0.00057758,16.00000000
2018-02-25 04:14:04,0.00057763,4.00000000
2018-02-25 04:14:04,0.00057772,16.00000000
2018-02-25 04:14:04,0.00057800,79.00000000
2018-02-25 04:14:04,0.00057808,16.00000000
2018-02-25 04:14:04,0.00057816,2.00000000
2018-02-25 04:14:04,0.00057847,40.00000000
2018-02-25 04:14:04,0.00057848,34.00000000
2018-02-25 04:14:04,0.00057850,69.00000000
2018-02-25 04:14:04,0.00057856,118.00000000
2018-02-25 04:14:04,0.00057517,20.00000000
2018-02-25 04:14:04,0.00057516,118.00000000
2018-02-25 04:14:06,0.00057533,4.00000000
2018-02-25 04:14:06,0.00057523,9.00000000
2018-02-25 04:14:09,0.00057527,174.00000000
2018-02-25 04:14:09,0.00057527,8.00000000
2018-02-25 04:14:13,0.00057527,35.00000000
2018-02-25 04:14:14,0.00057546,10.00000000
2018-02-25 04:14:14,0.00057547,13.00000000
2018-02-25 04:14:14,0.00057601,8.00000000
2018-02-25 04:14:14,0.00057604,26.00000000
2018-02-25 04:14:14,0.00057851,107.00000000
2018-02-25 04:14:17,0.00057566,15.00000000
2018-02-25 04:14:18,0.00057566,7.00000000
2018-02-25 04:14:18,0.00057569,148.00000000
2018-02-25 04:14:18,0.00057567,28.00000000
2018-02-25 04:14:18,0.00057574,6.00000000
2018-02-25 04:14:19,0.00057577,4.00000000
2018-02-25 04:14:20,0.00057576,6.00000000
2018-02-25 04:14:20,0.00057576,83.00000000
2018-02-25 04:14:22,0.00057583,19.00000000
2018-02-25 04:14:22,0.00057582,4.00000000
2018-02-25 04:14:22,0.00057574,4.00000000
2018-02-25 04:14:23,0.00057776,120.00000000
2018-02-25 04:14:24,0.00057583,5.00000000
2018-02-25 04:14:25,0.00057759,18.00000000
2018-02-25 04:14:26,0.00057600,31.00000000
2018-02-25 04:14:26,0.00057600,55.00000000
2018-02-25 04:14:27,0.00057600,15.00000000
2018-02-25 04:14:27,0.00057600,36.00000000
2018-02-25 04:14:27,0.00057600,7.00000000
2018-02-25 04:14:27,0.00057600,79.00000000
2018-02-25 04:14:29,0.00057600,10.00000000
2018-02-25 04:14:32,0.00057600,4.00000000
2018-02-25 04:14:34,0.00057600,32.00000000
2018-02-25 04:14:35,0.00057602,69.00000000
2018-02-25 04:14:40,0.00057600,20.00000000
2018-02-25 04:14:41,0.00057602,17.00000000
2018-02-25 04:14:41,0.00057600,2.00000000
2018-02-25 04:14:42,0.00057602,153.00000000
2018-02-25 04:14:42,0.00057611,17.00000000
2018-02-25 04:14:45,0.00057602,17.00000000
2018-02-25 04:14:45,0.00057600,81.00000000
2018-02-25 04:14:50,0.00057600,42.00000000
2018-02-25 04:14:53,0.00057610,10.00000000
2018-02-25 04:14:53,0.00057611,1.00000000
2018-02-25 04:14:53,0.00057723,4.00000000
2018-02-25 04:14:54,0.00057610,24.00000000
2018-02-25 04:14:54,0.00057602,261.00000000
2018-02-25 04:14:54,0.00057605,10.00000000
2018-02-25 04:14:54,0.00057602,61.00000000
2018-02-25 04:14:56,0.00057720,25.00000000
2018-02-25 04:14:56,0.00057721,35.00000000
2018-02-25 04:14:56,0.00057722,28.00000000
2018-02-25 04:14:56,0.00057723,38.00000000
2018-02-25 04:14:56,0.00057723,3.00000000
2018-02-25 04:14:56,0.00057723,17.00000000
2018-02-25 04:14:57,0.00057723,2.00000000
2018-02-25 04:14:58,0.00057753,18.00000000
2018-02-25 04:15:01,0.00057753,18.00000000
2018-02-25 04:15:03,0.00057753,405.00000000
2018-02-25 04:15:05,0.00057753,376.00000000
2018-02-25 04:15:05,0.00057753,56.00000000
2018-02-25 04:15:06,0.00057753,119.00000000
2018-02-25 04:15:06,0.00057753,82.00000000
2018-02-25 04:15:06,0.00057753,26.00000000
2018-02-25 04:15:06,0.00057753,42.00000000
2018-02-25 04:15:07,0.00057753,3.00000000
2018-02-25 04:15:07,0.00057753,5.00000000
2018-02-25 04:15:08,0.00057753,90.00000000
2018-02-25 04:15:08,0.00057723,37.00000000
2018-02-25 04:15:09,0.00057723,9.00000000
2018-02-25 04:15:10,0.00057729,4.00000000
2018-02-25 04:15:10,0.00057723,14.00000000
2018-02-25 04:15:10,0.00057723,51.00000000
2018-02-25 04:15:10,0.00057723,3.00000000
2018-02-25 04:15:11,0.00057723,45.00000000
2018-02-25 04:15:12,0.00057723,17.00000000
2018-02-25 04:15:18,0.00057723,151.00000000
2018-02-25 04:15:20,0.00057723,110.00000000
2018-02-25 04:15:32,0.00057716,14.00000000
2018-02-25 04:15:34,0.00057717,4.00000000
2018-02-25 04:15:34,0.00057723,6.00000000
2018-02-25 04:15:39,0.00057723,116.00000000
2018-02-25 04:15:44,0.00057723,193.00000000
2018-02-25 04:15:44,0.00057716,16.00000000
2018-02-25 04:15:48,0.00057716,77.00000000
2018-02-25 04:15:53,0.00057722,4.00000000
2018-02-25 04:15:55,0.00057716,4.00000000
2018-02-25 04:16:14,0.00057720,18.00000000
2018-02-25 04:16:17,0.00057720,11.00000000
2018-02-25 04:16:18,0.00057720,18.00000000
2018-02-25 04:16:18,0.00057721,312.00000000
2018-02-25 04:16:19,0.00057716,70.00000000
2018-02-25 04:16:19,0.00057691,52.00000000
2018-02-25 04:16:19,0.00057590,12.00000000
2018-02-25 04:16:19,0.00057583,3.00000000
2018-02-25 04:16:23,0.00057721,18.00000000
2018-02-25 04:16:23,0.00057722,1.00000000
2018-02-25 04:16:27,0.00057719,4.00000000
2018-02-25 04:16:27,0.00057716,1598.00000000
2018-02-25 04:16:29,0.00057716,14.00000000
2018-02-25 04:16:29,0.00057716,82.00000000
2018-02-25 04:16:32,0.00057716,33.00000000
2018-02-25 04:16:40,0.00057716,12.00000000
2018-02-25 04:16:44,0.00057717,2.00000000
2018-02-25 04:16:44,0.00057718,7.00000000
2018-02-25 04:16:44,0.00057720,9.00000000
2018-02-25 04:16:50,0.00057719,34.00000000
2018-02-25 04:16:53,0.00057716,4.00000000
2018-02-25 04:16:55,0.00057716,163.00000000
2018-02-25 04:16:55,0.00057716,51.00000000
2018-02-25 04:16:55,0.00057716,18.00000000
2018-02-25 04:17:01,0.00057716,86.00000000
2018-02-25 04:17:01,0.00057716,11.00000000
2018-02-25 04:17:02,0.00057716,273.00000000
2018-02-25 04:17:03,0.00057719,1.00000000
2018-02-25 04:17:07,0.00057720,16.00000000
2018-02-25 04:17:07,0.00057807,4.00000000
2018-02-25 04:17:07,0.00057829,4.00000000
2018-02-25 04:17:07,0.00057870,246.00000000
2018-02-25 04:17:09,0.00057730,4.00000000
2018-02-25 04:17:09,0.00057727,56.00000000
2018-02-25 04:17:13,0.00057739,114.00000000
2018-02-25 04:17:13,0.00057737,10.00000000
2018-02-25 04:17:13,0.00057736,4.00000000
2018-02-25 04:17:13,0.00057719,613.00000000
2018-02-25 04:17:13,0.00057716,2449.00000000
2018-02-25 04:17:13,0.00057716,10.00000000
2018-02-25 04:17:15,0.00057705,4.00000000
2018-02-25 04:17:15,0.00057708,143.00000000
2018-02-25 04:17:18,0.00057696,27.00000000
2018-02-25 04:17:18,0.00057698,20.00000000
2018-02-25 04:17:18,0.00057709,4.00000000
2018-02-25 04:17:18,0.00057710,49.00000000
2018-02-25 04:17:22,0.00057608,4.00000000
2018-02-25 04:17:22,0.00057602,52.00000000
2018-02-25 04:17:22,0.00057602,52.00000000
2018-02-25 04:17:22,0.00057602,29.00000000
2018-02-25 04:17:26,0.00057630,18.00000000
2018-02-25 04:17:30,0.00057609,4.00000000
2018-02-25 04:17:30,0.00057604,84.00000000
2018-02-25 04:17:32,0.00057703,4.00000000
2018-02-25 04:17:32,0.00057710,4.00000000
2018-02-25 04:17:32,0.00057716,49.00000000
2018-02-25 04:17:39,0.00057617,9.00000000
2018-02-25 04:17:39,0.00057616,4.00000000
2018-02-25 04:17:39,0.00057615,4.00000000
2018-02-25 04:17:39,0.00057605,117.00000000
2018-02-25 04:18:04,0.00057610,5.00000000
2018-02-25 04:18:04,0.00057610,2.00000000
2018-02-25 04:18:07,0.00057610,4.00000000
2018-02-25 04:18:07,0.00057610,16.00000000
2018-02-25 04:18:09,0.00057610,16.00000000
2018-02-25 04:18:12,0.00057610,109.00000000
2018-02-25 04:18:12,0.00057608,65.00000000
2018-02-25 04:18:15,0.00057684,4.00000000
2018-02-25 04:18:17,0.00057685,14.00000000
2018-02-25 04:18:17,0.00057608,160.00000000
2018-02-25 04:18:21,0.00057689,11.00000000
2018-02-25 04:18:21,0.00057690,7.00000000
2018-02-25 04:18:23,0.00057608,120.00000000
2018-02-25 04:18:24,0.00057690,19.00000000
2018-02-25 04:18:24,0.00057711,4.00000000
2018-02-25 04:18:24,0.00057716,37.00000000
2018-02-25 04:18:24,0.00057723,3.00000000
2018-02-25 04:18:24,0.00057859,140.00000000
2018-02-25 04:18:24,0.00057860,4.00000000
2018-02-25 04:18:24,0.00057867,16.00000000
2018-02-25 04:18:24,0.00057869,27.00000000
2018-02-25 04:18:28,0.00057643,98.00000000
2018-02-25 04:18:30,0.00057673,10.00000000
2018-02-25 04:18:30,0.00057659,8.00000000
2018-02-25 04:18:31,0.00057671,4.00000000
2018-02-25 04:18:31,0.00057663,26.00000000
2018-02-25 04:18:37,0.00057678,26.00000000
2018-02-25 04:18:44,0.00057693,37.00000000
2018-02-25 04:18:44,0.00057691,52.00000000
2018-02-25 04:18:44,0.00057661,4.00000000
2018-02-25 04:18:44,0.00057619,13.00000000
2018-02-25 04:18:46,0.00057688,35.00000000
2018-02-25 04:18:46,0.00057687,44.00000000
2018-02-25 04:18:49,0.00057692,4.00000000
2018-02-25 04:18:49,0.00057687,50.00000000
2018-02-25 04:18:57,0.00057704,18.00000000
2018-02-25 04:19:00,0.00057693,31.00000000
2018-02-25 04:19:01,0.00057687,4.00000000
2018-02-25 04:19:03,0.00057687,2.00000000
2018-02-25 04:19:05,0.00057659,146.00000000
2018-02-25 04:19:05,0.00057661,8.00000000
2018-02-25 04:19:05,0.00057687,2.00000000
2018-02-25 04:19:05,0.00057688,240.00000000
2018-02-25 04:19:09,0.00057694,4.00000000
2018-02-25 04:19:09,0.00057688,2.00000000
2018-02-25 04:19:20,0.00057688,4.00000000
2018-02-25 04:19:21,0.00057688,10.00000000
2018-02-25 04:19:24,0.00057689,18.00000000
2018-02-25 04:19:25,0.00057689,482.00000000
2018-02-25 04:19:25,0.00057688,1003.00000000
2018-02-25 04:19:29,0.00057688,4.00000000
2018-02-25 04:19:30,0.00057750,17.00000000
2018-02-25 04:19:42,0.00057688,94.00000000
2018-02-25 04:19:47,0.00057688,19.00000000
2018-02-25 04:19:48,0.00057750,18.00000000
2018-02-25 04:20:02,0.00057688,2.00000000
2018-02-25 04:20:02,0.00057688,129.00000000
2018-02-25 04:20:03,0.00057688,49.00000000
2018-02-25 04:20:03,0.00057688,7.00000000
2018-02-25 04:20:03,0.00057688,49.00000000
2018-02-25 04:20:03,0.00057609,268.00000000
2018-02-25 04:20:03,0.00057607,6.00000000
2018-02-25 04:20:03,0.00057600,250.00000000
2018-02-25 04:20:03,0.00057580,16.00000000
2018-02-25 04:20:03,0.00057575,124.00000000
2018-02-25 04:20:04,0.00057688,69.00000000
2018-02-25 04:20:05,0.00057687,5.00000000
2018-02-25 04:20:18,0.00057604,24.00000000
2018-02-25 04:20:18,0.00057520,15.00000000
2018-02-25 04:20:18,0.00057678,17.00000000
2018-02-25 04:20:18,0.00057686,1.00000000
2018-02-25 04:20:21,0.00057544,18.00000000
2018-02-25 04:20:23,0.00057604,3.00000000
2018-02-25 04:20:24,0.00057604,18.00000000
2018-02-25 04:20:27,0.00057604,2.00000000
2018-02-25 04:20:29,0.00057604,5.00000000
2018-02-25 04:20:30,0.00057604,608.00000000
2018-02-25 04:20:37,0.00057620,18.00000000
2018-02-25 04:20:52,0.00057620,1.00000000
2018-02-25 04:20:52,0.00057604,137.00000000
2018-02-25 04:20:52,0.00057547,34.00000000
2018-02-25 04:20:52,0.00057544,9.00000000
2018-02-25 04:20:55,0.00057558,18.00000000
2018-02-25 04:20:59,0.00057566,4.00000000
2018-02-25 04:20:59,0.00057544,2.00000000
2018-02-25 04:21:00,0.00057656,10.00000000
2018-02-25 04:21:00,0.00057656,8.00000000
2018-02-25 04:21:00,0.00057658,10.00000000
2018-02-25 04:21:02,0.00057653,4.00000000
2018-02-25 04:21:02,0.00057663,51.00000000
2018-02-25 04:21:02,0.00057650,51.00000000
2018-02-25 04:21:02,0.00057650,18.00000000
2018-02-25 04:21:35,0.00057650,15.00000000
2018-02-25 04:21:35,0.00057594,10.00000000
2018-02-25 04:21:35,0.00057584,51.00000000
2018-02-25 04:21:35,0.00057564,14.00000000
2018-02-25 04:21:37,0.00057580,18.00000000
2018-02-25 04:21:39,0.00057604,49.00000000
2018-02-25 04:21:39,0.00057604,52.00000000
2018-02-25 04:21:39,0.00057604,29.00000000
2018-02-25 04:21:46,0.00057602,18.00000000
2018-02-25 04:22:04,0.00057604,76.00000000
2018-02-25 04:22:04,0.00057698,52.00000000
2018-02-25 04:22:04,0.00057700,12.00000000
2018-02-25 04:22:04,0.00057730,63.00000000
2018-02-25 04:22:08,0.00057603,25.00000000
2018-02-25 04:22:13,0.00057588,18.00000000
2018-02-25 04:22:15,0.00057604,10.00000000
2018-02-25 04:22:15,0.00057604,96.00000000
2018-02-25 04:22:23,0.00057708,40.00000000
2018-02-25 04:22:46,0.00057590,8.00000000
2018-02-25 04:22:50,0.00057618,18.00000000
2018-02-25 04:22:53,0.00057590,1.00000000
2018-02-25 04:22:53,0.00057589,17.00000000
2018-02-25 04:22:58,0.00057589,68.00000000
2018-02-25 04:23:02,0.00057618,18.00000000
2018-02-25 04:23:05,0.00057589,18.00000000
2018-02-25 04:23:13,0.00057618,102.00000000
2018-02-25 04:23:37,0.00057699,10.00000000
2018-02-25 04:23:37,0.00057700,326.00000000
2018-02-25 04:23:37,0.00057706,34.00000000
2018-02-25 04:23:37,0.00057708,2577.00000000
2018-02-25 04:23:40,0.00057708,4.00000000
2018-02-25 04:23:40,0.00057614,4.00000000
2018-02-25 04:23:45,0.00057754,4.00000000
2018-02-25 04:23:45,0.00057754,34.00000000
2018-02-25 04:23:45,0.00057754,51.00000000
2018-02-25 04:23:45,0.00057754,73.00000000
2018-02-25 04:23:45,0.00057754,51.00000000
2018-02-25 04:23:45,0.00057754,44.00000000
2018-02-25 04:23:45,0.00057623,20.00000000
2018-02-25 04:23:45,0.00057622,31.00000000
2018-02-25 04:23:56,0.00057658,4.00000000
2018-02-25 04:23:59,0.00057652,9.00000000
2018-02-25 04:24:17,0.00057652,5.00000000
2018-02-25 04:24:17,0.00057652,9.00000000
2018-02-25 04:24:38,0.00057605,20.00000000
2018-02-25 04:24:38,0.00057646,4.00000000
2018-02-25 04:24:38,0.00057652,28.00000000
2018-02-25 04:24:38,0.00057722,10.00000000
2018-02-25 04:24:38,0.00057763,181.00000000
2018-02-25 04:24:41,0.00057615,4.00000000
2018-02-25 04:24:41,0.00057605,9.00000000
2018-02-25 04:24:46,0.00057637,4.00000000
2018-02-25 04:24:52,0.00057652,2.00000000
2018-02-25 04:25:20,0.00057762,38.00000000
2018-02-25 04:25:24,0.00057762,22.00000000
2018-02-25 04:25:24,0.00057762,3.00000000
2018-02-25 04:25:24,0.00057762,30.00000000
2018-02-25 04:25:24,0.00057762,30.00000000
2018-02-25 04:25:24,0.00057762,30.00000000
2018-02-25 04:25:24,0.00057762,11.00000000
2018-02-25 04:25:24,0.00057762,13.00000000
2018-02-25 04:25:25,0.00057693,8.00000000
2018-02-25 04:25:25,0.00057762,2.00000000
2018-02-25 04:25:27,0.00057763,73.00000000
2018-02-25 04:26:06,0.00057760,135.00000000
2018-02-25 04:26:08,0.00057760,72.00000000
2018-02-25 04:26:09,0.00057760,53.00000000
2018-02-25 04:26:24,0.00057658,4.00000000
2018-02-25 04:26:24,0.00057657,54.00000000
2018-02-25 04:26:24,0.00057652,40.00000000
2018-02-25 04:26:24,0.00057609,2.00000000
2018-02-25 04:26:41,0.00057745,4.00000000
2018-02-25 04:26:41,0.00057749,31.00000000
2018-02-25 04:26:41,0.00057750,9.00000000
2018-02-25 04:26:41,0.00057752,50.00000000
2018-02-25 04:26:48,0.00057752,22.00000000
2018-02-25 04:27:04,0.00057655,217.00000000
2018-02-25 04:27:07,0.00057654,18.00000000
2018-02-25 04:27:08,0.00057654,14.00000000
2018-02-25 04:27:09,0.00057654,12.00000000
2018-02-25 04:27:09,0.00057654,7.00000000
2018-02-25 04:27:15,0.00057613,10.00000000
2018-02-25 04:27:15,0.00057609,311.00000000
2018-02-25 04:27:15,0.00057607,434.00000000
2018-02-25 04:27:15,0.00057605,517.00000000
2018-02-25 04:27:15,0.00057602,28.00000000
2018-02-25 04:27:16,0.00057654,1399.00000000
2018-02-25 04:27:22,0.00057609,4.00000000
2018-02-25 04:27:22,0.00057604,14.00000000
2018-02-25 04:27:25,0.00057693,8.00000000
2018-02-25 04:27:28,0.00057751,4.00000000
2018-02-25 04:27:28,0.00057757,14.00000000
2018-02-25 04:27:40,0.00057725,10.00000000
2018-02-25 04:27:40,0.00057606,8.00000000
2018-02-25 04:27:51,0.00057757,6.00000000
2018-02-25 04:27:52,0.00057757,5.00000000
2018-02-25 04:28:24,0.00057672,183.00000000
2018-02-25 04:28:24,0.00057666,17.00000000
2018-02-25 04:28:41,0.00057672,4.00000000
2018-02-25 04:28:41,0.00057666,14.00000000
2018-02-25 04:28:42,0.00057666,30.00000000
2018-02-25 04:28:48,0.00057666,1.00000000
2018-02-25 04:28:53,0.00057666,184.00000000
2018-02-25 04:28:53,0.00057750,4.00000000
2018-02-25 04:28:54,0.00057750,4.00000000
2018-02-25 04:28:58,0.00057755,61.00000000
2018-02-25 04:29:16,0.00057755,59.00000000
2018-02-25 04:29:16,0.00057756,25.00000000
2018-02-25 04:29:16,0.00057757,81.00000000
2018-02-25 04:29:16,0.00057758,55.00000000
2018-02-25 04:29:16,0.00057759,159.00000000
2018-02-25 04:29:21,0.00057799,4.00000000
2018-02-25 04:29:21,0.00057855,16.00000000
2018-02-25 04:29:21,0.00057861,83.00000000
2018-02-25 04:29:25,0.00057776,4.00000000
2018-02-25 04:29:25,0.00057770,6.00000000
2018-02-25 04:29:26,0.00057860,14.00000000
2018-02-25 04:29:38,0.00057854,4.00000000
2018-02-25 04:29:38,0.00057860,14.00000000
2018-02-25 04:29:44,0.00057778,9.00000000
2018-02-25 04:29:44,0.00057777,4.00000000
2018-02-25 04:29:44,0.00057770,5.00000000
2018-02-25 04:29:52,0.00057854,4.00000000
2018-02-25 04:29:52,0.00057860,21.00000000
2018-02-25 04:29:55,0.00057776,4.00000000
2018-02-25 04:29:55,0.00057770,67.00000000
2018-02-25 04:30:00,0.00057770,3.00000000
2018-02-25 04:30:16,0.00057770,9.00000000
2018-02-25 04:30:17,0.00057854,4.00000000
2018-02-25 04:30:17,0.00057860,65.00000000
2018-02-25 04:30:17,0.00057861,68.00000000
2018-02-25 04:30:17,0.00057869,13.00000000
2018-02-25 04:30:24,0.00057776,4.00000000
2018-02-25 04:30:24,0.00057771,100.00000000
2018-02-25 04:30:31,0.00057770,450.00000000
2018-02-25 04:30:39,0.00057868,18.00000000
2018-02-25 04:30:51,0.00057775,3.00000000
2018-02-25 04:30:51,0.00057771,15.00000000
2018-02-25 04:30:57,0.00057854,4.00000000
2018-02-25 04:30:57,0.00057867,14.00000000
2018-02-25 04:31:09,0.00057778,4.00000000
2018-02-25 04:31:09,0.00057777,14.00000000
2018-02-25 04:31:14,0.00057856,4.00000000
2018-02-25 04:31:14,0.00057863,11.00000000
2018-02-25 04:31:15,0.00057855,18.00000000
2018-02-25 04:31:27,0.00057855,3.00000000
2018-02-25 04:31:27,0.00057862,10.00000000
2018-02-25 04:31:27,0.00057866,5.00000000
2018-02-25 04:31:27,0.00057866,5.00000000
2018-02-25 04:31:27,0.00057867,1.00000000
2018-02-25 04:31:38,0.00057801,17.00000000
2018-02-25 04:31:48,0.00057801,1.00000000
2018-02-25 04:31:51,0.00057862,3.00000000
2018-02-25 04:31:51,0.00057862,7.00000000
2018-02-25 04:31:52,0.00057855,2.00000000
2018-02-25 04:31:58,0.00057862,141.00000000
2018-02-25 04:31:58,0.00057863,291.00000000
2018-02-25 04:31:58,0.00057867,97.00000000
2018-02-25 04:32:03,0.00057850,18.00000000
2018-02-25 04:32:04,0.00057867,178.00000000
2018-02-25 04:32:07,0.00057850,53.00000000
2018-02-25 04:32:07,0.00057790,65.00000000
2018-02-25 04:32:24,0.00057867,18.00000000
2018-02-25 04:32:47,0.00057790,177.00000000
2018-02-25 04:32:48,0.00057791,4.00000000
2018-02-25 04:32:49,0.00057867,57.00000000
2018-02-25 04:32:55,0.00057867,194.00000000
2018-02-25 04:33:01,0.00057790,18.00000000
2018-02-25 04:33:01,0.00057867,5.00000000
2018-02-25 04:33:02,0.00057867,7.00000000
2018-02-25 04:33:03,0.00057869,5.00000000
2018-02-25 04:33:07,0.00057864,3.00000000
2018-02-25 04:33:18,0.00057864,60.00000000
2018-02-25 04:33:20,0.00057864,110.00000000
2018-02-25 04:33:20,0.00057869,2.00000000
2018-02-25 04:33:20,0.00057870,2.00000000
2018-02-25 04:33:27,0.00057870,5.00000000
2018-02-25 04:33:27,0.00057898,8.00000000
2018-02-25 04:33:36,0.00057900,852.00000000
2018-02-25 04:33:49,0.00057900,48.00000000
2018-02-25 04:33:50,0.00057900,48.00000000
2018-02-25 04:34:02,0.00057900,3.00000000
2018-02-25 04:34:06,0.00057900,11.00000000
2018-02-25 04:34:19,0.00057900,2.00000000
2018-02-25 04:34:24,0.00057935,5.00000000
2018-02-25 04:34:30,0.00057934,4.00000000
2018-02-25 04:34:30,0.00057935,28.00000000
2018-02-25 04:34:32,0.00057935,2.00000000
2018-02-25 04:34:33,0.00057935,2.00000000
2018-02-25 04:34:33,0.00057935,36.00000000
2018-02-25 04:34:33,0.00057935,14.00000000
2018-02-25 04:34:33,0.00057935,3.00000000
2018-02-25 04:34:35,0.00057935,99.00000000
2018-02-25 04:34:37,0.00057985,112.00000000
2018-02-25 04:34:44,0.00057985,18.00000000
2018-02-25 04:34:45,0.00057985,5.00000000
2018-02-25 04:34:55,0.00057985,47.00000000
2018-02-25 04:34:55,0.00057985,7.00000000
2018-02-25 04:34:55,0.00057985,25.00000000
2018-02-25 04:34:55,0.00057985,6.00000000
2018-02-25 04:34:55,0.00057985,17.00000000
2018-02-25 04:34:55,0.00057985,25.00000000
2018-02-25 04:34:55,0.00057985,17.00000000
2018-02-25 04:34:55,0.00057985,74.00000000
2018-02-25 04:34:55,0.00057985,38.00000000
2018-02-25 04:34:55,0.00057985,37.00000000
2018-02-25 04:34:55,0.00057985,34.00000000
2018-02-25 04:34:56,0.00057985,14.00000000
2018-02-25 04:35:09,0.00057985,89.00000000
2018-02-25 04:35:13,0.00057985,78.00000000
2018-02-25 04:35:20,0.00057985,156.00000000
2018-02-25 04:35:20,0.00057910,96.00000000
2018-02-25 04:35:26,0.00057910,3.00000000
2018-02-25 04:35:29,0.00057910,1.00000000
2018-02-25 04:35:29,0.00057903,6.00000000
2018-02-25 04:35:29,0.00057993,2.00000000
2018-02-25 04:35:29,0.00057997,293.00000000
2018-02-25 04:35:38,0.00057910,11.00000000
2018-02-25 04:35:46,0.00057909,20.00000000
2018-02-25 04:35:47,0.00057910,25.00000000
2018-02-25 04:35:57,0.00057994,100.00000000
2018-02-25 04:35:58,0.00057994,2.00000000
2018-02-25 04:36:02,0.00057994,17.00000000
2018-02-25 04:36:09,0.00057993,58.00000000
2018-02-25 04:36:14,0.00057993,59.00000000
2018-02-25 04:36:14,0.00057993,154.00000000
2018-02-25 04:36:24,0.00057993,11.00000000
2018-02-25 04:36:40,0.00057915,6.00000000
2018-02-25 04:36:41,0.00057915,3.00000000
2018-02-25 04:36:43,0.00057910,50.00000000
2018-02-25 04:37:02,0.00057915,110.00000000
2018-02-25 04:37:02,0.00057910,627.00000000
2018-02-25 04:37:02,0.00057909,483.00000000
2018-02-25 04:37:02,0.00057909,37.00000000
2018-02-25 04:37:02,0.00057909,39.00000000
2018-02-25 04:37:02,0.00057909,6.00000000
2018-02-25 04:37:02,0.00057909,17.00000000
2018-02-25 04:37:02,0.00057909,51.00000000
2018-02-25 04:37:02,0.00057909,44.00000000
2018-02-25 04:37:08,0.00057993,45.00000000
2018-02-25 04:37:13,0.00057910,9.00000000
2018-02-25 04:37:13,0.00057910,9.00000000
2018-02-25 04:37:19,0.00057993,206.00000000
2018-02-25 04:37:29,0.00057993,264.00000000
2018-02-25 04:37:30,0.00057902,18.00000000
2018-02-25 04:37:36,0.00057908,4.00000000
2018-02-25 04:37:36,0.00057901,62.00000000
2018-02-25 04:37:36,0.00057900,1997.00000000
2018-02-25 04:37:39,0.00057987,4.00000000
2018-02-25 04:37:39,0.00057993,96.00000000
2018-02-25 04:37:40,0.00057900,1728.00000000
2018-02-25 04:37:42,0.00057906,3.00000000
2018-02-25 04:37:43,0.00057993,1321.00000000
2018-02-25 04:37:49,0.00057993,50.00000000
2018-02-25 04:37:58,0.00057945,2.00000000
2018-02-25 04:38:08,0.00057945,37.00000000
2018-02-25 04:38:09,0.00057945,179.00000000
2018-02-25 04:38:09,0.00057945,50.00000000
2018-02-25 04:38:15,0.00057990,18.00000000
2018-02-25 04:38:21,0.00057988,3.00000000
2018-02-25 04:38:21,0.00057990,13.00000000
2018-02-25 04:38:21,0.00057993,220.00000000
2018-02-25 04:38:21,0.00057999,564.00000000
2018-02-25 04:38:21,0.00058000,431.00000000
2018-02-25 04:38:24,0.00058000,75.00000000
2018-02-25 04:38:25,0.00058000,30.00000000
2018-02-25 04:38:27,0.00058000,4.00000000
2018-02-25 04:38:32,0.00058000,54.00000000
2018-02-25 04:38:36,0.00058000,474.00000000
2018-02-25 04:38:59,0.00058000,42.00000000
2018-02-25 04:39:08,0.00058000,15.00000000
2018-02-25 04:39:10,0.00058000,7.00000000
2018-02-25 04:39:16,0.00057930,18.00000000
2018-02-25 04:39:24,0.00057999,14.00000000
2018-02-25 04:39:37,0.00057999,186.00000000
2018-02-25 04:39:42,0.00057999,10.00000000
2018-02-25 04:39:54,0.00057999,81.00000000
2018-02-25 04:39:54,0.00058000,45.00000000
2018-02-25 04:39:55,0.00057999,4.00000000
2018-02-25 04:39:56,0.00058000,423.00000000
2018-02-25 04:40:00,0.00058000,1593.00000000
2018-02-25 04:40:07,0.00058000,130.00000000
2018-02-25 04:40:09,0.00058000,27.00000000
2018-02-25 04:40:09,0.00058000,180.00000000
2018-02-25 04:40:10,0.00058000,54.00000000
2018-02-25 04:40:10,0.00058000,6.00000000
2018-02-25 04:40:10,0.00058050,9.00000000
2018-02-25 04:40:10,0.00058077,3.00000000
2018-02-25 04:40:12,0.00058077,4.00000000
2018-02-25 04:40:17,0.00058000,1.00000000
2018-02-25 04:40:21,0.00058077,386.00000000
2018-02-25 04:40:21,0.00058077,66.00000000
2018-02-25 04:40:21,0.00058077,67.00000000
2018-02-25 04:40:22,0.00058077,13.00000000
2018-02-25 04:40:22,0.00058077,51.00000000
2018-02-25 04:40:23,0.00058077,3.00000000
2018-02-25 04:40:23,0.00058077,20.00000000
2018-02-25 04:40:24,0.00058077,20.00000000
2018-02-25 04:40:24,0.00058077,1721.00000000
2018-02-25 04:40:25,0.00058077,164.00000000
2018-02-25 04:40:26,0.00058077,681.00000000
2018-02-25 04:40:28,0.00058078,327.00000000
2018-02-25 04:40:29,0.00058078,11.00000000
2018-02-25 04:40:29,0.00058078,158.00000000
2018-02-25 04:40:29,0.00058077,2826.00000000
2018-02-25 04:40:30,0.00058077,158.00000000
2018-02-25 04:40:30,0.00058080,2.00000000
2018-02-25 04:40:31,0.00058080,90.00000000
2018-02-25 04:40:31,0.00058001,25.00000000
2018-02-25 04:40:31,0.00058000,19.00000000
2018-02-25 04:40:34,0.00058078,4.00000000
2018-02-25 04:40:35,0.00058078,3.00000000
2018-02-25 04:40:36,0.00058078,30.00000000
2018-02-25 04:40:45,0.00058100,111.00000000
2018-02-25 04:40:46,0.00058100,311.00000000
2018-02-25 04:40:46,0.00058078,173.00000000
2018-02-25 04:40:48,0.00058078,160.00000000
2018-02-25 04:40:51,0.00058007,4.00000000
2018-02-25 04:40:52,0.00058078,111.00000000
2018-02-25 04:40:52,0.00058078,9.00000000
2018-02-25 04:40:58,0.00058094,1.00000000
2018-02-25 04:41:15,0.00058094,17.00000000
2018-02-25 04:41:22,0.00058094,29.00000000
2018-02-25 04:41:26,0.00058078,30.00000000
2018-02-25 04:41:29,0.00058011,12.00000000
2018-02-25 04:41:31,0.00058011,14.00000000
2018-02-25 04:41:39,0.00058078,17.00000000
2018-02-25 04:41:51,0.00058078,4.00000000
2018-02-25 04:41:58,0.00058078,4.00000000
2018-02-25 04:42:07,0.00058011,20.00000000
2018-02-25 04:42:24,0.00058078,21.00000000
2018-02-25 04:42:27,0.00058078,60.00000000
2018-02-25 04:42:31,0.00058078,15.00000000
2018-02-25 04:42:34,0.00058078,116.00000000
2018-02-25 04:42:45,0.00058078,90.00000000
2018-02-25 04:42:55,0.00058078,663.00000000
2018-02-25 04:43:03,0.00058012,47.00000000
2018-02-25 04:43:19,0.00058094,48.00000000
2018-02-25 04:43:19,0.00058095,139.00000000
2018-02-25 04:43:19,0.00058100,650.00000000
2018-02-25 04:43:19,0.00058078,81.00000000
2018-02-25 04:43:28,0.00058078,30.00000000
2018-02-25 04:43:31,0.00058104,82.00000000
2018-02-25 04:43:36,0.00058078,10.00000000
2018-02-25 04:43:44,0.00058083,9.00000000
2018-02-25 04:43:49,0.00058083,70.00000000
2018-02-25 04:43:49,0.00058083,2.00000000
2018-02-25 04:43:57,0.00058083,214.00000000
2018-02-25 04:43:58,0.00058083,40.00000000
2018-02-25 04:43:58,0.00058078,6.00000000
2018-02-25 04:44:01,0.00058083,153.00000000
2018-02-25 04:44:03,0.00058014,17.00000000
2018-02-25 04:44:08,0.00058083,97.00000000
2018-02-25 04:44:08,0.00058015,5.00000000
2018-02-25 04:44:09,0.00058083,12.00000000
2018-02-25 04:44:10,0.00058083,3.00000000
2018-02-25 04:44:11,0.00058083,51.00000000
2018-02-25 04:44:12,0.00058083,42.00000000
2018-02-25 04:44:12,0.00058083,42.00000000
2018-02-25 04:44:12,0.00058016,42.00000000
2018-02-25 04:44:15,0.00058016,269.00000000
2018-02-25 04:44:15,0.00058083,51.00000000
2018-02-25 04:44:15,0.00058083,51.00000000
2018-02-25 04:44:15,0.00058083,12.00000000
2018-02-25 04:44:15,0.00058083,51.00000000
2018-02-25 04:44:15,0.00058083,7.00000000
2018-02-25 04:44:15,0.00058083,7.00000000
2018-02-25 04:44:17,0.00058083,38.00000000
2018-02-25 04:44:24,0.00058083,495.00000000
2018-02-25 04:44:24,0.00058104,30.00000000
2018-02-25 04:44:24,0.00058120,25.00000000
2018-02-25 04:44:24,0.00058121,168.00000000
2018-02-25 04:44:24,0.00058132,4.00000000
2018-02-25 04:44:24,0.00058133,49.00000000
2018-02-25 04:44:24,0.00058145,347.00000000
2018-02-25 04:44:27,0.00058026,4.00000000
2018-02-25 04:44:27,0.00058018,51.00000000
2018-02-25 04:44:27,0.00058017,9.00000000
2018-02-25 04:44:27,0.00058016,26.00000000
2018-02-25 04:44:27,0.00058015,124.00000000
2018-02-25 04:44:27,0.00058014,75.00000000
2018-02-25 04:44:33,0.00058018,5.00000000
2018-02-25 04:44:39,0.00058136,4.00000000
2018-02-25 04:44:39,0.00058136,25.00000000
2018-02-25 04:44:46,0.00058136,21.00000000
2018-02-25 04:44:46,0.00058144,51.00000000
2018-02-25 04:44:46,0.00058145,373.00000000
2018-02-25 04:44:46,0.00058150,1205.00000000
2018-02-25 04:44:50,0.00058039,4.00000000
2018-02-25 04:44:50,0.00058030,27.00000000
2018-02-25 04:45:25,0.00058034,9.00000000
2018-02-25 04:45:29,0.00058141,4.00000000
2018-02-25 04:45:29,0.00058149,5.00000000
2018-02-25 04:45:29,0.00058149,22.00000000
2018-02-25 04:45:29,0.00058150,2.00000000
2018-02-25 04:45:30,0.00058141,4.00000000
2018-02-25 04:45:34,0.00058141,11.00000000
2018-02-25 04:45:35,0.00058041,4.00000000
2018-02-25 04:45:45,0.00058144,4.00000000
2018-02-25 04:45:45,0.00058150,13.00000000
2018-02-25 04:45:49,0.00058039,4.00000000
2018-02-25 04:45:53,0.00058144,4.00000000
2018-02-25 04:45:53,0.00058144,24.00000000
2018-02-25 04:45:59,0.00058045,4.00000000
2018-02-25 04:45:59,0.00058039,1.00000000
2018-02-25 04:46:03,0.00058039,4.00000000
2018-02-25 04:46:03,0.00058039,26.00000000
2018-02-25 04:46:13,0.00058044,9.00000000
2018-02-25 04:46:14,0.00058043,14.00000000
2018-02-25 04:46:24,0.00058092,8.00000000
2018-02-25 04:46:24,0.00058093,4.00000000
2018-02-25 04:46:24,0.00058099,32.00000000
2018-02-25 04:46:24,0.00058150,24.00000000
2018-02-25 04:46:24,0.00058160,321.00000000
2018-02-25 04:46:24,0.00058165,4.00000000
2018-02-25 04:46:24,0.00058170,2.00000000
2018-02-25 04:46:24,0.00058174,9.00000000
2018-02-25 04:46:24,0.00058177,4.00000000
2018-02-25 04:46:24,0.00058183,4.00000000
2018-02-25 04:46:24,0.00058187,2.00000000
2018-02-25 04:46:24,0.00058191,2.00000000
2018-02-25 04:46:24,0.00058200,717.00000000
2018-02-25 04:46:25,0.00058111,18.00000000
2018-02-25 04:46:25,0.00058041,18.00000000
2018-02-25 04:46:26,0.00058117,4.00000000
2018-02-25 04:46:31,0.00058045,18.00000000
2018-02-25 04:47:07,0.00058146,18.00000000
2018-02-25 04:47:08,0.00058051,30.00000000
2018-02-25 04:47:08,0.00058050,70.00000000
2018-02-25 04:47:14,0.00058054,9.00000000
2018-02-25 04:47:14,0.00058053,9.00000000
2018-02-25 04:47:16,0.00058051,10.00000000
2018-02-25 04:47:17,0.00058051,24.00000000
2018-02-25 04:47:21,0.00058056,40.00000000
2018-02-25 04:47:24,0.00058056,2.00000000
2018-02-25 04:47:25,0.00058056,43.00000000
2018-02-25 04:47:26,0.00058057,9.00000000
2018-02-25 04:47:26,0.00058056,54.00000000
2018-02-25 04:47:27,0.00058056,46.00000000
2018-02-25 04:47:28,0.00058056,4.00000000
2018-02-25 04:47:30,0.00058052,4.00000000
2018-02-25 04:47:33,0.00058052,14.00000000
2018-02-25 04:47:35,0.00058056,101.00000000
2018-02-25 04:47:40,0.00058063,4.00000000
2018-02-25 04:47:40,0.00058057,80.00000000
2018-02-25 04:47:41,0.00058057,8.00000000
2018-02-25 04:47:41,0.00058052,301.00000000
2018-02-25 04:47:41,0.00058050,98.00000000
2018-02-25 04:47:41,0.00058140,4.00000000
2018-02-25 04:48:02,0.00058056,4.00000000
2018-02-25 04:48:02,0.00058050,34.00000000
2018-02-25 04:48:03,0.00058050,3.00000000
2018-02-25 04:48:04,0.00058050,34.00000000
2018-02-25 04:48:07,0.00058050,52.00000000
2018-02-25 04:48:23,0.00058050,96.00000000
2018-02-25 04:48:25,0.00058119,4.00000000
2018-02-25 04:48:25,0.00058125,6.00000000
2018-02-25 04:48:26,0.00058125,18.00000000
2018-02-25 04:48:27,0.00058051,16.00000000
2018-02-25 04:48:27,0.00058050,13.00000000
2018-02-25 04:48:27,0.00058050,121.00000000
2018-02-25 04:48:29,0.00058050,18.00000000
2018-02-25 04:48:30,0.00058050,8.00000000
2018-02-25 04:48:34,0.00058050,46.00000000
2018-02-25 04:48:35,0.00058050,18.00000000
2018-02-25 04:48:39,0.00058051,9.00000000
2018-02-25 04:48:39,0.00058051,21.00000000
2018-02-25 04:48:39,0.00058050,127.00000000
2018-02-25 04:48:48,0.00058050,178.00000000
2018-02-25 04:48:49,0.00058050,20.00000000
2018-02-25 04:48:50,0.00058050,18.00000000
2018-02-25 04:48:56,0.00058050,9.00000000
2018-02-25 04:48:57,0.00058050,51.00000000
2018-02-25 04:48:57,0.00058050,34.00000000
2018-02-25 04:48:57,0.00058049,30.00000000
2018-02-25 04:48:57,0.00058046,30.00000000
2018-02-25 04:48:57,0.00058045,46.00000000
2018-02-25 04:48:57,0.00058045,50.00000000
2018-02-25 04:48:58,0.00058045,2.00000000
2018-02-25 04:48:58,0.00058041,417.00000000
2018-02-25 04:48:58,0.00058041,83.00000000
2018-02-25 04:48:58,0.00058039,6.00000000
2018-02-25 04:48:58,0.00058030,77.00000000
2018-02-25 04:48:58,0.00058030,13.00000000
2018-02-25 04:48:58,0.00058030,86.00000000
2018-02-25 04:48:58,0.00058029,13.00000000
2018-02-25 04:48:58,0.00058015,147.00000000
2018-02-25 04:48:58,0.00058015,67.00000000
2018-02-25 04:48:59,0.00058011,14.00000000
2018-02-25 04:48:59,0.00058011,77.00000000
2018-02-25 04:49:02,0.00058011,8.00000000
2018-02-25 04:49:02,0.00058011,18.00000000
2018-02-25 04:49:02,0.00058011,44.00000000
2018-02-25 04:49:03,0.00058011,88.00000000
2018-02-25 04:49:03,0.00058011,30.00000000
2018-02-25 04:49:03,0.00058011,4.00000000
2018-02-25 04:49:06,0.00058011,2.00000000
2018-02-25 04:49:07,0.00058011,14.00000000
2018-02-25 04:49:07,0.00058011,2.00000000
2018-02-25 04:49:07,0.00058011,2.00000000
2018-02-25 04:49:07,0.00058011,4.00000000
2018-02-25 04:49:08,0.00058011,127.00000000
2018-02-25 04:49:09,0.00058011,105.00000000
2018-02-25 04:49:10,0.00058011,70.00000000
2018-02-25 04:49:22,0.00058006,4.00000000
2018-02-25 04:49:22,0.00058000,20.00000000
2018-02-25 04:49:25,0.00057939,4.00000000
2018-02-25 04:49:26,0.00057933,40.00000000
2018-02-25 04:49:29,0.00057930,8.00000000
2018-02-25 04:49:33,0.00057994,4.00000000
2018-02-25 04:49:33,0.00057995,4.00000000
2018-02-25 04:49:36,0.00058000,15.00000000
2018-02-25 04:49:37,0.00058000,293.00000000
2018-02-25 04:49:40,0.00057930,16.00000000
2018-02-25 04:49:41,0.00057930,5.00000000
2018-02-25 04:49:45,0.00057930,3.00000000
2018-02-25 04:49:58,0.00057913,12.00000000
2018-02-25 04:49:58,0.00057913,16.00000000
2018-02-25 04:50:03,0.00057993,28.00000000
2018-02-25 04:50:17,0.00057913,3.00000000
2018-02-25 04:50:17,0.00057913,38.00000000
2018-02-25 04:50:23,0.00057913,15.00000000
2018-02-25 04:50:25,0.00057991,4.00000000
2018-02-25 04:50:28,0.00057913,3.00000000
2018-02-25 04:50:44,0.00057913,29.00000000
2018-02-25 04:50:49,0.00057913,30.00000000
2018-02-25 04:50:51,0.00057901,7.00000000
2018-02-25 04:50:56,0.00057901,2.00000000
2018-02-25 04:51:13,0.00057912,27.00000000
2018-02-25 04:51:13,0.00057913,20.00000000
2018-02-25 04:51:17,0.00057901,24.00000000
2018-02-25 04:51:26,0.00057913,6.00000000
2018-02-25 04:51:26,0.00058000,29.00000000
2018-02-25 04:51:36,0.00058000,25.00000000
2018-02-25 04:51:56,0.00058000,4.00000000
2018-02-25 04:52:25,0.00057999,338.00000000
2018-02-25 04:52:30,0.00057907,4.00000000
2018-02-25 04:52:30,0.00057901,406.00000000
2018-02-25 04:52:30,0.00057900,6741.00000000
2018-02-25 04:53:08,0.00057993,4.00000000
2018-02-25 04:53:08,0.00057997,18.00000000
2018-02-25 04:53:17,0.00057998,15.00000000
2018-02-25 04:53:42,0.00057940,6.00000000
2018-02-25 04:53:42,0.00057900,5.00000000
2018-02-25 04:53:44,0.00057900,13.00000000
2018-02-25 04:53:56,0.00057906,4.00000000
2018-02-25 04:53:56,0.00057900,29.00000000
2018-02-25 04:53:56,0.00057900,14.00000000
2018-02-25 04:53:56,0.00057900,2.00000000
2018-02-25 04:53:58,0.00057900,14.00000000
2018-02-25 04:53:58,0.00057894,4.00000000
2018-02-25 04:53:59,0.00057894,1.00000000
2018-02-25 04:53:59,0.00057890,8.00000000
2018-02-25 04:54:06,0.00057900,37.00000000
2018-02-25 04:54:13,0.00057994,4.00000000
2018-02-25 04:54:13,0.00057995,167.00000000
2018-02-25 04:54:13,0.00057996,158.00000000
2018-02-25 04:54:13,0.00057998,750.00000000
2018-02-25 04:54:21,0.00057998,41.00000000
2018-02-25 04:54:25,0.00057996,11.00000000
2018-02-25 04:54:25,0.00057997,5.00000000
2018-02-25 04:54:28,0.00057997,17.00000000
2018-02-25 04:54:38,0.00057997,18.00000000
2018-02-25 04:54:42,0.00057997,16.00000000
2018-02-25 04:54:47,0.00057906,4.00000000
2018-02-25 04:54:47,0.00057900,14.00000000
2018-02-25 04:55:00,0.00057900,49.00000000
2018-02-25 04:55:05,0.00057991,4.00000000
2018-02-25 04:55:05,0.00057997,6.00000000
2018-02-25 04:56:25,0.00057997,25.00000000
2018-02-25 04:56:31,0.00057964,35.00000000
2018-02-25 04:57:00,0.00057964,15.00000000
2018-02-25 04:57:00,0.00057992,3.00000000
2018-02-25 04:57:06,0.00057914,9.00000000
2018-02-25 04:57:06,0.00057906,9.00000000
2018-02-25 04:57:06,0.00057992,1.00000000
2018-02-25 04:57:06,0.00057996,47.00000000
2018-02-25 04:57:10,0.00057996,1489.00000000
2018-02-25 04:57:10,0.00057996,81.00000000
2018-02-25 04:57:25,0.00057913,9.00000000
2018-02-25 04:57:25,0.00057905,3.00000000
2018-02-25 04:57:34,0.00057996,124.00000000
2018-02-25 04:57:34,0.00057997,12.00000000
2018-02-25 04:57:43,0.00057960,16.00000000
2018-02-25 04:57:43,0.00057977,21.00000000
2018-02-25 04:57:46,0.00057997,18.00000000
2018-02-25 04:57:46,0.00057995,69.00000000
2018-02-25 04:57:49,0.00057995,18.00000000
2018-02-25 04:57:51,0.00057994,5.00000000
2018-02-25 04:58:05,0.00057994,63.00000000
2018-02-25 04:58:05,0.00057994,29.00000000
2018-02-25 04:58:05,0.00057994,51.00000000
2018-02-25 04:58:05,0.00057994,51.00000000
2018-02-25 04:58:05,0.00057994,285.00000000
2018-02-25 04:58:05,0.00057906,4.00000000
2018-02-25 04:58:05,0.00057905,1.00000000
2018-02-25 04:58:05,0.00057900,46.00000000
2018-02-25 04:58:09,0.00057989,4.00000000
2018-02-25 04:58:09,0.00057995,9.00000000
2018-02-25 04:58:15,0.00057938,48.00000000
2018-02-25 04:58:16,0.00057900,18.00000000
2018-02-25 04:58:25,0.00057901,9.00000000
2018-02-25 04:58:25,0.00057900,9.00000000
2018-02-25 04:58:25,0.00057938,154.00000000
2018-02-25 04:58:25,0.00057938,231.00000000
2018-02-25 04:58:25,0.00057994,304.00000000
2018-02-25 04:58:28,0.00057994,41.00000000
2018-02-25 04:58:28,0.00057994,18.00000000
2018-02-25 04:58:30,0.00057994,72.00000000
2018-02-25 04:58:35,0.00057938,48.00000000
2018-02-25 04:58:35,0.00057901,50.00000000
2018-02-25 04:58:35,0.00057900,202.00000000
2018-02-25 04:58:48,0.00057993,14.00000000
2018-02-25 04:58:51,0.00057993,86.00000000
2018-02-25 04:58:51,0.00057994,130.00000000
2018-02-25 04:58:58,0.00057914,9.00000000
2018-02-25 04:58:58,0.00057900,9.00000000
2018-02-25 04:59:06,0.00057906,4.00000000
2018-02-25 04:59:06,0.00057901,100.00000000
2018-02-25 04:59:06,0.00057900,225.00000000
2018-02-25 04:59:14,0.00057900,127.00000000
2018-02-25 04:59:20,0.00057894,4.00000000
2018-02-25 04:59:20,0.00057900,80.00000000
2018-02-25 04:59:26,0.00057867,2.00000000
2018-02-25 04:59:33,0.00057867,16.00000000
2018-02-25 04:59:39,0.00057810,5.00000000
2018-02-25 04:59:39,0.00057805,12.00000000
2018-02-25 04:59:39,0.00057800,78.00000000
2018-02-25 04:59:53,0.00057800,8.00000000
