DATE,PRICE,VOLUME
2018-02-25 20:00:00,0.00061669,249.00000000
2018-02-25 20:00:01,0.00061669,2.00000000
2018-02-25 20:00:07,0.00061699,3.00000000
2018-02-25 20:00:08,0.00061699,483.00000000
2018-02-25 20:00:08,0.00061699,22.00000000
2018-02-25 20:00:08,0.00061700,5.00000000
2018-02-25 20:00:20,0.00061713,1.00000000
2018-02-25 20:00:20,0.00061713,4.00000000
2018-02-25 20:00:22,0.00061728,74.00000000
2018-02-25 20:00:22,0.00061730,76.00000000
2018-02-25 20:00:22,0.00061731,175.00000000
2018-02-25 20:00:22,0.00061732,2291.00000000
2018-02-25 20:00:22,0.00061733,4865.00000000
2018-02-25 20:00:22,0.00061734,154.00000000
2018-02-25 20:00:22,0.00061770,37.00000000
2018-02-25 20:00:22,0.00061780,10.00000000
2018-02-25 20:00:22,0.00061795,32.00000000
2018-02-25 20:00:22,0.00061797,150.00000000
2018-02-25 20:00:22,0.00061800,660.00000000
2018-02-25 20:00:22,0.00061807,15.00000000
2018-02-25 20:00:22,0.00061809,8.00000000
2018-02-25 20:00:22,0.00061810,266.00000000
2018-02-25 20:00:22,0.00061812,25.00000000
2018-02-25 20:00:22,0.00061819,50.00000000
2018-02-25 20:00:22,0.00061820,1158.00000000
2018-02-25 20:00:22,0.00061821,142.00000000
2018-02-25 20:00:22,0.00061822,4.00000000
2018-02-25 20:00:22,0.00061826,332.00000000
2018-02-25 20:00:22,0.00061829,30.00000000
2018-02-25 20:00:22,0.00061836,20.00000000
2018-02-25 20:00:22,0.00061837,18.00000000
2018-02-25 20:00:22,0.00061839,166.00000000
2018-02-25 20:00:22,0.00061841,9.00000000
2018-02-25 20:00:22,0.00061842,23.00000000
2018-02-25 20:00:22,0.00061850,587.00000000
2018-02-25 20:00:22,0.00061851,65.00000000
2018-02-25 20:00:22,0.00061858,146.00000000
2018-02-25 20:00:22,0.00061860,206.00000000
2018-02-25 20:00:22,0.00061864,50.00000000
2018-02-25 20:00:22,0.00061866,14.00000000
2018-02-25 20:00:22,0.00061869,85.00000000
2018-02-25 20:00:22,0.00061870,20.00000000
2018-02-25 20:00:22,0.00061871,4.00000000
2018-02-25 20:00:22,0.00061873,60.00000000
2018-02-25 20:00:22,0.00061874,4.00000000
2018-02-25 20:00:22,0.00061875,200.00000000
2018-02-25 20:00:22,0.00061878,10.00000000
2018-02-25 20:00:22,0.00061880,2150.00000000
2018-02-25 20:00:22,0.00061883,4.00000000
2018-02-25 20:00:22,0.00061888,19.00000000
2018-02-25 20:00:22,0.00061890,82.00000000
2018-02-25 20:00:22,0.00061898,5.00000000
2018-02-25 20:00:22,0.00061899,914.00000000
2018-02-25 20:00:23,0.00061811,47.00000000
2018-02-25 20:00:28,0.00061732,30.00000000
2018-02-25 20:00:28,0.00061731,8.00000000
2018-02-25 20:00:31,0.00061735,6.00000000
2018-02-25 20:00:33,0.00061735,132.00000000
2018-02-25 20:00:33,0.00061720,4.00000000
2018-02-25 20:00:33,0.00061714,30.00000000
2018-02-25 20:00:33,0.00061713,175.00000000
2018-02-25 20:00:35,0.00061839,4.00000000
2018-02-25 20:00:35,0.00061844,63.00000000
2018-02-25 20:00:35,0.00061845,4.00000000
2018-02-25 20:00:35,0.00061848,9.00000000
2018-02-25 20:00:37,0.00061825,16.00000000
2018-02-25 20:00:37,0.00061823,50.00000000
2018-02-25 20:00:46,0.00061845,4.00000000
2018-02-25 20:00:46,0.00061848,731.00000000
2018-02-25 20:00:46,0.00061899,1622.00000000
2018-02-25 20:00:47,0.00061847,88.00000000
2018-02-25 20:00:47,0.00061877,16.00000000
2018-02-25 20:00:47,0.00061899,217.00000000
2018-02-25 20:00:47,0.00061746,48.00000000
2018-02-25 20:00:48,0.00061848,16.00000000
2018-02-25 20:00:48,0.00061848,20.00000000
2018-02-25 20:00:48,0.00061848,10.00000000
2018-02-25 20:00:48,0.00061848,127.00000000
2018-02-25 20:00:49,0.00061764,16.00000000
2018-02-25 20:00:49,0.00061752,4.00000000
2018-02-25 20:00:49,0.00061740,10.00000000
2018-02-25 20:00:49,0.00061735,59.00000000
2018-02-25 20:00:49,0.00061734,80.00000000
2018-02-25 20:00:49,0.00061732,10.00000000
2018-02-25 20:00:50,0.00061764,5.00000000
2018-02-25 20:00:51,0.00061745,7.00000000
2018-02-25 20:00:51,0.00061745,146.00000000
2018-02-25 20:00:55,0.00061840,34.00000000
2018-02-25 20:00:57,0.00061770,12.00000000
2018-02-25 20:00:58,0.00061770,27.00000000
2018-02-25 20:00:59,0.00061770,197.00000000
2018-02-25 20:01:00,0.00061743,7.00000000
2018-02-25 20:01:01,0.00061741,17.00000000
2018-02-25 20:01:01,0.00061740,95.00000000
2018-02-25 20:01:01,0.00061742,18.00000000
2018-02-25 20:01:04,0.00061740,4.00000000
2018-02-25 20:01:05,0.00061745,7.00000000
2018-02-25 20:01:06,0.00061745,6.00000000
2018-02-25 20:01:07,0.00061745,465.00000000
2018-02-25 20:01:08,0.00061835,5.00000000
2018-02-25 20:01:08,0.00061850,11.00000000
2018-02-25 20:01:08,0.00061868,14.00000000
2018-02-25 20:01:08,0.00061868,9.00000000
2018-02-25 20:01:11,0.00061850,3.00000000
2018-02-25 20:01:11,0.00061876,10.00000000
2018-02-25 20:01:11,0.00061876,8.00000000
2018-02-25 20:01:14,0.00061875,5.00000000
2018-02-25 20:01:15,0.00061875,5.00000000
2018-02-25 20:01:15,0.00061760,15.00000000
2018-02-25 20:01:15,0.00061751,34.00000000
2018-02-25 20:01:15,0.00061745,310.00000000
2018-02-25 20:01:15,0.00061743,15.00000000
2018-02-25 20:01:15,0.00061741,34.00000000
2018-02-25 20:01:17,0.00061873,10.00000000
2018-02-25 20:01:20,0.00061873,5.00000000
2018-02-25 20:01:20,0.00061874,43.00000000
2018-02-25 20:01:21,0.00061875,99.00000000
2018-02-25 20:01:22,0.00061859,9.00000000
2018-02-25 20:01:22,0.00061859,1.00000000
2018-02-25 20:01:22,0.00061858,16.00000000
2018-02-25 20:01:22,0.00061758,4.00000000
2018-02-25 20:01:22,0.00061757,54.00000000
2018-02-25 20:01:22,0.00061758,10.00000000
2018-02-25 20:01:22,0.00061758,110.00000000
2018-02-25 20:01:25,0.00061763,16.00000000
2018-02-25 20:01:25,0.00061860,10.00000000
2018-02-25 20:01:25,0.00061860,10.00000000
2018-02-25 20:01:26,0.00061860,101.00000000
2018-02-25 20:01:26,0.00061860,123.00000000
2018-02-25 20:01:30,0.00061860,88.00000000
2018-02-25 20:01:33,0.00061860,273.00000000
2018-02-25 20:01:35,0.00061860,10.00000000
2018-02-25 20:01:40,0.00061850,4.00000000
2018-02-25 20:01:41,0.00061853,28.00000000
2018-02-25 20:01:43,0.00061853,8.00000000
2018-02-25 20:01:45,0.00061850,313.00000000
2018-02-25 20:01:54,0.00061848,144.00000000
2018-02-25 20:01:54,0.00061850,44.00000000
2018-02-25 20:01:56,0.00061850,269.00000000
2018-02-25 20:01:56,0.00061860,678.00000000
2018-02-25 20:01:57,0.00061850,54.00000000
2018-02-25 20:01:58,0.00061860,2.00000000
2018-02-25 20:01:59,0.00061860,31.00000000
2018-02-25 20:02:01,0.00061860,279.00000000
2018-02-25 20:02:01,0.00061882,4.00000000
2018-02-25 20:02:01,0.00061890,188.00000000
2018-02-25 20:02:01,0.00061897,120.00000000
2018-02-25 20:02:02,0.00061860,38.00000000
2018-02-25 20:02:02,0.00061850,204.00000000
2018-02-25 20:02:05,0.00061860,214.00000000
2018-02-25 20:02:05,0.00061850,16.00000000
2018-02-25 20:02:07,0.00061890,15.00000000
2018-02-25 20:02:07,0.00061896,13.00000000
2018-02-25 20:02:07,0.00061897,251.00000000
2018-02-25 20:02:07,0.00061898,375.00000000
2018-02-25 20:02:07,0.00061899,374.00000000
2018-02-25 20:02:10,0.00061899,93.00000000
2018-02-25 20:02:13,0.00061850,100.00000000
2018-02-25 20:02:15,0.00061899,6.00000000
2018-02-25 20:02:16,0.00061899,88.00000000
2018-02-25 20:02:17,0.00061899,27.00000000
2018-02-25 20:02:18,0.00061899,8664.00000000
2018-02-25 20:02:18,0.00061900,3117.00000000
2018-02-25 20:02:18,0.00061900,3.00000000
2018-02-25 20:02:18,0.00061900,16.00000000
2018-02-25 20:02:18,0.00061909,84.00000000
2018-02-25 20:02:19,0.00061900,3.00000000
2018-02-25 20:02:21,0.00061909,5.00000000
2018-02-25 20:02:21,0.00061910,24.00000000
2018-02-25 20:02:21,0.00061916,60.00000000
2018-02-25 20:02:21,0.00061918,5.00000000
2018-02-25 20:02:21,0.00061919,9.00000000
2018-02-25 20:02:21,0.00061920,99.00000000
2018-02-25 20:02:21,0.00061929,115.00000000
2018-02-25 20:02:22,0.00061909,16.00000000
2018-02-25 20:02:23,0.00061929,195.00000000
2018-02-25 20:02:23,0.00061929,387.00000000
2018-02-25 20:02:25,0.00061929,248.00000000
2018-02-25 20:02:26,0.00061929,75.00000000
2018-02-25 20:02:27,0.00061929,46.00000000
2018-02-25 20:02:28,0.00061929,16.00000000
2018-02-25 20:02:28,0.00061929,245.00000000
2018-02-25 20:02:29,0.00061929,22.00000000
2018-02-25 20:02:30,0.00061929,10.00000000
2018-02-25 20:02:31,0.00061930,83.00000000
2018-02-25 20:02:31,0.00061936,149.00000000
2018-02-25 20:02:31,0.00061939,2.00000000
2018-02-25 20:02:31,0.00061940,53.00000000
2018-02-25 20:02:31,0.00061941,48.00000000
2018-02-25 20:02:31,0.00061944,35.00000000
2018-02-25 20:02:31,0.00061949,42.00000000
2018-02-25 20:02:31,0.00061950,914.00000000
2018-02-25 20:02:31,0.00061955,792.00000000
2018-02-25 20:02:31,0.00061958,357.00000000
2018-02-25 20:02:33,0.00061929,264.00000000
2018-02-25 20:02:33,0.00061919,317.00000000
2018-02-25 20:02:37,0.00061958,17.00000000
2018-02-25 20:02:37,0.00061960,283.00000000
2018-02-25 20:02:39,0.00061960,20.00000000
2018-02-25 20:02:39,0.00061960,174.00000000
2018-02-25 20:02:39,0.00061960,26.00000000
2018-02-25 20:02:42,0.00061960,7.00000000
2018-02-25 20:02:43,0.00061960,75.00000000
2018-02-25 20:02:45,0.00061958,121.00000000
2018-02-25 20:02:46,0.00061919,84.00000000
2018-02-25 20:02:46,0.00061910,207.00000000
2018-02-25 20:02:52,0.00061910,70.00000000
2018-02-25 20:02:55,0.00061910,6.00000000
2018-02-25 20:03:00,0.00061910,9.00000000
2018-02-25 20:03:00,0.00061910,1.00000000
2018-02-25 20:03:00,0.00061958,184.00000000
2018-02-25 20:03:00,0.00061960,29.00000000
2018-02-25 20:03:05,0.00061960,771.00000000
2018-02-25 20:03:05,0.00061962,327.00000000
2018-02-25 20:03:05,0.00061976,42.00000000
2018-02-25 20:03:05,0.00061977,1413.00000000
2018-02-25 20:03:06,0.00061960,9.00000000
2018-02-25 20:03:08,0.00061977,38.00000000
2018-02-25 20:03:08,0.00061977,15.00000000
2018-02-25 20:03:09,0.00061977,31.00000000
2018-02-25 20:03:10,0.00061977,286.00000000
2018-02-25 20:03:10,0.00061980,146.00000000
2018-02-25 20:03:12,0.00061980,158.00000000
2018-02-25 20:03:12,0.00061980,80.00000000
2018-02-25 20:03:13,0.00061977,649.00000000
2018-02-25 20:03:13,0.00061960,869.00000000
2018-02-25 20:03:13,0.00061958,532.00000000
2018-02-25 20:03:14,0.00061958,438.00000000
2018-02-25 20:03:14,0.00061958,30.00000000
2018-02-25 20:03:14,0.00061958,243.00000000
2018-02-25 20:03:15,0.00061958,20.00000000
2018-02-25 20:03:16,0.00061958,35.00000000
2018-02-25 20:03:21,0.00061958,7.00000000
2018-02-25 20:03:23,0.00061958,78.00000000
2018-02-25 20:03:23,0.00061958,7.00000000
2018-02-25 20:03:23,0.00061958,150.00000000
2018-02-25 20:03:23,0.00061958,8.00000000
2018-02-25 20:03:24,0.00061958,1409.00000000
2018-02-25 20:03:24,0.00061958,16.00000000
2018-02-25 20:03:24,0.00061958,6.00000000
2018-02-25 20:03:24,0.00061958,48.00000000
2018-02-25 20:03:24,0.00061958,6.00000000
2018-02-25 20:03:24,0.00061958,6.00000000
2018-02-25 20:03:24,0.00061958,48.00000000
2018-02-25 20:03:24,0.00061958,16.00000000
2018-02-25 20:03:24,0.00061958,11.00000000
2018-02-25 20:03:24,0.00061909,36.00000000
2018-02-25 20:03:25,0.00061909,11.00000000
2018-02-25 20:03:25,0.00061958,4.00000000
2018-02-25 20:03:25,0.00061958,5.00000000
2018-02-25 20:03:28,0.00061957,3.00000000
2018-02-25 20:03:28,0.00061958,230.00000000
2018-02-25 20:03:29,0.00061958,115.00000000
2018-02-25 20:03:29,0.00061958,81.00000000
2018-02-25 20:03:31,0.00061958,8.00000000
2018-02-25 20:03:33,0.00061958,33.00000000
2018-02-25 20:03:33,0.00061958,198.00000000
2018-02-25 20:03:33,0.00061958,56.00000000
2018-02-25 20:03:33,0.00061977,4.00000000
2018-02-25 20:03:33,0.00061980,60.00000000
2018-02-25 20:03:35,0.00061980,1.00000000
2018-02-25 20:03:36,0.00061916,13.00000000
2018-02-25 20:03:36,0.00061915,18.00000000
2018-02-25 20:03:38,0.00061980,19.00000000
2018-02-25 20:03:39,0.00061980,4.00000000
2018-02-25 20:03:44,0.00061980,17.00000000
2018-02-25 20:03:44,0.00061980,8.00000000
2018-02-25 20:03:45,0.00061980,360.00000000
2018-02-25 20:03:46,0.00061980,597.00000000
2018-02-25 20:03:46,0.00061980,242.00000000
2018-02-25 20:03:47,0.00061980,16.00000000
2018-02-25 20:03:48,0.00061980,98.00000000
2018-02-25 20:03:48,0.00061980,8.00000000
2018-02-25 20:03:49,0.00061982,8.00000000
2018-02-25 20:03:50,0.00061980,7.00000000
2018-02-25 20:03:51,0.00061980,50.00000000
2018-02-25 20:03:52,0.00061982,8.00000000
2018-02-25 20:03:55,0.00061982,4.00000000
2018-02-25 20:03:55,0.00061988,4.00000000
2018-02-25 20:03:56,0.00061982,8.00000000
2018-02-25 20:04:00,0.00061986,26.00000000
2018-02-25 20:04:00,0.00061988,51.00000000
2018-02-25 20:04:00,0.00061989,145.00000000
2018-02-25 20:04:00,0.00061989,51.00000000
2018-02-25 20:04:00,0.00061989,51.00000000
2018-02-25 20:04:00,0.00061989,63.00000000
2018-02-25 20:04:03,0.00061989,332.00000000
2018-02-25 20:04:03,0.00061989,277.00000000
2018-02-25 20:04:03,0.00061989,20.00000000
2018-02-25 20:04:03,0.00061989,20.00000000
2018-02-25 20:04:03,0.00061990,8.00000000
2018-02-25 20:04:05,0.00061989,187.00000000
2018-02-25 20:04:06,0.00061988,51.00000000
2018-02-25 20:04:07,0.00061986,26.00000000
2018-02-25 20:04:07,0.00061983,122.00000000
2018-02-25 20:04:07,0.00061983,39.00000000
2018-02-25 20:04:07,0.00061982,8.00000000
2018-02-25 20:04:07,0.00061980,870.00000000
2018-02-25 20:04:07,0.00061922,314.00000000
2018-02-25 20:04:07,0.00061921,32.00000000
2018-02-25 20:04:07,0.00061916,2.00000000
2018-02-25 20:04:07,0.00061909,32.00000000
2018-02-25 20:04:07,0.00061902,382.00000000
2018-02-25 20:04:07,0.00061900,324.00000000
2018-02-25 20:04:08,0.00061988,79.00000000
2018-02-25 20:04:08,0.00061988,23.00000000
2018-02-25 20:04:08,0.00061989,66.00000000
2018-02-25 20:04:08,0.00061989,7.00000000
2018-02-25 20:04:08,0.00061990,72.00000000
2018-02-25 20:04:09,0.00061990,93.00000000
2018-02-25 20:04:09,0.00061989,26.00000000
2018-02-25 20:04:10,0.00061989,32.00000000
2018-02-25 20:04:10,0.00061989,93.00000000
2018-02-25 20:04:11,0.00061989,44.00000000
2018-02-25 20:04:11,0.00061989,59.00000000
2018-02-25 20:04:12,0.00061987,16.00000000
2018-02-25 20:04:13,0.00061908,8.00000000
2018-02-25 20:04:13,0.00061900,131.00000000
2018-02-25 20:04:13,0.00061899,111.00000000
2018-02-25 20:04:13,0.00061856,15.00000000
2018-02-25 20:04:14,0.00061986,15.00000000
2018-02-25 20:04:14,0.00061987,395.00000000
2018-02-25 20:04:15,0.00061921,15.00000000
2018-02-25 20:04:15,0.00061986,10.00000000
2018-02-25 20:04:15,0.00061987,39.00000000
2018-02-25 20:04:16,0.00061987,7.00000000
2018-02-25 20:04:18,0.00061986,30.00000000
2018-02-25 20:04:18,0.00061987,59.00000000
2018-02-25 20:04:18,0.00061987,11.00000000
2018-02-25 20:04:19,0.00061880,4.00000000
2018-02-25 20:04:20,0.00061880,5.00000000
2018-02-25 20:04:20,0.00061986,30.00000000
2018-02-25 20:04:20,0.00061987,947.00000000
2018-02-25 20:04:21,0.00061986,5.00000000
2018-02-25 20:04:21,0.00061889,8.00000000
2018-02-25 20:04:21,0.00061883,4.00000000
2018-02-25 20:04:22,0.00061880,10.00000000
2018-02-25 20:04:23,0.00061880,67.00000000
2018-02-25 20:04:23,0.00061879,4.00000000
2018-02-25 20:04:24,0.00061880,11.00000000
2018-02-25 20:04:25,0.00061880,7.00000000
2018-02-25 20:04:25,0.00061974,112.00000000
2018-02-25 20:04:25,0.00061980,863.00000000
2018-02-25 20:04:25,0.00061980,45.00000000
2018-02-25 20:04:25,0.00061980,16.00000000
2018-02-25 20:04:30,0.00061980,1092.00000000
2018-02-25 20:04:30,0.00061980,365.00000000
2018-02-25 20:04:30,0.00061980,1091.00000000
2018-02-25 20:04:30,0.00061980,1091.00000000
2018-02-25 20:04:30,0.00061980,1092.00000000
2018-02-25 20:04:30,0.00061980,910.00000000
2018-02-25 20:04:30,0.00061980,46.00000000
2018-02-25 20:04:30,0.00061980,48.00000000
2018-02-25 20:04:30,0.00061980,35.00000000
2018-02-25 20:04:31,0.00061980,64.00000000
2018-02-25 20:04:31,0.00061908,7.00000000
2018-02-25 20:04:32,0.00061980,104.00000000
2018-02-25 20:04:33,0.00061908,427.00000000
2018-02-25 20:04:33,0.00061900,422.00000000
2018-02-25 20:04:33,0.00061900,56.00000000
2018-02-25 20:04:33,0.00061879,218.00000000
2018-02-25 20:04:33,0.00061856,48.00000000
2018-02-25 20:04:33,0.00061800,127.00000000
2018-02-25 20:04:33,0.00061800,28.00000000
2018-02-25 20:04:34,0.00061800,8.00000000
2018-02-25 20:04:35,0.00061790,4.00000000
2018-02-25 20:04:36,0.00061790,242.00000000
2018-02-25 20:04:36,0.00061789,146.00000000
2018-02-25 20:04:36,0.00061764,41.00000000
2018-02-25 20:04:36,0.00061761,32.00000000
2018-02-25 20:04:36,0.00061750,2.00000000
2018-02-25 20:04:36,0.00061742,180.00000000
2018-02-25 20:04:36,0.00061741,93.00000000
2018-02-25 20:04:36,0.00061740,263.00000000
2018-02-25 20:04:36,0.00061740,162.00000000
2018-02-25 20:04:37,0.00061740,43.00000000
2018-02-25 20:04:37,0.00061740,12.00000000
2018-02-25 20:04:39,0.00061740,25.00000000
2018-02-25 20:04:39,0.00061740,120.00000000
2018-02-25 20:04:40,0.00061764,2.00000000
2018-02-25 20:04:40,0.00061740,69.00000000
2018-02-25 20:04:41,0.00061799,55.00000000
2018-02-25 20:04:41,0.00061800,91.00000000
2018-02-25 20:04:41,0.00061740,14.00000000
2018-02-25 20:04:42,0.00061800,192.00000000
2018-02-25 20:04:43,0.00061800,3.00000000
2018-02-25 20:04:43,0.00061800,2.00000000
2018-02-25 20:04:46,0.00061800,232.00000000
2018-02-25 20:04:49,0.00061790,7.00000000
2018-02-25 20:04:51,0.00061790,65.00000000
2018-02-25 20:04:52,0.00061800,7.00000000
2018-02-25 20:04:53,0.00061790,5.00000000
2018-02-25 20:04:53,0.00061790,69.00000000
2018-02-25 20:04:53,0.00061790,47.00000000
2018-02-25 20:04:54,0.00061790,10.00000000
2018-02-25 20:04:55,0.00061741,288.00000000
2018-02-25 20:04:55,0.00061740,3794.00000000
2018-02-25 20:04:55,0.00061790,16.00000000
2018-02-25 20:04:59,0.00061740,5.00000000
2018-02-25 20:04:59,0.00061790,223.00000000
2018-02-25 20:04:59,0.00061740,366.00000000
2018-02-25 20:04:59,0.00061740,123.00000000
2018-02-25 20:05:01,0.00061740,82.00000000
2018-02-25 20:05:01,0.00061740,6.00000000
2018-02-25 20:05:01,0.00061740,4.00000000
2018-02-25 20:05:01,0.00061740,17.00000000
2018-02-25 20:05:02,0.00061740,54.00000000
2018-02-25 20:05:03,0.00061740,110.00000000
2018-02-25 20:05:03,0.00061731,2.00000000
2018-02-25 20:05:06,0.00061731,1.00000000
2018-02-25 20:05:08,0.00061731,45.00000000
2018-02-25 20:05:08,0.00061731,7.00000000
2018-02-25 20:05:08,0.00061731,8.00000000
2018-02-25 20:05:10,0.00061731,132.00000000
2018-02-25 20:05:10,0.00061720,4.00000000
2018-02-25 20:05:11,0.00061700,8.00000000
2018-02-25 20:05:11,0.00061675,25.00000000
2018-02-25 20:05:11,0.00061670,266.00000000
2018-02-25 20:05:11,0.00061669,2.00000000
2018-02-25 20:05:11,0.00061614,4.00000000
2018-02-25 20:05:11,0.00061610,32.00000000
2018-02-25 20:05:11,0.00061605,187.00000000
2018-02-25 20:05:11,0.00061600,372.00000000
2018-02-25 20:05:11,0.00061570,12.00000000
2018-02-25 20:05:11,0.00061620,136.00000000
2018-02-25 20:05:11,0.00061620,5.00000000
2018-02-25 20:05:13,0.00061620,25.00000000
2018-02-25 20:05:13,0.00061575,2.00000000
2018-02-25 20:05:14,0.00061620,17.00000000
2018-02-25 20:05:14,0.00061620,57.00000000
2018-02-25 20:05:15,0.00061620,105.00000000
2018-02-25 20:05:15,0.00061575,6.00000000
2018-02-25 20:05:15,0.00061570,4.00000000
2018-02-25 20:05:15,0.00061620,115.00000000
2018-02-25 20:05:16,0.00061620,2.00000000
2018-02-25 20:05:16,0.00061576,9.00000000
2018-02-25 20:05:16,0.00061570,100.00000000
2018-02-25 20:05:16,0.00061550,16.00000000
2018-02-25 20:05:16,0.00061546,612.00000000
2018-02-25 20:05:16,0.00061545,263.00000000
2018-02-25 20:05:16,0.00061620,61.00000000
2018-02-25 20:05:17,0.00061600,23.00000000
2018-02-25 20:05:17,0.00061575,8.00000000
2018-02-25 20:05:17,0.00061570,201.00000000
2018-02-25 20:05:17,0.00061570,27.00000000
2018-02-25 20:05:17,0.00061570,26.00000000
2018-02-25 20:05:17,0.00061570,27.00000000
2018-02-25 20:05:17,0.00061570,21.00000000
2018-02-25 20:05:18,0.00061570,19.00000000
2018-02-25 20:05:18,0.00061570,17.00000000
2018-02-25 20:05:18,0.00061545,431.00000000
2018-02-25 20:05:19,0.00061570,11.00000000
2018-02-25 20:05:19,0.00061570,10.00000000
2018-02-25 20:05:20,0.00061570,2.00000000
2018-02-25 20:05:20,0.00061547,13.00000000
2018-02-25 20:05:20,0.00061545,3.00000000
2018-02-25 20:05:20,0.00061570,12.00000000
2018-02-25 20:05:21,0.00061547,16.00000000
2018-02-25 20:05:21,0.00061545,16.00000000
2018-02-25 20:05:21,0.00061546,9.00000000
2018-02-25 20:05:21,0.00061545,189.00000000
2018-02-25 20:05:22,0.00061545,16.00000000
2018-02-25 20:05:22,0.00061545,16.00000000
2018-02-25 20:05:22,0.00061545,32.00000000
2018-02-25 20:05:23,0.00061545,15.00000000
2018-02-25 20:05:23,0.00061540,1.00000000
2018-02-25 20:05:23,0.00061540,16.00000000
2018-02-25 20:05:23,0.00061540,16.00000000
2018-02-25 20:05:23,0.00061540,16.00000000
2018-02-25 20:05:24,0.00061545,8.00000000
2018-02-25 20:05:24,0.00061570,6.00000000
2018-02-25 20:05:24,0.00061540,16.00000000
2018-02-25 20:05:24,0.00061540,16.00000000
2018-02-25 20:05:24,0.00061570,2.00000000
2018-02-25 20:05:25,0.00061540,357.00000000
2018-02-25 20:05:25,0.00061500,308.00000000
2018-02-25 20:05:25,0.00061489,10.00000000
2018-02-25 20:05:25,0.00061483,2.00000000
2018-02-25 20:05:25,0.00061483,33.00000000
2018-02-25 20:05:25,0.00061500,7.00000000
2018-02-25 20:05:25,0.00061500,480.00000000
2018-02-25 20:05:25,0.00061500,7.00000000
2018-02-25 20:05:25,0.00061500,7.00000000
2018-02-25 20:05:25,0.00061500,111.00000000
2018-02-25 20:05:26,0.00061483,5.00000000
2018-02-25 20:05:26,0.00061473,11.00000000
2018-02-25 20:05:26,0.00061473,9.00000000
2018-02-25 20:05:26,0.00061540,318.00000000
2018-02-25 20:05:26,0.00061570,1133.00000000
2018-02-25 20:05:27,0.00061570,29.00000000
2018-02-25 20:05:27,0.00061570,16.00000000
2018-02-25 20:05:28,0.00061570,6.00000000
2018-02-25 20:05:29,0.00061570,92.00000000
2018-02-25 20:05:29,0.00061540,15.00000000
2018-02-25 20:05:29,0.00061540,258.00000000
2018-02-25 20:05:29,0.00061540,292.00000000
2018-02-25 20:05:29,0.00061540,45.00000000
2018-02-25 20:05:30,0.00061572,2.00000000
2018-02-25 20:05:30,0.00061450,7.00000000
2018-02-25 20:05:30,0.00061433,4.00000000
2018-02-25 20:05:30,0.00061430,15.00000000
2018-02-25 20:05:30,0.00061435,22.00000000
2018-02-25 20:05:32,0.00061565,22.00000000
2018-02-25 20:05:32,0.00061567,4.00000000
2018-02-25 20:05:32,0.00061572,46.00000000
2018-02-25 20:05:34,0.00061550,4.00000000
2018-02-25 20:05:35,0.00061550,40.00000000
2018-02-25 20:05:35,0.00061550,66.00000000
2018-02-25 20:05:37,0.00061550,16.00000000
2018-02-25 20:05:38,0.00061550,174.00000000
2018-02-25 20:05:38,0.00061550,16.00000000
2018-02-25 20:05:39,0.00061550,9.00000000
2018-02-25 20:05:39,0.00061550,4.00000000
2018-02-25 20:05:39,0.00061496,12.00000000
2018-02-25 20:05:40,0.00061496,16.00000000
2018-02-25 20:05:40,0.00061550,240.00000000
2018-02-25 20:05:41,0.00061496,16.00000000
2018-02-25 20:05:42,0.00061492,35.00000000
2018-02-25 20:05:42,0.00061617,4.00000000
2018-02-25 20:05:43,0.00061619,8.00000000
2018-02-25 20:05:44,0.00061498,4.00000000
2018-02-25 20:05:44,0.00061492,125.00000000
2018-02-25 20:05:44,0.00061617,160.00000000
2018-02-25 20:05:44,0.00061619,36.00000000
2018-02-25 20:05:44,0.00061620,64.00000000
2018-02-25 20:05:44,0.00061620,4.00000000
2018-02-25 20:05:45,0.00061493,160.00000000
2018-02-25 20:05:45,0.00061491,12.00000000
2018-02-25 20:05:45,0.00061490,154.00000000
2018-02-25 20:05:45,0.00061435,10.00000000
2018-02-25 20:05:45,0.00061433,30.00000000
2018-02-25 20:05:45,0.00061430,737.00000000
2018-02-25 20:05:45,0.00061428,32.00000000
2018-02-25 20:05:45,0.00061412,20.00000000
2018-02-25 20:05:45,0.00061411,119.00000000
2018-02-25 20:05:45,0.00061410,1518.00000000
2018-02-25 20:05:45,0.00061400,30.00000000
2018-02-25 20:05:45,0.00061400,157.00000000
2018-02-25 20:05:45,0.00061400,4.00000000
2018-02-25 20:05:45,0.00061400,30.00000000
2018-02-25 20:05:45,0.00061400,48.00000000
2018-02-25 20:05:45,0.00061400,30.00000000
2018-02-25 20:05:45,0.00061400,30.00000000
2018-02-25 20:05:45,0.00061400,49.00000000
2018-02-25 20:05:45,0.00061400,48.00000000
2018-02-25 20:05:45,0.00061400,49.00000000
2018-02-25 20:05:45,0.00061400,48.00000000
2018-02-25 20:05:45,0.00061400,309.00000000
2018-02-25 20:05:45,0.00061400,48.00000000
2018-02-25 20:05:45,0.00061400,16.00000000
2018-02-25 20:05:45,0.00061400,48.00000000
2018-02-25 20:05:45,0.00061400,48.00000000
2018-02-25 20:05:45,0.00061400,48.00000000
2018-02-25 20:05:45,0.00061400,1000.00000000
2018-02-25 20:05:45,0.00061400,353.00000000
2018-02-25 20:05:45,0.00061400,48.00000000
2018-02-25 20:05:45,0.00061398,160.00000000
2018-02-25 20:05:45,0.00061400,29.00000000
2018-02-25 20:05:45,0.00061400,1054.00000000
2018-02-25 20:05:46,0.00061402,65.00000000
2018-02-25 20:05:46,0.00061535,12.00000000
2018-02-25 20:05:47,0.00061536,16.00000000
2018-02-25 20:05:48,0.00061534,4.00000000
2018-02-25 20:05:48,0.00061613,2.00000000
2018-02-25 20:05:48,0.00061615,12.00000000
2018-02-25 20:05:51,0.00061592,9.00000000
2018-02-25 20:05:52,0.00061592,12.00000000
2018-02-25 20:05:52,0.00061592,40.00000000
2018-02-25 20:05:52,0.00061541,3.00000000
2018-02-25 20:05:52,0.00061540,169.00000000
2018-02-25 20:05:53,0.00061540,223.00000000
2018-02-25 20:05:55,0.00061591,4.00000000
2018-02-25 20:05:55,0.00061595,4.00000000
2018-02-25 20:05:55,0.00061597,4.00000000
2018-02-25 20:05:55,0.00061597,12.00000000
2018-02-25 20:05:56,0.00061597,55.00000000
2018-02-25 20:06:00,0.00061540,247.00000000
2018-02-25 20:06:02,0.00061540,34.00000000
2018-02-25 20:06:02,0.00061597,203.00000000
2018-02-25 20:06:04,0.00061597,706.00000000
2018-02-25 20:06:05,0.00061597,12.00000000
2018-02-25 20:06:06,0.00061597,196.00000000
2018-02-25 20:06:06,0.00061597,1147.00000000
2018-02-25 20:06:06,0.00061536,2.00000000
2018-02-25 20:06:06,0.00061535,6.00000000
2018-02-25 20:06:07,0.00061535,16.00000000
2018-02-25 20:06:07,0.00061535,9.00000000
2018-02-25 20:06:07,0.00061597,208.00000000
2018-02-25 20:06:07,0.00061616,1093.00000000
2018-02-25 20:06:10,0.00061617,9.00000000
2018-02-25 20:06:10,0.00061616,747.00000000
2018-02-25 20:06:11,0.00061616,9.00000000
2018-02-25 20:06:11,0.00061597,10.00000000
2018-02-25 20:06:11,0.00061590,55.00000000
2018-02-25 20:06:11,0.00061600,46.00000000
2018-02-25 20:06:13,0.00061620,16.00000000
2018-02-25 20:06:16,0.00061620,4.00000000
2018-02-25 20:06:17,0.00061536,9.00000000
2018-02-25 20:06:17,0.00061535,93.00000000
2018-02-25 20:06:17,0.00061600,6.00000000
2018-02-25 20:06:19,0.00061600,9.00000000
2018-02-25 20:06:23,0.00061594,8.00000000
2018-02-25 20:06:23,0.00061600,235.00000000
2018-02-25 20:06:23,0.00061620,1657.00000000
2018-02-25 20:06:25,0.00061620,92.00000000
2018-02-25 20:06:25,0.00061620,908.00000000
2018-02-25 20:06:29,0.00061620,229.00000000
2018-02-25 20:06:29,0.00061600,29.00000000
2018-02-25 20:06:29,0.00061600,3.00000000
2018-02-25 20:06:29,0.00061600,162.00000000
2018-02-25 20:06:31,0.00061600,3.00000000
2018-02-25 20:06:32,0.00061554,16.00000000
2018-02-25 20:06:34,0.00061600,499.00000000
2018-02-25 20:06:35,0.00061600,24.00000000
2018-02-25 20:06:35,0.00061594,7.00000000
2018-02-25 20:06:35,0.00061600,1.00000000
2018-02-25 20:06:38,0.00061620,3.00000000
2018-02-25 20:06:38,0.00061620,145.00000000
2018-02-25 20:06:38,0.00061620,84.00000000
2018-02-25 20:06:40,0.00061600,33.00000000
2018-02-25 20:06:40,0.00061600,63.00000000
2018-02-25 20:06:40,0.00061636,41.00000000
2018-02-25 20:06:40,0.00061720,81.00000000
2018-02-25 20:06:47,0.00061610,4.00000000
2018-02-25 20:06:51,0.00061697,4.00000000
2018-02-25 20:06:51,0.00061700,3.00000000
2018-02-25 20:06:52,0.00061700,15.00000000
2018-02-25 20:06:53,0.00061700,144.00000000
2018-02-25 20:06:53,0.00061700,7.00000000
2018-02-25 20:06:55,0.00061700,3.00000000
2018-02-25 20:06:56,0.00061700,2.00000000
2018-02-25 20:06:57,0.00061700,454.00000000
2018-02-25 20:06:58,0.00061700,99.00000000
2018-02-25 20:06:58,0.00061700,3.00000000
2018-02-25 20:07:00,0.00061700,59.00000000
2018-02-25 20:07:02,0.00061635,7.00000000
2018-02-25 20:07:02,0.00061628,9.00000000
2018-02-25 20:07:02,0.00061620,214.00000000
2018-02-25 20:07:03,0.00061700,11.00000000
2018-02-25 20:07:05,0.00061700,40.00000000
2018-02-25 20:07:05,0.00061728,16.00000000
2018-02-25 20:07:06,0.00061728,160.00000000
2018-02-25 20:07:07,0.00061728,985.00000000
2018-02-25 20:07:08,0.00061738,59.00000000
2018-02-25 20:07:10,0.00061729,6.00000000
2018-02-25 20:07:10,0.00061729,2.00000000
2018-02-25 20:07:10,0.00061728,105.00000000
2018-02-25 20:07:12,0.00061729,216.00000000
2018-02-25 20:07:12,0.00061728,10.00000000
2018-02-25 20:07:12,0.00061738,13.00000000
2018-02-25 20:07:15,0.00061790,18.00000000
2018-02-25 20:07:17,0.00061738,200.00000000
2018-02-25 20:07:18,0.00061738,16.00000000
2018-02-25 20:07:21,0.00061790,348.00000000
2018-02-25 20:07:21,0.00061853,4.00000000
2018-02-25 20:07:21,0.00061857,105.00000000
2018-02-25 20:07:21,0.00061858,1090.00000000
2018-02-25 20:07:21,0.00061860,16.00000000
2018-02-25 20:07:21,0.00061863,48.00000000
2018-02-25 20:07:21,0.00061864,55.00000000
2018-02-25 20:07:21,0.00061865,3510.00000000
2018-02-25 20:07:23,0.00061843,16.00000000
2018-02-25 20:07:27,0.00061865,112.00000000
2018-02-25 20:07:28,0.00061843,155.00000000
2018-02-25 20:07:35,0.00061843,600.00000000
2018-02-25 20:07:37,0.00061843,632.00000000
2018-02-25 20:07:38,0.00061865,8.00000000
2018-02-25 20:07:38,0.00061865,5.00000000
2018-02-25 20:07:39,0.00061865,115.00000000
2018-02-25 20:07:41,0.00061865,55.00000000
2018-02-25 20:07:41,0.00061865,38.00000000
2018-02-25 20:07:41,0.00061888,41.00000000
2018-02-25 20:07:41,0.00061890,236.00000000
2018-02-25 20:07:41,0.00061895,3.00000000
2018-02-25 20:07:41,0.00061899,255.00000000
2018-02-25 20:07:44,0.00061843,163.00000000
2018-02-25 20:07:48,0.00061896,10.00000000
2018-02-25 20:07:48,0.00061897,16.00000000
2018-02-25 20:07:48,0.00061898,30.00000000
2018-02-25 20:07:48,0.00061899,165.00000000
2018-02-25 20:07:48,0.00061899,7.00000000
2018-02-25 20:07:49,0.00061899,2.00000000
2018-02-25 20:07:50,0.00061844,4.00000000
2018-02-25 20:07:52,0.00061844,6.00000000
2018-02-25 20:07:52,0.00061843,228.00000000
2018-02-25 20:07:53,0.00061843,233.00000000
2018-02-25 20:07:53,0.00061899,221.00000000
2018-02-25 20:08:03,0.00061898,18.00000000
2018-02-25 20:08:03,0.00061899,54.00000000
2018-02-25 20:08:05,0.00061898,215.00000000
2018-02-25 20:08:06,0.00061899,33.00000000
2018-02-25 20:08:07,0.00061899,61.00000000
2018-02-25 20:08:09,0.00061899,201.00000000
2018-02-25 20:08:09,0.00061899,112.00000000
2018-02-25 20:08:10,0.00061899,29.00000000
2018-02-25 20:08:13,0.00061899,1060.00000000
2018-02-25 20:08:15,0.00061900,320.00000000
2018-02-25 20:08:16,0.00061900,271.00000000
2018-02-25 20:08:18,0.00061900,190.00000000
2018-02-25 20:08:23,0.00061908,27.00000000
2018-02-25 20:08:25,0.00061908,23.00000000
2018-02-25 20:08:27,0.00061908,47.00000000
2018-02-25 20:08:31,0.00061903,17.00000000
2018-02-25 20:08:31,0.00061903,32.00000000
2018-02-25 20:08:31,0.00061908,68.00000000
2018-02-25 20:08:31,0.00061908,5.00000000
2018-02-25 20:08:36,0.00061908,50.00000000
2018-02-25 20:08:38,0.00061901,16.00000000
2018-02-25 20:08:39,0.00061908,185.00000000
2018-02-25 20:08:39,0.00061919,66.00000000
2018-02-25 20:08:39,0.00061960,20.00000000
2018-02-25 20:08:39,0.00061969,30.00000000
2018-02-25 20:08:39,0.00061970,100.00000000
2018-02-25 20:08:39,0.00061975,279.00000000
2018-02-25 20:08:42,0.00061967,8.00000000
2018-02-25 20:08:42,0.00061910,8.00000000
2018-02-25 20:08:46,0.00061968,8.00000000
2018-02-25 20:08:46,0.00061975,101.00000000
2018-02-25 20:08:46,0.00061976,52.00000000
2018-02-25 20:08:49,0.00061910,16.00000000
2018-02-25 20:08:49,0.00061910,14.00000000
2018-02-25 20:08:50,0.00061920,16.00000000
2018-02-25 20:08:51,0.00061920,1.00000000
2018-02-25 20:08:51,0.00061910,121.00000000
2018-02-25 20:08:51,0.00061909,234.00000000
2018-02-25 20:08:51,0.00061908,303.00000000
2018-02-25 20:08:51,0.00061903,180.00000000
2018-02-25 20:08:51,0.00061903,59.00000000
2018-02-25 20:08:52,0.00061920,29.00000000
2018-02-25 20:08:52,0.00061975,55.00000000
2018-02-25 20:08:52,0.00061976,170.00000000
2018-02-25 20:08:52,0.00061977,61.00000000
2018-02-25 20:08:53,0.00061903,599.00000000
2018-02-25 20:08:53,0.00061901,218.00000000
2018-02-25 20:08:53,0.00061900,725.00000000
2018-02-25 20:08:54,0.00061900,188.00000000
2018-02-25 20:08:54,0.00061900,128.00000000
2018-02-25 20:08:55,0.00061903,38.00000000
2018-02-25 20:08:56,0.00061900,3.00000000
2018-02-25 20:08:59,0.00061900,780.00000000
2018-02-25 20:08:59,0.00061899,220.00000000
2018-02-25 20:08:59,0.00061899,13.00000000
2018-02-25 20:09:00,0.00061900,4.00000000
2018-02-25 20:09:00,0.00061900,14.00000000
2018-02-25 20:09:02,0.00061900,415.00000000
2018-02-25 20:09:02,0.00061900,903.00000000
2018-02-25 20:09:03,0.00061899,18.00000000
2018-02-25 20:09:03,0.00061899,4.00000000
2018-02-25 20:09:05,0.00061868,47.00000000
2018-02-25 20:09:07,0.00061899,16.00000000
2018-02-25 20:09:07,0.00061899,79.00000000
2018-02-25 20:09:10,0.00061897,382.00000000
2018-02-25 20:09:10,0.00061897,340.00000000
2018-02-25 20:09:10,0.00061899,62.00000000
2018-02-25 20:09:10,0.00061900,38.00000000
2018-02-25 20:09:11,0.00061900,463.00000000
2018-02-25 20:09:12,0.00061900,676.00000000
2018-02-25 20:09:14,0.00061900,10.00000000
2018-02-25 20:09:15,0.00061900,7135.00000000
2018-02-25 20:09:15,0.00061900,10.00000000
2018-02-25 20:09:16,0.00061900,162.00000000
2018-02-25 20:09:17,0.00061900,8.00000000
2018-02-25 20:09:21,0.00061900,630.00000000
2018-02-25 20:09:21,0.00061899,676.00000000
2018-02-25 20:09:22,0.00061868,59.00000000
2018-02-25 20:09:22,0.00061852,29.00000000
2018-02-25 20:09:25,0.00061852,22.00000000
2018-02-25 20:09:25,0.00061843,52.00000000
2018-02-25 20:09:25,0.00061767,48.00000000
2018-02-25 20:09:25,0.00061751,14.00000000
2018-02-25 20:09:25,0.00061750,372.00000000
2018-02-25 20:09:25,0.00061742,34.00000000
2018-02-25 20:09:25,0.00061739,44.00000000
2018-02-25 20:09:30,0.00061764,159.00000000
2018-02-25 20:09:30,0.00061763,4.00000000
2018-02-25 20:09:30,0.00061762,10.00000000
2018-02-25 20:09:30,0.00061745,4.00000000
2018-02-25 20:09:30,0.00061739,31.00000000
2018-02-25 20:09:30,0.00061738,581.00000000
2018-02-25 20:09:30,0.00061719,15.00000000
2018-02-25 20:09:30,0.00061675,15.00000000
2018-02-25 20:09:30,0.00061654,685.00000000
2018-02-25 20:09:30,0.00061650,4.00000000
2018-02-25 20:09:33,0.00061756,4.00000000
2018-02-25 20:09:33,0.00061755,383.00000000
2018-02-25 20:09:34,0.00061749,32.00000000
2018-02-25 20:09:35,0.00061838,16.00000000
2018-02-25 20:09:38,0.00061819,10.00000000
2018-02-25 20:09:38,0.00061832,4.00000000
2018-02-25 20:09:38,0.00061840,13.00000000
2018-02-25 20:09:39,0.00061766,4.00000000
2018-02-25 20:09:39,0.00061706,318.00000000
2018-02-25 20:09:40,0.00061814,59.00000000
2018-02-25 20:09:40,0.00061814,84.00000000
2018-02-25 20:09:40,0.00061816,18.00000000
2018-02-25 20:09:42,0.00061771,8.00000000
2018-02-25 20:09:42,0.00061733,8.00000000
2018-02-25 20:09:42,0.00061727,1.00000000
2018-02-25 20:09:43,0.00061814,62.00000000
2018-02-25 20:09:44,0.00061814,37.00000000
2018-02-25 20:09:44,0.00061814,10.00000000
2018-02-25 20:09:46,0.00061813,4.00000000
2018-02-25 20:09:46,0.00061813,15.00000000
2018-02-25 20:09:47,0.00061814,77.00000000
2018-02-25 20:09:48,0.00061814,47.00000000
2018-02-25 20:09:50,0.00061843,43.00000000
2018-02-25 20:09:50,0.00061848,35.00000000
2018-02-25 20:09:50,0.00061871,30.00000000
2018-02-25 20:09:50,0.00061879,4.00000000
2018-02-25 20:09:50,0.00061890,24.00000000
2018-02-25 20:09:50,0.00061893,16.00000000
2018-02-25 20:09:50,0.00061894,28.00000000
2018-02-25 20:09:52,0.00061840,1.00000000
2018-02-25 20:09:54,0.00061894,4.00000000
2018-02-25 20:09:56,0.00061842,4.00000000
2018-02-25 20:09:56,0.00061840,11.00000000
2018-02-25 20:09:56,0.00061895,2.00000000
2018-02-25 20:09:56,0.00061895,31.00000000
2018-02-25 20:09:57,0.00061896,20.00000000
2018-02-25 20:09:57,0.00061899,672.00000000
2018-02-25 20:09:57,0.00061899,2.00000000
2018-02-25 20:09:57,0.00061899,2.00000000
2018-02-25 20:09:57,0.00061899,2.00000000
2018-02-25 20:09:57,0.00061899,2.00000000
2018-02-25 20:09:58,0.00061899,77.00000000
2018-02-25 20:09:58,0.00061840,4.00000000
2018-02-25 20:09:58,0.00061800,5.00000000
2018-02-25 20:09:58,0.00061800,295.00000000
2018-02-25 20:09:59,0.00061800,17.00000000
2018-02-25 20:10:00,0.00061798,5.00000000
2018-02-25 20:10:00,0.00061800,1001.00000000
2018-02-25 20:10:02,0.00061800,2.00000000
2018-02-25 20:10:04,0.00061800,30.00000000
2018-02-25 20:10:05,0.00061800,12.00000000
2018-02-25 20:10:06,0.00061800,12.00000000
2018-02-25 20:10:06,0.00061781,9.00000000
2018-02-25 20:10:06,0.00061780,61.00000000
2018-02-25 20:10:06,0.00061800,136.00000000
2018-02-25 20:10:08,0.00061800,23.00000000
2018-02-25 20:10:09,0.00061800,11.00000000
2018-02-25 20:10:11,0.00061800,426.00000000
2018-02-25 20:10:14,0.00061814,574.00000000
2018-02-25 20:10:14,0.00061800,15.00000000
2018-02-25 20:10:17,0.00061800,12.00000000
2018-02-25 20:10:19,0.00061800,41.00000000
2018-02-25 20:10:20,0.00061782,4.00000000
2018-02-25 20:10:20,0.00061800,231.00000000
2018-02-25 20:10:22,0.00061800,153.00000000
2018-02-25 20:10:22,0.00061782,5.00000000
2018-02-25 20:10:22,0.00061770,48.00000000
2018-02-25 20:10:22,0.00061750,47.00000000
2018-02-25 20:10:22,0.00061727,44.00000000
2018-02-25 20:10:22,0.00061727,33.00000000
2018-02-25 20:10:22,0.00061706,358.00000000
2018-02-25 20:10:22,0.00061705,4.00000000
2018-02-25 20:10:22,0.00061702,111.00000000
2018-02-25 20:10:22,0.00061701,104.00000000
2018-02-25 20:10:22,0.00061700,283.00000000
2018-02-25 20:10:25,0.00061800,35.00000000
2018-02-25 20:10:26,0.00061783,9.00000000
2018-02-25 20:10:26,0.00061703,4.00000000
2018-02-25 20:10:26,0.00061700,147.00000000
2018-02-25 20:10:26,0.00061700,463.00000000
2018-02-25 20:10:26,0.00061700,4.00000000
2018-02-25 20:10:28,0.00061700,9.00000000
2018-02-25 20:10:28,0.00061700,134.00000000
2018-02-25 20:10:29,0.00061666,162.00000000
2018-02-25 20:10:29,0.00061664,10.00000000
2018-02-25 20:10:29,0.00061661,1.00000000
2018-02-25 20:10:30,0.00061791,6.00000000
2018-02-25 20:10:30,0.00061698,17.00000000
2018-02-25 20:10:30,0.00061698,145.00000000
2018-02-25 20:10:30,0.00061700,73.00000000
2018-02-25 20:10:33,0.00061699,9.00000000
2018-02-25 20:10:33,0.00061661,40.00000000
2018-02-25 20:10:33,0.00061699,1.00000000
2018-02-25 20:10:33,0.00061700,314.00000000
2018-02-25 20:10:35,0.00061793,4.00000000
2018-02-25 20:10:35,0.00061797,42.00000000
2018-02-25 20:10:35,0.00061799,2.00000000
2018-02-25 20:10:35,0.00061677,159.00000000
2018-02-25 20:10:35,0.00061675,8.00000000
2018-02-25 20:10:35,0.00061650,71.00000000
2018-02-25 20:10:35,0.00061622,20.00000000
2018-02-25 20:10:35,0.00061621,119.00000000
2018-02-25 20:10:37,0.00061629,4.00000000
2018-02-25 20:10:37,0.00061624,48.00000000
2018-02-25 20:10:37,0.00061623,59.00000000
2018-02-25 20:10:37,0.00061621,167.00000000
2018-02-25 20:10:37,0.00061620,377.00000000
2018-02-25 20:10:37,0.00061616,29.00000000
2018-02-25 20:10:37,0.00061614,48.00000000
2018-02-25 20:10:37,0.00061613,545.00000000
2018-02-25 20:10:37,0.00061612,1143.00000000
2018-02-25 20:10:37,0.00061610,52.00000000
2018-02-25 20:10:38,0.00061640,8.00000000
2018-02-25 20:10:38,0.00061620,21.00000000
2018-02-25 20:10:38,0.00061611,30.00000000
2018-02-25 20:10:38,0.00061610,532.00000000
2018-02-25 20:10:38,0.00061778,2.00000000
2018-02-25 20:10:38,0.00061611,30.00000000
2018-02-25 20:10:38,0.00061610,3307.00000000
2018-02-25 20:10:38,0.00061610,22.00000000
2018-02-25 20:10:38,0.00061610,66.00000000
2018-02-25 20:10:38,0.00061610,2.00000000
2018-02-25 20:10:39,0.00061610,13.00000000
2018-02-25 20:10:39,0.00061610,2.00000000
2018-02-25 20:10:39,0.00061610,16.00000000
2018-02-25 20:10:39,0.00061610,14.00000000
2018-02-25 20:10:39,0.00061610,23.00000000
2018-02-25 20:10:39,0.00061609,29.00000000
2018-02-25 20:10:39,0.00061605,10.00000000
2018-02-25 20:10:39,0.00061608,108.00000000
2018-02-25 20:10:39,0.00061608,20.00000000
2018-02-25 20:10:39,0.00061610,396.00000000
2018-02-25 20:10:41,0.00061759,48.00000000
2018-02-25 20:10:41,0.00061760,139.00000000
2018-02-25 20:10:41,0.00061613,160.00000000
2018-02-25 20:10:41,0.00061611,10.00000000
2018-02-25 20:10:41,0.00061605,46.00000000
2018-02-25 20:10:41,0.00061601,25.00000000
2018-02-25 20:10:41,0.00061600,3696.00000000
2018-02-25 20:10:46,0.00061743,104.00000000
2018-02-25 20:10:47,0.00061623,48.00000000
2018-02-25 20:10:47,0.00061622,223.00000000
2018-02-25 20:10:54,0.00061605,4.00000000
2018-02-25 20:10:54,0.00061600,690.00000000
2018-02-25 20:11:00,0.00061639,56.00000000
2018-02-25 20:11:00,0.00061641,10.00000000
2018-02-25 20:11:00,0.00061642,4.00000000
2018-02-25 20:11:00,0.00061656,7.00000000
2018-02-25 20:11:01,0.00061622,6.00000000
2018-02-25 20:11:03,0.00061615,79.00000000
2018-02-25 20:11:03,0.00061645,19.00000000
2018-02-25 20:11:03,0.00061656,5.00000000
2018-02-25 20:11:06,0.00061656,2.00000000
2018-02-25 20:11:09,0.00061657,8.00000000
2018-02-25 20:11:09,0.00061657,12.00000000
2018-02-25 20:11:13,0.00061656,31.00000000
2018-02-25 20:11:14,0.00061656,12.00000000
2018-02-25 20:11:21,0.00061645,14.00000000
2018-02-25 20:11:21,0.00061610,81.00000000
2018-02-25 20:11:21,0.00061600,38.00000000
2018-02-25 20:11:21,0.00061550,105.00000000
2018-02-25 20:11:21,0.00061519,44.00000000
2018-02-25 20:11:21,0.00061510,33.00000000
2018-02-25 20:11:22,0.00061655,40.00000000
2018-02-25 20:11:22,0.00061656,65.00000000
2018-02-25 20:11:22,0.00061515,10.00000000
2018-02-25 20:11:24,0.00061523,158.00000000
2018-02-25 20:11:24,0.00061521,20.00000000
2018-02-25 20:11:24,0.00061519,4.00000000
2018-02-25 20:11:24,0.00061510,153.00000000
2018-02-25 20:11:24,0.00061502,183.00000000
2018-02-25 20:11:24,0.00061501,162.00000000
2018-02-25 20:11:24,0.00061500,1095.00000000
2018-02-25 20:11:24,0.00061499,134.00000000
2018-02-25 20:11:24,0.00061496,137.00000000
2018-02-25 20:11:24,0.00061466,62.00000000
2018-02-25 20:11:24,0.00061460,195.00000000
2018-02-25 20:11:24,0.00061460,151.00000000
2018-02-25 20:11:24,0.00061460,126.00000000
2018-02-25 20:11:24,0.00061460,1741.00000000
2018-02-25 20:11:24,0.00061460,48.00000000
2018-02-25 20:11:24,0.00061458,50.00000000
2018-02-25 20:11:24,0.00061458,118.00000000
2018-02-25 20:11:24,0.00061460,604.00000000
2018-02-25 20:11:27,0.00061600,16.00000000
2018-02-25 20:11:27,0.00061645,4.00000000
2018-02-25 20:11:27,0.00061649,5.00000000
2018-02-25 20:11:27,0.00061466,2.00000000
2018-02-25 20:11:29,0.00061572,10.00000000
2018-02-25 20:11:29,0.00061640,6.00000000
2018-02-25 20:11:30,0.00061572,6.00000000
2018-02-25 20:11:30,0.00061472,4.00000000
2018-02-25 20:11:30,0.00061471,4.00000000
2018-02-25 20:11:30,0.00061460,27.00000000
2018-02-25 20:11:33,0.00061467,161.00000000
2018-02-25 20:11:33,0.00061465,10.00000000
2018-02-25 20:11:33,0.00061466,7.00000000
2018-02-25 20:11:34,0.00061466,32.00000000
2018-02-25 20:11:34,0.00061465,159.00000000
2018-02-25 20:11:34,0.00061461,135.00000000
2018-02-25 20:11:34,0.00061460,3404.00000000
2018-02-25 20:11:34,0.00061630,5.00000000
2018-02-25 20:11:35,0.00061460,16.00000000
2018-02-25 20:11:35,0.00061458,5.00000000
2018-02-25 20:11:35,0.00061460,4.00000000
2018-02-25 20:11:35,0.00061458,137.00000000
2018-02-25 20:11:35,0.00061458,26.00000000
2018-02-25 20:11:35,0.00061460,124.00000000
2018-02-25 20:11:35,0.00061460,8.00000000
2018-02-25 20:11:35,0.00061460,102.00000000
2018-02-25 20:11:37,0.00061460,200.00000000
2018-02-25 20:11:37,0.00061435,4.00000000
2018-02-25 20:11:37,0.00061420,4.00000000
2018-02-25 20:11:37,0.00061460,86.00000000
2018-02-25 20:11:37,0.00061460,6.00000000
2018-02-25 20:11:37,0.00061460,192.00000000
2018-02-25 20:11:37,0.00061460,137.00000000
2018-02-25 20:11:38,0.00061460,15.00000000
2018-02-25 20:11:38,0.00061460,107.00000000
2018-02-25 20:11:38,0.00061420,176.00000000
2018-02-25 20:11:38,0.00061400,791.00000000
2018-02-25 20:11:39,0.00061400,10.00000000
2018-02-25 20:11:40,0.00061454,4.00000000
2018-02-25 20:11:40,0.00061459,19.00000000
2018-02-25 20:11:40,0.00061460,198.00000000
2018-02-25 20:11:40,0.00061460,188.00000000
2018-02-25 20:11:40,0.00061460,5.00000000
2018-02-25 20:11:41,0.00061460,6.00000000
2018-02-25 20:11:41,0.00061460,2.00000000
2018-02-25 20:11:43,0.00061425,4.00000000
2018-02-25 20:11:44,0.00061425,17.00000000
2018-02-25 20:11:44,0.00061406,8.00000000
2018-02-25 20:11:44,0.00061400,215.00000000
2018-02-25 20:11:44,0.00061399,8.00000000
2018-02-25 20:11:44,0.00061400,614.00000000
2018-02-25 20:11:44,0.00061400,155.00000000
2018-02-25 20:11:46,0.00061450,52.00000000
2018-02-25 20:11:46,0.00061459,149.00000000
2018-02-25 20:11:46,0.00061460,188.00000000
2018-02-25 20:11:46,0.00061383,15.00000000
2018-02-25 20:11:46,0.00061378,251.00000000
2018-02-25 20:11:50,0.00061350,3.00000000
2018-02-25 20:11:50,0.00061350,5.00000000
2018-02-25 20:11:51,0.00061340,16.00000000
2018-02-25 20:11:51,0.00061459,10.00000000
2018-02-25 20:11:51,0.00061460,332.00000000
2018-02-25 20:11:52,0.00061460,15.00000000
2018-02-25 20:11:53,0.00061460,39.00000000
2018-02-25 20:11:53,0.00061500,13.00000000
2018-02-25 20:11:53,0.00061543,2.00000000
2018-02-25 20:11:53,0.00061400,23.00000000
2018-02-25 20:11:53,0.00061542,10.00000000
2018-02-25 20:11:53,0.00061543,3.00000000
2018-02-25 20:11:54,0.00061371,20.00000000
2018-02-25 20:11:54,0.00061370,99.00000000
2018-02-25 20:11:57,0.00061455,92.00000000
2018-02-25 20:11:58,0.00061368,4.00000000
2018-02-25 20:11:58,0.00061340,57.00000000
2018-02-25 20:12:01,0.00061458,6.00000000
2018-02-25 20:12:02,0.00061400,4.00000000
2018-02-25 20:12:04,0.00061400,320.00000000
2018-02-25 20:12:04,0.00061400,188.00000000
2018-02-25 20:12:05,0.00061452,4.00000000
2018-02-25 20:12:05,0.00061458,143.00000000
2018-02-25 20:12:05,0.00061458,57.00000000
2018-02-25 20:12:07,0.00061451,126.00000000
2018-02-25 20:12:09,0.00061460,174.00000000
2018-02-25 20:12:10,0.00061445,69.00000000
2018-02-25 20:12:13,0.00061448,4.00000000
2018-02-25 20:12:13,0.00061445,29.00000000
2018-02-25 20:12:13,0.00061445,39.00000000
2018-02-25 20:12:13,0.00061537,4.00000000
2018-02-25 20:12:13,0.00061543,29.00000000
2018-02-25 20:12:13,0.00061555,3.00000000
2018-02-25 20:12:16,0.00061540,4.00000000
2018-02-25 20:12:16,0.00061555,71.00000000
2018-02-25 20:12:16,0.00061555,40.00000000
2018-02-25 20:12:18,0.00061555,14.00000000
2018-02-25 20:12:18,0.00061567,37.00000000
2018-02-25 20:12:18,0.00061610,26.00000000
2018-02-25 20:12:25,0.00061600,42.00000000
2018-02-25 20:12:25,0.00061555,112.00000000
2018-02-25 20:12:28,0.00061555,8.00000000
2018-02-25 20:12:35,0.00061607,275.00000000
2018-02-25 20:12:39,0.00061555,80.00000000
2018-02-25 20:12:41,0.00061605,13.00000000
2018-02-25 20:12:45,0.00061555,515.00000000
2018-02-25 20:12:45,0.00061537,10.00000000
2018-02-25 20:12:45,0.00061500,15.00000000
2018-02-25 20:12:45,0.00061460,155.00000000
2018-02-25 20:12:45,0.00061459,502.00000000
2018-02-25 20:12:45,0.00061459,18.00000000
2018-02-25 20:12:45,0.00061459,165.00000000
2018-02-25 20:12:45,0.00061459,118.00000000
2018-02-25 20:12:45,0.00061459,48.00000000
2018-02-25 20:12:45,0.00061459,83.00000000
2018-02-25 20:12:45,0.00061459,29.00000000
2018-02-25 20:12:45,0.00061458,48.00000000
2018-02-25 20:12:46,0.00061459,34.00000000
2018-02-25 20:12:51,0.00061459,16.00000000
2018-02-25 20:12:51,0.00061459,21.00000000
2018-02-25 20:12:52,0.00061590,213.00000000
2018-02-25 20:12:52,0.00061591,4.00000000
2018-02-25 20:12:52,0.00061605,3022.00000000
2018-02-25 20:12:53,0.00061565,10.00000000
2018-02-25 20:12:53,0.00061564,3.00000000
2018-02-25 20:12:53,0.00061464,70.00000000
2018-02-25 20:12:54,0.00061470,4.00000000
2018-02-25 20:12:54,0.00061462,48.00000000
2018-02-25 20:12:54,0.00061459,76.00000000
2018-02-25 20:12:54,0.00061458,41.00000000
2018-02-25 20:13:00,0.00061573,75.00000000
2018-02-25 20:13:00,0.00061575,4.00000000
2018-02-25 20:13:00,0.00061588,136.00000000
2018-02-25 20:13:00,0.00061605,128.00000000
2018-02-25 20:13:05,0.00061597,5.00000000
2018-02-25 20:13:05,0.00061597,107.00000000
2018-02-25 20:13:05,0.00061603,250.00000000
2018-02-25 20:13:05,0.00061604,19.00000000
2018-02-25 20:13:05,0.00061605,158.00000000
2018-02-25 20:13:05,0.00061607,275.00000000
2018-02-25 20:13:05,0.00061608,121.00000000
2018-02-25 20:13:06,0.00061510,5.00000000
2018-02-25 20:13:19,0.00061513,4.00000000
2018-02-25 20:13:19,0.00061510,3.00000000
2018-02-25 20:13:20,0.00061510,52.00000000
2018-02-25 20:13:26,0.00061510,40.00000000
2018-02-25 20:13:31,0.00061551,13.00000000
2018-02-25 20:13:32,0.00061551,2.00000000
2018-02-25 20:13:33,0.00061551,12.00000000
2018-02-25 20:13:34,0.00061555,19.00000000
2018-02-25 20:13:34,0.00061608,19.00000000
2018-02-25 20:13:34,0.00061552,4.00000000
2018-02-25 20:13:35,0.00061608,19.00000000
2018-02-25 20:13:35,0.00061608,871.00000000
2018-02-25 20:13:35,0.00061608,300.00000000
2018-02-25 20:13:36,0.00061608,19.00000000
2018-02-25 20:13:40,0.00061555,4.00000000
2018-02-25 20:13:40,0.00061510,9.00000000
2018-02-25 20:13:43,0.00061608,19.00000000
2018-02-25 20:13:45,0.00061600,8.00000000
2018-02-25 20:13:52,0.00061522,33.00000000
2018-02-25 20:13:52,0.00061511,132.00000000
2018-02-25 20:13:57,0.00061600,100.00000000
2018-02-25 20:13:58,0.00061522,77.00000000
2018-02-25 20:14:01,0.00061550,423.00000000
2018-02-25 20:14:03,0.00061600,64.00000000
2018-02-25 20:14:06,0.00061600,44.00000000
2018-02-25 20:14:09,0.00061600,333.00000000
2018-02-25 20:14:10,0.00061600,4.00000000
2018-02-25 20:14:11,0.00061607,500.00000000
2018-02-25 20:14:11,0.00061608,63.00000000
2018-02-25 20:14:16,0.00061608,1.00000000
2018-02-25 20:14:16,0.00061608,100.00000000
2018-02-25 20:14:17,0.00061608,3.00000000
2018-02-25 20:14:20,0.00061608,33.00000000
2018-02-25 20:14:20,0.00061608,2.00000000
2018-02-25 20:14:21,0.00061608,31.00000000
2018-02-25 20:14:21,0.00061601,23.00000000
2018-02-25 20:14:21,0.00061600,47.00000000
2018-02-25 20:14:21,0.00061550,218.00000000
2018-02-25 20:14:25,0.00061610,7.00000000
2018-02-25 20:14:26,0.00061610,276.00000000
2018-02-25 20:14:27,0.00061619,2.00000000
2018-02-25 20:14:28,0.00061608,244.00000000
2018-02-25 20:14:28,0.00061551,9.00000000
2018-02-25 20:14:28,0.00061550,549.00000000
2018-02-25 20:14:30,0.00061610,873.00000000
2018-02-25 20:14:34,0.00061550,410.00000000
2018-02-25 20:14:34,0.00061550,335.00000000
2018-02-25 20:14:34,0.00061550,127.00000000
2018-02-25 20:14:34,0.00061550,17.00000000
2018-02-25 20:14:35,0.00061550,46.00000000
2018-02-25 20:14:40,0.00061550,140.00000000
2018-02-25 20:14:43,0.00061529,162.00000000
2018-02-25 20:14:43,0.00061523,299.00000000
2018-02-25 20:14:43,0.00061511,14.00000000
2018-02-25 20:14:43,0.00061510,97.00000000
2018-02-25 20:14:43,0.00061502,79.00000000
2018-02-25 20:14:43,0.00061501,144.00000000
2018-02-25 20:14:43,0.00061500,1010.00000000
2018-02-25 20:14:43,0.00061471,69.00000000
2018-02-25 20:14:43,0.00061458,4878.00000000
2018-02-25 20:14:43,0.00061550,77.00000000
2018-02-25 20:14:45,0.00061550,107.00000000
2018-02-25 20:14:46,0.00061461,4.00000000
2018-02-25 20:14:46,0.00061458,1874.00000000
2018-02-25 20:14:46,0.00061455,194.00000000
2018-02-25 20:14:47,0.00061550,45.00000000
2018-02-25 20:14:47,0.00061550,121.00000000
2018-02-25 20:14:48,0.00061547,4.00000000
2018-02-25 20:14:48,0.00061550,112.00000000
2018-02-25 20:14:51,0.00061458,4.00000000
2018-02-25 20:14:51,0.00061455,811.00000000
2018-02-25 20:14:51,0.00061444,333.00000000
2018-02-25 20:14:53,0.00061450,1524.00000000
2018-02-25 20:14:53,0.00061444,821.00000000
2018-02-25 20:15:01,0.00061537,4.00000000
2018-02-25 20:15:01,0.00061540,56.00000000
2018-02-25 20:15:02,0.00061540,2.00000000
2018-02-25 20:15:10,0.00061477,8.00000000
2018-02-25 20:15:10,0.00061471,19.00000000
2018-02-25 20:15:10,0.00061444,210.00000000
2018-02-25 20:15:15,0.00061520,66.00000000
2018-02-25 20:15:16,0.00061520,17.00000000
2018-02-25 20:15:17,0.00061520,77.00000000
2018-02-25 20:15:21,0.00061519,22.00000000
2018-02-25 20:15:21,0.00061520,25.00000000
2018-02-25 20:15:21,0.00061539,55.00000000
2018-02-25 20:15:22,0.00061451,2.00000000
2018-02-25 20:15:24,0.00061539,7.00000000
2018-02-25 20:15:27,0.00061451,12.00000000
2018-02-25 20:15:27,0.00061444,937.00000000
2018-02-25 20:15:29,0.00061447,4.00000000
2018-02-25 20:15:29,0.00061444,29.00000000
2018-02-25 20:15:34,0.00061457,13.00000000
2018-02-25 20:15:34,0.00061449,7.00000000
2018-02-25 20:15:40,0.00061537,4.00000000
2018-02-25 20:15:40,0.00061539,4.00000000
2018-02-25 20:15:40,0.00061539,47.00000000
2018-02-25 20:15:40,0.00061539,48.00000000
2018-02-25 20:15:40,0.00061539,9.00000000
2018-02-25 20:15:40,0.00061538,9.00000000
2018-02-25 20:15:49,0.00061538,7.00000000
2018-02-25 20:15:49,0.00061536,4.00000000
2018-02-25 20:15:51,0.00061530,3.00000000
2018-02-25 20:15:51,0.00061539,9.00000000
2018-02-25 20:15:52,0.00061539,4.00000000
2018-02-25 20:15:55,0.00061530,98.00000000
2018-02-25 20:15:55,0.00061539,131.00000000
2018-02-25 20:15:56,0.00061539,350.00000000
2018-02-25 20:15:56,0.00061540,151.00000000
2018-02-25 20:15:56,0.00061550,132.00000000
2018-02-25 20:15:56,0.00061594,48.00000000
2018-02-25 20:15:56,0.00061599,97.00000000
2018-02-25 20:15:56,0.00061600,265.00000000
2018-02-25 20:16:00,0.00061600,110.00000000
2018-02-25 20:16:02,0.00061538,40.00000000
2018-02-25 20:16:02,0.00061477,49.00000000
2018-02-25 20:16:02,0.00061600,96.00000000
2018-02-25 20:16:06,0.00061599,10.00000000
2018-02-25 20:16:06,0.00061600,15.00000000
2018-02-25 20:16:07,0.00061600,17.00000000
2018-02-25 20:16:08,0.00061600,541.00000000
2018-02-25 20:16:12,0.00061479,20.00000000
2018-02-25 20:16:12,0.00061475,48.00000000
2018-02-25 20:16:12,0.00061471,17.00000000
2018-02-25 20:16:14,0.00061473,159.00000000
2018-02-25 20:16:14,0.00061471,43.00000000
2018-02-25 20:16:15,0.00061471,19.00000000
2018-02-25 20:16:16,0.00061471,2.00000000
2018-02-25 20:16:17,0.00061465,10.00000000
2018-02-25 20:16:19,0.00061465,321.00000000
2018-02-25 20:16:23,0.00061465,56.00000000
2018-02-25 20:16:24,0.00061471,34.00000000
2018-02-25 20:16:24,0.00061465,13.00000000
2018-02-25 20:16:27,0.00061465,50.00000000
2018-02-25 20:16:28,0.00061471,20.00000000
2018-02-25 20:16:29,0.00061465,303.00000000
2018-02-25 20:16:29,0.00061471,48.00000000
2018-02-25 20:16:29,0.00061471,36.00000000
2018-02-25 20:16:29,0.00061473,148.00000000
2018-02-25 20:16:29,0.00061473,10.00000000
2018-02-25 20:16:29,0.00061473,10.00000000
2018-02-25 20:16:29,0.00061473,10.00000000
2018-02-25 20:16:35,0.00061473,5.00000000
2018-02-25 20:16:36,0.00061473,3.00000000
2018-02-25 20:16:37,0.00061473,4.00000000
2018-02-25 20:16:39,0.00061473,5.00000000
2018-02-25 20:16:39,0.00061473,5.00000000
2018-02-25 20:16:41,0.00061477,25.00000000
2018-02-25 20:16:41,0.00061477,4.00000000
2018-02-25 20:16:45,0.00061477,1.00000000
2018-02-25 20:16:45,0.00061595,7.00000000
2018-02-25 20:16:45,0.00061594,10.00000000
2018-02-25 20:16:47,0.00061596,13.00000000
2018-02-25 20:16:48,0.00061477,13.00000000
2018-02-25 20:16:52,0.00061596,13.00000000
2018-02-25 20:16:52,0.00061597,8.00000000
2018-02-25 20:16:58,0.00061511,10.00000000
2018-02-25 20:16:58,0.00061510,750.00000000
2018-02-25 20:16:58,0.00061506,9.00000000
2018-02-25 20:16:58,0.00061500,382.00000000
2018-02-25 20:17:00,0.00061509,2.00000000
2018-02-25 20:17:02,0.00061509,6.00000000
2018-02-25 20:17:02,0.00061500,226.00000000
2018-02-25 20:17:08,0.00061597,10.00000000
2018-02-25 20:17:10,0.00061596,207.00000000
2018-02-25 20:17:10,0.00061510,9.00000000
2018-02-25 20:17:10,0.00061500,80.00000000
2018-02-25 20:17:15,0.00061504,9.00000000
2018-02-25 20:17:15,0.00061500,156.00000000
2018-02-25 20:17:15,0.00061596,1.00000000
2018-02-25 20:17:16,0.00061509,3.00000000
2018-02-25 20:17:16,0.00061596,20.00000000
2018-02-25 20:17:22,0.00061596,77.00000000
2018-02-25 20:17:22,0.00061596,39.00000000
2018-02-25 20:17:23,0.00061597,115.00000000
2018-02-25 20:17:27,0.00061597,563.00000000
2018-02-25 20:17:27,0.00061598,333.00000000
2018-02-25 20:17:31,0.00061598,94.00000000
2018-02-25 20:17:31,0.00061599,100.00000000
2018-02-25 20:17:31,0.00061600,204.00000000
2018-02-25 20:17:31,0.00061601,80.00000000
2018-02-25 20:17:35,0.00061514,95.00000000
2018-02-25 20:17:39,0.00061520,11.00000000
2018-02-25 20:17:40,0.00061520,58.00000000
2018-02-25 20:17:40,0.00061517,199.00000000
2018-02-25 20:17:40,0.00061514,16.00000000
2018-02-25 20:17:40,0.00061514,17.00000000
2018-02-25 20:17:40,0.00061514,9.00000000
2018-02-25 20:17:43,0.00061600,37.00000000
2018-02-25 20:17:43,0.00061600,2.00000000
2018-02-25 20:17:47,0.00061601,18.00000000
2018-02-25 20:17:48,0.00061619,2.00000000
2018-02-25 20:17:48,0.00061643,4.00000000
2018-02-25 20:17:48,0.00061600,9.00000000
2018-02-25 20:17:48,0.00061647,16.00000000
2018-02-25 20:17:49,0.00061647,99.00000000
2018-02-25 20:17:49,0.00061643,65.00000000
2018-02-25 20:17:55,0.00061643,16.00000000
2018-02-25 20:17:59,0.00061643,8.00000000
2018-02-25 20:18:05,0.00061643,266.00000000
2018-02-25 20:18:11,0.00061647,4.00000000
2018-02-25 20:18:11,0.00061647,72.00000000
2018-02-25 20:18:11,0.00061648,119.00000000
2018-02-25 20:18:12,0.00061646,27.00000000
2018-02-25 20:18:12,0.00061649,10.00000000
2018-02-25 20:18:12,0.00061660,184.00000000
2018-02-25 20:18:16,0.00061647,39.00000000
2018-02-25 20:18:23,0.00061647,21.00000000
2018-02-25 20:18:34,0.00061660,36.00000000
2018-02-25 20:18:35,0.00061601,32.00000000
2018-02-25 20:18:35,0.00061601,2.00000000
2018-02-25 20:18:36,0.00061601,17.00000000
2018-02-25 20:18:37,0.00061601,2.00000000
2018-02-25 20:18:37,0.00061601,552.00000000
2018-02-25 20:18:37,0.00061601,23.00000000
2018-02-25 20:18:38,0.00061601,508.00000000
2018-02-25 20:18:38,0.00061601,2.00000000
2018-02-25 20:18:38,0.00061600,122.00000000
2018-02-25 20:18:39,0.00061601,2.00000000
2018-02-25 20:18:40,0.00061601,16.00000000
2018-02-25 20:18:40,0.00061600,157.00000000
2018-02-25 20:18:40,0.00061598,307.00000000
2018-02-25 20:18:41,0.00061598,307.00000000
2018-02-25 20:18:42,0.00061598,319.00000000
2018-02-25 20:18:42,0.00061601,333.00000000
2018-02-25 20:18:45,0.00061601,5.00000000
2018-02-25 20:18:45,0.00061601,10.00000000
2018-02-25 20:18:45,0.00061601,10.00000000
2018-02-25 20:18:45,0.00061601,40.00000000
2018-02-25 20:18:45,0.00061601,8.00000000
2018-02-25 20:18:46,0.00061601,17.00000000
2018-02-25 20:18:46,0.00061601,38.00000000
2018-02-25 20:18:48,0.00061601,175.00000000
2018-02-25 20:18:48,0.00061601,127.00000000
2018-02-25 20:18:50,0.00061600,16.00000000
2018-02-25 20:18:50,0.00061596,145.00000000
2018-02-25 20:18:50,0.00061590,104.00000000
2018-02-25 20:18:50,0.00061550,236.00000000
2018-02-25 20:18:50,0.00061514,19.00000000
2018-02-25 20:18:50,0.00061512,423.00000000
2018-02-25 20:18:50,0.00061507,240.00000000
2018-02-25 20:18:50,0.00061506,1.00000000
2018-02-25 20:18:54,0.00061601,38.00000000
2018-02-25 20:18:54,0.00061601,43.00000000
2018-02-25 20:18:54,0.00061600,32.00000000
2018-02-25 20:19:00,0.00061601,20.00000000
2018-02-25 20:19:00,0.00061632,8.00000000
2018-02-25 20:19:00,0.00061640,1.00000000
2018-02-25 20:19:02,0.00061640,28.00000000
2018-02-25 20:19:04,0.00061640,26.00000000
2018-02-25 20:19:05,0.00061640,2.00000000
2018-02-25 20:19:06,0.00061601,2.00000000
2018-02-25 20:19:06,0.00061600,52.00000000
2018-02-25 20:19:06,0.00061600,2.00000000
2018-02-25 20:19:07,0.00061600,102.00000000
2018-02-25 20:19:07,0.00061600,215.00000000
2018-02-25 20:19:08,0.00061600,208.00000000
2018-02-25 20:19:08,0.00061600,6.00000000
2018-02-25 20:19:09,0.00061600,7.00000000
2018-02-25 20:19:09,0.00061600,5.00000000
2018-02-25 20:19:09,0.00061600,3.00000000
2018-02-25 20:19:09,0.00061519,8.00000000
2018-02-25 20:19:10,0.00061600,2.00000000
2018-02-25 20:19:11,0.00061555,5.00000000
2018-02-25 20:19:11,0.00061555,14.00000000
2018-02-25 20:19:12,0.00061600,3.00000000
2018-02-25 20:19:13,0.00061534,8.00000000
2018-02-25 20:19:13,0.00061600,6.00000000
2018-02-25 20:19:14,0.00061600,3.00000000
2018-02-25 20:19:14,0.00061600,115.00000000
2018-02-25 20:19:14,0.00061600,2.00000000
2018-02-25 20:19:16,0.00061600,30.00000000
2018-02-25 20:19:16,0.00061600,2.00000000
2018-02-25 20:19:20,0.00061600,89.00000000
2018-02-25 20:19:20,0.00061600,27.00000000
2018-02-25 20:19:22,0.00061600,130.00000000
2018-02-25 20:19:29,0.00061601,9.00000000
2018-02-25 20:19:29,0.00061600,817.00000000
2018-02-25 20:19:32,0.00061600,38.00000000
2018-02-25 20:19:32,0.00061600,9.00000000
2018-02-25 20:19:33,0.00061600,2.00000000
2018-02-25 20:19:33,0.00061600,15.00000000
2018-02-25 20:19:34,0.00061600,9.00000000
2018-02-25 20:19:35,0.00061600,25.00000000
2018-02-25 20:19:39,0.00061600,1.00000000
2018-02-25 20:19:40,0.00061600,77.00000000
2018-02-25 20:19:42,0.00061600,52.00000000
2018-02-25 20:19:45,0.00061600,318.00000000
2018-02-25 20:19:47,0.00061600,14.00000000
2018-02-25 20:19:48,0.00061640,16.00000000
2018-02-25 20:19:48,0.00061600,4.00000000
2018-02-25 20:19:51,0.00061600,11.00000000
2018-02-25 20:19:51,0.00061600,206.00000000
2018-02-25 20:19:51,0.00061600,4.00000000
2018-02-25 20:19:53,0.00061600,9.00000000
2018-02-25 20:19:54,0.00061555,5.00000000
2018-02-25 20:19:54,0.00061600,35.00000000
2018-02-25 20:19:59,0.00061600,15.00000000
2018-02-25 20:20:02,0.00061600,58.00000000
2018-02-25 20:20:03,0.00061600,979.00000000
2018-02-25 20:20:08,0.00061600,2.00000000
2018-02-25 20:20:09,0.00061600,2.00000000
2018-02-25 20:20:10,0.00061600,241.00000000
2018-02-25 20:20:11,0.00061600,2.00000000
2018-02-25 20:20:12,0.00061600,2.00000000
2018-02-25 20:20:13,0.00061600,4.00000000
2018-02-25 20:20:18,0.00061600,6.00000000
2018-02-25 20:20:18,0.00061600,178.00000000
2018-02-25 20:20:19,0.00061600,178.00000000
2018-02-25 20:20:20,0.00061600,12.00000000
2018-02-25 20:20:22,0.00061600,131.00000000
2018-02-25 20:20:23,0.00061600,12.00000000
2018-02-25 20:20:24,0.00061600,130.00000000
2018-02-25 20:20:26,0.00061600,2.00000000
2018-02-25 20:20:26,0.00061600,520.00000000
2018-02-25 20:20:27,0.00061600,2.00000000
2018-02-25 20:20:39,0.00061600,2.00000000
2018-02-25 20:20:46,0.00061556,317.00000000
2018-02-25 20:20:46,0.00061600,55.00000000
2018-02-25 20:20:49,0.00061600,20.00000000
2018-02-25 20:20:49,0.00061600,979.00000000
2018-02-25 20:20:56,0.00061600,9.00000000
2018-02-25 20:20:56,0.00061560,2.00000000
2018-02-25 20:20:56,0.00061556,290.00000000
2018-02-25 20:20:56,0.00061555,206.00000000
2018-02-25 20:20:58,0.00061600,30.00000000
2018-02-25 20:21:00,0.00061600,34.00000000
2018-02-25 20:21:05,0.00061556,4.00000000
2018-02-25 20:21:09,0.00061600,35.00000000
2018-02-25 20:21:10,0.00061600,3.00000000
2018-02-25 20:21:11,0.00061600,42.00000000
2018-02-25 20:21:13,0.00061600,2.00000000
2018-02-25 20:21:17,0.00061556,3.00000000
2018-02-25 20:21:18,0.00061598,20.00000000
2018-02-25 20:21:18,0.00061598,171.00000000
2018-02-25 20:21:24,0.00061598,25.00000000
2018-02-25 20:21:26,0.00061598,175.00000000
2018-02-25 20:21:27,0.00061598,13.00000000
2018-02-25 20:21:28,0.00061580,3.00000000
2018-02-25 20:21:29,0.00061580,205.00000000
2018-02-25 20:21:32,0.00061580,28.00000000
2018-02-25 20:21:32,0.00061580,19.00000000
2018-02-25 20:21:33,0.00061580,19.00000000
2018-02-25 20:21:34,0.00061580,19.00000000
2018-02-25 20:21:35,0.00061580,19.00000000
2018-02-25 20:21:36,0.00061580,19.00000000
2018-02-25 20:21:37,0.00061580,482.00000000
2018-02-25 20:21:37,0.00061580,45.00000000
2018-02-25 20:21:38,0.00061580,19.00000000
2018-02-25 20:21:40,0.00061580,100.00000000
2018-02-25 20:21:46,0.00061579,23.00000000
2018-02-25 20:21:47,0.00061579,4.00000000
2018-02-25 20:21:47,0.00061556,10.00000000
2018-02-25 20:21:49,0.00061556,899.00000000
2018-02-25 20:21:49,0.00061555,162.00000000
2018-02-25 20:21:49,0.00061550,83.00000000
2018-02-25 20:21:49,0.00061549,10.00000000
2018-02-25 20:21:51,0.00061550,15.00000000
2018-02-25 20:21:52,0.00061550,16.00000000
2018-02-25 20:22:01,0.00061549,81.00000000
2018-02-25 20:22:01,0.00061540,460.00000000
2018-02-25 20:22:07,0.00061540,10.00000000
2018-02-25 20:22:08,0.00061540,84.00000000
2018-02-25 20:22:11,0.00061540,19.00000000
2018-02-25 20:22:24,0.00061539,6.00000000
2018-02-25 20:22:25,0.00061518,15.00000000
2018-02-25 20:22:25,0.00061516,8.00000000
2018-02-25 20:22:25,0.00061514,555.00000000
2018-02-25 20:22:25,0.00061512,65.00000000
2018-02-25 20:22:28,0.00061523,4.00000000
2018-02-25 20:22:28,0.00061512,67.00000000
2018-02-25 20:22:28,0.00061510,79.00000000
2018-02-25 20:22:31,0.00061538,9.00000000
2018-02-25 20:22:31,0.00061510,37.00000000
2018-02-25 20:22:31,0.00061506,200.00000000
2018-02-25 20:22:31,0.00061501,33.00000000
2018-02-25 20:22:31,0.00061500,727.00000000
2018-02-25 20:22:31,0.00061500,3.00000000
2018-02-25 20:22:32,0.00061500,24.00000000
2018-02-25 20:22:33,0.00061500,170.00000000
2018-02-25 20:22:33,0.00061500,108.00000000
2018-02-25 20:22:34,0.00061500,10.00000000
2018-02-25 20:22:34,0.00061500,166.00000000
2018-02-25 20:22:34,0.00061500,113.00000000
2018-02-25 20:22:35,0.00061500,35.00000000
2018-02-25 20:22:38,0.00061500,909.00000000
2018-02-25 20:22:39,0.00061500,76.00000000
2018-02-25 20:22:56,0.00061499,11.00000000
2018-02-25 20:22:57,0.00061485,24.00000000
2018-02-25 20:22:57,0.00061484,16.00000000
2018-02-25 20:22:59,0.00061478,232.00000000
2018-02-25 20:22:59,0.00061471,49.00000000
2018-02-25 20:22:59,0.00061465,969.00000000
2018-02-25 20:22:59,0.00061449,97.00000000
2018-02-25 20:22:59,0.00061444,3653.00000000
2018-02-25 20:22:59,0.00061484,13.00000000
2018-02-25 20:23:01,0.00061450,3.00000000
2018-02-25 20:23:01,0.00061444,1096.00000000
2018-02-25 20:23:04,0.00061444,25.00000000
2018-02-25 20:23:05,0.00061499,100.00000000
2018-02-25 20:23:08,0.00061499,6.00000000
2018-02-25 20:23:08,0.00061499,14.00000000
2018-02-25 20:23:09,0.00061499,16.00000000
2018-02-25 20:23:10,0.00061499,5.00000000
2018-02-25 20:23:11,0.00061499,3.00000000
2018-02-25 20:23:12,0.00061500,11.00000000
2018-02-25 20:23:13,0.00061444,307.00000000
2018-02-25 20:23:13,0.00061500,10.00000000
2018-02-25 20:23:18,0.00061449,8.00000000
2018-02-25 20:23:18,0.00061444,34.00000000
2018-02-25 20:23:19,0.00061500,1568.00000000
2018-02-25 20:23:20,0.00061500,720.00000000
2018-02-25 20:23:22,0.00061500,14.00000000
2018-02-25 20:23:25,0.00061445,209.00000000
2018-02-25 20:23:25,0.00061444,180.00000000
2018-02-25 20:23:27,0.00061499,19.00000000
2018-02-25 20:23:27,0.00061500,18.00000000
2018-02-25 20:23:27,0.00061500,6.00000000
2018-02-25 20:23:28,0.00061445,24.00000000
2018-02-25 20:23:29,0.00061444,28.00000000
2018-02-25 20:23:33,0.00061500,147.00000000
2018-02-25 20:23:37,0.00061445,430.00000000
2018-02-25 20:23:37,0.00061444,480.00000000
2018-02-25 20:23:38,0.00061500,27.00000000
2018-02-25 20:23:42,0.00061500,340.00000000
2018-02-25 20:23:42,0.00061500,67.00000000
2018-02-25 20:23:49,0.00061500,47.00000000
2018-02-25 20:23:52,0.00061444,63.00000000
2018-02-25 20:23:53,0.00061444,211.00000000
2018-02-25 20:23:53,0.00061444,539.00000000
2018-02-25 20:23:55,0.00061444,29.00000000
2018-02-25 20:23:55,0.00061444,541.00000000
2018-02-25 20:23:58,0.00061444,129.00000000
2018-02-25 20:23:58,0.00061400,49.00000000
2018-02-25 20:23:58,0.00061389,38.00000000
2018-02-25 20:23:58,0.00061360,607.00000000
2018-02-25 20:23:58,0.00061348,4.00000000
2018-02-25 20:23:58,0.00061340,50.00000000
2018-02-25 20:23:58,0.00061338,112.00000000
2018-02-25 20:23:58,0.00061338,40.00000000
2018-02-25 20:23:58,0.00061360,294.00000000
2018-02-25 20:23:58,0.00061360,98.00000000
2018-02-25 20:23:59,0.00061338,9.00000000
2018-02-25 20:23:59,0.00061360,2.00000000
2018-02-25 20:24:00,0.00061360,57.00000000
2018-02-25 20:24:01,0.00061360,51.00000000
2018-02-25 20:24:01,0.00061360,9.00000000
2018-02-25 20:24:01,0.00061360,2.00000000
2018-02-25 20:24:01,0.00061360,3.00000000
2018-02-25 20:24:01,0.00061360,61.00000000
2018-02-25 20:24:01,0.00061338,8.00000000
2018-02-25 20:24:02,0.00061360,2.00000000
2018-02-25 20:24:02,0.00061360,6.00000000
2018-02-25 20:24:03,0.00061360,60.00000000
2018-02-25 20:24:05,0.00061338,16.00000000
2018-02-25 20:24:05,0.00061360,31.00000000
2018-02-25 20:24:06,0.00061338,300.00000000
2018-02-25 20:24:06,0.00061338,67.00000000
2018-02-25 20:24:07,0.00061360,2.00000000
2018-02-25 20:24:07,0.00061338,179.00000000
2018-02-25 20:24:07,0.00061338,3.00000000
2018-02-25 20:24:07,0.00061360,113.00000000
2018-02-25 20:24:08,0.00061338,380.00000000
2018-02-25 20:24:08,0.00061333,4.00000000
2018-02-25 20:24:08,0.00061310,10.00000000
2018-02-25 20:24:08,0.00061304,103.00000000
2018-02-25 20:24:08,0.00061303,1251.00000000
2018-02-25 20:24:08,0.00061302,2521.00000000
2018-02-25 20:24:08,0.00061301,10.00000000
2018-02-25 20:24:09,0.00061302,8.00000000
2018-02-25 20:24:09,0.00061302,4.00000000
2018-02-25 20:24:09,0.00061302,2.00000000
2018-02-25 20:24:12,0.00061302,15.00000000
2018-02-25 20:24:12,0.00061302,2.00000000
2018-02-25 20:24:13,0.00061302,19.00000000
2018-02-25 20:24:14,0.00061302,213.00000000
2018-02-25 20:24:14,0.00061302,213.00000000
2018-02-25 20:24:14,0.00061302,48.00000000
2018-02-25 20:24:14,0.00061302,12.00000000
2018-02-25 20:24:15,0.00061302,13.00000000
2018-02-25 20:24:18,0.00061302,16.00000000
2018-02-25 20:24:18,0.00061334,16.00000000
2018-02-25 20:24:20,0.00061302,195.00000000
2018-02-25 20:24:20,0.00061301,40.00000000
2018-02-25 20:24:20,0.00061300,3401.00000000
2018-02-25 20:24:20,0.00061291,3.00000000
2018-02-25 20:24:23,0.00061300,2.00000000
2018-02-25 20:24:26,0.00061253,9.00000000
2018-02-25 20:24:26,0.00061250,149.00000000
2018-02-25 20:24:27,0.00061250,145.00000000
2018-02-25 20:24:28,0.00061250,58.00000000
2018-02-25 20:24:28,0.00061250,266.00000000
2018-02-25 20:24:28,0.00061250,41.00000000
2018-02-25 20:24:28,0.00061250,8.00000000
2018-02-25 20:24:31,0.00061250,13.00000000
2018-02-25 20:24:33,0.00061250,811.00000000
2018-02-25 20:24:34,0.00061250,161.00000000
2018-02-25 20:24:34,0.00061250,7.00000000
2018-02-25 20:24:34,0.00061250,570.00000000
2018-02-25 20:24:34,0.00061250,9.00000000
2018-02-25 20:24:36,0.00061235,182.00000000
2018-02-25 20:24:38,0.00061235,3.00000000
2018-02-25 20:24:38,0.00061235,16.00000000
2018-02-25 20:24:39,0.00061235,9.00000000
2018-02-25 20:24:39,0.00061220,50.00000000
2018-02-25 20:24:39,0.00061213,99.00000000
2018-02-25 20:24:40,0.00061235,9.00000000
2018-02-25 20:24:41,0.00061235,12.00000000
2018-02-25 20:24:42,0.00061235,7.00000000
2018-02-25 20:24:42,0.00061235,48.00000000
2018-02-25 20:24:42,0.00061235,16.00000000
2018-02-25 20:24:42,0.00061235,109.00000000
2018-02-25 20:24:42,0.00061235,7.00000000
2018-02-25 20:24:42,0.00061235,131.00000000
2018-02-25 20:24:42,0.00061235,15.00000000
2018-02-25 20:24:44,0.00061235,101.00000000
2018-02-25 20:24:44,0.00061235,148.00000000
2018-02-25 20:24:44,0.00061250,507.00000000
2018-02-25 20:24:44,0.00061300,298.00000000
2018-02-25 20:24:44,0.00061300,6.00000000
2018-02-25 20:24:45,0.00061300,13.00000000
2018-02-25 20:24:46,0.00061300,28.00000000
2018-02-25 20:24:46,0.00061213,5.00000000
2018-02-25 20:24:46,0.00061211,723.00000000
2018-02-25 20:24:46,0.00061200,244.00000000
2018-02-25 20:24:46,0.00061192,15.00000000
2018-02-25 20:24:46,0.00061191,1479.00000000
2018-02-25 20:24:46,0.00061191,17.00000000
2018-02-25 20:24:47,0.00061191,41.00000000
2018-02-25 20:24:48,0.00061191,17.00000000
2018-02-25 20:24:48,0.00061191,2.00000000
2018-02-25 20:24:49,0.00061191,41.00000000
2018-02-25 20:24:49,0.00061190,4.00000000
2018-02-25 20:24:49,0.00061190,4.00000000
2018-02-25 20:24:50,0.00061189,379.00000000
2018-02-25 20:24:50,0.00061189,430.00000000
2018-02-25 20:24:51,0.00061190,4.00000000
2018-02-25 20:24:52,0.00061190,4.00000000
2018-02-25 20:24:53,0.00061189,1806.00000000
2018-02-25 20:24:53,0.00061189,76.00000000
2018-02-25 20:24:53,0.00061160,42.00000000
2018-02-25 20:24:54,0.00061151,6.00000000
2018-02-25 20:24:54,0.00061150,126.00000000
2018-02-25 20:24:54,0.00061150,14.00000000
2018-02-25 20:24:54,0.00061131,6.00000000
2018-02-25 20:24:54,0.00061131,20.00000000
2018-02-25 20:24:54,0.00061131,10.00000000
2018-02-25 20:24:54,0.00061177,25.00000000
2018-02-25 20:24:55,0.00061151,25.00000000
2018-02-25 20:24:56,0.00061151,71.00000000
2018-02-25 20:24:57,0.00061150,16.00000000
2018-02-25 20:24:58,0.00061151,1.00000000
2018-02-25 20:24:58,0.00061177,3.00000000
2018-02-25 20:25:00,0.00061150,4.00000000
2018-02-25 20:25:01,0.00061135,24.00000000
2018-02-25 20:25:01,0.00061131,38.00000000
2018-02-25 20:25:01,0.00061118,10.00000000
2018-02-25 20:25:01,0.00061100,328.00000000
2018-02-25 20:25:01,0.00061100,16.00000000
2018-02-25 20:25:01,0.00061100,378.00000000
2018-02-25 20:25:01,0.00061099,13.00000000
2018-02-25 20:25:01,0.00061078,4.00000000
2018-02-25 20:25:01,0.00061070,5.00000000
2018-02-25 20:25:01,0.00061050,10.00000000
2018-02-25 20:25:01,0.00061050,73.00000000
2018-02-25 20:25:01,0.00061044,100.00000000
2018-02-25 20:25:01,0.00061037,20.00000000
2018-02-25 20:25:01,0.00061025,50.00000000
2018-02-25 20:25:01,0.00061035,3.00000000
2018-02-25 20:25:01,0.00061035,18.00000000
2018-02-25 20:25:01,0.00061035,15.00000000
2018-02-25 20:25:01,0.00061035,1.00000000
2018-02-25 20:25:01,0.00061050,3.00000000
2018-02-25 20:25:01,0.00061050,3.00000000
2018-02-25 20:25:01,0.00061050,13.00000000
2018-02-25 20:25:02,0.00061050,6.00000000
2018-02-25 20:25:02,0.00061050,5.00000000
2018-02-25 20:25:03,0.00061050,12.00000000
2018-02-25 20:25:03,0.00061150,126.00000000
2018-02-25 20:25:03,0.00061177,272.00000000
2018-02-25 20:25:03,0.00061188,14.00000000
2018-02-25 20:25:03,0.00061190,133.00000000
2018-02-25 20:25:03,0.00061191,20.00000000
2018-02-25 20:25:03,0.00061200,169.00000000
2018-02-25 20:25:03,0.00061200,24.00000000
2018-02-25 20:25:03,0.00061039,6.00000000
2018-02-25 20:25:05,0.00061055,12.00000000
2018-02-25 20:25:05,0.00061057,80.00000000
2018-02-25 20:25:05,0.00061057,4.00000000
2018-02-25 20:25:06,0.00061062,4.00000000
2018-02-25 20:25:06,0.00061061,72.00000000
2018-02-25 20:25:06,0.00061059,10.00000000
2018-02-25 20:25:06,0.00061055,37.00000000
2018-02-25 20:25:06,0.00061051,4.00000000
2018-02-25 20:25:06,0.00061048,8.00000000
2018-02-25 20:25:06,0.00061040,81.00000000
2018-02-25 20:25:07,0.00061060,3.00000000
2018-02-25 20:25:07,0.00061058,20.00000000
2018-02-25 20:25:07,0.00061058,85.00000000
2018-02-25 20:25:07,0.00061058,57.00000000
2018-02-25 20:25:07,0.00061058,4.00000000
2018-02-25 20:25:08,0.00061050,50.00000000
2018-02-25 20:25:08,0.00061041,69.00000000
2018-02-25 20:25:08,0.00061289,16.00000000
2018-02-25 20:25:09,0.00061057,161.00000000
2018-02-25 20:25:14,0.00061199,10.00000000
2018-02-25 20:25:14,0.00061200,3.00000000
2018-02-25 20:25:15,0.00061282,4.00000000
2018-02-25 20:25:15,0.00061198,4.00000000
2018-02-25 20:25:16,0.00061198,4.00000000
2018-02-25 20:25:16,0.00061199,14.00000000
2018-02-25 20:25:16,0.00061260,77.00000000
2018-02-25 20:25:17,0.00061188,74.00000000
2018-02-25 20:25:17,0.00061190,4.00000000
2018-02-25 20:25:18,0.00061200,61.00000000
2018-02-25 20:25:20,0.00061198,198.00000000
2018-02-25 20:25:23,0.00061198,37.00000000
2018-02-25 20:25:24,0.00061107,4.00000000
2018-02-25 20:25:24,0.00061105,160.00000000
2018-02-25 20:25:24,0.00061103,4.00000000
2018-02-25 20:25:24,0.00061080,4.00000000
2018-02-25 20:25:24,0.00061069,3.00000000
2018-02-25 20:25:24,0.00061055,4.00000000
2018-02-25 20:25:24,0.00061051,321.00000000
2018-02-25 20:25:25,0.00061256,7.00000000
2018-02-25 20:25:25,0.00061200,8.00000000
2018-02-25 20:25:25,0.00061200,13.00000000
2018-02-25 20:25:26,0.00061256,153.00000000
2018-02-25 20:25:26,0.00061257,68.00000000
2018-02-25 20:25:26,0.00061261,49.00000000
2018-02-25 20:25:26,0.00061262,4.00000000
2018-02-25 20:25:26,0.00061284,4.00000000
2018-02-25 20:25:26,0.00061294,148.00000000
2018-02-25 20:25:27,0.00061253,4.00000000
2018-02-25 20:25:29,0.00061311,4.00000000
2018-02-25 20:25:30,0.00061311,17.00000000
2018-02-25 20:25:30,0.00061205,4.00000000
2018-02-25 20:25:30,0.00061203,4.00000000
2018-02-25 20:25:30,0.00061200,50.00000000
2018-02-25 20:25:31,0.00061250,309.00000000
2018-02-25 20:25:31,0.00061250,13.00000000
2018-02-25 20:25:32,0.00061205,4.00000000
2018-02-25 20:25:32,0.00061200,4996.00000000
2018-02-25 20:25:33,0.00061205,10.00000000
2018-02-25 20:25:33,0.00061200,80.00000000
2018-02-25 20:25:33,0.00061200,82.00000000
2018-02-25 20:25:35,0.00061200,462.00000000
2018-02-25 20:25:35,0.00061200,193.00000000
2018-02-25 20:25:37,0.00061200,63.00000000
2018-02-25 20:25:38,0.00061198,4.00000000
2018-02-25 20:25:40,0.00061198,1483.00000000
2018-02-25 20:25:40,0.00061198,25.00000000
2018-02-25 20:25:43,0.00061197,30.00000000
2018-02-25 20:25:43,0.00061198,35.00000000
2018-02-25 20:25:44,0.00061160,21.00000000
2018-02-25 20:25:44,0.00061072,13.00000000
2018-02-25 20:25:44,0.00061051,3.00000000
2018-02-25 20:25:44,0.00061047,12.00000000
2018-02-25 20:25:44,0.00061046,40.00000000
2018-02-25 20:25:46,0.00061062,2.00000000
2018-02-25 20:25:46,0.00061057,160.00000000
2018-02-25 20:25:46,0.00061055,10.00000000
2018-02-25 20:25:46,0.00061052,30.00000000
2018-02-25 20:25:46,0.00061196,10.00000000
2018-02-25 20:25:46,0.00061197,6.00000000
2018-02-25 20:25:48,0.00061191,2.00000000
2018-02-25 20:25:48,0.00061191,158.00000000
2018-02-25 20:25:48,0.00061198,457.00000000
2018-02-25 20:25:49,0.00061198,28.00000000
2018-02-25 20:25:51,0.00061200,24.00000000
2018-02-25 20:25:51,0.00061200,20.00000000
2018-02-25 20:25:51,0.00061200,7.00000000
2018-02-25 20:25:51,0.00061200,20.00000000
2018-02-25 20:25:51,0.00061200,21.00000000
2018-02-25 20:25:51,0.00061200,16.00000000
2018-02-25 20:25:51,0.00061198,21.00000000
2018-02-25 20:25:53,0.00061198,855.00000000
2018-02-25 20:25:53,0.00061198,49.00000000
2018-02-25 20:25:53,0.00061198,100.00000000
2018-02-25 20:25:54,0.00061198,23.00000000
2018-02-25 20:25:54,0.00061103,4.00000000
2018-02-25 20:25:54,0.00061100,464.00000000
2018-02-25 20:25:54,0.00061052,43.00000000
2018-02-25 20:25:54,0.00061045,8.00000000
2018-02-25 20:25:54,0.00061042,3.00000000
2018-02-25 20:25:54,0.00061030,757.00000000
2018-02-25 20:25:54,0.00061027,629.00000000
2018-02-25 20:25:54,0.00061025,553.00000000
2018-02-25 20:25:54,0.00061024,44.00000000
2018-02-25 20:25:54,0.00061018,505.00000000
2018-02-25 20:25:54,0.00061011,147.00000000
2018-02-25 20:25:57,0.00061173,10.00000000
2018-02-25 20:25:57,0.00061175,10.00000000
2018-02-25 20:26:02,0.00061051,10.00000000
2018-02-25 20:26:02,0.00061051,10.00000000
2018-02-25 20:26:11,0.00061062,8.00000000
2018-02-25 20:26:13,0.00061051,35.00000000
2018-02-25 20:26:18,0.00061146,8.00000000
2018-02-25 20:26:18,0.00061077,8.00000000
2018-02-25 20:26:18,0.00061070,67.00000000
2018-02-25 20:26:18,0.00061147,4.00000000
2018-02-25 20:26:18,0.00061150,129.00000000
2018-02-25 20:26:19,0.00061070,4.00000000
2018-02-25 20:26:20,0.00061100,99.00000000
2018-02-25 20:26:22,0.00061100,3.00000000
2018-02-25 20:26:22,0.00061077,3.00000000
2018-02-25 20:26:22,0.00061100,50.00000000
2018-02-25 20:26:22,0.00061100,5.00000000
2018-02-25 20:26:24,0.00061079,3.00000000
2018-02-25 20:26:24,0.00061077,5.00000000
2018-02-25 20:26:24,0.00061070,4.00000000
2018-02-25 20:26:24,0.00061060,16.00000000
2018-02-25 20:26:25,0.00061060,30.00000000
2018-02-25 20:26:26,0.00061060,150.00000000
2018-02-25 20:26:26,0.00061060,14.00000000
2018-02-25 20:26:27,0.00061060,17.00000000
2018-02-25 20:26:27,0.00061060,105.00000000
2018-02-25 20:26:27,0.00061060,51.00000000
2018-02-25 20:26:27,0.00061060,8.00000000
2018-02-25 20:26:27,0.00061060,2.00000000
2018-02-25 20:26:28,0.00061060,111.00000000
2018-02-25 20:26:28,0.00061051,11.00000000
2018-02-25 20:26:28,0.00061100,5.00000000
2018-02-25 20:26:31,0.00061100,12.00000000
2018-02-25 20:26:31,0.00061100,200.00000000
2018-02-25 20:26:31,0.00061100,123.00000000
2018-02-25 20:26:32,0.00061100,40.00000000
2018-02-25 20:26:35,0.00061170,4.00000000
2018-02-25 20:26:35,0.00061192,39.00000000
2018-02-25 20:26:35,0.00061200,59.00000000
2018-02-25 20:26:36,0.00061100,185.00000000
2018-02-25 20:26:38,0.00061170,8.00000000
2018-02-25 20:26:38,0.00061100,18.00000000
2018-02-25 20:26:42,0.00061170,7.00000000
2018-02-25 20:26:43,0.00061200,24.00000000
2018-02-25 20:26:44,0.00061200,7.00000000
2018-02-25 20:26:47,0.00061189,9.00000000
2018-02-25 20:26:49,0.00061189,12.00000000
2018-02-25 20:26:50,0.00061189,33.00000000
2018-02-25 20:26:50,0.00061189,8.00000000
2018-02-25 20:26:59,0.00061189,67.00000000
2018-02-25 20:26:59,0.00061200,113.00000000
2018-02-25 20:27:00,0.00061188,1000.00000000
2018-02-25 20:27:00,0.00061171,247.00000000
2018-02-25 20:27:00,0.00061170,265.00000000
2018-02-25 20:27:02,0.00061189,6.00000000
2018-02-25 20:27:02,0.00061188,994.00000000
2018-02-25 20:27:02,0.00061200,194.00000000
2018-02-25 20:27:03,0.00061170,69.00000000
2018-02-25 20:27:16,0.00061172,14.00000000
2018-02-25 20:27:16,0.00061171,15.00000000
2018-02-25 20:27:22,0.00061173,94.00000000
2018-02-25 20:27:22,0.00061171,795.00000000
2018-02-25 20:27:25,0.00061171,94.00000000
2018-02-25 20:27:26,0.00061171,45.00000000
2018-02-25 20:27:34,0.00061171,4.00000000
2018-02-25 20:27:35,0.00061171,24.00000000
2018-02-25 20:27:38,0.00061170,969.00000000
2018-02-25 20:27:38,0.00061160,42.00000000
2018-02-25 20:27:38,0.00061100,108.00000000
2018-02-25 20:27:38,0.00061063,30.00000000
2018-02-25 20:27:38,0.00061051,9.00000000
2018-02-25 20:27:41,0.00061063,10.00000000
2018-02-25 20:27:41,0.00061062,13.00000000
2018-02-25 20:27:41,0.00061054,4.00000000
2018-02-25 20:27:41,0.00061051,141.00000000
2018-02-25 20:27:41,0.00061047,49.00000000
2018-02-25 20:27:41,0.00061042,4.00000000
2018-02-25 20:27:41,0.00061018,113.00000000
2018-02-25 20:27:41,0.00061011,282.00000000
2018-02-25 20:27:41,0.00061010,323.00000000
2018-02-25 20:27:41,0.00061008,2.00000000
2018-02-25 20:27:41,0.00061002,154.00000000
2018-02-25 20:27:41,0.00061001,303.00000000
2018-02-25 20:27:41,0.00061000,409.00000000
2018-02-25 20:27:41,0.00060982,97.00000000
2018-02-25 20:27:41,0.00060980,3.00000000
2018-02-25 20:27:41,0.00060980,14.00000000
2018-02-25 20:27:41,0.00060980,3.00000000
2018-02-25 20:27:41,0.00060995,20.00000000
2018-02-25 20:27:41,0.00060995,20.00000000
2018-02-25 20:27:41,0.00060995,54.00000000
2018-02-25 20:27:41,0.00061000,815.00000000
2018-02-25 20:27:41,0.00060994,10.00000000
2018-02-25 20:27:41,0.00061000,612.00000000
2018-02-25 20:27:41,0.00061000,5.00000000
2018-02-25 20:27:42,0.00060996,10.00000000
2018-02-25 20:27:42,0.00060999,13.00000000
2018-02-25 20:27:42,0.00060992,4.00000000
2018-02-25 20:27:42,0.00060999,196.00000000
2018-02-25 20:27:44,0.00060999,20.00000000
2018-02-25 20:27:44,0.00060999,26.00000000
2018-02-25 20:27:46,0.00060999,58.00000000
2018-02-25 20:27:47,0.00060999,3.00000000
2018-02-25 20:27:47,0.00060999,8.00000000
2018-02-25 20:27:47,0.00061000,164.00000000
2018-02-25 20:27:49,0.00060999,21.00000000
2018-02-25 20:27:49,0.00061000,9.00000000
2018-02-25 20:27:49,0.00061000,5.00000000
2018-02-25 20:27:49,0.00060958,8.00000000
2018-02-25 20:27:49,0.00060973,9.00000000
2018-02-25 20:27:49,0.00060954,7.00000000
2018-02-25 20:27:49,0.00060950,193.00000000
2018-02-25 20:27:51,0.00060972,8.00000000
2018-02-25 20:27:51,0.00060973,106.00000000
2018-02-25 20:27:51,0.00061000,57.00000000
2018-02-25 20:27:52,0.00061000,100.00000000
2018-02-25 20:27:53,0.00060954,109.00000000
2018-02-25 20:27:53,0.00061000,2.00000000
2018-02-25 20:27:53,0.00061000,2.00000000
2018-02-25 20:27:54,0.00060945,3.00000000
2018-02-25 20:27:54,0.00060942,16.00000000
2018-02-25 20:27:54,0.00060935,100.00000000
2018-02-25 20:27:54,0.00060933,116.00000000
2018-02-25 20:27:54,0.00060920,303.00000000
2018-02-25 20:27:54,0.00060912,303.00000000
2018-02-25 20:27:54,0.00060904,25.00000000
2018-02-25 20:27:54,0.00060903,144.00000000
2018-02-25 20:27:54,0.00060902,230.00000000
2018-02-25 20:27:54,0.00060902,376.00000000
2018-02-25 20:27:54,0.00060902,231.00000000
2018-02-25 20:27:54,0.00060900,13.00000000
2018-02-25 20:27:54,0.00060900,60.00000000
2018-02-25 20:27:54,0.00060900,158.00000000
2018-02-25 20:27:54,0.00060900,34.00000000
2018-02-25 20:27:54,0.00060898,2.00000000
2018-02-25 20:27:55,0.00060999,17.00000000
2018-02-25 20:27:55,0.00061000,7.00000000
2018-02-25 20:27:55,0.00061000,135.00000000
2018-02-25 20:27:56,0.00060915,4.00000000
2018-02-25 20:27:56,0.00060897,110.00000000
2018-02-25 20:27:56,0.00061000,20.00000000
2018-02-25 20:27:56,0.00060954,4.00000000
2018-02-25 20:27:56,0.00060954,14.00000000
2018-02-25 20:27:56,0.00060897,179.00000000
2018-02-25 20:27:56,0.00060897,110.00000000
2018-02-25 20:27:57,0.00061000,63.00000000
2018-02-25 20:27:58,0.00060997,3.00000000
2018-02-25 20:27:58,0.00060902,4.00000000
2018-02-25 20:27:58,0.00060897,16.00000000
2018-02-25 20:28:00,0.00060906,4.00000000
2018-02-25 20:28:00,0.00060897,5.00000000
2018-02-25 20:28:00,0.00060995,4.00000000
2018-02-25 20:28:00,0.00060897,23.00000000
2018-02-25 20:28:02,0.00060992,4.00000000
2018-02-25 20:28:06,0.00060901,3.00000000
2018-02-25 20:28:06,0.00060898,9.00000000
2018-02-25 20:28:06,0.00060891,16.00000000
2018-02-25 20:28:06,0.00060885,4.00000000
2018-02-25 20:28:06,0.00060877,12.00000000
2018-02-25 20:28:06,0.00060860,13.00000000
2018-02-25 20:28:06,0.00060847,197.00000000
2018-02-25 20:28:06,0.00060844,8.00000000
2018-02-25 20:28:06,0.00060835,16.00000000
2018-02-25 20:28:06,0.00060831,3.00000000
2018-02-25 20:28:06,0.00060810,75.00000000
2018-02-25 20:28:06,0.00060800,442.00000000
2018-02-25 20:28:06,0.00060795,8.00000000
2018-02-25 20:28:06,0.00060775,10.00000000
2018-02-25 20:28:06,0.00060746,21.00000000
2018-02-25 20:28:06,0.00060744,341.00000000
2018-02-25 20:28:06,0.00060730,5.00000000
2018-02-25 20:28:06,0.00060715,10.00000000
2018-02-25 20:28:06,0.00060710,5.00000000
2018-02-25 20:28:06,0.00060701,320.00000000
2018-02-25 20:28:06,0.00060701,354.00000000
2018-02-25 20:28:06,0.00060750,88.00000000
2018-02-25 20:28:07,0.00060850,38.00000000
2018-02-25 20:28:07,0.00060850,91.00000000
2018-02-25 20:28:07,0.00060991,16.00000000
2018-02-25 20:28:07,0.00060990,198.00000000
2018-02-25 20:28:07,0.00060901,18.00000000
2018-02-25 20:28:07,0.00060937,12.00000000
2018-02-25 20:28:08,0.00060996,49.00000000
2018-02-25 20:28:08,0.00060997,21.00000000
2018-02-25 20:28:08,0.00060928,197.00000000
2018-02-25 20:28:08,0.00060997,16.00000000
2018-02-25 20:28:08,0.00060997,163.00000000
2018-02-25 20:28:09,0.00060926,135.00000000
2018-02-25 20:28:09,0.00060902,9.00000000
2018-02-25 20:28:09,0.00060894,120.00000000
2018-02-25 20:28:09,0.00060894,77.00000000
2018-02-25 20:28:09,0.00060992,4.00000000
2018-02-25 20:28:09,0.00060997,300.00000000
2018-02-25 20:28:09,0.00060996,5.00000000
2018-02-25 20:28:09,0.00060996,81.00000000
2018-02-25 20:28:10,0.00060996,40.00000000
2018-02-25 20:28:11,0.00060999,10.00000000
2018-02-25 20:28:11,0.00060999,28.00000000
2018-02-25 20:28:11,0.00060999,13.00000000
2018-02-25 20:28:18,0.00060998,8.00000000
2018-02-25 20:28:18,0.00060999,17.00000000
2018-02-25 20:28:18,0.00060999,5.00000000
2018-02-25 20:28:20,0.00060910,16.00000000
2018-02-25 20:28:22,0.00060999,4.00000000
2018-02-25 20:28:24,0.00060999,576.00000000
2018-02-25 20:28:24,0.00060999,149.00000000
2018-02-25 20:28:25,0.00060999,4.00000000
2018-02-25 20:28:27,0.00060999,2.00000000
2018-02-25 20:28:31,0.00060921,8.00000000
2018-02-25 20:28:31,0.00060910,474.00000000
2018-02-25 20:28:31,0.00060893,8.00000000
2018-02-25 20:28:31,0.00060888,2802.00000000
2018-02-25 20:28:32,0.00060888,38.00000000
2018-02-25 20:28:33,0.00060888,42.00000000
2018-02-25 20:28:33,0.00060872,2.00000000
2018-02-25 20:28:33,0.00060888,8.00000000
2018-02-25 20:28:33,0.00060888,50.00000000
2018-02-25 20:28:33,0.00060888,175.00000000
2018-02-25 20:28:35,0.00060888,112.00000000
2018-02-25 20:28:35,0.00060855,4.00000000
2018-02-25 20:28:35,0.00060800,292.00000000
2018-02-25 20:28:35,0.00060800,415.00000000
2018-02-25 20:28:35,0.00060800,14.00000000
2018-02-25 20:28:35,0.00060786,40.00000000
2018-02-25 20:28:35,0.00060888,35.00000000
2018-02-25 20:28:36,0.00060768,94.00000000
2018-02-25 20:28:37,0.00060888,3.00000000
2018-02-25 20:28:38,0.00060780,2.00000000
2018-02-25 20:28:38,0.00060885,14.00000000
2018-02-25 20:28:38,0.00060885,3.00000000
2018-02-25 20:28:40,0.00060878,14.00000000
2018-02-25 20:28:40,0.00060878,4.00000000
2018-02-25 20:28:42,0.00060785,4.00000000
2018-02-25 20:28:42,0.00060780,11.00000000
2018-02-25 20:28:42,0.00060766,9.00000000
2018-02-25 20:28:42,0.00060756,49.00000000
2018-02-25 20:28:42,0.00060750,16.00000000
2018-02-25 20:28:42,0.00060732,3.00000000
2018-02-25 20:28:45,0.00060710,5.00000000
2018-02-25 20:28:45,0.00060704,4.00000000
2018-02-25 20:28:45,0.00060704,3.00000000
2018-02-25 20:28:46,0.00060732,9.00000000
2018-02-25 20:28:46,0.00060730,59.00000000
2018-02-25 20:28:46,0.00060704,78.00000000
2018-02-25 20:28:46,0.00060703,8.00000000
2018-02-25 20:28:46,0.00060701,20.00000000
2018-02-25 20:28:46,0.00060700,1135.00000000
2018-02-25 20:28:46,0.00060698,90.00000000
2018-02-25 20:28:46,0.00060696,164.00000000
2018-02-25 20:28:46,0.00060694,135.00000000
2018-02-25 20:28:46,0.00060688,4.00000000
2018-02-25 20:28:46,0.00060687,5.00000000
2018-02-25 20:28:46,0.00060676,9.00000000
2018-02-25 20:28:47,0.00060694,85.00000000
2018-02-25 20:28:47,0.00060694,43.00000000
2018-02-25 20:28:47,0.00060694,13.00000000
2018-02-25 20:28:47,0.00060694,13.00000000
2018-02-25 20:28:47,0.00060694,13.00000000
2018-02-25 20:28:47,0.00060694,28.00000000
2018-02-25 20:28:47,0.00060675,4.00000000
2018-02-25 20:28:49,0.00060694,2.00000000
2018-02-25 20:28:49,0.00060694,12.00000000
2018-02-25 20:28:49,0.00060694,14.00000000
2018-02-25 20:28:49,0.00060686,37.00000000
2018-02-25 20:28:49,0.00060694,5.00000000
2018-02-25 20:28:50,0.00060694,6.00000000
2018-02-25 20:28:50,0.00060694,20.00000000
2018-02-25 20:28:50,0.00060694,2.00000000
2018-02-25 20:28:50,0.00060694,4.00000000
2018-02-25 20:28:50,0.00060694,5.00000000
2018-02-25 20:28:51,0.00060694,8.00000000
2018-02-25 20:28:51,0.00060694,33.00000000
2018-02-25 20:28:51,0.00060694,13.00000000
2018-02-25 20:28:51,0.00060694,2.00000000
2018-02-25 20:28:51,0.00060694,5.00000000
2018-02-25 20:28:52,0.00060694,10.00000000
2018-02-25 20:28:52,0.00060694,9.00000000
2018-02-25 20:28:52,0.00060677,17.00000000
2018-02-25 20:28:52,0.00060676,8.00000000
2018-02-25 20:28:52,0.00060675,22.00000000
2018-02-25 20:28:52,0.00060630,18.00000000
2018-02-25 20:28:52,0.00060618,263.00000000
2018-02-25 20:28:52,0.00060694,32.00000000
2018-02-25 20:28:52,0.00060694,5.00000000
2018-02-25 20:28:52,0.00060618,4.00000000
2018-02-25 20:28:52,0.00060694,6.00000000
2018-02-25 20:28:53,0.00060618,30.00000000
2018-02-25 20:28:53,0.00060694,17.00000000
2018-02-25 20:28:53,0.00060677,2.00000000
2018-02-25 20:28:53,0.00060625,13.00000000
2018-02-25 20:28:53,0.00060618,158.00000000
2018-02-25 20:28:53,0.00060610,14.00000000
2018-02-25 20:28:53,0.00060694,4.00000000
2018-02-25 20:28:54,0.00060694,4.00000000
2018-02-25 20:28:54,0.00060694,16.00000000
2018-02-25 20:28:54,0.00060694,17.00000000
2018-02-25 20:28:56,0.00060693,11.00000000
2018-02-25 20:28:56,0.00060694,1296.00000000
2018-02-25 20:28:57,0.00060694,26.00000000
2018-02-25 20:28:57,0.00060650,14.00000000
2018-02-25 20:28:58,0.00060650,9.00000000
2018-02-25 20:28:58,0.00060650,18.00000000
2018-02-25 20:28:58,0.00060650,301.00000000
2018-02-25 20:28:59,0.00060650,161.00000000
2018-02-25 20:28:59,0.00060693,22.00000000
2018-02-25 20:28:59,0.00060694,829.00000000
2018-02-25 20:29:00,0.00060650,12.00000000
2018-02-25 20:29:01,0.00060694,52.00000000
2018-02-25 20:29:01,0.00060697,655.00000000
2018-02-25 20:29:01,0.00060697,357.00000000
2018-02-25 20:29:01,0.00060700,182.00000000
2018-02-25 20:29:01,0.00060732,71.00000000
2018-02-25 20:29:02,0.00060732,3.00000000
2018-02-25 20:29:02,0.00060650,173.00000000
2018-02-25 20:29:02,0.00060732,7.00000000
2018-02-25 20:29:03,0.00060732,5.00000000
2018-02-25 20:29:04,0.00060732,384.00000000
2018-02-25 20:29:04,0.00060800,6.00000000
2018-02-25 20:29:04,0.00060838,49.00000000
2018-02-25 20:29:04,0.00060842,145.00000000
2018-02-25 20:29:04,0.00060850,199.00000000
2018-02-25 20:29:04,0.00060857,30.00000000
2018-02-25 20:29:05,0.00060857,30.00000000
2018-02-25 20:29:06,0.00060852,4.00000000
2018-02-25 20:29:06,0.00060880,4.00000000
2018-02-25 20:29:06,0.00060888,2.00000000
2018-02-25 20:29:06,0.00060890,61.00000000
2018-02-25 20:29:06,0.00060909,30.00000000
2018-02-25 20:29:07,0.00060888,16.00000000
2018-02-25 20:29:07,0.00060909,30.00000000
2018-02-25 20:29:07,0.00060958,81.00000000
2018-02-25 20:29:08,0.00060957,14.00000000
2018-02-25 20:29:08,0.00060957,2.00000000
2018-02-25 20:29:08,0.00060958,3.00000000
2018-02-25 20:29:10,0.00060958,4.00000000
2018-02-25 20:29:10,0.00060958,4.00000000
2018-02-25 20:29:11,0.00060930,8.00000000
2018-02-25 20:29:12,0.00060930,4.00000000
2018-02-25 20:29:12,0.00060930,4.00000000
2018-02-25 20:29:13,0.00060930,5.00000000
2018-02-25 20:29:13,0.00060930,7.00000000
2018-02-25 20:29:14,0.00060930,8.00000000
2018-02-25 20:29:14,0.00060930,1.00000000
2018-02-25 20:29:14,0.00060932,8.00000000
2018-02-25 20:29:17,0.00060900,154.00000000
2018-02-25 20:29:18,0.00060900,11.00000000
2018-02-25 20:29:18,0.00060932,10.00000000
2018-02-25 20:29:25,0.00060932,2.00000000
2018-02-25 20:29:26,0.00060932,99.00000000
2018-02-25 20:29:29,0.00060983,4.00000000
2018-02-25 20:29:29,0.00060988,2.00000000
2018-02-25 20:29:29,0.00060999,24.00000000
2018-02-25 20:29:29,0.00060933,324.00000000
2018-02-25 20:29:29,0.00060932,97.00000000
2018-02-25 20:29:32,0.00060933,30.00000000
2018-02-25 20:29:32,0.00060932,532.00000000
2018-02-25 20:29:34,0.00060968,12.00000000
2018-02-25 20:29:39,0.00060968,51.00000000
2018-02-25 20:29:40,0.00060933,183.00000000
2018-02-25 20:29:41,0.00060933,247.00000000
2018-02-25 20:29:41,0.00060932,253.00000000
2018-02-25 20:29:45,0.00060968,98.00000000
2018-02-25 20:29:46,0.00060968,191.00000000
2018-02-25 20:29:46,0.00060968,16.00000000
2018-02-25 20:29:48,0.00060968,2.00000000
2018-02-25 20:29:49,0.00060967,7.00000000
2018-02-25 20:29:51,0.00060976,22.00000000
2018-02-25 20:29:54,0.00060973,12.00000000
2018-02-25 20:29:54,0.00060976,67.00000000
2018-02-25 20:29:54,0.00060999,200.00000000
2018-02-25 20:29:54,0.00061000,970.00000000
2018-02-25 20:29:55,0.00060972,8.00000000
2018-02-25 20:29:55,0.00060975,16.00000000
2018-02-25 20:29:55,0.00061000,256.00000000
2018-02-25 20:29:57,0.00061000,100.00000000
2018-02-25 20:29:59,0.00061000,2.00000000
2018-02-25 20:29:59,0.00060968,4.00000000
2018-02-25 20:30:01,0.00061000,25.00000000
2018-02-25 20:30:01,0.00060934,10.00000000
2018-02-25 20:30:01,0.00060932,76.00000000
2018-02-25 20:30:01,0.00060930,290.00000000
2018-02-25 20:30:02,0.00061000,42.00000000
2018-02-25 20:30:03,0.00060973,7.00000000
2018-02-25 20:30:04,0.00060973,50.00000000
2018-02-25 20:30:04,0.00060973,24.00000000
2018-02-25 20:30:05,0.00060930,8.00000000
2018-02-25 20:30:06,0.00060971,10.00000000
2018-02-25 20:30:11,0.00060931,3.00000000
2018-02-25 20:30:12,0.00060931,6.00000000
2018-02-25 20:30:12,0.00060930,71.00000000
2018-02-25 20:30:15,0.00060962,12.00000000
2018-02-25 20:30:15,0.00060967,54.00000000
2018-02-25 20:30:17,0.00060967,30.00000000
2018-02-25 20:30:18,0.00060967,364.00000000
2018-02-25 20:30:18,0.00060967,5.00000000
2018-02-25 20:30:19,0.00060931,7.00000000
2018-02-25 20:30:19,0.00060967,4.00000000
2018-02-25 20:30:22,0.00060967,547.00000000
2018-02-25 20:30:22,0.00060931,2.00000000
2018-02-25 20:30:22,0.00060930,402.00000000
2018-02-25 20:30:23,0.00060930,82.00000000
2018-02-25 20:30:24,0.00060930,472.00000000
2018-02-25 20:30:25,0.00060929,4.00000000
2018-02-25 20:30:26,0.00060929,10.00000000
2018-02-25 20:30:27,0.00060909,410.00000000
2018-02-25 20:30:27,0.00060905,218.00000000
2018-02-25 20:30:27,0.00060909,9.00000000
2018-02-25 20:30:31,0.00060905,33.00000000
2018-02-25 20:30:31,0.00060900,1.00000000
2018-02-25 20:30:31,0.00060909,29.00000000
2018-02-25 20:30:31,0.00060909,6.00000000
2018-02-25 20:30:32,0.00060900,495.00000000
2018-02-25 20:30:35,0.00060909,62.00000000
2018-02-25 20:30:36,0.00060900,10.00000000
2018-02-25 20:30:37,0.00060865,2.00000000
2018-02-25 20:30:38,0.00060864,4.00000000
2018-02-25 20:30:38,0.00060766,46.00000000
2018-02-25 20:30:42,0.00060898,10.00000000
2018-02-25 20:30:46,0.00060785,10.00000000
2018-02-25 20:30:46,0.00060784,4.00000000
2018-02-25 20:30:46,0.00060777,8.00000000
2018-02-25 20:30:46,0.00060777,38.00000000
2018-02-25 20:30:46,0.00060779,33.00000000
2018-02-25 20:30:46,0.00060892,4.00000000
2018-02-25 20:30:46,0.00060900,22.00000000
2018-02-25 20:30:47,0.00060890,16.00000000
2018-02-25 20:30:47,0.00060900,42.00000000
2018-02-25 20:30:49,0.00060872,16.00000000
2018-02-25 20:30:53,0.00060872,48.00000000
2018-02-25 20:30:53,0.00060895,4.00000000
2018-02-25 20:30:53,0.00060900,17.00000000
2018-02-25 20:30:57,0.00060786,35.00000000
2018-02-25 20:30:59,0.00060786,3.00000000
2018-02-25 20:31:03,0.00060789,4.00000000
2018-02-25 20:31:04,0.00060783,4.00000000
2018-02-25 20:31:04,0.00060889,5.00000000
2018-02-25 20:31:06,0.00060781,4.00000000
2018-02-25 20:31:08,0.00060776,10.00000000
2018-02-25 20:31:08,0.00060774,4.00000000
2018-02-25 20:31:08,0.00060766,6.00000000
2018-02-25 20:31:10,0.00060800,34.00000000
2018-02-25 20:31:10,0.00060800,31.00000000
2018-02-25 20:31:11,0.00060800,3.00000000
2018-02-25 20:31:12,0.00060800,2.00000000
2018-02-25 20:31:13,0.00060797,4.00000000
2018-02-25 20:31:13,0.00060800,9.00000000
2018-02-25 20:31:14,0.00060800,4.00000000
2018-02-25 20:31:16,0.00060800,3.00000000
2018-02-25 20:31:18,0.00060800,25.00000000
2018-02-25 20:31:20,0.00060800,13.00000000
2018-02-25 20:31:21,0.00060800,4.00000000
2018-02-25 20:31:22,0.00060800,8.00000000
2018-02-25 20:31:23,0.00060800,2.00000000
2018-02-25 20:31:23,0.00060800,3.00000000
2018-02-25 20:31:23,0.00060800,7.00000000
2018-02-25 20:31:25,0.00060800,28.00000000
2018-02-25 20:31:27,0.00060800,143.00000000
2018-02-25 20:31:27,0.00060800,1279.00000000
2018-02-25 20:31:27,0.00060806,20.00000000
2018-02-25 20:31:28,0.00060800,50.00000000
2018-02-25 20:31:30,0.00060801,8.00000000
2018-02-25 20:31:30,0.00060800,2.00000000
2018-02-25 20:31:30,0.00060800,2530.00000000
2018-02-25 20:31:30,0.00060800,185.00000000
2018-02-25 20:31:32,0.00060879,2.00000000
2018-02-25 20:31:32,0.00060800,630.00000000
2018-02-25 20:31:32,0.00060800,364.00000000
2018-02-25 20:31:32,0.00060778,1.00000000
2018-02-25 20:31:35,0.00060800,36.00000000
2018-02-25 20:31:35,0.00060779,8.00000000
2018-02-25 20:31:35,0.00060778,3.00000000
2018-02-25 20:31:35,0.00060775,135.00000000
2018-02-25 20:31:35,0.00060766,114.00000000
2018-02-25 20:31:40,0.00060877,2.00000000
2018-02-25 20:31:40,0.00060877,2.00000000
2018-02-25 20:31:41,0.00060874,4.00000000
2018-02-25 20:31:42,0.00060879,2.00000000
2018-02-25 20:31:43,0.00060879,2.00000000
2018-02-25 20:31:47,0.00060800,9.00000000
2018-02-25 20:31:47,0.00060877,242.00000000
2018-02-25 20:31:48,0.00060877,11.00000000
2018-02-25 20:31:48,0.00060879,189.00000000
2018-02-25 20:31:48,0.00060879,5.00000000
2018-02-25 20:31:48,0.00060879,2.00000000
2018-02-25 20:31:50,0.00060879,1.00000000
2018-02-25 20:31:51,0.00060879,346.00000000
2018-02-25 20:31:52,0.00060879,28.00000000
2018-02-25 20:31:52,0.00060879,18.00000000
2018-02-25 20:31:53,0.00060879,43.00000000
2018-02-25 20:31:55,0.00060800,2.00000000
2018-02-25 20:31:55,0.00060879,3.00000000
2018-02-25 20:31:55,0.00060800,18.00000000
2018-02-25 20:31:57,0.00060879,53.00000000
2018-02-25 20:32:01,0.00060800,12.00000000
2018-02-25 20:32:01,0.00060777,4.00000000
2018-02-25 20:32:01,0.00060775,16.00000000
2018-02-25 20:32:01,0.00060772,260.00000000
2018-02-25 20:32:02,0.00060879,10.00000000
2018-02-25 20:32:02,0.00060879,5.00000000
2018-02-25 20:32:02,0.00060800,279.00000000
2018-02-25 20:32:02,0.00060800,17.00000000
2018-02-25 20:32:04,0.00060874,4.00000000
2018-02-25 20:32:04,0.00060879,2.00000000
2018-02-25 20:32:04,0.00060879,18.00000000
2018-02-25 20:32:07,0.00060879,2.00000000
2018-02-25 20:32:11,0.00060778,8.00000000
2018-02-25 20:32:11,0.00060777,4.00000000
2018-02-25 20:32:11,0.00060775,4.00000000
2018-02-25 20:32:11,0.00060772,8.00000000
2018-02-25 20:32:11,0.00060767,5.00000000
2018-02-25 20:32:11,0.00060766,21.00000000
2018-02-25 20:32:11,0.00060878,10.00000000
2018-02-25 20:32:11,0.00060879,22.00000000
2018-02-25 20:32:12,0.00060879,2.00000000
2018-02-25 20:32:13,0.00060876,2.00000000
2018-02-25 20:32:14,0.00060801,8.00000000
2018-02-25 20:32:14,0.00060800,10.00000000
2018-02-25 20:32:14,0.00060876,17.00000000
2018-02-25 20:32:17,0.00060876,2.00000000
2018-02-25 20:32:21,0.00060874,104.00000000
2018-02-25 20:32:21,0.00060876,94.00000000
2018-02-25 20:32:21,0.00060879,350.00000000
2018-02-25 20:32:26,0.00060800,13.00000000
2018-02-25 20:32:26,0.00060767,10.00000000
2018-02-25 20:32:26,0.00060766,131.00000000
2018-02-25 20:32:26,0.00060764,122.00000000
2018-02-25 20:32:26,0.00060757,49.00000000
2018-02-25 20:32:26,0.00060734,91.00000000
