DATE,PRICE,VOLUME
2018-02-23 11:00:00,0.00057376,209.00000000
2018-02-23 11:00:06,0.00057388,27.00000000
2018-02-23 11:00:09,0.00057377,19.00000000
2018-02-23 11:00:17,0.00057387,8.00000000
2018-02-23 11:00:25,0.00057387,1.00000000
2018-02-23 11:00:25,0.00057388,13.00000000
2018-02-23 11:00:25,0.00057394,6.00000000
2018-02-23 11:00:25,0.00057395,36.00000000
2018-02-23 11:00:31,0.00057390,5.00000000
2018-02-23 11:00:33,0.00057390,40.00000000
2018-02-23 11:00:36,0.00057394,50.00000000
2018-02-23 11:00:36,0.00057395,93.00000000
2018-02-23 11:00:36,0.00057396,124.00000000
2018-02-23 11:00:39,0.00057396,221.00000000
2018-02-23 11:00:39,0.00057398,288.00000000
2018-02-23 11:00:39,0.00057399,1491.00000000
2018-02-23 11:00:43,0.00057396,40.00000000
2018-02-23 11:00:44,0.00057397,5.00000000
2018-02-23 11:00:44,0.00057399,356.00000000
2018-02-23 11:00:44,0.00057400,156.00000000
2018-02-23 11:00:44,0.00057400,10.00000000
2018-02-23 11:00:48,0.00057399,5.00000000
2018-02-23 11:00:49,0.00057399,36.00000000
2018-02-23 11:00:52,0.00057399,40.00000000
2018-02-23 11:00:53,0.00057399,9.00000000
2018-02-23 11:00:56,0.00057400,50.00000000
2018-02-23 11:01:02,0.00057396,40.00000000
2018-02-23 11:01:04,0.00057396,8.00000000
2018-02-23 11:01:04,0.00057400,122.00000000
2018-02-23 11:01:05,0.00057400,350.00000000
2018-02-23 11:01:05,0.00057400,60.00000000
2018-02-23 11:01:08,0.00057399,3.00000000
2018-02-23 11:01:08,0.00057392,5.00000000
2018-02-23 11:01:08,0.00057391,18.00000000
2018-02-23 11:01:10,0.00057400,27.00000000
2018-02-23 11:01:10,0.00057400,27.00000000
2018-02-23 11:01:10,0.00057400,17.00000000
2018-02-23 11:01:10,0.00057400,23.00000000
2018-02-23 11:01:10,0.00057400,17.00000000
2018-02-23 11:01:10,0.00057400,27.00000000
2018-02-23 11:01:10,0.00057400,27.00000000
2018-02-23 11:01:10,0.00057391,27.00000000
2018-02-23 11:01:11,0.00057391,27.00000000
2018-02-23 11:01:11,0.00057400,27.00000000
2018-02-23 11:01:12,0.00057391,40.00000000
2018-02-23 11:01:15,0.00057400,4.00000000
2018-02-23 11:01:15,0.00057400,5.00000000
2018-02-23 11:01:15,0.00057400,17.00000000
2018-02-23 11:01:15,0.00057400,17.00000000
2018-02-23 11:01:15,0.00057391,5.00000000
2018-02-23 11:01:16,0.00057390,14.00000000
2018-02-23 11:01:17,0.00057390,8.00000000
2018-02-23 11:01:22,0.00057400,1017.00000000
2018-02-23 11:01:23,0.00057400,40.00000000
2018-02-23 11:01:28,0.00057406,19.00000000
2018-02-23 11:01:28,0.00057406,8.00000000
2018-02-23 11:01:28,0.00057407,2.00000000
2018-02-23 11:01:34,0.00057408,17.00000000
2018-02-23 11:01:34,0.00057406,8.00000000
2018-02-23 11:01:34,0.00057402,5.00000000
2018-02-23 11:01:34,0.00057401,10.00000000
2018-02-23 11:01:40,0.00057419,12.00000000
2018-02-23 11:01:44,0.00057414,15.00000000
2018-02-23 11:01:44,0.00057408,20.00000000
2018-02-23 11:01:44,0.00057407,5.00000000
2018-02-23 11:01:45,0.00057476,20.00000000
2018-02-23 11:01:45,0.00057477,4.00000000
2018-02-23 11:01:46,0.00057477,69.00000000
2018-02-23 11:01:48,0.00057478,5.00000000
2018-02-23 11:01:48,0.00057477,193.00000000
2018-02-23 11:01:51,0.00057477,5.00000000
2018-02-23 11:01:51,0.00057410,1.00000000
2018-02-23 11:01:53,0.00057411,12.00000000
2018-02-23 11:01:57,0.00057479,17.00000000
2018-02-23 11:01:58,0.00057479,40.00000000
2018-02-23 11:01:59,0.00057479,15.00000000
2018-02-23 11:02:01,0.00057479,2.00000000
2018-02-23 11:02:01,0.00057480,52.00000000
2018-02-23 11:02:01,0.00057480,139.00000000
2018-02-23 11:02:01,0.00057480,52.00000000
2018-02-23 11:02:01,0.00057477,52.00000000
2018-02-23 11:02:02,0.00057480,562.00000000
2018-02-23 11:02:02,0.00057486,5.00000000
2018-02-23 11:02:02,0.00057496,55.00000000
2018-02-23 11:02:02,0.00057498,140.00000000
2018-02-23 11:02:02,0.00057499,66.00000000
2018-02-23 11:02:02,0.00057500,652.00000000
2018-02-23 11:02:03,0.00057501,19.00000000
2018-02-23 11:02:05,0.00057506,15.00000000
2018-02-23 11:02:05,0.00057502,8.00000000
2018-02-23 11:02:05,0.00057500,243.00000000
2018-02-23 11:02:05,0.00057478,176.00000000
2018-02-23 11:02:05,0.00057477,1971.00000000
2018-02-23 11:02:09,0.00057555,10.00000000
2018-02-23 11:02:09,0.00057556,3.00000000
2018-02-23 11:02:09,0.00057481,20.00000000
2018-02-23 11:02:09,0.00057480,8.00000000
2018-02-23 11:02:09,0.00057477,12.00000000
2018-02-23 11:02:14,0.00057501,5.00000000
2018-02-23 11:02:14,0.00057500,173.00000000
2018-02-23 11:02:14,0.00057549,29.00000000
2018-02-23 11:02:14,0.00057550,12.00000000
2018-02-23 11:02:14,0.00057553,8.00000000
2018-02-23 11:02:14,0.00057558,8.00000000
2018-02-23 11:02:14,0.00057560,3.00000000
2018-02-23 11:02:14,0.00057574,30.00000000
2018-02-23 11:02:14,0.00057588,5.00000000
2018-02-23 11:02:14,0.00057589,222.00000000
2018-02-23 11:02:14,0.00057592,36.00000000
2018-02-23 11:02:14,0.00057593,170.00000000
2018-02-23 11:02:14,0.00057599,5.00000000
2018-02-23 11:02:14,0.00057600,1303.00000000
2018-02-23 11:02:14,0.00057620,50.00000000
2018-02-23 11:02:14,0.00057651,502.00000000
2018-02-23 11:02:14,0.00057660,42.00000000
2018-02-23 11:02:17,0.00057516,19.00000000
2018-02-23 11:02:17,0.00057515,15.00000000
2018-02-23 11:02:17,0.00057512,8.00000000
2018-02-23 11:02:19,0.00057511,15.00000000
2018-02-23 11:02:21,0.00057511,15.00000000
2018-02-23 11:02:21,0.00057510,25.00000000
2018-02-23 11:02:21,0.00057512,61.00000000
2018-02-23 11:02:24,0.00057550,7.00000000
2018-02-23 11:02:26,0.00057596,3.00000000
2018-02-23 11:02:27,0.00057522,8.00000000
2018-02-23 11:02:27,0.00057514,24.00000000
2018-02-23 11:02:27,0.00057514,11.00000000
2018-02-23 11:02:28,0.00057520,6.00000000
2018-02-23 11:02:30,0.00057592,16.00000000
2018-02-23 11:02:30,0.00057593,8.00000000
2018-02-23 11:02:30,0.00057597,8.00000000
2018-02-23 11:02:30,0.00057599,5.00000000
2018-02-23 11:02:30,0.00057600,25.00000000
2018-02-23 11:02:30,0.00057666,61.00000000
2018-02-23 11:02:30,0.00057697,20.00000000
2018-02-23 11:02:30,0.00057522,40.00000000
2018-02-23 11:02:42,0.00057584,40.00000000
2018-02-23 11:02:42,0.00057586,20.00000000
2018-02-23 11:02:42,0.00057692,4.00000000
2018-02-23 11:02:42,0.00057709,52.00000000
2018-02-23 11:02:42,0.00057546,9.00000000
2018-02-23 11:02:42,0.00057538,31.00000000
2018-02-23 11:02:44,0.00057556,5.00000000
2018-02-23 11:02:45,0.00057699,15.00000000
2018-02-23 11:02:45,0.00057700,10.00000000
2018-02-23 11:02:45,0.00057701,15.00000000
2018-02-23 11:02:45,0.00057702,15.00000000
2018-02-23 11:02:46,0.00057566,52.00000000
2018-02-23 11:02:46,0.00057566,18.00000000
2018-02-23 11:02:46,0.00057567,52.00000000
2018-02-23 11:02:46,0.00057567,2.00000000
2018-02-23 11:02:47,0.00057568,2.00000000
2018-02-23 11:02:49,0.00057581,4.00000000
2018-02-23 11:02:53,0.00057696,6.00000000
2018-02-23 11:02:53,0.00057697,88.00000000
2018-02-23 11:02:53,0.00057600,1.00000000
2018-02-23 11:02:54,0.00057586,40.00000000
2018-02-23 11:03:04,0.00057621,7.00000000
2018-02-23 11:03:04,0.00057623,8.00000000
2018-02-23 11:03:04,0.00057621,22.00000000
2018-02-23 11:03:04,0.00057620,10.00000000
2018-02-23 11:03:04,0.00057620,5.00000000
2018-02-23 11:03:06,0.00057605,75.00000000
2018-02-23 11:03:07,0.00057605,25.00000000
2018-02-23 11:03:08,0.00057605,20.00000000
2018-02-23 11:03:11,0.00057606,15.00000000
2018-02-23 11:03:14,0.00057614,1.00000000
2018-02-23 11:03:14,0.00057606,40.00000000
2018-02-23 11:03:17,0.00057607,11.00000000
2018-02-23 11:03:23,0.00057608,5.00000000
2018-02-23 11:03:23,0.00057607,143.00000000
2018-02-23 11:03:24,0.00057607,40.00000000
2018-02-23 11:03:26,0.00057614,3.00000000
2018-02-23 11:03:28,0.00057614,55.00000000
2018-02-23 11:03:28,0.00057690,8.00000000
2018-02-23 11:03:28,0.00057693,12.00000000
2018-02-23 11:03:28,0.00057694,21.00000000
2018-02-23 11:03:32,0.00057693,10.00000000
2018-02-23 11:03:32,0.00057694,7.00000000
2018-02-23 11:03:35,0.00057704,4.00000000
2018-02-23 11:03:35,0.00057708,5.00000000
2018-02-23 11:03:35,0.00057709,83.00000000
2018-02-23 11:03:35,0.00057709,69.00000000
2018-02-23 11:03:35,0.00057710,843.00000000
2018-02-23 11:03:35,0.00057710,35.00000000
2018-02-23 11:03:35,0.00057710,34.00000000
2018-02-23 11:03:35,0.00057710,54.00000000
2018-02-23 11:03:35,0.00057710,117.00000000
2018-02-23 11:03:35,0.00057630,1.00000000
2018-02-23 11:03:36,0.00057694,40.00000000
2018-02-23 11:03:36,0.00057694,3.00000000
2018-02-23 11:03:36,0.00057694,4.00000000
2018-02-23 11:03:36,0.00057694,45.00000000
2018-02-23 11:03:36,0.00057694,2.00000000
2018-02-23 11:03:36,0.00057694,366.00000000
2018-02-23 11:03:38,0.00057633,2.00000000
2018-02-23 11:03:41,0.00057692,212.00000000
2018-02-23 11:03:41,0.00057693,8.00000000
2018-02-23 11:03:45,0.00057693,48.00000000
2018-02-23 11:03:45,0.00057699,5.00000000
2018-02-23 11:03:45,0.00057700,345.00000000
2018-02-23 11:03:47,0.00057692,40.00000000
2018-02-23 11:03:48,0.00057700,173.00000000
2018-02-23 11:03:48,0.00057700,25.00000000
2018-02-23 11:03:48,0.00057715,30.00000000
2018-02-23 11:03:48,0.00057752,5.00000000
2018-02-23 11:03:48,0.00057759,5.00000000
2018-02-23 11:03:48,0.00057760,5.00000000
2018-02-23 11:03:49,0.00057700,3.00000000
2018-02-23 11:03:49,0.00057700,25.00000000
2018-02-23 11:03:50,0.00057694,41.00000000
2018-02-23 11:03:55,0.00057698,5.00000000
2018-02-23 11:03:55,0.00057700,23.00000000
2018-02-23 11:03:57,0.00057700,20.00000000
2018-02-23 11:03:57,0.00057700,40.00000000
2018-02-23 11:03:59,0.00057701,5.00000000
2018-02-23 11:03:59,0.00057700,12.00000000
2018-02-23 11:04:00,0.00057700,408.00000000
2018-02-23 11:04:01,0.00057700,415.00000000
2018-02-23 11:04:01,0.00057693,15.00000000
2018-02-23 11:04:01,0.00057692,693.00000000
2018-02-23 11:04:01,0.00057625,13.00000000
2018-02-23 11:04:01,0.00057607,35.00000000
2018-02-23 11:04:01,0.00057606,170.00000000
2018-02-23 11:04:01,0.00057605,19.00000000
2018-02-23 11:04:01,0.00057581,2.00000000
2018-02-23 11:04:02,0.00057700,14.00000000
2018-02-23 11:04:03,0.00057710,14.00000000
2018-02-23 11:04:04,0.00057700,262.00000000
2018-02-23 11:04:04,0.00057700,314.00000000
2018-02-23 11:04:04,0.00057700,179.00000000
2018-02-23 11:04:06,0.00057700,653.00000000
2018-02-23 11:04:06,0.00057700,125.00000000
2018-02-23 11:04:07,0.00057700,4918.00000000
2018-02-23 11:04:08,0.00057693,5.00000000
2018-02-23 11:04:08,0.00057578,170.00000000
2018-02-23 11:04:08,0.00057576,14.00000000
2018-02-23 11:04:09,0.00057636,134.00000000
2018-02-23 11:04:09,0.00057636,36.00000000
2018-02-23 11:04:09,0.00057638,13.00000000
2018-02-23 11:04:09,0.00057638,27.00000000
2018-02-23 11:04:10,0.00057638,49.00000000
2018-02-23 11:04:10,0.00057636,17.00000000
2018-02-23 11:04:13,0.00057602,10.00000000
2018-02-23 11:04:13,0.00057601,75.00000000
2018-02-23 11:04:14,0.00057693,49.00000000
2018-02-23 11:04:18,0.00057693,4.00000000
2018-02-23 11:04:19,0.00057693,27.00000000
2018-02-23 11:04:22,0.00057692,20.00000000
2018-02-23 11:04:22,0.00057693,9.00000000
2018-02-23 11:04:22,0.00057704,74.00000000
2018-02-23 11:04:36,0.00057688,136.00000000
2018-02-23 11:04:38,0.00057634,3.00000000
2018-02-23 11:04:50,0.00057636,7.00000000
2018-02-23 11:04:51,0.00057636,10.00000000
2018-02-23 11:04:51,0.00057635,8.00000000
2018-02-23 11:04:52,0.00057629,2.00000000
2018-02-23 11:04:53,0.00057629,6.00000000
2018-02-23 11:04:55,0.00057621,19.00000000
2018-02-23 11:04:55,0.00057620,15.00000000
2018-02-23 11:04:55,0.00057617,84.00000000
2018-02-23 11:04:56,0.00057607,40.00000000
2018-02-23 11:04:56,0.00057601,5.00000000
2018-02-23 11:05:00,0.00057600,25.00000000
2018-02-23 11:05:00,0.00057600,45.00000000
2018-02-23 11:05:00,0.00057600,45.00000000
2018-02-23 11:05:01,0.00057600,16.00000000
2018-02-23 11:05:02,0.00057599,29.00000000
2018-02-23 11:05:02,0.00057600,94.00000000
2018-02-23 11:05:04,0.00057670,5.00000000
2018-02-23 11:05:04,0.00057670,5.00000000
2018-02-23 11:05:04,0.00057670,17.00000000
2018-02-23 11:05:05,0.00057602,5.00000000
2018-02-23 11:05:12,0.00057659,18.00000000
2018-02-23 11:05:12,0.00057660,5.00000000
2018-02-23 11:05:12,0.00057686,21.00000000
2018-02-23 11:05:12,0.00057688,84.00000000
2018-02-23 11:05:12,0.00057689,5.00000000
2018-02-23 11:05:12,0.00057690,67.00000000
2018-02-23 11:05:20,0.00057604,10.00000000
2018-02-23 11:05:20,0.00057603,39.00000000
2018-02-23 11:05:28,0.00057606,8.00000000
2018-02-23 11:05:28,0.00057606,8.00000000
2018-02-23 11:05:32,0.00057602,10.00000000
2018-02-23 11:05:32,0.00057601,5.00000000
2018-02-23 11:05:38,0.00057601,146.00000000
2018-02-23 11:05:38,0.00057600,371.00000000
2018-02-23 11:05:40,0.00057606,14.00000000
2018-02-23 11:05:40,0.00057653,3.00000000
2018-02-23 11:05:41,0.00057653,13.00000000
2018-02-23 11:05:41,0.00057655,2.00000000
2018-02-23 11:05:41,0.00057690,2.00000000
2018-02-23 11:05:43,0.00057613,10.00000000
2018-02-23 11:05:43,0.00057612,15.00000000
2018-02-23 11:05:43,0.00057606,44.00000000
2018-02-23 11:05:47,0.00057607,24.00000000
2018-02-23 11:05:47,0.00057606,659.00000000
2018-02-23 11:05:47,0.00057600,2119.00000000
2018-02-23 11:05:49,0.00057607,13.00000000
2018-02-23 11:05:49,0.00057601,5.00000000
2018-02-23 11:05:49,0.00057600,3240.00000000
2018-02-23 11:05:51,0.00057600,191.00000000
2018-02-23 11:06:01,0.00057602,8.00000000
2018-02-23 11:06:01,0.00057600,452.00000000
2018-02-23 11:06:03,0.00057650,14.00000000
2018-02-23 11:06:10,0.00057634,6.00000000
2018-02-23 11:06:10,0.00057605,8.00000000
2018-02-23 11:06:10,0.00057603,5.00000000
2018-02-23 11:06:10,0.00057602,2.00000000
2018-02-23 11:06:12,0.00057644,8.00000000
2018-02-23 11:06:16,0.00057650,40.00000000
2018-02-23 11:06:18,0.00057650,52.00000000
2018-02-23 11:06:18,0.00057603,99.00000000
2018-02-23 11:06:18,0.00057602,177.00000000
2018-02-23 11:06:21,0.00057603,2.00000000
2018-02-23 11:06:22,0.00057606,7.00000000
2018-02-23 11:06:22,0.00057606,1.00000000
2018-02-23 11:06:22,0.00057605,6.00000000
2018-02-23 11:06:23,0.00057606,7.00000000
2018-02-23 11:06:23,0.00057656,12.00000000
2018-02-23 11:06:23,0.00057660,15.00000000
2018-02-23 11:06:23,0.00057605,2.00000000
2018-02-23 11:06:23,0.00057602,5.00000000
2018-02-23 11:06:23,0.00057600,8.00000000
2018-02-23 11:06:24,0.00057605,13.00000000
2018-02-23 11:06:25,0.00057602,4.00000000
2018-02-23 11:06:25,0.00057600,820.00000000
2018-02-23 11:06:28,0.00057647,8.00000000
2018-02-23 11:06:28,0.00057653,40.00000000
2018-02-23 11:06:28,0.00057661,8.00000000
2018-02-23 11:06:28,0.00057664,8.00000000
2018-02-23 11:06:29,0.00057605,12.00000000
2018-02-23 11:06:29,0.00057604,8.00000000
2018-02-23 11:06:29,0.00057600,977.00000000
2018-02-23 11:06:29,0.00057606,6.00000000
2018-02-23 11:06:36,0.00057644,10.00000000
2018-02-23 11:06:36,0.00057645,8.00000000
2018-02-23 11:06:36,0.00057647,2.00000000
2018-02-23 11:06:37,0.00057635,8.00000000
2018-02-23 11:06:40,0.00057653,40.00000000
2018-02-23 11:06:41,0.00057610,15.00000000
2018-02-23 11:06:52,0.00057645,10.00000000
2018-02-23 11:06:52,0.00057646,40.00000000
2018-02-23 11:06:54,0.00057645,5.00000000
2018-02-23 11:07:12,0.00057656,3.00000000
2018-02-23 11:07:28,0.00057658,3.00000000
2018-02-23 11:07:29,0.00057650,3.00000000
2018-02-23 11:07:44,0.00057650,7.00000000
2018-02-23 11:07:52,0.00057656,10.00000000
2018-02-23 11:07:52,0.00057658,37.00000000
2018-02-23 11:07:52,0.00057688,8.00000000
2018-02-23 11:07:52,0.00057690,253.00000000
2018-02-23 11:07:52,0.00057699,3.00000000
2018-02-23 11:07:52,0.00057700,2.00000000
2018-02-23 11:07:52,0.00057703,62.00000000
2018-02-23 11:07:53,0.00057650,11.00000000
2018-02-23 11:08:00,0.00057658,40.00000000
2018-02-23 11:08:01,0.00057703,10.00000000
2018-02-23 11:08:01,0.00057704,36.00000000
2018-02-23 11:08:01,0.00057705,5.00000000
2018-02-23 11:08:07,0.00057651,10.00000000
2018-02-23 11:08:11,0.00057658,40.00000000
2018-02-23 11:08:15,0.00057653,4.00000000
2018-02-23 11:08:18,0.00057702,4.00000000
2018-02-23 11:08:20,0.00057702,3.00000000
2018-02-23 11:08:20,0.00057710,34.00000000
2018-02-23 11:08:22,0.00057660,15.00000000
2018-02-23 11:08:23,0.00057656,25.00000000
2018-02-23 11:08:24,0.00057700,6.00000000
2018-02-23 11:08:24,0.00057655,15.00000000
2018-02-23 11:08:24,0.00057710,7.00000000
2018-02-23 11:08:24,0.00057710,7.00000000
2018-02-23 11:08:24,0.00057710,37.00000000
2018-02-23 11:08:26,0.00057765,11.00000000
2018-02-23 11:08:28,0.00057710,50.00000000
2018-02-23 11:08:31,0.00057713,15.00000000
2018-02-23 11:08:31,0.00057710,96.00000000
2018-02-23 11:08:32,0.00057715,8.00000000
2018-02-23 11:08:32,0.00057710,23.00000000
2018-02-23 11:08:32,0.00057656,9.00000000
2018-02-23 11:08:36,0.00057758,20.00000000
2018-02-23 11:08:38,0.00057755,15.00000000
2018-02-23 11:08:38,0.00057758,12.00000000
2018-02-23 11:08:38,0.00057762,8.00000000
2018-02-23 11:08:38,0.00057765,4.00000000
2018-02-23 11:08:38,0.00057767,13.00000000
2018-02-23 11:08:38,0.00057768,5.00000000
2018-02-23 11:08:38,0.00057769,410.00000000
2018-02-23 11:08:38,0.00057713,3.00000000
2018-02-23 11:08:43,0.00057713,7.00000000
2018-02-23 11:08:43,0.00057712,8.00000000
2018-02-23 11:08:43,0.00057710,25.00000000
2018-02-23 11:08:45,0.00057753,10.00000000
2018-02-23 11:08:45,0.00057754,4.00000000
2018-02-23 11:08:45,0.00057755,8.00000000
2018-02-23 11:08:45,0.00057769,2.00000000
2018-02-23 11:08:45,0.00057769,21.00000000
2018-02-23 11:08:49,0.00057789,10.00000000
2018-02-23 11:08:49,0.00057790,156.00000000
2018-02-23 11:08:49,0.00057791,1527.00000000
2018-02-23 11:08:49,0.00057791,51.00000000
2018-02-23 11:08:50,0.00057791,31.00000000
2018-02-23 11:08:50,0.00057791,31.00000000
2018-02-23 11:08:50,0.00057800,10.00000000
2018-02-23 11:08:50,0.00057791,22.00000000
2018-02-23 11:08:51,0.00057791,203.00000000
2018-02-23 11:08:52,0.00057792,5.00000000
2018-02-23 11:08:55,0.00057791,40.00000000
2018-02-23 11:08:56,0.00057791,324.00000000
2018-02-23 11:08:56,0.00057791,111.00000000
2018-02-23 11:08:59,0.00057797,19.00000000
2018-02-23 11:08:59,0.00057798,1432.00000000
2018-02-23 11:08:59,0.00057799,5.00000000
2018-02-23 11:08:59,0.00057800,340.00000000
2018-02-23 11:08:59,0.00057810,204.00000000
2018-02-23 11:09:00,0.00057791,281.00000000
2018-02-23 11:09:00,0.00057810,10.00000000
2018-02-23 11:09:06,0.00057791,40.00000000
2018-02-23 11:09:12,0.00057791,6.00000000
2018-02-23 11:09:13,0.00057791,220.00000000
2018-02-23 11:09:16,0.00057791,40.00000000
2018-02-23 11:09:19,0.00057791,51.00000000
2018-02-23 11:09:19,0.00057791,12.00000000
2018-02-23 11:09:19,0.00057791,12.00000000
2018-02-23 11:09:19,0.00057791,13.00000000
2018-02-23 11:09:19,0.00057791,17.00000000
2018-02-23 11:09:19,0.00057791,27.00000000
2018-02-23 11:09:26,0.00057791,21.00000000
2018-02-23 11:09:27,0.00057724,19.00000000
2018-02-23 11:09:27,0.00057798,4.00000000
2018-02-23 11:09:27,0.00057800,77.00000000
2018-02-23 11:09:28,0.00057799,5.00000000
2018-02-23 11:09:28,0.00057800,221.00000000
2018-02-23 11:09:30,0.00057799,10.00000000
2018-02-23 11:09:30,0.00057799,7.00000000
2018-02-23 11:09:31,0.00057729,7.00000000
2018-02-23 11:09:31,0.00057798,5.00000000
2018-02-23 11:09:31,0.00057799,171.00000000
2018-02-23 11:09:32,0.00057798,10.00000000
2018-02-23 11:09:32,0.00057799,18.00000000
2018-02-23 11:09:32,0.00057800,96.00000000
2018-02-23 11:09:33,0.00057735,29.00000000
2018-02-23 11:09:33,0.00057734,8.00000000
2018-02-23 11:09:33,0.00057729,1.00000000
2018-02-23 11:09:33,0.00057712,215.00000000
2018-02-23 11:09:33,0.00057796,16.00000000
2018-02-23 11:09:33,0.00057796,3.00000000
2018-02-23 11:09:34,0.00057797,8.00000000
2018-02-23 11:09:34,0.00057799,4.00000000
2018-02-23 11:09:36,0.00057796,15.00000000
2018-02-23 11:09:36,0.00057793,7.00000000
2018-02-23 11:09:36,0.00057793,7.00000000
2018-02-23 11:09:37,0.00057793,3.00000000
2018-02-23 11:09:37,0.00057793,8.00000000
2018-02-23 11:09:41,0.00057793,6.00000000
2018-02-23 11:09:42,0.00057799,1.00000000
2018-02-23 11:09:42,0.00057800,999.00000000
2018-02-23 11:09:42,0.00057800,5.00000000
2018-02-23 11:09:43,0.00057800,953.00000000
2018-02-23 11:09:43,0.00057800,39.00000000
2018-02-23 11:09:49,0.00057750,7.00000000
2018-02-23 11:09:52,0.00057740,5.00000000
2018-02-23 11:09:52,0.00057739,207.00000000
2018-02-23 11:09:57,0.00057751,5.00000000
2018-02-23 11:09:57,0.00057750,34.00000000
2018-02-23 11:09:59,0.00057791,8.00000000
2018-02-23 11:10:03,0.00057791,7.00000000
2018-02-23 11:10:04,0.00057791,39.00000000
2018-02-23 11:10:04,0.00057791,32.00000000
2018-02-23 11:10:10,0.00057792,9.00000000
2018-02-23 11:10:10,0.00057791,261.00000000
2018-02-23 11:10:17,0.00057791,20.00000000
2018-02-23 11:10:18,0.00057793,18.00000000
2018-02-23 11:10:21,0.00057793,22.00000000
2018-02-23 11:10:21,0.00057810,9.00000000
2018-02-23 11:10:21,0.00057811,19.00000000
2018-02-23 11:10:22,0.00057793,4.00000000
2018-02-23 11:10:28,0.00057793,40.00000000
2018-02-23 11:10:29,0.00057811,1.00000000
2018-02-23 11:10:29,0.00057813,3.00000000
2018-02-23 11:10:39,0.00057811,6.00000000
2018-02-23 11:10:41,0.00057793,14.00000000
2018-02-23 11:10:42,0.00057791,22.00000000
2018-02-23 11:10:43,0.00057793,17.00000000
2018-02-23 11:10:48,0.00057792,8.00000000
2018-02-23 11:10:52,0.00057792,12.00000000
2018-02-23 11:10:53,0.00057793,9.00000000
2018-02-23 11:10:53,0.00057813,41.00000000
2018-02-23 11:10:55,0.00057792,4.00000000
2018-02-23 11:10:57,0.00057792,4.00000000
2018-02-23 11:10:59,0.00057791,15.00000000
2018-02-23 11:11:11,0.00057791,89.00000000
2018-02-23 11:11:12,0.00057791,7.00000000
2018-02-23 11:11:12,0.00057791,47.00000000
2018-02-23 11:11:21,0.00057791,8.00000000
2018-02-23 11:11:28,0.00057791,129.00000000
2018-02-23 11:11:30,0.00057791,44.00000000
2018-02-23 11:11:33,0.00057790,5.00000000
2018-02-23 11:11:33,0.00057791,280.00000000
2018-02-23 11:11:33,0.00057791,99.00000000
2018-02-23 11:11:34,0.00057791,100.00000000
2018-02-23 11:11:35,0.00057757,4.00000000
2018-02-23 11:11:53,0.00057789,148.00000000
2018-02-23 11:11:59,0.00057758,141.00000000
2018-02-23 11:12:07,0.00057758,47.00000000
2018-02-23 11:12:08,0.00057787,2.00000000
2018-02-23 11:12:08,0.00057787,2.00000000
2018-02-23 11:12:11,0.00057787,60.00000000
2018-02-23 11:12:15,0.00057787,8.00000000
2018-02-23 11:12:23,0.00057787,26.00000000
2018-02-23 11:12:23,0.00057759,5.00000000
2018-02-23 11:12:23,0.00057758,226.00000000
2018-02-23 11:12:27,0.00057758,587.00000000
2018-02-23 11:12:27,0.00057789,40.00000000
2018-02-23 11:12:28,0.00057790,45.00000000
2018-02-23 11:12:28,0.00057790,10.00000000
2018-02-23 11:12:34,0.00057791,9.00000000
2018-02-23 11:12:34,0.00057790,100.00000000
2018-02-23 11:12:34,0.00057790,4.00000000
2018-02-23 11:12:34,0.00057790,40.00000000
2018-02-23 11:12:35,0.00057791,242.00000000
2018-02-23 11:12:39,0.00057791,41.00000000
2018-02-23 11:12:39,0.00057791,9.00000000
2018-02-23 11:12:41,0.00057791,10.00000000
2018-02-23 11:12:44,0.00057790,31.00000000
2018-02-23 11:12:46,0.00057757,5.00000000
2018-02-23 11:12:46,0.00057750,96.00000000
2018-02-23 11:12:46,0.00057740,2.00000000
2018-02-23 11:12:46,0.00057705,382.00000000
2018-02-23 11:12:46,0.00057700,86.00000000
2018-02-23 11:12:46,0.00057650,16.00000000
2018-02-23 11:12:46,0.00057646,44.00000000
2018-02-23 11:12:49,0.00057787,9.00000000
2018-02-23 11:12:53,0.00057791,5.00000000
2018-02-23 11:12:53,0.00057791,4.00000000
2018-02-23 11:12:53,0.00057791,5.00000000
2018-02-23 11:12:54,0.00057791,44.00000000
2018-02-23 11:12:54,0.00057792,8.00000000
2018-02-23 11:12:54,0.00057793,6.00000000
2018-02-23 11:12:54,0.00057790,22.00000000
2018-02-23 11:12:55,0.00057791,5.00000000
2018-02-23 11:12:55,0.00057789,18.00000000
2018-02-23 11:12:55,0.00057789,18.00000000
2018-02-23 11:12:56,0.00057788,18.00000000
2018-02-23 11:13:00,0.00057788,25.00000000
2018-02-23 11:13:00,0.00057789,4.00000000
2018-02-23 11:13:01,0.00057790,21.00000000
2018-02-23 11:13:04,0.00057766,8.00000000
2018-02-23 11:13:04,0.00057764,10.00000000
2018-02-23 11:13:04,0.00057762,4.00000000
2018-02-23 11:13:04,0.00057759,8.00000000
2018-02-23 11:13:04,0.00057751,43.00000000
2018-02-23 11:13:10,0.00057768,8.00000000
2018-02-23 11:13:10,0.00057751,37.00000000
2018-02-23 11:13:10,0.00057750,26.00000000
2018-02-23 11:13:10,0.00057657,42.00000000
2018-02-23 11:13:14,0.00057669,4.00000000
2018-02-23 11:13:16,0.00057676,10.00000000
2018-02-23 11:13:16,0.00057675,15.00000000
2018-02-23 11:13:16,0.00057619,24.00000000
2018-02-23 11:13:16,0.00057603,28.00000000
2018-02-23 11:13:16,0.00057602,27.00000000
2018-02-23 11:13:20,0.00057762,6.00000000
2018-02-23 11:13:20,0.00057687,19.00000000
2018-02-23 11:13:20,0.00057686,8.00000000
2018-02-23 11:13:20,0.00057603,4.00000000
2018-02-23 11:13:20,0.00057602,77.00000000
2018-02-23 11:13:21,0.00057607,39.00000000
2018-02-23 11:13:22,0.00057758,14.00000000
2018-02-23 11:13:23,0.00057759,26.00000000
2018-02-23 11:13:29,0.00057744,48.00000000
2018-02-23 11:13:30,0.00057742,4.00000000
2018-02-23 11:13:31,0.00057623,62.00000000
2018-02-23 11:13:31,0.00057622,20.00000000
2018-02-23 11:13:31,0.00057621,44.00000000
2018-02-23 11:13:31,0.00057619,4.00000000
2018-02-23 11:13:31,0.00057609,122.00000000
2018-02-23 11:13:31,0.00057603,295.00000000
2018-02-23 11:13:31,0.00057602,122.00000000
2018-02-23 11:13:34,0.00057718,20.00000000
2018-02-23 11:13:34,0.00057720,15.00000000
2018-02-23 11:13:34,0.00057723,34.00000000
2018-02-23 11:13:36,0.00057642,15.00000000
2018-02-23 11:13:36,0.00057638,20.00000000
2018-02-23 11:13:36,0.00057637,5.00000000
2018-02-23 11:13:36,0.00057636,211.00000000
2018-02-23 11:13:36,0.00057602,53.00000000
2018-02-23 11:13:47,0.00057687,10.00000000
2018-02-23 11:13:47,0.00057688,15.00000000
2018-02-23 11:13:47,0.00057694,4.00000000
2018-02-23 11:13:47,0.00057695,71.00000000
2018-02-23 11:13:47,0.00057695,15.00000000
2018-02-23 11:13:47,0.00057716,1.00000000
2018-02-23 11:13:47,0.00057686,15.00000000
2018-02-23 11:13:48,0.00057630,10.00000000
2018-02-23 11:13:48,0.00057629,8.00000000
2018-02-23 11:13:48,0.00057620,296.00000000
2018-02-23 11:13:48,0.00057602,1133.00000000
2018-02-23 11:13:48,0.00057686,1.00000000
2018-02-23 11:13:48,0.00057687,19.00000000
2018-02-23 11:13:51,0.00057706,73.00000000
2018-02-23 11:13:51,0.00057707,20.00000000
2018-02-23 11:13:51,0.00057709,4.00000000
2018-02-23 11:13:54,0.00057718,30.00000000
2018-02-23 11:13:54,0.00057719,122.00000000
2018-02-23 11:13:58,0.00057734,16.00000000
2018-02-23 11:14:05,0.00057754,4.00000000
2018-02-23 11:14:07,0.00057787,14.00000000
2018-02-23 11:14:07,0.00057795,7.00000000
2018-02-23 11:14:11,0.00057742,10.00000000
2018-02-23 11:14:11,0.00057741,15.00000000
2018-02-23 11:14:11,0.00057737,8.00000000
2018-02-23 11:14:11,0.00057735,7.00000000
2018-02-23 11:14:11,0.00057744,8.00000000
2018-02-23 11:14:11,0.00057735,47.00000000
2018-02-23 11:14:11,0.00057734,230.00000000
2018-02-23 11:14:21,0.00057734,40.00000000
2018-02-23 11:14:21,0.00057734,5.00000000
2018-02-23 11:14:22,0.00057785,5.00000000
2018-02-23 11:14:27,0.00057784,5.00000000
2018-02-23 11:14:27,0.00057785,5.00000000
2018-02-23 11:14:27,0.00057790,4.00000000
2018-02-23 11:14:30,0.00057790,11.00000000
2018-02-23 11:14:31,0.00057790,92.00000000
2018-02-23 11:14:32,0.00057790,40.00000000
2018-02-23 11:14:33,0.00057790,17.00000000
2018-02-23 11:14:33,0.00057790,16.00000000
2018-02-23 11:14:35,0.00057790,251.00000000
2018-02-23 11:14:37,0.00057793,8.00000000
2018-02-23 11:14:37,0.00057795,18.00000000
2018-02-23 11:14:39,0.00057795,46.00000000
2018-02-23 11:14:39,0.00057795,8.00000000
2018-02-23 11:14:40,0.00057795,4.00000000
2018-02-23 11:14:40,0.00057795,17.00000000
2018-02-23 11:14:43,0.00057795,40.00000000
2018-02-23 11:14:44,0.00057795,50.00000000
2018-02-23 11:14:47,0.00057795,13.00000000
2018-02-23 11:14:53,0.00057795,40.00000000
2018-02-23 11:14:54,0.00057800,2.00000000
2018-02-23 11:14:54,0.00057800,3.00000000
2018-02-23 11:14:54,0.00057800,5.00000000
2018-02-23 11:14:56,0.00057800,13.00000000
2018-02-23 11:14:57,0.00057800,55.00000000
2018-02-23 11:15:05,0.00057800,40.00000000
2018-02-23 11:15:05,0.00057818,33.00000000
2018-02-23 11:15:05,0.00057820,67.00000000
2018-02-23 11:15:08,0.00057820,49.00000000
2018-02-23 11:15:08,0.00057800,30.00000000
2018-02-23 11:15:10,0.00057800,389.00000000
2018-02-23 11:15:15,0.00057800,40.00000000
2018-02-23 11:15:16,0.00057800,2.00000000
2018-02-23 11:15:18,0.00057820,7.00000000
2018-02-23 11:15:21,0.00057820,98.00000000
2018-02-23 11:15:27,0.00057800,4.00000000
2018-02-23 11:15:27,0.00057808,40.00000000
2018-02-23 11:15:27,0.00057820,14.00000000
2018-02-23 11:15:32,0.00057821,264.00000000
2018-02-23 11:15:38,0.00057821,336.00000000
2018-02-23 11:15:39,0.00057821,40.00000000
2018-02-23 11:15:42,0.00057850,5.00000000
2018-02-23 11:15:46,0.00057823,1.00000000
2018-02-23 11:15:50,0.00057825,8.00000000
2018-02-23 11:15:50,0.00057823,7.00000000
2018-02-23 11:15:50,0.00057822,5.00000000
2018-02-23 11:15:50,0.00057821,20.00000000
2018-02-23 11:15:52,0.00057848,16.00000000
2018-02-23 11:15:52,0.00057850,124.00000000
2018-02-23 11:16:01,0.00057851,5.00000000
2018-02-23 11:16:01,0.00057850,35.00000000
2018-02-23 11:16:03,0.00057850,50.00000000
2018-02-23 11:16:09,0.00057850,155.00000000
2018-02-23 11:16:10,0.00057850,40.00000000
2018-02-23 11:16:13,0.00057850,67.00000000
2018-02-23 11:16:21,0.00057827,15.00000000
2018-02-23 11:16:22,0.00057848,8.00000000
2018-02-23 11:16:22,0.00057849,13.00000000
2018-02-23 11:16:32,0.00057849,32.00000000
2018-02-23 11:16:33,0.00057827,140.00000000
2018-02-23 11:16:38,0.00057850,22.00000000
2018-02-23 11:16:44,0.00057850,108.00000000
2018-02-23 11:16:46,0.00057850,6.00000000
2018-02-23 11:17:00,0.00057849,40.00000000
2018-02-23 11:17:03,0.00057850,5.00000000
2018-02-23 11:17:04,0.00057850,44.00000000
2018-02-23 11:17:05,0.00057850,4.00000000
2018-02-23 11:17:09,0.00057850,145.00000000
2018-02-23 11:17:09,0.00057849,291.00000000
2018-02-23 11:17:10,0.00057857,8.00000000
2018-02-23 11:17:11,0.00057858,8.00000000
2018-02-23 11:17:11,0.00057858,51.00000000
2018-02-23 11:17:11,0.00057858,51.00000000
2018-02-23 11:17:11,0.00057858,51.00000000
2018-02-23 11:17:11,0.00057858,91.00000000
2018-02-23 11:17:11,0.00057849,51.00000000
2018-02-23 11:17:27,0.00057850,40.00000000
2018-02-23 11:17:32,0.00057850,55.00000000
2018-02-23 11:17:33,0.00057858,117.00000000
2018-02-23 11:17:33,0.00057873,2.00000000
2018-02-23 11:17:33,0.00057876,19.00000000
2018-02-23 11:17:45,0.00057857,40.00000000
2018-02-23 11:17:45,0.00057876,33.00000000
2018-02-23 11:17:45,0.00057888,630.00000000
2018-02-23 11:17:45,0.00057889,183.00000000
2018-02-23 11:17:48,0.00057887,4.00000000
2018-02-23 11:17:50,0.00057887,1.00000000
2018-02-23 11:17:50,0.00057889,523.00000000
2018-02-23 11:17:50,0.00057890,745.00000000
2018-02-23 11:17:52,0.00057873,6.00000000
2018-02-23 11:17:54,0.00057874,5.00000000
2018-02-23 11:17:54,0.00057873,35.00000000
2018-02-23 11:17:56,0.00057889,5.00000000
2018-02-23 11:17:56,0.00057890,840.00000000
2018-02-23 11:17:56,0.00057896,12.00000000
2018-02-23 11:17:56,0.00057899,412.00000000
2018-02-23 11:17:57,0.00057896,10.00000000
2018-02-23 11:17:57,0.00057898,5.00000000
2018-02-23 11:17:57,0.00057899,157.00000000
2018-02-23 11:18:04,0.00057875,8.00000000
2018-02-23 11:18:04,0.00057873,32.00000000
2018-02-23 11:18:04,0.00057896,8.00000000
2018-02-23 11:18:04,0.00057899,490.00000000
2018-02-23 11:18:04,0.00057900,561.00000000
2018-02-23 11:18:05,0.00057899,3.00000000
2018-02-23 11:18:05,0.00057899,7.00000000
2018-02-23 11:18:06,0.00057899,6.00000000
2018-02-23 11:18:07,0.00057899,138.00000000
2018-02-23 11:18:07,0.00057899,19.00000000
2018-02-23 11:18:12,0.00057899,28.00000000
2018-02-23 11:18:15,0.00057899,40.00000000
2018-02-23 11:18:15,0.00057899,7.00000000
2018-02-23 11:18:15,0.00057899,19.00000000
2018-02-23 11:18:18,0.00057899,53.00000000
2018-02-23 11:18:20,0.00057877,115.00000000
2018-02-23 11:18:20,0.00057873,85.00000000
2018-02-23 11:18:28,0.00057877,5.00000000
2018-02-23 11:18:31,0.00057877,35.00000000
2018-02-23 11:18:34,0.00057880,4.00000000
2018-02-23 11:18:34,0.00057876,4.00000000
2018-02-23 11:18:34,0.00057876,9.00000000
2018-02-23 11:18:34,0.00057878,2.00000000
2018-02-23 11:18:35,0.00057876,24.00000000
2018-02-23 11:18:35,0.00057876,36.00000000
2018-02-23 11:18:36,0.00057876,21.00000000
2018-02-23 11:18:36,0.00057876,21.00000000
2018-02-23 11:18:37,0.00057876,210.00000000
2018-02-23 11:18:37,0.00057877,282.00000000
2018-02-23 11:18:40,0.00057876,193.00000000
2018-02-23 11:18:40,0.00057876,17.00000000
2018-02-23 11:18:40,0.00057877,86.00000000
2018-02-23 11:18:40,0.00057878,2.00000000
2018-02-23 11:18:40,0.00057880,3.00000000
2018-02-23 11:18:42,0.00057876,143.00000000
2018-02-23 11:18:42,0.00057880,1.00000000
2018-02-23 11:18:42,0.00057897,8.00000000
2018-02-23 11:18:42,0.00057898,29.00000000
2018-02-23 11:18:42,0.00057877,6.00000000
2018-02-23 11:18:42,0.00057876,130.00000000
2018-02-23 11:18:45,0.00057873,20.00000000
2018-02-23 11:18:47,0.00057875,5.00000000
2018-02-23 11:18:49,0.00057875,3.00000000
2018-02-23 11:18:49,0.00057873,4.00000000
2018-02-23 11:18:49,0.00057850,90.00000000
2018-02-23 11:18:51,0.00057877,8.00000000
2018-02-23 11:18:52,0.00057850,9.00000000
2018-02-23 11:18:54,0.00057850,94.00000000
2018-02-23 11:18:54,0.00057849,607.00000000
2018-02-23 11:18:55,0.00057849,149.00000000
2018-02-23 11:18:56,0.00057849,43.00000000
2018-02-23 11:18:56,0.00057850,23.00000000
2018-02-23 11:18:56,0.00057849,436.00000000
2018-02-23 11:18:57,0.00057850,29.00000000
2018-02-23 11:19:01,0.00057896,16.00000000
2018-02-23 11:19:01,0.00057898,53.00000000
2018-02-23 11:19:01,0.00057899,2.00000000
2018-02-23 11:19:02,0.00057851,86.00000000
2018-02-23 11:19:03,0.00057851,8.00000000
2018-02-23 11:19:03,0.00057851,73.00000000
2018-02-23 11:19:03,0.00057851,18.00000000
2018-02-23 11:19:04,0.00057852,5.00000000
2018-02-23 11:19:09,0.00057853,9.00000000
2018-02-23 11:19:11,0.00057853,71.00000000
2018-02-23 11:19:11,0.00057853,53.00000000
2018-02-23 11:19:15,0.00057853,86.00000000
2018-02-23 11:19:20,0.00057855,8.00000000
2018-02-23 11:19:25,0.00057855,53.00000000
2018-02-23 11:19:25,0.00057853,3.00000000
2018-02-23 11:19:26,0.00057853,8.00000000
2018-02-23 11:19:28,0.00057853,28.00000000
2018-02-23 11:19:28,0.00057876,22.00000000
2018-02-23 11:19:30,0.00057851,8.00000000
2018-02-23 11:19:32,0.00057853,8.00000000
2018-02-23 11:19:39,0.00057851,80.00000000
2018-02-23 11:19:39,0.00057851,10.00000000
2018-02-23 11:19:44,0.00057851,24.00000000
2018-02-23 11:19:46,0.00057851,11.00000000
2018-02-23 11:19:48,0.00057851,104.00000000
2018-02-23 11:19:51,0.00057853,11.00000000
2018-02-23 11:19:52,0.00057874,8.00000000
2018-02-23 11:19:52,0.00057876,68.00000000
2018-02-23 11:19:52,0.00057895,108.00000000
2018-02-23 11:19:52,0.00057896,40.00000000
2018-02-23 11:19:52,0.00057897,5.00000000
2018-02-23 11:19:52,0.00057899,8.00000000
2018-02-23 11:19:53,0.00057899,10.00000000
2018-02-23 11:20:01,0.00057855,40.00000000
2018-02-23 11:20:11,0.00057855,28.00000000
2018-02-23 11:20:11,0.00057853,12.00000000
2018-02-23 11:20:17,0.00057853,50.00000000
2018-02-23 11:20:22,0.00057853,40.00000000
2018-02-23 11:20:22,0.00057896,5.00000000
2018-02-23 11:20:22,0.00057897,32.00000000
2018-02-23 11:20:23,0.00057897,25.00000000
2018-02-23 11:20:28,0.00057897,79.00000000
2018-02-23 11:20:30,0.00057897,5.00000000
2018-02-23 11:20:31,0.00057897,7.00000000
2018-02-23 11:20:33,0.00057897,186.00000000
2018-02-23 11:20:34,0.00057857,8.00000000
2018-02-23 11:20:34,0.00057855,8.00000000
2018-02-23 11:20:37,0.00057855,24.00000000
2018-02-23 11:20:37,0.00057895,16.00000000
2018-02-23 11:20:37,0.00057897,407.00000000
2018-02-23 11:20:37,0.00057898,181.00000000
2018-02-23 11:20:37,0.00057899,35.00000000
2018-02-23 11:20:45,0.00057897,40.00000000
2018-02-23 11:20:45,0.00057897,9.00000000
2018-02-23 11:20:46,0.00057897,23.00000000
2018-02-23 11:20:46,0.00057897,23.00000000
2018-02-23 11:20:46,0.00057897,16.00000000
2018-02-23 11:20:46,0.00057853,3.00000000
2018-02-23 11:21:02,0.00057855,5.00000000
2018-02-23 11:21:02,0.00057854,106.00000000
2018-02-23 11:21:06,0.00057854,124.00000000
2018-02-23 11:21:06,0.00057874,30.00000000
2018-02-23 11:21:21,0.00057855,9.00000000
2018-02-23 11:21:21,0.00057854,55.00000000
2018-02-23 11:21:21,0.00057853,123.00000000
2018-02-23 11:21:23,0.00057853,255.00000000
2018-02-23 11:21:27,0.00057874,71.00000000
2018-02-23 11:21:32,0.00057874,88.00000000
2018-02-23 11:21:34,0.00057880,911.00000000
2018-02-23 11:21:34,0.00057891,6.00000000
2018-02-23 11:21:34,0.00057896,83.00000000
2018-02-23 11:21:36,0.00057896,39.00000000
2018-02-23 11:21:36,0.00057880,55.00000000
2018-02-23 11:21:38,0.00057880,40.00000000
2018-02-23 11:21:39,0.00057880,4.00000000
2018-02-23 11:21:39,0.00057896,9.00000000
2018-02-23 11:21:41,0.00057895,337.00000000
2018-02-23 11:21:46,0.00057894,9.00000000
2018-02-23 11:21:46,0.00057895,91.00000000
2018-02-23 11:21:49,0.00057880,40.00000000
2018-02-23 11:21:49,0.00057885,3.00000000
2018-02-23 11:21:55,0.00057894,58.00000000
2018-02-23 11:21:55,0.00057895,15.00000000
2018-02-23 11:22:00,0.00057885,40.00000000
2018-02-23 11:22:02,0.00057885,20.00000000
2018-02-23 11:22:03,0.00057894,100.00000000
2018-02-23 11:22:06,0.00057894,97.00000000
2018-02-23 11:22:06,0.00057895,1128.00000000
2018-02-23 11:22:08,0.00057895,250.00000000
2018-02-23 11:22:10,0.00057895,225.00000000
2018-02-23 11:22:11,0.00057895,40.00000000
2018-02-23 11:22:12,0.00057895,36.00000000
2018-02-23 11:22:14,0.00057896,4.00000000
2018-02-23 11:22:14,0.00057896,433.00000000
2018-02-23 11:22:14,0.00057897,26.00000000
2018-02-23 11:22:14,0.00057899,267.00000000
2018-02-23 11:22:14,0.00057900,906.00000000
2018-02-23 11:22:16,0.00057898,61.00000000
2018-02-23 11:22:16,0.00057900,339.00000000
2018-02-23 11:22:20,0.00057900,183.00000000
2018-02-23 11:22:21,0.00057900,40.00000000
2018-02-23 11:22:23,0.00057900,36.00000000
2018-02-23 11:22:27,0.00057905,5.00000000
2018-02-23 11:22:27,0.00057920,15.00000000
2018-02-23 11:22:29,0.00057885,7.00000000
2018-02-23 11:22:29,0.00057874,23.00000000
2018-02-23 11:22:29,0.00057853,308.00000000
2018-02-23 11:22:31,0.00057853,1.00000000
2018-02-23 11:22:32,0.00057895,26.00000000
2018-02-23 11:22:34,0.00057893,5.00000000
2018-02-23 11:22:35,0.00057893,53.00000000
2018-02-23 11:22:35,0.00057880,108.00000000
2018-02-23 11:22:36,0.00057880,53.00000000
2018-02-23 11:22:37,0.00057895,14.00000000
2018-02-23 11:22:38,0.00057900,34.00000000
2018-02-23 11:22:43,0.00057880,80.00000000
2018-02-23 11:22:44,0.00057895,9.00000000
2018-02-23 11:22:48,0.00057853,20.00000000
2018-02-23 11:22:50,0.00057857,2.00000000
2018-02-23 11:22:54,0.00057853,141.00000000
2018-02-23 11:22:58,0.00057851,238.00000000
2018-02-23 11:23:34,0.00057851,58.00000000
2018-02-23 11:23:35,0.00057851,168.00000000
2018-02-23 11:23:37,0.00057851,28.00000000
2018-02-23 11:23:38,0.00057850,51.00000000
2018-02-23 11:23:39,0.00057850,51.00000000
2018-02-23 11:23:39,0.00057850,3.00000000
2018-02-23 11:23:39,0.00057849,48.00000000
2018-02-23 11:23:44,0.00057851,3.00000000
2018-02-23 11:23:44,0.00057851,44.00000000
2018-02-23 11:23:44,0.00057851,15.00000000
2018-02-23 11:23:44,0.00057851,17.00000000
2018-02-23 11:23:46,0.00057857,51.00000000
2018-02-23 11:23:46,0.00057857,51.00000000
2018-02-23 11:23:46,0.00057857,51.00000000
2018-02-23 11:23:46,0.00057857,51.00000000
2018-02-23 11:23:46,0.00057857,51.00000000
2018-02-23 11:23:46,0.00057857,43.00000000
2018-02-23 11:23:46,0.00057860,51.00000000
2018-02-23 11:23:47,0.00057860,7.00000000
2018-02-23 11:23:47,0.00057860,51.00000000
2018-02-23 11:23:47,0.00057860,51.00000000
2018-02-23 11:23:47,0.00057860,51.00000000
2018-02-23 11:23:47,0.00057851,46.00000000
2018-02-23 11:23:47,0.00057860,17.00000000
2018-02-23 11:23:59,0.00057860,23.00000000
2018-02-23 11:24:02,0.00057858,11.00000000
2018-02-23 11:24:02,0.00057860,149.00000000
2018-02-23 11:24:02,0.00057895,176.00000000
2018-02-23 11:24:02,0.00057899,15.00000000
2018-02-23 11:24:02,0.00057900,67.00000000
2018-02-23 11:24:12,0.00057857,4.00000000
2018-02-23 11:24:12,0.00057853,36.00000000
2018-02-23 11:24:17,0.00057860,28.00000000
2018-02-23 11:24:23,0.00057860,40.00000000
2018-02-23 11:24:26,0.00057860,15.00000000
2018-02-23 11:24:26,0.00057854,185.00000000
2018-02-23 11:24:26,0.00057854,12.00000000
2018-02-23 11:24:27,0.00057853,179.00000000
2018-02-23 11:24:27,0.00057853,179.00000000
2018-02-23 11:24:27,0.00057853,200.00000000
2018-02-23 11:24:27,0.00057853,4.00000000
2018-02-23 11:24:28,0.00057853,12.00000000
2018-02-23 11:24:31,0.00057888,10.00000000
2018-02-23 11:24:31,0.00057900,12.00000000
2018-02-23 11:24:33,0.00057853,438.00000000
2018-02-23 11:24:35,0.00057853,68.00000000
2018-02-23 11:24:40,0.00057857,40.00000000
2018-02-23 11:24:40,0.00057899,627.00000000
2018-02-23 11:24:43,0.00057852,201.00000000
2018-02-23 11:24:43,0.00057851,45.00000000
2018-02-23 11:24:48,0.00057854,4.00000000
2018-02-23 11:24:50,0.00057856,8.00000000
2018-02-23 11:24:50,0.00057854,4.00000000
2018-02-23 11:24:50,0.00057851,7.00000000
2018-02-23 11:24:52,0.00057857,28.00000000
2018-02-23 11:24:52,0.00057857,12.00000000
2018-02-23 11:24:52,0.00057897,16.00000000
2018-02-23 11:24:52,0.00057898,22.00000000
2018-02-23 11:24:52,0.00057899,102.00000000
2018-02-23 11:24:52,0.00057900,558.00000000
2018-02-23 11:24:52,0.00057905,200.00000000
2018-02-23 11:24:52,0.00057919,151.00000000
2018-02-23 11:24:52,0.00057920,896.00000000
2018-02-23 11:24:56,0.00057920,43.00000000
2018-02-23 11:24:57,0.00057852,3.00000000
2018-02-23 11:24:58,0.00057858,10.00000000
2018-02-23 11:24:58,0.00057857,8.00000000
2018-02-23 11:25:01,0.00057888,8.00000000
2018-02-23 11:25:03,0.00057864,7.00000000
2018-02-23 11:25:04,0.00057860,8.00000000
2018-02-23 11:25:06,0.00057882,3.00000000
2018-02-23 11:25:06,0.00057882,12.00000000
2018-02-23 11:25:06,0.00057886,8.00000000
2018-02-23 11:25:06,0.00057888,26.00000000
2018-02-23 11:25:07,0.00057886,4.00000000
2018-02-23 11:25:08,0.00057862,2.00000000
2018-02-23 11:25:08,0.00057862,6.00000000
2018-02-23 11:25:12,0.00057860,7.00000000
2018-02-23 11:25:14,0.00057860,4.00000000
2018-02-23 11:25:15,0.00057860,6.00000000
2018-02-23 11:25:18,0.00057854,3.00000000
2018-02-23 11:25:19,0.00057854,5.00000000
2018-02-23 11:25:19,0.00057852,227.00000000
2018-02-23 11:25:19,0.00057851,882.00000000
2018-02-23 11:25:20,0.00057851,25.00000000
2018-02-23 11:25:21,0.00057851,1.00000000
2018-02-23 11:25:21,0.00057851,24.00000000
2018-02-23 11:25:25,0.00057851,32.00000000
2018-02-23 11:25:25,0.00057849,277.00000000
2018-02-23 11:25:25,0.00057849,90.00000000
2018-02-23 11:25:25,0.00057849,90.00000000
2018-02-23 11:25:25,0.00057849,1.00000000
2018-02-23 11:25:26,0.00057849,10.00000000
2018-02-23 11:25:26,0.00057851,32.00000000
2018-02-23 11:25:26,0.00057860,24.00000000
2018-02-23 11:25:26,0.00057862,30.00000000
2018-02-23 11:25:26,0.00057880,8.00000000
2018-02-23 11:25:26,0.00057914,8.00000000
2018-02-23 11:25:26,0.00057918,8.00000000
2018-02-23 11:25:26,0.00057919,495.00000000
2018-02-23 11:25:27,0.00057849,15.00000000
2018-02-23 11:25:27,0.00057849,5.00000000
2018-02-23 11:25:28,0.00057850,30.00000000
2018-02-23 11:25:28,0.00057849,30.00000000
2018-02-23 11:25:29,0.00057862,51.00000000
2018-02-23 11:25:29,0.00057855,7.00000000
2018-02-23 11:25:29,0.00057862,49.00000000
2018-02-23 11:25:29,0.00057862,47.00000000
2018-02-23 11:25:29,0.00057861,47.00000000
2018-02-23 11:25:29,0.00057855,8.00000000
2018-02-23 11:25:29,0.00057849,62.00000000
2018-02-23 11:25:36,0.00057823,3.00000000
2018-02-23 11:25:41,0.00057831,20.00000000
2018-02-23 11:25:41,0.00057832,10.00000000
2018-02-23 11:25:41,0.00057833,15.00000000
2018-02-23 11:25:41,0.00057862,35.00000000
2018-02-23 11:25:41,0.00057919,5.00000000
2018-02-23 11:25:41,0.00057922,30.00000000
2018-02-23 11:25:43,0.00057921,10.00000000
2018-02-23 11:25:43,0.00057922,5.00000000
2018-02-23 11:25:45,0.00057920,7.00000000
2018-02-23 11:25:45,0.00057834,86.00000000
2018-02-23 11:25:45,0.00057833,20.00000000
2018-02-23 11:25:45,0.00057831,15.00000000
2018-02-23 11:25:47,0.00057823,15.00000000
2018-02-23 11:25:58,0.00057824,10.00000000
2018-02-23 11:26:02,0.00057845,24.00000000
2018-02-23 11:26:03,0.00057824,23.00000000
2018-02-23 11:26:03,0.00057824,25.00000000
2018-02-23 11:26:03,0.00057845,462.00000000
2018-02-23 11:26:03,0.00057920,20.00000000
2018-02-23 11:26:03,0.00057921,86.00000000
2018-02-23 11:26:03,0.00057922,5.00000000
2018-02-23 11:26:03,0.00057924,30.00000000
2018-02-23 11:26:03,0.00057925,50.00000000
2018-02-23 11:26:03,0.00057949,50.00000000
2018-02-23 11:26:03,0.00057950,265.00000000
2018-02-23 11:26:03,0.00057951,3.00000000
2018-02-23 11:26:03,0.00057964,13.00000000
2018-02-23 11:26:03,0.00057966,132.00000000
2018-02-23 11:26:03,0.00057969,24.00000000
2018-02-23 11:26:03,0.00057980,65.00000000
2018-02-23 11:26:03,0.00057990,56.00000000
2018-02-23 11:26:03,0.00057993,500.00000000
2018-02-23 11:26:03,0.00057994,500.00000000
2018-02-23 11:26:03,0.00057995,200.00000000
2018-02-23 11:26:03,0.00057996,277.00000000
2018-02-23 11:26:03,0.00057997,3133.00000000
2018-02-23 11:26:03,0.00057998,748.00000000
2018-02-23 11:26:08,0.00057997,6.00000000
2018-02-23 11:26:09,0.00057866,10.00000000
2018-02-23 11:26:12,0.00057922,40.00000000
2018-02-23 11:26:12,0.00057922,2.00000000
2018-02-23 11:26:12,0.00057922,3.00000000
2018-02-23 11:26:13,0.00057922,148.00000000
2018-02-23 11:26:14,0.00057923,10.00000000
2018-02-23 11:26:15,0.00057924,19.00000000
2018-02-23 11:26:15,0.00057889,19.00000000
2018-02-23 11:26:21,0.00057888,150.00000000
2018-02-23 11:26:22,0.00057889,40.00000000
2018-02-23 11:26:26,0.00057889,100.00000000
2018-02-23 11:26:26,0.00057922,38.00000000
2018-02-23 11:26:29,0.00057922,285.00000000
2018-02-23 11:26:29,0.00057922,49.00000000
2018-02-23 11:26:32,0.00057922,40.00000000
2018-02-23 11:26:34,0.00057922,23.00000000
2018-02-23 11:26:34,0.00057889,17.00000000
2018-02-23 11:26:38,0.00057922,200.00000000
2018-02-23 11:26:42,0.00057889,40.00000000
2018-02-23 11:26:44,0.00057891,8.00000000
2018-02-23 11:26:44,0.00057889,8.00000000
2018-02-23 11:26:59,0.00057900,11.00000000
2018-02-23 11:27:10,0.00057899,8.00000000
2018-02-23 11:27:13,0.00057899,8.00000000
2018-02-23 11:27:13,0.00057900,35.00000000
2018-02-23 11:27:13,0.00057917,18.00000000
2018-02-23 11:27:13,0.00057918,40.00000000
2018-02-23 11:27:15,0.00057918,40.00000000
2018-02-23 11:27:27,0.00057919,70.00000000
2018-02-23 11:27:27,0.00057918,200.00000000
2018-02-23 11:27:30,0.00057918,6.00000000
2018-02-23 11:27:31,0.00057918,10.00000000
2018-02-23 11:27:33,0.00057918,13.00000000
2018-02-23 11:27:34,0.00057918,30.00000000
2018-02-23 11:27:44,0.00057889,2.00000000
2018-02-23 11:27:45,0.00057889,17.00000000
2018-02-23 11:27:48,0.00057889,25.00000000
2018-02-23 11:27:58,0.00057918,131.00000000
2018-02-23 11:28:00,0.00057918,1.00000000
2018-02-23 11:28:06,0.00057900,53.00000000
2018-02-23 11:28:06,0.00057891,8.00000000
2018-02-23 11:28:06,0.00057889,82.00000000
2018-02-23 11:28:06,0.00057871,4.00000000
2018-02-23 11:28:06,0.00057866,209.00000000
2018-02-23 11:28:06,0.00057855,50.00000000
2018-02-23 11:28:06,0.00057834,6.00000000
2018-02-23 11:28:06,0.00057833,30.00000000
2018-02-23 11:28:06,0.00057831,18.00000000
2018-02-23 11:28:08,0.00057899,4.00000000
2018-02-23 11:28:09,0.00057899,2.00000000
2018-02-23 11:28:12,0.00057915,10.00000000
2018-02-23 11:28:12,0.00057916,8.00000000
2018-02-23 11:28:12,0.00057918,59.00000000
2018-02-23 11:28:12,0.00057919,95.00000000
2018-02-23 11:28:17,0.00057918,28.00000000
2018-02-23 11:28:17,0.00057919,81.00000000
2018-02-23 11:28:17,0.00057922,144.00000000
2018-02-23 11:28:18,0.00057889,36.00000000
2018-02-23 11:28:19,0.00057922,51.00000000
2018-02-23 11:28:19,0.00057889,199.00000000
2018-02-23 11:28:20,0.00057922,2.00000000
2018-02-23 11:28:21,0.00057891,8.00000000
2018-02-23 11:28:21,0.00057889,79.00000000
2018-02-23 11:28:23,0.00057918,3.00000000
2018-02-23 11:28:24,0.00057918,13.00000000
2018-02-23 11:28:25,0.00057918,6.00000000
2018-02-23 11:28:27,0.00057918,18.00000000
2018-02-23 11:28:27,0.00057919,6.00000000
2018-02-23 11:28:27,0.00057920,8.00000000
2018-02-23 11:28:27,0.00057922,36.00000000
2018-02-23 11:28:27,0.00057922,98.00000000
2018-02-23 11:28:27,0.00057922,51.00000000
2018-02-23 11:28:27,0.00057922,35.00000000
2018-02-23 11:28:27,0.00057922,35.00000000
2018-02-23 11:28:30,0.00057920,4.00000000
2018-02-23 11:28:30,0.00057918,18.00000000
2018-02-23 11:28:31,0.00057900,20.00000000
2018-02-23 11:28:34,0.00057900,363.00000000
2018-02-23 11:28:38,0.00057900,192.00000000
2018-02-23 11:28:38,0.00057918,27.00000000
2018-02-23 11:28:44,0.00057896,10.00000000
2018-02-23 11:28:49,0.00057900,75.00000000
2018-02-23 11:28:54,0.00057916,40.00000000
2018-02-23 11:28:54,0.00057922,127.00000000
2018-02-23 11:29:02,0.00057900,20.00000000
2018-02-23 11:29:08,0.00057916,40.00000000
2018-02-23 11:29:15,0.00057922,9.00000000
2018-02-23 11:29:15,0.00057923,6.00000000
2018-02-23 11:29:16,0.00057918,40.00000000
2018-02-23 11:29:21,0.00057918,58.00000000
2018-02-23 11:29:27,0.00057918,10.00000000
2018-02-23 11:29:28,0.00057904,13.00000000
2018-02-23 11:29:28,0.00057902,8.00000000
2018-02-23 11:29:28,0.00057900,158.00000000
2018-02-23 11:29:32,0.00057895,4.00000000
2018-02-23 11:29:34,0.00057895,94.00000000
2018-02-23 11:29:39,0.00057890,2.00000000
2018-02-23 11:29:46,0.00057890,15.00000000
2018-02-23 11:29:47,0.00057895,4.00000000
2018-02-23 11:29:51,0.00057890,65.00000000
2018-02-23 11:29:54,0.00057889,10.00000000
2018-02-23 11:29:54,0.00057890,6.00000000
2018-02-23 11:29:59,0.00057890,14.00000000
2018-02-23 11:30:01,0.00057889,298.00000000
2018-02-23 11:30:01,0.00057890,223.00000000
2018-02-23 11:30:01,0.00057890,196.00000000
2018-02-23 11:30:07,0.00057890,48.00000000
2018-02-23 11:30:09,0.00057890,7.00000000
2018-02-23 11:30:09,0.00057890,7.00000000
2018-02-23 11:30:09,0.00057890,7.00000000
2018-02-23 11:30:09,0.00057890,20.00000000
2018-02-23 11:30:10,0.00057890,7.00000000
2018-02-23 11:30:14,0.00057890,103.00000000
2018-02-23 11:30:15,0.00057890,93.00000000
2018-02-23 11:30:17,0.00057839,19.00000000
2018-02-23 11:30:17,0.00057823,29.00000000
2018-02-23 11:30:17,0.00057820,44.00000000
2018-02-23 11:30:17,0.00057815,100.00000000
2018-02-23 11:30:17,0.00057813,88.00000000
2018-02-23 11:30:17,0.00057803,6.00000000
2018-02-23 11:30:18,0.00057889,10.00000000
2018-02-23 11:30:18,0.00057890,161.00000000
2018-02-23 11:30:20,0.00057890,51.00000000
2018-02-23 11:30:20,0.00057890,84.00000000
2018-02-23 11:30:22,0.00057890,48.00000000
2018-02-23 11:30:23,0.00057890,12.00000000
2018-02-23 11:30:23,0.00057831,3.00000000
2018-02-23 11:30:25,0.00057889,3.00000000
2018-02-23 11:30:26,0.00057890,10.00000000
2018-02-23 11:30:29,0.00057890,167.00000000
2018-02-23 11:30:38,0.00057895,85.00000000
2018-02-23 11:30:40,0.00057889,4.00000000
2018-02-23 11:30:41,0.00057890,40.00000000
2018-02-23 11:30:41,0.00057895,43.00000000
2018-02-23 11:30:41,0.00057895,10.00000000
2018-02-23 11:30:48,0.00057890,40.00000000
2018-02-23 11:30:48,0.00057889,32.00000000
2018-02-23 11:30:49,0.00057895,45.00000000
2018-02-23 11:30:49,0.00057895,358.00000000
2018-02-23 11:30:56,0.00057890,28.00000000
2018-02-23 11:30:57,0.00057889,540.00000000
2018-02-23 11:30:59,0.00057890,9.00000000
2018-02-23 11:31:00,0.00057838,10.00000000
2018-02-23 11:31:00,0.00057837,15.00000000
2018-02-23 11:31:06,0.00057890,3.00000000
2018-02-23 11:31:06,0.00057895,26.00000000
2018-02-23 11:31:11,0.00057899,10.00000000
2018-02-23 11:31:11,0.00057900,4.00000000
2018-02-23 11:31:11,0.00057908,3.00000000
2018-02-23 11:31:12,0.00057836,19.00000000
2018-02-23 11:31:12,0.00057835,30.00000000
2018-02-23 11:31:12,0.00057834,40.00000000
2018-02-23 11:31:12,0.00057833,8.00000000
2018-02-23 11:31:12,0.00057830,8.00000000
2018-02-23 11:31:12,0.00057804,7.00000000
2018-02-23 11:31:12,0.00057803,81.00000000
2018-02-23 11:31:15,0.00057804,5.00000000
2018-02-23 11:31:17,0.00057883,8.00000000
2018-02-23 11:31:19,0.00057880,5.00000000
2018-02-23 11:31:19,0.00057880,5.00000000
2018-02-23 11:31:23,0.00057877,2.00000000
2018-02-23 11:31:23,0.00057877,2.00000000
2018-02-23 11:31:23,0.00057877,2.00000000
2018-02-23 11:31:23,0.00057877,6.00000000
2018-02-23 11:31:23,0.00057878,20.00000000
2018-02-23 11:31:23,0.00057888,8.00000000
2018-02-23 11:31:23,0.00057892,86.00000000
2018-02-23 11:31:23,0.00057806,8.00000000
2018-02-23 11:31:23,0.00057806,2.00000000
2018-02-23 11:31:23,0.00057806,10.00000000
2018-02-23 11:31:23,0.00057806,50.00000000
2018-02-23 11:31:23,0.00057806,42.00000000
2018-02-23 11:31:23,0.00057806,50.00000000
2018-02-23 11:31:23,0.00057806,48.00000000
2018-02-23 11:31:24,0.00057875,18.00000000
2018-02-23 11:31:24,0.00057876,5.00000000
2018-02-23 11:31:24,0.00057895,40.00000000
2018-02-23 11:31:24,0.00057895,37.00000000
2018-02-23 11:31:28,0.00057850,2.00000000
2018-02-23 11:31:28,0.00057882,5.00000000
2018-02-23 11:31:28,0.00057883,20.00000000
2018-02-23 11:31:28,0.00057814,20.00000000
2018-02-23 11:31:28,0.00057813,15.00000000
2018-02-23 11:31:28,0.00057806,30.00000000
2018-02-23 11:31:33,0.00057816,20.00000000
2018-02-23 11:31:33,0.00057815,86.00000000
2018-02-23 11:31:33,0.00057806,39.00000000
2018-02-23 11:31:33,0.00057806,1.00000000
2018-02-23 11:31:35,0.00057818,7.00000000
2018-02-23 11:31:35,0.00057803,6.00000000
2018-02-23 11:31:37,0.00057885,1.00000000
2018-02-23 11:31:58,0.00057848,19.00000000
2018-02-23 11:31:58,0.00057805,8.00000000
2018-02-23 11:31:59,0.00057805,9.00000000
2018-02-23 11:31:59,0.00057805,88.00000000
2018-02-23 11:32:00,0.00057805,6.00000000
2018-02-23 11:32:00,0.00057805,35.00000000
2018-02-23 11:32:00,0.00057804,10.00000000
2018-02-23 11:32:00,0.00057805,13.00000000
2018-02-23 11:32:03,0.00057804,15.00000000
2018-02-23 11:32:03,0.00057805,93.00000000
2018-02-23 11:32:06,0.00057804,2.00000000
2018-02-23 11:32:16,0.00057804,2.00000000
2018-02-23 11:32:16,0.00057805,206.00000000
2018-02-23 11:32:17,0.00057806,10.00000000
2018-02-23 11:32:17,0.00057805,12.00000000
2018-02-23 11:32:17,0.00057804,568.00000000
2018-02-23 11:32:29,0.00057824,15.00000000
2018-02-23 11:32:34,0.00057805,2.00000000
2018-02-23 11:32:34,0.00057805,40.00000000
2018-02-23 11:32:35,0.00057805,237.00000000
2018-02-23 11:32:38,0.00057811,15.00000000
2018-02-23 11:32:38,0.00057810,15.00000000
2018-02-23 11:32:38,0.00057810,11.00000000
2018-02-23 11:32:38,0.00057817,12.00000000
2018-02-23 11:32:39,0.00057818,8.00000000
2018-02-23 11:32:39,0.00057854,7.00000000
2018-02-23 11:32:42,0.00057854,11.00000000
2018-02-23 11:32:43,0.00057855,39.00000000
2018-02-23 11:32:43,0.00057855,1.00000000
2018-02-23 11:32:47,0.00057857,12.00000000
2018-02-23 11:32:51,0.00057857,15.00000000
2018-02-23 11:32:51,0.00057855,25.00000000
2018-02-23 11:32:55,0.00057870,32.00000000
2018-02-23 11:32:55,0.00057870,37.00000000
2018-02-23 11:33:03,0.00057870,21.00000000
2018-02-23 11:33:03,0.00057855,3.00000000
2018-02-23 11:33:03,0.00057854,28.00000000
2018-02-23 11:33:15,0.00057854,129.00000000
2018-02-23 11:33:19,0.00057806,10.00000000
2018-02-23 11:33:19,0.00057805,1.00000000
2018-02-23 11:33:35,0.00057849,245.00000000
2018-02-23 11:33:35,0.00057854,15.00000000
2018-02-23 11:33:41,0.00057859,310.00000000
2018-02-23 11:33:48,0.00057805,145.00000000
2018-02-23 11:33:48,0.00057804,2355.00000000
2018-02-23 11:33:54,0.00057804,262.00000000
2018-02-23 11:33:57,0.00057849,112.00000000
2018-02-23 11:33:57,0.00057858,288.00000000
2018-02-23 11:34:13,0.00057849,40.00000000
2018-02-23 11:34:13,0.00057857,17.00000000
2018-02-23 11:34:21,0.00057857,2.00000000
2018-02-23 11:34:21,0.00057858,4.00000000
2018-02-23 11:34:38,0.00057856,4.00000000
2018-02-23 11:34:38,0.00057857,18.00000000
2018-02-23 11:34:45,0.00057812,8.00000000
2018-02-23 11:34:49,0.00057812,7.00000000
2018-02-23 11:34:49,0.00057812,7.00000000
2018-02-23 11:34:49,0.00057812,17.00000000
2018-02-23 11:34:49,0.00057812,7.00000000
2018-02-23 11:34:49,0.00057812,43.00000000
2018-02-23 11:34:49,0.00057812,43.00000000
2018-02-23 11:34:49,0.00057812,22.00000000
2018-02-23 11:34:49,0.00057812,17.00000000
2018-02-23 11:34:49,0.00057812,13.00000000
2018-02-23 11:34:49,0.00057812,7.00000000
2018-02-23 11:34:54,0.00057811,20.00000000
2018-02-23 11:34:54,0.00057811,20.00000000
2018-02-23 11:34:54,0.00057811,20.00000000
2018-02-23 11:34:54,0.00057811,20.00000000
2018-02-23 11:34:54,0.00057811,20.00000000
2018-02-23 11:34:54,0.00057811,17.00000000
2018-02-23 11:34:54,0.00057810,8.00000000
2018-02-23 11:34:54,0.00057810,20.00000000
2018-02-23 11:34:55,0.00057810,26.00000000
2018-02-23 11:34:55,0.00057809,101.00000000
2018-02-23 11:34:58,0.00057811,3.00000000
2018-02-23 11:34:59,0.00057811,99.00000000
2018-02-23 11:34:59,0.00057812,828.00000000
2018-02-23 11:35:05,0.00057853,6.00000000
2018-02-23 11:35:05,0.00057854,6.00000000
2018-02-23 11:35:05,0.00057854,2.00000000
2018-02-23 11:35:05,0.00057856,5.00000000
2018-02-23 11:35:05,0.00057856,35.00000000
2018-02-23 11:35:05,0.00057856,23.00000000
2018-02-23 11:35:06,0.00057857,18.00000000
2018-02-23 11:35:06,0.00057857,18.00000000
2018-02-23 11:35:06,0.00057857,18.00000000
2018-02-23 11:35:09,0.00057856,12.00000000
2018-02-23 11:35:09,0.00057854,14.00000000
2018-02-23 11:35:09,0.00057813,56.00000000
2018-02-23 11:35:11,0.00057857,7.00000000
2018-02-23 11:35:11,0.00057857,6.00000000
2018-02-23 11:35:16,0.00057856,22.00000000
2018-02-23 11:35:18,0.00057817,3.00000000
2018-02-23 11:35:22,0.00057817,5.00000000
2018-02-23 11:35:22,0.00057815,8.00000000
2018-02-23 11:35:22,0.00057813,12.00000000
2018-02-23 11:35:22,0.00057854,8.00000000
2018-02-23 11:35:22,0.00057855,8.00000000
2018-02-23 11:35:22,0.00057856,1.00000000
2018-02-23 11:35:23,0.00057856,53.00000000
2018-02-23 11:35:24,0.00057819,8.00000000
2018-02-23 11:35:24,0.00057813,51.00000000
2018-02-23 11:35:24,0.00057813,6.00000000
2018-02-23 11:35:24,0.00057812,51.00000000
2018-02-23 11:35:24,0.00057812,51.00000000
2018-02-23 11:35:37,0.00057849,3.00000000
2018-02-23 11:35:37,0.00057849,12.00000000
2018-02-23 11:35:39,0.00057849,10.00000000
2018-02-23 11:35:57,0.00057849,25.00000000
2018-02-23 11:36:07,0.00057849,4.00000000
2018-02-23 11:36:09,0.00057849,51.00000000
2018-02-23 11:36:09,0.00057849,17.00000000
2018-02-23 11:36:09,0.00057851,6.00000000
2018-02-23 11:36:11,0.00057849,3.00000000
2018-02-23 11:36:14,0.00057849,37.00000000
2018-02-23 11:36:20,0.00057849,720.00000000
2018-02-23 11:36:23,0.00057849,896.00000000
2018-02-23 11:36:36,0.00057849,182.00000000
2018-02-23 11:36:36,0.00057849,441.00000000
2018-02-23 11:36:38,0.00057850,163.00000000
2018-02-23 11:36:38,0.00057849,554.00000000
2018-02-23 11:36:38,0.00057849,59.00000000
2018-02-23 11:36:40,0.00057849,2.00000000
2018-02-23 11:36:41,0.00057827,8.00000000
2018-02-23 11:36:41,0.00057825,23.00000000
2018-02-23 11:36:41,0.00057847,8.00000000
2018-02-23 11:36:41,0.00057849,90.00000000
2018-02-23 11:36:42,0.00057850,38.00000000
2018-02-23 11:36:44,0.00057849,250.00000000
2018-02-23 11:36:45,0.00057850,37.00000000
2018-02-23 11:36:48,0.00057849,83.00000000
2018-02-23 11:36:59,0.00057850,50.00000000
2018-02-23 11:37:01,0.00057849,325.00000000
2018-02-23 11:37:04,0.00057849,198.00000000
2018-02-23 11:37:10,0.00057850,182.00000000
2018-02-23 11:37:15,0.00057849,37.00000000
2018-02-23 11:37:17,0.00057850,9.00000000
2018-02-23 11:37:18,0.00057850,62.00000000
2018-02-23 11:37:23,0.00057849,1099.00000000
2018-02-23 11:37:23,0.00057850,9.00000000
2018-02-23 11:37:26,0.00057849,33.00000000
2018-02-23 11:37:34,0.00057849,3.00000000
2018-02-23 11:37:39,0.00057848,17.00000000
2018-02-23 11:37:40,0.00057848,247.00000000
2018-02-23 11:37:40,0.00057849,111.00000000
2018-02-23 11:37:46,0.00057848,41.00000000
2018-02-23 11:37:46,0.00057848,75.00000000
2018-02-23 11:37:57,0.00057847,407.00000000
2018-02-23 11:38:16,0.00057847,373.00000000
2018-02-23 11:38:33,0.00057847,15.00000000
2018-02-23 11:38:33,0.00057847,15.00000000
2018-02-23 11:38:35,0.00057847,197.00000000
2018-02-23 11:38:38,0.00057848,96.00000000
2018-02-23 11:38:40,0.00057848,26.00000000
2018-02-23 11:38:42,0.00057847,252.00000000
2018-02-23 11:38:47,0.00057847,13.00000000
2018-02-23 11:39:08,0.00057847,4.00000000
2018-02-23 11:39:27,0.00057840,240.00000000
2018-02-23 11:39:31,0.00057840,1.00000000
2018-02-23 11:39:44,0.00057839,3.00000000
2018-02-23 11:39:51,0.00057827,13.00000000
2018-02-23 11:39:51,0.00057825,17.00000000
2018-02-23 11:39:54,0.00057839,174.00000000
2018-02-23 11:39:59,0.00057839,244.00000000
2018-02-23 11:39:59,0.00057840,459.00000000
2018-02-23 11:39:59,0.00057845,8.00000000
2018-02-23 11:39:59,0.00057846,252.00000000
2018-02-23 11:39:59,0.00057847,115.00000000
2018-02-23 11:39:59,0.00057848,960.00000000
2018-02-23 11:40:00,0.00057839,50.00000000
2018-02-23 11:40:02,0.00057839,74.00000000
2018-02-23 11:40:06,0.00057839,48.00000000
2018-02-23 11:40:09,0.00057840,40.00000000
2018-02-23 11:40:09,0.00057848,15.00000000
2018-02-23 11:40:09,0.00057849,1612.00000000
2018-02-23 11:40:13,0.00057850,1580.00000000
2018-02-23 11:40:15,0.00057850,300.00000000
2018-02-23 11:40:16,0.00057850,285.00000000
2018-02-23 11:40:18,0.00057849,40.00000000
2018-02-23 11:40:19,0.00057850,221.00000000
2018-02-23 11:40:28,0.00057850,4.00000000
2018-02-23 11:40:30,0.00057850,2.00000000
2018-02-23 11:40:30,0.00057849,1087.00000000
2018-02-23 11:40:30,0.00057849,40.00000000
2018-02-23 11:40:35,0.00057849,123.00000000
2018-02-23 11:40:38,0.00057850,26.00000000
2018-02-23 11:40:40,0.00057849,465.00000000
2018-02-23 11:40:40,0.00057849,228.00000000
2018-02-23 11:40:41,0.00057839,11.00000000
2018-02-23 11:40:45,0.00057839,29.00000000
2018-02-23 11:40:45,0.00057849,381.00000000
2018-02-23 11:40:45,0.00057850,4661.00000000
2018-02-23 11:40:49,0.00057850,77.00000000
2018-02-23 11:40:51,0.00057850,40.00000000
2018-02-23 11:40:54,0.00057850,2.00000000
2018-02-23 11:40:57,0.00057854,11.00000000
2018-02-23 11:41:02,0.00057850,40.00000000
2018-02-23 11:41:11,0.00057850,424.00000000
2018-02-23 11:41:23,0.00057850,81.00000000
2018-02-23 11:41:24,0.00057854,1.00000000
2018-02-23 11:41:25,0.00057854,160.00000000
2018-02-23 11:41:25,0.00057859,326.00000000
2018-02-23 11:41:43,0.00057854,10.00000000
2018-02-23 11:41:46,0.00057854,49.00000000
2018-02-23 11:41:46,0.00057858,72.00000000
2018-02-23 11:41:46,0.00057859,78.00000000
2018-02-23 11:41:51,0.00057851,40.00000000
2018-02-23 11:41:51,0.00057859,122.00000000
2018-02-23 11:41:51,0.00057870,3.00000000
2018-02-23 11:41:51,0.00057894,86.00000000
2018-02-23 11:41:54,0.00057923,13.00000000
2018-02-23 11:41:54,0.00057924,19.00000000
2018-02-23 11:41:54,0.00057939,3.00000000
2018-02-23 11:42:02,0.00057923,20.00000000
2018-02-23 11:42:02,0.00057902,8.00000000
2018-02-23 11:42:02,0.00057901,12.00000000
2018-02-23 11:42:09,0.00057901,209.00000000
2018-02-23 11:42:13,0.00057900,7.00000000
2018-02-23 11:42:14,0.00057900,40.00000000
2018-02-23 11:42:15,0.00057901,329.00000000
2018-02-23 11:42:18,0.00057900,17.00000000
2018-02-23 11:42:20,0.00057901,10.00000000
2018-02-23 11:42:21,0.00057900,261.00000000
2018-02-23 11:42:22,0.00057900,47.00000000
2018-02-23 11:42:25,0.00057901,56.00000000
2018-02-23 11:42:25,0.00057900,40.00000000
2018-02-23 11:42:29,0.00057901,69.00000000
2018-02-23 11:42:31,0.00057901,51.00000000
2018-02-23 11:42:32,0.00057901,634.00000000
2018-02-23 11:42:46,0.00057921,8.00000000
2018-02-23 11:42:46,0.00057928,40.00000000
2018-02-23 11:42:46,0.00057939,3.00000000
2018-02-23 11:42:47,0.00057942,163.00000000
2018-02-23 11:42:47,0.00057944,174.00000000
2018-02-23 11:42:47,0.00057944,308.00000000
2018-02-23 11:42:48,0.00057913,8.00000000
2018-02-23 11:42:48,0.00057911,28.00000000
2018-02-23 11:42:50,0.00057912,9.00000000
2018-02-23 11:42:52,0.00057914,8.00000000
2018-02-23 11:42:52,0.00057912,4.00000000
2018-02-23 11:42:55,0.00057912,40.00000000
2018-02-23 11:42:56,0.00057938,8.00000000
2018-02-23 11:42:56,0.00057940,8.00000000
2018-02-23 11:42:56,0.00057944,382.00000000
2018-02-23 11:42:56,0.00057949,76.00000000
2018-02-23 11:42:56,0.00057950,169.00000000
2018-02-23 11:42:56,0.00057955,572.00000000
2018-02-23 11:42:56,0.00057990,16.00000000
2018-02-23 11:42:56,0.00057991,4.00000000
2018-02-23 11:42:56,0.00057995,188.00000000
2018-02-23 11:42:56,0.00057997,346.00000000
2018-02-23 11:42:56,0.00057998,298.00000000
2018-02-23 11:43:01,0.00057998,5018.00000000
2018-02-23 11:43:01,0.00057924,6.00000000
2018-02-23 11:43:01,0.00057924,2.00000000
2018-02-23 11:43:01,0.00057922,5.00000000
2018-02-23 11:43:02,0.00057923,4.00000000
2018-02-23 11:43:02,0.00057924,6.00000000
2018-02-23 11:43:05,0.00057928,5.00000000
2018-02-23 11:43:05,0.00057914,8.00000000
2018-02-23 11:43:05,0.00057912,27.00000000
2018-02-23 11:43:14,0.00057935,1.00000000
2018-02-23 11:43:15,0.00057930,8.00000000
2018-02-23 11:43:15,0.00057912,39.00000000
2018-02-23 11:43:17,0.00057921,40.00000000
2018-02-23 11:43:29,0.00057915,8.00000000
2018-02-23 11:43:29,0.00057915,7.00000000
2018-02-23 11:43:30,0.00057920,4.00000000
2018-02-23 11:43:30,0.00057921,40.00000000
2018-02-23 11:43:30,0.00057933,8.00000000
2018-02-23 11:43:30,0.00057935,51.00000000
2018-02-23 11:43:30,0.00057913,51.00000000
2018-02-23 11:43:34,0.00057913,16.00000000
2018-02-23 11:43:34,0.00057913,4.00000000
2018-02-23 11:43:40,0.00057912,10.00000000
2018-02-23 11:43:53,0.00057912,656.00000000
2018-02-23 11:43:58,0.00057912,108.00000000
2018-02-23 11:44:02,0.00057921,18.00000000
2018-02-23 11:44:12,0.00057912,105.00000000
2018-02-23 11:44:19,0.00057920,13.00000000
2018-02-23 11:44:28,0.00057920,1.00000000
2018-02-23 11:44:29,0.00057919,6.00000000
2018-02-23 11:44:31,0.00057920,2.00000000
2018-02-23 11:44:39,0.00057920,24.00000000
2018-02-23 11:44:39,0.00057921,51.00000000
2018-02-23 11:44:39,0.00057935,18.00000000
2018-02-23 11:44:39,0.00057936,1.00000000
2018-02-23 11:44:42,0.00057935,2.00000000
2018-02-23 11:44:42,0.00057936,6.00000000
2018-02-23 11:44:44,0.00057919,61.00000000
2018-02-23 11:44:45,0.00057919,21.00000000
2018-02-23 11:44:45,0.00057919,13.00000000
2018-02-23 11:44:47,0.00057919,126.00000000
2018-02-23 11:44:48,0.00057919,23.00000000
2018-02-23 11:44:48,0.00057912,196.00000000
2018-02-23 11:44:49,0.00057914,8.00000000
2018-02-23 11:44:51,0.00057912,12.00000000
2018-02-23 11:45:03,0.00057933,8.00000000
2018-02-23 11:45:07,0.00057920,40.00000000
2018-02-23 11:45:10,0.00057936,1.00000000
2018-02-23 11:45:11,0.00057936,3.00000000
2018-02-23 11:45:11,0.00057913,8.00000000
2018-02-23 11:45:11,0.00057911,7.00000000
2018-02-23 11:45:11,0.00057908,13.00000000
2018-02-23 11:45:11,0.00057907,19.00000000
2018-02-23 11:45:12,0.00057934,8.00000000
2018-02-23 11:45:12,0.00057986,4.00000000
2018-02-23 11:45:12,0.00057987,21.00000000
2018-02-23 11:45:12,0.00057988,4.00000000
2018-02-23 11:45:29,0.00057903,20.00000000
2018-02-23 11:45:29,0.00057903,8.00000000
2018-02-23 11:45:30,0.00057903,52.00000000
2018-02-23 11:45:33,0.00057904,80.00000000
2018-02-23 11:45:33,0.00057904,42.00000000
2018-02-23 11:45:33,0.00057904,51.00000000
2018-02-23 11:45:33,0.00057904,36.00000000
2018-02-23 11:45:33,0.00057903,36.00000000
2018-02-23 11:45:37,0.00057903,97.00000000
2018-02-23 11:45:37,0.00057901,75.00000000
2018-02-23 11:45:48,0.00057903,3.00000000
2018-02-23 11:45:48,0.00057903,8.00000000
2018-02-23 11:45:48,0.00057902,69.00000000
2018-02-23 11:45:49,0.00057902,58.00000000
2018-02-23 11:45:51,0.00057901,4.00000000
2018-02-23 11:46:03,0.00057901,77.00000000
2018-02-23 11:46:04,0.00057901,268.00000000
2018-02-23 11:46:05,0.00057903,3.00000000
2018-02-23 11:46:05,0.00057925,8.00000000
2018-02-23 11:46:05,0.00057926,4.00000000
2018-02-23 11:46:14,0.00057926,4.00000000
2018-02-23 11:46:14,0.00057927,13.00000000
2018-02-23 11:46:14,0.00057928,208.00000000
2018-02-23 11:46:14,0.00057930,250.00000000
2018-02-23 11:46:14,0.00057936,300.00000000
2018-02-23 11:46:14,0.00057986,13.00000000
2018-02-23 11:46:14,0.00057988,145.00000000
2018-02-23 11:46:14,0.00057991,305.00000000
2018-02-23 11:46:14,0.00057992,285.00000000
2018-02-23 11:46:14,0.00057995,1477.00000000
2018-02-23 11:46:17,0.00057992,10.00000000
2018-02-23 11:46:17,0.00057993,7.00000000
2018-02-23 11:46:19,0.00057913,20.00000000
2018-02-23 11:46:19,0.00057912,8.00000000
2018-02-23 11:46:19,0.00057904,22.00000000
2018-02-23 11:46:21,0.00057927,40.00000000
2018-02-23 11:46:21,0.00057989,20.00000000
2018-02-23 11:46:21,0.00057990,2.00000000
2018-02-23 11:46:23,0.00057929,71.00000000
2018-02-23 11:46:23,0.00057930,10.00000000
2018-02-23 11:46:23,0.00057929,9.00000000
2018-02-23 11:46:23,0.00057990,6.00000000
2018-02-23 11:46:23,0.00057994,468.00000000
2018-02-23 11:46:23,0.00057995,1076.00000000
2018-02-23 11:46:24,0.00057930,13.00000000
2018-02-23 11:46:25,0.00057931,10.00000000
2018-02-23 11:46:27,0.00057929,136.00000000
2018-02-23 11:46:29,0.00057935,15.00000000
2018-02-23 11:46:29,0.00057931,8.00000000
2018-02-23 11:46:30,0.00057927,17.00000000
2018-02-23 11:46:30,0.00057987,10.00000000
2018-02-23 11:46:30,0.00057988,13.00000000
2018-02-23 11:46:30,0.00057990,2.00000000
2018-02-23 11:46:30,0.00057992,5.00000000
2018-02-23 11:46:33,0.00057921,15.00000000
2018-02-23 11:46:33,0.00057992,3.00000000
2018-02-23 11:46:33,0.00057995,42.00000000
2018-02-23 11:46:34,0.00057921,51.00000000
2018-02-23 11:46:34,0.00057921,42.00000000
2018-02-23 11:46:38,0.00057932,15.00000000
2018-02-23 11:46:38,0.00057994,10.00000000
2018-02-23 11:46:38,0.00057995,1658.00000000
2018-02-23 11:46:38,0.00057995,37.00000000
2018-02-23 11:46:38,0.00057992,10.00000000
2018-02-23 11:46:38,0.00057992,122.00000000
2018-02-23 11:46:39,0.00057992,102.00000000
2018-02-23 11:46:39,0.00057992,24.00000000
2018-02-23 11:46:39,0.00057992,242.00000000
2018-02-23 11:46:39,0.00057995,38.00000000
2018-02-23 11:46:39,0.00057934,10.00000000
2018-02-23 11:46:39,0.00057933,8.00000000
2018-02-23 11:46:39,0.00057931,22.00000000
2018-02-23 11:46:44,0.00057934,15.00000000
2018-02-23 11:46:44,0.00057931,14.00000000
2018-02-23 11:46:46,0.00057933,2.00000000
2018-02-23 11:46:53,0.00057937,40.00000000
2018-02-23 11:46:53,0.00057990,10.00000000
2018-02-23 11:46:54,0.00057933,6.00000000
2018-02-23 11:46:54,0.00057932,13.00000000
2018-02-23 11:46:54,0.00057931,70.00000000
2018-02-23 11:46:59,0.00057931,131.00000000
2018-02-23 11:47:00,0.00057931,269.00000000
2018-02-23 11:47:04,0.00057933,8.00000000
2018-02-23 11:47:04,0.00057931,32.00000000
2018-02-23 11:47:08,0.00057935,8.00000000
2018-02-23 11:47:08,0.00057931,12.00000000
2018-02-23 11:47:10,0.00057931,48.00000000
2018-02-23 11:47:13,0.00057937,40.00000000
2018-02-23 11:47:13,0.00057978,15.00000000
2018-02-23 11:47:13,0.00057981,8.00000000
2018-02-23 11:47:13,0.00057981,15.00000000
2018-02-23 11:47:15,0.00057982,8.00000000
2018-02-23 11:47:15,0.00057988,8.00000000
2018-02-23 11:47:15,0.00057991,15.00000000
2018-02-23 11:47:15,0.00057993,13.00000000
2018-02-23 11:47:15,0.00057995,34.00000000
2018-02-23 11:47:16,0.00057995,15.00000000
2018-02-23 11:47:16,0.00057995,7.00000000
2018-02-23 11:47:16,0.00057995,4.00000000
2018-02-23 11:47:17,0.00057991,4.00000000
2018-02-23 11:47:17,0.00057991,196.00000000
2018-02-23 11:47:17,0.00057994,63.00000000
2018-02-23 11:47:19,0.00057994,260.00000000
2018-02-23 11:47:19,0.00057995,1244.00000000
2018-02-23 11:47:19,0.00057998,3971.00000000
2018-02-23 11:47:21,0.00057995,32.00000000
2018-02-23 11:47:21,0.00057994,48.00000000
2018-02-23 11:47:23,0.00057994,40.00000000
2018-02-23 11:47:24,0.00057998,342.00000000
2018-02-23 11:47:24,0.00057999,81.00000000
2018-02-23 11:47:24,0.00058000,777.00000000
2018-02-23 11:47:28,0.00058000,405.00000000
2018-02-23 11:47:32,0.00058000,2608.00000000
2018-02-23 11:47:32,0.00057995,80.00000000
2018-02-23 11:47:34,0.00058000,45.00000000
2018-02-23 11:47:35,0.00058000,2218.00000000
2018-02-23 11:47:35,0.00057995,40.00000000
2018-02-23 11:47:38,0.00058000,1.00000000
2018-02-23 11:47:39,0.00058000,14.00000000
2018-02-23 11:47:39,0.00058000,17.00000000
2018-02-23 11:47:42,0.00058000,17.00000000
2018-02-23 11:47:45,0.00057995,16.00000000
2018-02-23 11:47:46,0.00057995,10.00000000
2018-02-23 11:47:46,0.00057995,8.00000000
2018-02-23 11:47:47,0.00057981,40.00000000
2018-02-23 11:47:47,0.00057995,46.00000000
2018-02-23 11:47:47,0.00058000,51.00000000
2018-02-23 11:47:50,0.00058000,96.00000000
2018-02-23 11:47:54,0.00058000,269.00000000
2018-02-23 11:47:56,0.00057983,20.00000000
2018-02-23 11:48:00,0.00057996,40.00000000
2018-02-23 11:48:00,0.00058000,681.00000000
2018-02-23 11:48:01,0.00057983,80.00000000
2018-02-23 11:48:01,0.00058000,138.00000000
2018-02-23 11:48:03,0.00057983,16.00000000
2018-02-23 11:48:03,0.00058000,1.00000000
2018-02-23 11:48:08,0.00057981,18.00000000
2018-02-23 11:48:12,0.00057981,145.00000000
2018-02-23 11:48:13,0.00057933,10.00000000
2018-02-23 11:48:13,0.00057932,10.00000000
2018-02-23 11:48:21,0.00057995,20.00000000
2018-02-23 11:48:23,0.00057996,40.00000000
2018-02-23 11:48:23,0.00057999,127.00000000
2018-02-23 11:48:23,0.00057999,33.00000000
2018-02-23 11:48:25,0.00057999,86.00000000
2018-02-23 11:48:25,0.00058000,756.00000000
2018-02-23 11:48:26,0.00057942,20.00000000
2018-02-23 11:48:26,0.00057941,19.00000000
2018-02-23 11:48:26,0.00058000,262.00000000
2018-02-23 11:48:26,0.00058000,262.00000000
2018-02-23 11:48:26,0.00058000,50.00000000
2018-02-23 11:48:26,0.00058000,314.00000000
2018-02-23 11:48:26,0.00058000,61.00000000
2018-02-23 11:48:28,0.00057999,4.00000000
2018-02-23 11:48:28,0.00057945,15.00000000
2018-02-23 11:48:28,0.00057939,10.00000000
2018-02-23 11:48:32,0.00057938,151.00000000
2018-02-23 11:48:32,0.00057932,234.00000000
2018-02-23 11:48:32,0.00057931,1143.00000000
2018-02-23 11:48:32,0.00057912,18.00000000
2018-02-23 11:48:32,0.00057901,10.00000000
2018-02-23 11:48:32,0.00057900,111.00000000
2018-02-23 11:48:33,0.00057900,180.00000000
2018-02-23 11:48:34,0.00057937,15.00000000
2018-02-23 11:48:34,0.00057939,6.00000000
2018-02-23 11:48:34,0.00057939,259.00000000
2018-02-23 11:48:34,0.00057939,270.00000000
2018-02-23 11:48:34,0.00057902,8.00000000
2018-02-23 11:48:34,0.00057900,457.00000000
2018-02-23 11:48:34,0.00057937,8.00000000
2018-02-23 11:48:34,0.00057940,19.00000000
2018-02-23 11:48:34,0.00057988,18.00000000
2018-02-23 11:48:34,0.00057996,31.00000000
2018-02-23 11:48:35,0.00057900,5.00000000
2018-02-23 11:48:37,0.00057993,10.00000000
2018-02-23 11:48:37,0.00057994,34.00000000
2018-02-23 11:48:37,0.00057996,9.00000000
2018-02-23 11:48:37,0.00058000,14.00000000
2018-02-23 11:48:37,0.00057909,86.00000000
2018-02-23 11:48:37,0.00057908,20.00000000
2018-02-23 11:48:37,0.00057907,15.00000000
2018-02-23 11:48:37,0.00057905,8.00000000
2018-02-23 11:48:38,0.00057901,21.00000000
2018-02-23 11:48:38,0.00057901,32.00000000
2018-02-23 11:48:38,0.00057900,10.00000000
2018-02-23 11:48:38,0.00057900,104.00000000
2018-02-23 11:48:38,0.00057901,8.00000000
2018-02-23 11:48:38,0.00057991,8.00000000
2018-02-23 11:48:39,0.00057901,10.00000000
2018-02-23 11:48:39,0.00057900,317.00000000
2018-02-23 11:48:39,0.00057998,10.00000000
2018-02-23 11:48:39,0.00057999,53.00000000
2018-02-23 11:48:47,0.00057906,10.00000000
2018-02-23 11:48:47,0.00057905,10.00000000
2018-02-23 11:48:47,0.00057905,10.00000000
2018-02-23 11:48:47,0.00057902,13.00000000
2018-02-23 11:48:47,0.00057901,314.00000000
2018-02-23 11:48:47,0.00057901,10.00000000
2018-02-23 11:49:00,0.00057962,40.00000000
2018-02-23 11:49:01,0.00057977,5.00000000
2018-02-23 11:49:01,0.00057977,51.00000000
2018-02-23 11:49:01,0.00057977,28.00000000
2018-02-23 11:49:01,0.00057977,14.00000000
2018-02-23 11:49:02,0.00057977,51.00000000
2018-02-23 11:49:02,0.00057905,3.00000000
2018-02-23 11:49:02,0.00057977,35.00000000
2018-02-23 11:49:02,0.00057977,65.00000000
2018-02-23 11:49:02,0.00057977,1.00000000
2018-02-23 11:49:02,0.00057986,65.00000000
2018-02-23 11:49:02,0.00057986,21.00000000
2018-02-23 11:49:02,0.00057992,34.00000000
2018-02-23 11:49:02,0.00057992,3.00000000
2018-02-23 11:49:02,0.00057992,172.00000000
2018-02-23 11:49:02,0.00057992,14.00000000
2018-02-23 11:49:02,0.00057992,101.00000000
2018-02-23 11:49:02,0.00057993,17.00000000
2018-02-23 11:49:02,0.00057993,168.00000000
2018-02-23 11:49:02,0.00057993,115.00000000
2018-02-23 11:49:02,0.00057993,3.00000000
2018-02-23 11:49:02,0.00057992,15.00000000
2018-02-23 11:49:02,0.00057993,259.00000000
2018-02-23 11:49:02,0.00057993,170.00000000
2018-02-23 11:49:02,0.00057993,217.00000000
2018-02-23 11:49:02,0.00057993,235.00000000
2018-02-23 11:49:02,0.00057993,207.00000000
2018-02-23 11:49:02,0.00057993,15.00000000
2018-02-23 11:49:02,0.00057993,37.00000000
2018-02-23 11:49:02,0.00057993,17.00000000
2018-02-23 11:49:02,0.00057993,43.00000000
2018-02-23 11:49:03,0.00057992,43.00000000
2018-02-23 11:49:03,0.00057992,207.00000000
2018-02-23 11:49:03,0.00057992,10.00000000
2018-02-23 11:49:03,0.00057992,7.00000000
2018-02-23 11:49:03,0.00057986,21.00000000
2018-02-23 11:49:03,0.00057976,21.00000000
2018-02-23 11:49:03,0.00057905,17.00000000
2018-02-23 11:49:03,0.00057904,111.00000000
2018-02-23 11:49:04,0.00057992,17.00000000
2018-02-23 11:49:07,0.00057992,3.00000000
2018-02-23 11:49:07,0.00057993,71.00000000
2018-02-23 11:49:08,0.00057993,170.00000000
2018-02-23 11:49:08,0.00057999,14.00000000
2018-02-23 11:49:09,0.00057917,15.00000000
2018-02-23 11:49:09,0.00057911,22.00000000
2018-02-23 11:49:10,0.00057992,8.00000000
2018-02-23 11:49:17,0.00057933,2.00000000
2018-02-23 11:49:17,0.00057934,10.00000000
2018-02-23 11:49:22,0.00057934,5.00000000
2018-02-23 11:49:22,0.00057940,32.00000000
2018-02-23 11:49:23,0.00057992,10.00000000
2018-02-23 11:49:23,0.00057992,80.00000000
2018-02-23 11:49:26,0.00057992,100.00000000
2018-02-23 11:49:28,0.00057992,40.00000000
2018-02-23 11:49:30,0.00057999,48.00000000
2018-02-23 11:49:34,0.00057993,10.00000000
2018-02-23 11:49:35,0.00057993,80.00000000
2018-02-23 11:49:38,0.00057994,9.00000000
2018-02-23 11:49:38,0.00057993,1.00000000
2018-02-23 11:49:39,0.00057993,40.00000000
2018-02-23 11:49:44,0.00057998,18.00000000
2018-02-23 11:49:44,0.00057998,6.00000000
2018-02-23 11:49:44,0.00057998,6.00000000
2018-02-23 11:49:44,0.00057998,6.00000000
2018-02-23 11:49:44,0.00057998,6.00000000
2018-02-23 11:49:45,0.00057998,6.00000000
2018-02-23 11:49:46,0.00057993,37.00000000
2018-02-23 11:49:47,0.00057993,3.00000000
2018-02-23 11:49:48,0.00057993,3.00000000
2018-02-23 11:49:50,0.00057992,40.00000000
2018-02-23 11:49:53,0.00057993,37.00000000
2018-02-23 11:49:53,0.00057997,13.00000000
2018-02-23 11:49:53,0.00057997,207.00000000
2018-02-23 11:49:53,0.00057997,223.00000000
2018-02-23 11:49:53,0.00057998,152.00000000
2018-02-23 11:49:53,0.00057998,68.00000000
2018-02-23 11:49:54,0.00057993,68.00000000
2018-02-23 11:49:54,0.00057998,17.00000000
2018-02-23 11:49:54,0.00057998,11.00000000
2018-02-23 11:49:54,0.00057993,15.00000000
2018-02-23 11:49:54,0.00057993,18.00000000
2018-02-23 11:49:55,0.00057998,32.00000000
2018-02-23 11:49:55,0.00057998,32.00000000
2018-02-23 11:49:56,0.00057998,49.00000000
2018-02-23 11:49:59,0.00057998,38.00000000
2018-02-23 11:50:01,0.00057997,208.00000000
2018-02-23 11:50:01,0.00057993,24.00000000
2018-02-23 11:50:01,0.00057992,16.00000000
2018-02-23 11:50:02,0.00057992,51.00000000
2018-02-23 11:50:04,0.00057993,20.00000000
2018-02-23 11:50:06,0.00057996,32.00000000
2018-02-23 11:50:09,0.00057996,10.00000000
2018-02-23 11:50:09,0.00057992,10.00000000
2018-02-23 11:50:13,0.00057992,45.00000000
2018-02-23 11:50:14,0.00057992,35.00000000
2018-02-23 11:50:14,0.00057992,37.00000000
2018-02-23 11:50:14,0.00057992,14.00000000
2018-02-23 11:50:14,0.00057992,2.00000000
2018-02-23 11:50:20,0.00057989,10.00000000
2018-02-23 11:50:20,0.00057990,6.00000000
2018-02-23 11:50:20,0.00057992,4.00000000
2018-02-23 11:50:20,0.00057997,301.00000000
2018-02-23 11:50:20,0.00057997,51.00000000
2018-02-23 11:50:20,0.00057997,104.00000000
2018-02-23 11:50:20,0.00057997,51.00000000
2018-02-23 11:50:20,0.00057997,17.00000000
2018-02-23 11:50:20,0.00057997,292.00000000
2018-02-23 11:50:20,0.00057989,51.00000000
2018-02-23 11:50:23,0.00057992,82.00000000
2018-02-23 11:50:25,0.00057992,51.00000000
2018-02-23 11:50:25,0.00057992,16.00000000
2018-02-23 11:50:25,0.00057992,51.00000000
2018-02-23 11:50:25,0.00057992,64.00000000
2018-02-23 11:50:25,0.00057992,51.00000000
2018-02-23 11:50:25,0.00057992,43.00000000
2018-02-23 11:50:25,0.00057997,51.00000000
2018-02-23 11:50:25,0.00057997,51.00000000
2018-02-23 11:50:25,0.00057997,18.00000000
2018-02-23 11:50:25,0.00057997,16.00000000
2018-02-23 11:50:25,0.00057997,51.00000000
2018-02-23 11:50:26,0.00057994,51.00000000
2018-02-23 11:50:29,0.00057994,50.00000000
2018-02-23 11:50:29,0.00057989,82.00000000
2018-02-23 11:50:35,0.00057990,2.00000000
2018-02-23 11:50:36,0.00057996,111.00000000
2018-02-23 11:50:36,0.00057996,71.00000000
2018-02-23 11:50:39,0.00057997,113.00000000
2018-02-23 11:50:39,0.00057997,329.00000000
2018-02-23 11:50:39,0.00057998,118.00000000
2018-02-23 11:50:39,0.00057999,2487.00000000
2018-02-23 11:50:39,0.00058000,13735.00000000
2018-02-23 11:50:41,0.00057997,40.00000000
2018-02-23 11:50:41,0.00058000,192.00000000
2018-02-23 11:50:41,0.00057996,25.00000000
2018-02-23 11:50:42,0.00058000,100.00000000
2018-02-23 11:50:42,0.00058000,162.00000000
2018-02-23 11:50:44,0.00058000,67.00000000
2018-02-23 11:50:44,0.00058000,550.00000000
2018-02-23 11:50:45,0.00057996,8.00000000
2018-02-23 11:50:48,0.00058000,155.00000000
2018-02-23 11:50:49,0.00058000,421.00000000
2018-02-23 11:50:50,0.00058000,75.00000000
2018-02-23 11:50:51,0.00057999,4.00000000
2018-02-23 11:50:52,0.00057997,14.00000000
2018-02-23 11:51:09,0.00057997,22.00000000
2018-02-23 11:51:12,0.00058000,131.00000000
2018-02-23 11:51:18,0.00058000,440.00000000
2018-02-23 11:51:18,0.00057997,40.00000000
2018-02-23 11:51:20,0.00057997,8.00000000
2018-02-23 11:51:20,0.00058000,314.00000000
2018-02-23 11:51:27,0.00058000,2555.00000000
2018-02-23 11:51:28,0.00057997,130.00000000
2018-02-23 11:51:29,0.00058000,46.00000000
2018-02-23 11:51:30,0.00058000,763.00000000
2018-02-23 11:51:30,0.00057997,40.00000000
2018-02-23 11:51:30,0.00058000,3596.00000000
2018-02-23 11:51:30,0.00058000,149.00000000
2018-02-23 11:51:31,0.00058000,188.00000000
2018-02-23 11:51:31,0.00058000,255.00000000
2018-02-23 11:51:32,0.00058000,21.00000000
2018-02-23 11:51:32,0.00058000,285.00000000
2018-02-23 11:51:33,0.00058000,1205.00000000
2018-02-23 11:51:34,0.00058003,4.00000000
2018-02-23 11:51:34,0.00058007,20.00000000
2018-02-23 11:51:34,0.00058012,89.00000000
2018-02-23 11:51:34,0.00058050,104.00000000
2018-02-23 11:51:34,0.00058058,11.00000000
2018-02-23 11:51:34,0.00058060,74.00000000
2018-02-23 11:51:34,0.00058072,3.00000000
2018-02-23 11:51:34,0.00058077,26.00000000
2018-02-23 11:51:34,0.00058097,7.00000000
2018-02-23 11:51:34,0.00058098,92.00000000
2018-02-23 11:51:34,0.00058100,3277.00000000
2018-02-23 11:51:34,0.00058050,18.00000000
2018-02-23 11:51:34,0.00058050,18.00000000
2018-02-23 11:51:34,0.00058050,171.00000000
2018-02-23 11:51:34,0.00058050,248.00000000
2018-02-23 11:51:34,0.00058050,18.00000000
2018-02-23 11:51:34,0.00058050,258.00000000
2018-02-23 11:51:34,0.00058010,19.00000000
2018-02-23 11:51:34,0.00058049,39.00000000
2018-02-23 11:51:34,0.00058051,12.00000000
2018-02-23 11:51:35,0.00058051,14.00000000
2018-02-23 11:51:37,0.00058052,10.00000000
2018-02-23 11:51:39,0.00058054,8.00000000
2018-02-23 11:51:39,0.00058051,32.00000000
2018-02-23 11:51:39,0.00058098,8.00000000
2018-02-23 11:51:39,0.00058100,140.00000000
2018-02-23 11:51:40,0.00058100,304.00000000
2018-02-23 11:51:41,0.00058051,8.00000000
2018-02-23 11:51:43,0.00058100,81.00000000
2018-02-23 11:51:46,0.00058100,6.00000000
2018-02-23 11:51:50,0.00058055,8.00000000
2018-02-23 11:51:50,0.00058053,11.00000000
2018-02-23 11:51:50,0.00058051,21.00000000
2018-02-23 11:51:51,0.00058098,15.00000000
2018-02-23 11:51:53,0.00058057,8.00000000
2018-02-23 11:51:53,0.00058055,8.00000000
2018-02-23 11:51:53,0.00058055,87.00000000
2018-02-23 11:51:56,0.00058051,389.00000000
2018-02-23 11:51:59,0.00058012,94.00000000
2018-02-23 11:51:59,0.00058012,6.00000000
2018-02-23 11:52:00,0.00058001,13.00000000
2018-02-23 11:52:00,0.00058000,15.00000000
2018-02-23 11:52:01,0.00058000,12.00000000
2018-02-23 11:52:05,0.00058001,3.00000000
2018-02-23 11:52:06,0.00058051,11.00000000
2018-02-23 11:52:06,0.00058087,3.00000000
2018-02-23 11:52:07,0.00058051,3.00000000
2018-02-23 11:52:12,0.00058006,34.00000000
2018-02-23 11:52:12,0.00058001,68.00000000
2018-02-23 11:52:14,0.00058051,39.00000000
2018-02-23 11:52:16,0.00058001,66.00000000
2018-02-23 11:52:18,0.00058051,53.00000000
2018-02-23 11:52:20,0.00058006,8.00000000
2018-02-23 11:52:20,0.00058006,16.00000000
2018-02-23 11:52:20,0.00058006,19.00000000
2018-02-23 11:52:20,0.00058006,1.00000000
2018-02-23 11:52:20,0.00058051,3.00000000
2018-02-23 11:52:20,0.00058051,145.00000000
2018-02-23 11:52:21,0.00058051,1028.00000000
2018-02-23 11:52:32,0.00058095,83.00000000
2018-02-23 11:52:32,0.00058096,68.00000000
2018-02-23 11:52:32,0.00058098,371.00000000
2018-02-23 11:52:34,0.00058098,86.00000000
2018-02-23 11:52:34,0.00058099,376.00000000
2018-02-23 11:52:35,0.00058099,9.00000000
2018-02-23 11:52:35,0.00058055,8.00000000
2018-02-23 11:52:35,0.00058053,32.00000000
2018-02-23 11:52:39,0.00058096,8.00000000
2018-02-23 11:52:39,0.00058099,151.00000000
2018-02-23 11:52:41,0.00058099,197.00000000
2018-02-23 11:52:45,0.00058095,2.00000000
2018-02-23 11:52:45,0.00058099,12.00000000
2018-02-23 11:52:46,0.00058057,8.00000000
2018-02-23 11:52:46,0.00058055,8.00000000
2018-02-23 11:52:46,0.00058053,24.00000000
2018-02-23 11:52:52,0.00058056,49.00000000
2018-02-23 11:52:52,0.00058053,232.00000000
2018-02-23 11:52:57,0.00058071,40.00000000
2018-02-23 11:52:57,0.00058093,8.00000000
2018-02-23 11:52:57,0.00058093,51.00000000
2018-02-23 11:52:57,0.00058093,19.00000000
2018-02-23 11:52:57,0.00058093,8.00000000
2018-02-23 11:52:59,0.00058093,18.00000000
2018-02-23 11:53:01,0.00058094,8.00000000
2018-02-23 11:53:01,0.00058099,67.00000000
2018-02-23 11:53:01,0.00058093,178.00000000
2018-02-23 11:53:01,0.00058053,165.00000000
2018-02-23 11:53:10,0.00058071,40.00000000
2018-02-23 11:53:14,0.00058093,27.00000000
2018-02-23 11:53:15,0.00058093,18.00000000
2018-02-23 11:53:16,0.00058093,15.00000000
2018-02-23 11:53:16,0.00058093,40.00000000
2018-02-23 11:53:17,0.00058099,15.00000000
2018-02-23 11:53:22,0.00058099,109.00000000
2018-02-23 11:53:26,0.00058099,218.00000000
2018-02-23 11:53:26,0.00058099,23.00000000
2018-02-23 11:53:26,0.00058099,118.00000000
2018-02-23 11:53:26,0.00058099,3.00000000
2018-02-23 11:53:26,0.00058093,345.00000000
2018-02-23 11:53:26,0.00058071,14.00000000
2018-02-23 11:53:26,0.00058071,13.00000000
2018-02-23 11:53:26,0.00058054,22.00000000
2018-02-23 11:53:26,0.00058054,106.00000000
2018-02-23 11:53:26,0.00058053,14.00000000
2018-02-23 11:53:26,0.00058053,8.00000000
2018-02-23 11:53:26,0.00058052,259.00000000
2018-02-23 11:53:26,0.00058052,51.00000000
2018-02-23 11:53:26,0.00058052,7.00000000
2018-02-23 11:53:26,0.00058052,51.00000000
2018-02-23 11:53:26,0.00058052,218.00000000
2018-02-23 11:53:26,0.00058052,22.00000000
2018-02-23 11:53:26,0.00058051,51.00000000
2018-02-23 11:53:27,0.00058051,51.00000000
2018-02-23 11:53:27,0.00058051,259.00000000
2018-02-23 11:53:27,0.00058051,51.00000000
2018-02-23 11:53:27,0.00058051,51.00000000
2018-02-23 11:53:27,0.00058051,51.00000000
2018-02-23 11:53:27,0.00058054,42.00000000
2018-02-23 11:53:27,0.00058066,9.00000000
2018-02-23 11:53:27,0.00058094,40.00000000
2018-02-23 11:53:27,0.00058097,293.00000000
2018-02-23 11:53:27,0.00058051,51.00000000
2018-02-23 11:53:27,0.00058051,104.00000000
2018-02-23 11:53:27,0.00058051,51.00000000
2018-02-23 11:53:27,0.00058051,51.00000000
2018-02-23 11:53:27,0.00058051,51.00000000
2018-02-23 11:53:27,0.00058051,4.00000000
2018-02-23 11:53:27,0.00058010,51.00000000
2018-02-23 11:53:28,0.00058010,4.00000000
2018-02-23 11:53:32,0.00058049,55.00000000
2018-02-23 11:53:32,0.00058001,51.00000000
2018-02-23 11:53:32,0.00058001,21.00000000
2018-02-23 11:53:32,0.00058001,174.00000000
2018-02-23 11:53:32,0.00058001,51.00000000
2018-02-23 11:53:32,0.00058049,11.00000000
2018-02-23 11:53:33,0.00058049,10.00000000
2018-02-23 11:53:35,0.00058010,4.00000000
2018-02-23 11:53:36,0.00058010,34.00000000
2018-02-23 11:53:36,0.00058001,51.00000000
2018-02-23 11:53:36,0.00058001,51.00000000
2018-02-23 11:53:37,0.00058001,172.00000000
2018-02-23 11:53:37,0.00058001,51.00000000
2018-02-23 11:53:37,0.00058001,51.00000000
2018-02-23 11:53:37,0.00058001,37.00000000
2018-02-23 11:53:37,0.00058000,48.00000000
2018-02-23 11:53:39,0.00058000,1.00000000
2018-02-23 11:53:41,0.00057999,37.00000000
2018-02-23 11:53:41,0.00057997,66.00000000
2018-02-23 11:53:43,0.00058001,13.00000000
2018-02-23 11:53:43,0.00058010,34.00000000
2018-02-23 11:53:43,0.00058049,142.00000000
2018-02-23 11:53:43,0.00058051,4.00000000
2018-02-23 11:53:43,0.00058053,6.00000000
2018-02-23 11:53:43,0.00058053,1.00000000
2018-02-23 11:53:43,0.00057997,166.00000000
2018-02-23 11:53:47,0.00057997,3.00000000
2018-02-23 11:53:49,0.00057916,6.00000000
2018-02-23 11:53:51,0.00057932,4.00000000
2018-02-23 11:53:51,0.00057931,1.00000000
2018-02-23 11:53:53,0.00057939,10.00000000
2018-02-23 11:53:53,0.00057935,12.00000000
2018-02-23 11:53:54,0.00057935,5.00000000
2018-02-23 11:53:55,0.00057936,20.00000000
2018-02-23 11:53:55,0.00057935,10.00000000
2018-02-23 11:53:55,0.00057934,8.00000000
2018-02-23 11:53:55,0.00057931,8.00000000
2018-02-23 11:53:55,0.00057931,8.00000000
2018-02-23 11:53:58,0.00057997,10.00000000
2018-02-23 11:54:00,0.00058008,8.00000000
2018-02-23 11:54:00,0.00058010,15.00000000
2018-02-23 11:54:01,0.00057997,1490.00000000
2018-02-23 11:54:01,0.00057935,1065.00000000
2018-02-23 11:54:06,0.00057997,175.00000000
2018-02-23 11:54:08,0.00057996,15.00000000
2018-02-23 11:54:08,0.00057997,66.00000000
2018-02-23 11:54:08,0.00057997,14.00000000
2018-02-23 11:54:08,0.00058000,21.00000000
2018-02-23 11:54:10,0.00057936,10.00000000
2018-02-23 11:54:10,0.00057935,124.00000000
2018-02-23 11:54:16,0.00057940,8.00000000
2018-02-23 11:54:24,0.00057986,12.00000000
2018-02-23 11:54:30,0.00057942,8.00000000
2018-02-23 11:54:32,0.00057986,47.00000000
2018-02-23 11:54:32,0.00057991,8.00000000
2018-02-23 11:54:32,0.00057995,8.00000000
2018-02-23 11:54:32,0.00058000,28.00000000
2018-02-23 11:54:32,0.00058007,55.00000000
2018-02-23 11:54:32,0.00058010,40.00000000
2018-02-23 11:54:32,0.00058040,198.00000000
2018-02-23 11:54:32,0.00058041,8.00000000
2018-02-23 11:54:32,0.00058069,15.00000000
2018-02-23 11:54:32,0.00058094,13.00000000
2018-02-23 11:54:32,0.00058099,35.00000000
2018-02-23 11:54:34,0.00057980,15.00000000
2018-02-23 11:54:34,0.00057985,316.00000000
2018-02-23 11:54:43,0.00057995,40.00000000
2018-02-23 11:54:46,0.00057995,51.00000000
2018-02-23 11:54:46,0.00057996,7.00000000
2018-02-23 11:54:49,0.00058000,9.00000000
2018-02-23 11:54:51,0.00058002,8.00000000
2018-02-23 11:54:51,0.00058000,6.00000000
2018-02-23 11:54:51,0.00057996,1.00000000
2018-02-23 11:54:51,0.00057994,25.00000000
2018-02-23 11:54:53,0.00058056,10.00000000
2018-02-23 11:54:53,0.00058057,31.00000000
2018-02-23 11:54:53,0.00058058,8.00000000
2018-02-23 11:54:53,0.00058059,30.00000000
2018-02-23 11:54:53,0.00058060,88.00000000
2018-02-23 11:54:56,0.00058006,8.00000000
2018-02-23 11:54:59,0.00058059,50.00000000
2018-02-23 11:54:59,0.00058060,35.00000000
2018-02-23 11:55:01,0.00058010,40.00000000
2018-02-23 11:55:02,0.00058060,63.00000000
2018-02-23 11:55:03,0.00058060,252.00000000
2018-02-23 11:55:03,0.00058060,4.00000000
2018-02-23 11:55:03,0.00058060,4.00000000
2018-02-23 11:55:03,0.00058060,4.00000000
2018-02-23 11:55:03,0.00058060,17.00000000
2018-02-23 11:55:03,0.00058060,3.00000000
2018-02-23 11:55:03,0.00058060,9.00000000
2018-02-23 11:55:03,0.00058060,116.00000000
2018-02-23 11:55:03,0.00058012,8.00000000
2018-02-23 11:55:03,0.00058010,33.00000000
2018-02-23 11:55:03,0.00058010,128.00000000
2018-02-23 11:55:04,0.00058057,4.00000000
2018-02-23 11:55:04,0.00058057,53.00000000
2018-02-23 11:55:04,0.00058058,53.00000000
2018-02-23 11:55:05,0.00058012,8.00000000
2018-02-23 11:55:05,0.00058010,52.00000000
2018-02-23 11:55:08,0.00058052,17.00000000
2018-02-23 11:55:08,0.00058054,3.00000000
2018-02-23 11:55:09,0.00058054,5.00000000
2018-02-23 11:55:09,0.00058054,431.00000000
2018-02-23 11:55:09,0.00058054,39.00000000
2018-02-23 11:55:09,0.00058013,8.00000000
2018-02-23 11:55:09,0.00058011,27.00000000
2018-02-23 11:55:09,0.00058011,39.00000000
2018-02-23 11:55:09,0.00058011,51.00000000
2018-02-23 11:55:10,0.00058011,51.00000000
2018-02-23 11:55:11,0.00058011,46.00000000
2018-02-23 11:55:20,0.00058011,21.00000000
2018-02-23 11:55:25,0.00058011,125.00000000
2018-02-23 11:55:25,0.00058048,15.00000000
2018-02-23 11:55:25,0.00058050,5.00000000
2018-02-23 11:55:27,0.00058011,300.00000000
2018-02-23 11:55:35,0.00058050,2.00000000
2018-02-23 11:55:38,0.00058050,25.00000000
2018-02-23 11:55:39,0.00058050,550.00000000
2018-02-23 11:55:40,0.00058053,83.00000000
2018-02-23 11:55:40,0.00058055,8.00000000
2018-02-23 11:55:40,0.00058059,40.00000000
2018-02-23 11:55:40,0.00058060,18.00000000
2018-02-23 11:55:48,0.00058059,10.00000000
2018-02-23 11:55:48,0.00058060,90.00000000
2018-02-23 11:55:49,0.00058051,20.00000000
2018-02-23 11:55:55,0.00058050,20.00000000
2018-02-23 11:55:55,0.00058060,161.00000000
2018-02-23 11:55:56,0.00058060,319.00000000
2018-02-23 11:55:56,0.00058015,8.00000000
2018-02-23 11:55:56,0.00058013,8.00000000
2018-02-23 11:55:56,0.00058011,48.00000000
2018-02-23 11:55:56,0.00058010,1447.00000000
2018-02-23 11:55:56,0.00058000,387.00000000
2018-02-23 11:56:08,0.00058048,16.00000000
2018-02-23 11:56:08,0.00058050,40.00000000
2018-02-23 11:56:08,0.00058088,8.00000000
2018-02-23 11:56:08,0.00058088,436.00000000
2018-02-23 11:56:08,0.00058011,13.00000000
2018-02-23 11:56:08,0.00058000,446.00000000
2018-02-23 11:56:09,0.00058060,176.00000000
2018-02-23 11:56:13,0.00058088,108.00000000
2018-02-23 11:56:14,0.00058060,40.00000000
2018-02-23 11:56:16,0.00058060,5.00000000
2018-02-23 11:56:17,0.00058093,4.00000000
2018-02-23 11:56:17,0.00058098,2.00000000
2018-02-23 11:56:17,0.00058099,229.00000000
2018-02-23 11:56:17,0.00058100,9484.00000000
2018-02-23 11:56:18,0.00058063,8.00000000
2018-02-23 11:56:18,0.00058060,113.00000000
2018-02-23 11:56:20,0.00058060,24.00000000
2018-02-23 11:56:23,0.00058060,2.00000000
2018-02-23 11:56:26,0.00058060,66.00000000
2018-02-23 11:56:26,0.00058091,8.00000000
2018-02-23 11:56:26,0.00058105,3.00000000
2018-02-23 11:56:26,0.00058112,2.00000000
2018-02-23 11:56:26,0.00058132,3.00000000
2018-02-23 11:56:26,0.00058136,5.00000000
2018-02-23 11:56:26,0.00058150,99.00000000
2018-02-23 11:56:26,0.00058159,90.00000000
2018-02-23 11:56:26,0.00058195,224.00000000
2018-02-23 11:56:27,0.00058101,32.00000000
2018-02-23 11:56:27,0.00058100,136.00000000
2018-02-23 11:56:30,0.00058107,15.00000000
2018-02-23 11:56:30,0.00058106,50.00000000
2018-02-23 11:56:30,0.00058100,31.00000000
2018-02-23 11:56:32,0.00058180,21.00000000
2018-02-23 11:56:35,0.00058109,8.00000000
2018-02-23 11:56:35,0.00058100,32.00000000
2018-02-23 11:56:36,0.00058111,6.00000000
2018-02-23 11:56:36,0.00058111,2.00000000
2018-02-23 11:56:36,0.00058100,4.00000000
2018-02-23 11:56:36,0.00058178,20.00000000
2018-02-23 11:56:36,0.00058179,15.00000000
2018-02-23 11:56:37,0.00058183,8.00000000
2018-02-23 11:56:37,0.00058185,9.00000000
2018-02-23 11:56:37,0.00058100,18.00000000
2018-02-23 11:56:39,0.00058189,6.00000000
2018-02-23 11:56:39,0.00058189,5.00000000
2018-02-23 11:56:39,0.00058190,8.00000000
2018-02-23 11:56:39,0.00058195,62.00000000
2018-02-23 11:56:40,0.00058195,182.00000000
2018-02-23 11:56:40,0.00058195,217.00000000
2018-02-23 11:56:40,0.00058189,10.00000000
2018-02-23 11:56:40,0.00058188,5.00000000
2018-02-23 11:56:40,0.00058195,30.00000000
2018-02-23 11:56:42,0.00058194,10.00000000
2018-02-23 11:56:42,0.00058195,37.00000000
2018-02-23 11:56:42,0.00058196,50.00000000
2018-02-23 11:56:42,0.00058198,11.00000000
2018-02-23 11:56:42,0.00058197,8.00000000
2018-02-23 11:56:42,0.00058196,303.00000000
2018-02-23 11:56:42,0.00058198,5.00000000
2018-02-23 11:56:45,0.00058151,10.00000000
2018-02-23 11:56:45,0.00058150,30.00000000
2018-02-23 11:56:45,0.00058196,6.00000000
2018-02-23 11:56:45,0.00058196,7.00000000
2018-02-23 11:56:45,0.00058198,492.00000000
2018-02-23 11:56:47,0.00058196,4.00000000
2018-02-23 11:56:51,0.00058198,40.00000000
2018-02-23 11:56:51,0.00058199,46.00000000
2018-02-23 11:56:51,0.00058199,139.00000000
2018-02-23 11:56:53,0.00058199,18.00000000
2018-02-23 11:56:54,0.00058199,1.00000000
2018-02-23 11:56:54,0.00058200,9.00000000
2018-02-23 11:56:55,0.00058196,6.00000000
2018-02-23 11:56:55,0.00058154,8.00000000
2018-02-23 11:56:55,0.00058112,26.00000000
2018-02-23 11:56:55,0.00058194,8.00000000
2018-02-23 11:56:55,0.00058200,3204.00000000
2018-02-23 11:56:56,0.00058115,6.00000000
2018-02-23 11:56:59,0.00058119,30.00000000
2018-02-23 11:57:04,0.00058125,15.00000000
2018-02-23 11:57:06,0.00058190,15.00000000
2018-02-23 11:57:06,0.00058195,20.00000000
2018-02-23 11:57:06,0.00058196,20.00000000
2018-02-23 11:57:06,0.00058199,35.00000000
2018-02-23 11:57:06,0.00058200,348.00000000
2018-02-23 11:57:07,0.00058197,40.00000000
2018-02-23 11:57:10,0.00058200,1658.00000000
2018-02-23 11:57:12,0.00058200,1216.00000000
2018-02-23 11:57:13,0.00058200,24.00000000
2018-02-23 11:57:14,0.00058197,249.00000000
2018-02-23 11:57:14,0.00058131,10.00000000
2018-02-23 11:57:14,0.00058130,8.00000000
2018-02-23 11:57:14,0.00058129,18.00000000
2018-02-23 11:57:15,0.00058198,8.00000000
2018-02-23 11:57:15,0.00058200,42.00000000
2018-02-23 11:57:16,0.00058199,6.00000000
2018-02-23 11:57:16,0.00058200,161.00000000
2018-02-23 11:57:16,0.00058205,26.00000000
2018-02-23 11:57:16,0.00058225,108.00000000
2018-02-23 11:57:16,0.00058230,86.00000000
2018-02-23 11:57:16,0.00058230,86.00000000
2018-02-23 11:57:16,0.00058230,40.00000000
2018-02-23 11:57:16,0.00058230,151.00000000
2018-02-23 11:57:17,0.00058230,3.00000000
2018-02-23 11:57:19,0.00058230,10.00000000
2018-02-23 11:57:21,0.00058233,21.00000000
2018-02-23 11:57:22,0.00058230,80.00000000
2018-02-23 11:57:23,0.00058233,29.00000000
2018-02-23 11:57:25,0.00058239,2.00000000
2018-02-23 11:57:25,0.00058243,290.00000000
2018-02-23 11:57:27,0.00058233,105.00000000
2018-02-23 11:57:28,0.00058233,40.00000000
2018-02-23 11:57:28,0.00058243,16.00000000
2018-02-23 11:57:29,0.00058233,115.00000000
2018-02-23 11:57:31,0.00058203,8.00000000
2018-02-23 11:57:31,0.00058200,2.00000000
2018-02-23 11:57:36,0.00058230,400.00000000
2018-02-23 11:57:37,0.00058230,40.00000000
2018-02-23 11:57:37,0.00058230,160.00000000
2018-02-23 11:57:38,0.00058231,8.00000000
2018-02-23 11:57:38,0.00058233,4.00000000
2018-02-23 11:57:40,0.00058243,306.00000000
2018-02-23 11:57:40,0.00058233,2.00000000
2018-02-23 11:57:40,0.00058231,159.00000000
2018-02-23 11:57:41,0.00058242,66.00000000
2018-02-23 11:57:42,0.00058242,23.00000000
2018-02-23 11:57:44,0.00058242,411.00000000
2018-02-23 11:57:45,0.00058243,10.00000000
2018-02-23 11:57:46,0.00058243,32.00000000
2018-02-23 11:57:48,0.00058242,40.00000000
2018-02-23 11:57:48,0.00058243,4.00000000
2018-02-23 11:57:48,0.00058243,5.00000000
2018-02-23 11:57:48,0.00058243,4.00000000
2018-02-23 11:57:48,0.00058243,17.00000000
2018-02-23 11:57:48,0.00058243,5.00000000
2018-02-23 11:57:51,0.00058243,21.00000000
2018-02-23 11:57:57,0.00058244,6.00000000
2018-02-23 11:57:58,0.00058244,12.00000000
2018-02-23 11:57:59,0.00058265,7.00000000
2018-02-23 11:57:59,0.00058270,74.00000000
2018-02-23 11:57:59,0.00058274,16.00000000
2018-02-23 11:57:59,0.00058285,2.00000000
2018-02-23 11:57:59,0.00058286,91.00000000
2018-02-23 11:57:59,0.00058287,110.00000000
2018-02-23 11:58:01,0.00058244,40.00000000
2018-02-23 11:58:02,0.00058287,777.00000000
2018-02-23 11:58:04,0.00058287,6.00000000
2018-02-23 11:58:04,0.00058287,2.00000000
2018-02-23 11:58:04,0.00058287,5.00000000
2018-02-23 11:58:04,0.00058290,4.00000000
2018-02-23 11:58:04,0.00058295,4.00000000
2018-02-23 11:58:04,0.00058300,147.00000000
2018-02-23 11:58:06,0.00058300,2442.00000000
2018-02-23 11:58:08,0.00058288,32.00000000
2018-02-23 11:58:09,0.00058288,48.00000000
2018-02-23 11:58:09,0.00058300,1455.00000000
2018-02-23 11:58:12,0.00058300,75.00000000
2018-02-23 11:58:13,0.00058288,10.00000000
2018-02-23 11:58:13,0.00058287,30.00000000
2018-02-23 11:58:13,0.00058300,1927.00000000
2018-02-23 11:58:14,0.00058300,16.00000000
2018-02-23 11:58:15,0.00058300,8.00000000
2018-02-23 11:58:15,0.00058302,2.00000000
2018-02-23 11:58:15,0.00058306,39.00000000
