DATE,PRICE,VOLUME
2018-02-22 18:00:04,0.00000402,11323.00000000
2018-02-22 18:00:06,0.00000402,979.00000000
2018-02-22 18:00:09,0.00000403,111054.00000000
2018-02-22 18:00:09,0.00000403,13698.00000000
2018-02-22 18:00:09,0.00000403,8493.00000000
2018-02-22 18:00:09,0.00000403,5705.00000000
2018-02-22 18:00:09,0.00000403,1285.00000000
2018-02-22 18:00:09,0.00000403,1529.00000000
2018-02-22 18:00:09,0.00000403,470.00000000
2018-02-22 18:00:09,0.00000403,1288.00000000
2018-02-22 18:00:09,0.00000403,6413.00000000
2018-02-22 18:00:09,0.00000403,5136.00000000
2018-02-22 18:00:09,0.00000403,1846.00000000
2018-02-22 18:00:09,0.00000403,31971.00000000
2018-02-22 18:00:09,0.00000403,7444.00000000
2018-02-22 18:00:09,0.00000403,805.00000000
2018-02-22 18:00:09,0.00000403,10876.00000000
2018-02-22 18:00:11,0.00000403,933.00000000
2018-02-22 18:00:12,0.00000403,10849.00000000
2018-02-22 18:00:15,0.00000404,7.00000000
2018-02-22 18:00:19,0.00000403,995.00000000
2018-02-22 18:00:20,0.00000403,7444.00000000
2018-02-22 18:00:20,0.00000403,17049.00000000
2018-02-22 18:00:20,0.00000403,7443.00000000
2018-02-22 18:00:20,0.00000403,7444.00000000
2018-02-22 18:00:20,0.00000403,7444.00000000
2018-02-22 18:00:20,0.00000403,24289.00000000
2018-02-22 18:00:20,0.00000403,4123.00000000
2018-02-22 18:00:22,0.00000404,689.00000000
2018-02-22 18:00:23,0.00000404,692.00000000
2018-02-22 18:00:27,0.00000404,2178.00000000
2018-02-22 18:00:30,0.00000403,1000.00000000
2018-02-22 18:00:32,0.00000404,30537.00000000
2018-02-22 18:00:36,0.00000404,22205.00000000
2018-02-22 18:00:39,0.00000404,1671.00000000
2018-02-22 18:00:40,0.00000403,7444.00000000
2018-02-22 18:00:41,0.00000403,39273.00000000
2018-02-22 18:00:41,0.00000403,4734.00000000
2018-02-22 18:00:41,0.00000403,6173.00000000
2018-02-22 18:00:42,0.00000404,100.00000000
2018-02-22 18:00:50,0.00000404,12730.00000000
2018-02-22 18:00:56,0.00000403,6460.00000000
2018-02-22 18:00:57,0.00000403,7416.00000000
2018-02-22 18:00:59,0.00000404,950.00000000
2018-02-22 18:01:00,0.00000403,22703.00000000
2018-02-22 18:01:02,0.00000403,2634.00000000
2018-02-22 18:01:03,0.00000403,3937.00000000
2018-02-22 18:01:04,0.00000403,12048.00000000
2018-02-22 18:01:04,0.00000403,36834.00000000
2018-02-22 18:01:04,0.00000403,41769.00000000
2018-02-22 18:01:04,0.00000403,49058.00000000
2018-02-22 18:01:05,0.00000403,7.00000000
2018-02-22 18:01:06,0.00000403,3862.00000000
2018-02-22 18:01:06,0.00000403,136590.00000000
2018-02-22 18:01:06,0.00000403,10950.00000000
2018-02-22 18:01:15,0.00000403,576.00000000
2018-02-22 18:01:16,0.00000403,10000.00000000
2018-02-22 18:01:17,0.00000404,12.00000000
2018-02-22 18:01:18,0.00000404,7.00000000
2018-02-22 18:01:20,0.00000403,14009.00000000
2018-02-22 18:01:20,0.00000403,7443.00000000
2018-02-22 18:01:20,0.00000403,7443.00000000
2018-02-22 18:01:20,0.00000403,7444.00000000
2018-02-22 18:01:20,0.00000404,6.00000000
2018-02-22 18:01:20,0.00000403,7443.00000000
2018-02-22 18:01:21,0.00000403,7444.00000000
2018-02-22 18:01:21,0.00000403,7444.00000000
2018-02-22 18:01:21,0.00000403,6825.00000000
2018-02-22 18:01:21,0.00000403,7444.00000000
2018-02-22 18:01:22,0.00000403,1800.00000000
2018-02-22 18:01:29,0.00000404,18.00000000
2018-02-22 18:01:34,0.00000403,15895.00000000
2018-02-22 18:01:36,0.00000404,15.00000000
2018-02-22 18:01:36,0.00000403,5423.00000000
2018-02-22 18:01:39,0.00000403,20000.00000000
2018-02-22 18:01:41,0.00000404,50.00000000
2018-02-22 18:01:42,0.00000403,1003.00000000
2018-02-22 18:01:43,0.00000403,511.00000000
2018-02-22 18:01:43,0.00000403,75980.00000000
2018-02-22 18:01:46,0.00000403,466969.00000000
2018-02-22 18:01:46,0.00000403,7672.00000000
2018-02-22 18:01:47,0.00000404,50.00000000
2018-02-22 18:01:47,0.00000403,691.00000000
2018-02-22 18:01:47,0.00000403,781.00000000
2018-02-22 18:01:48,0.00000403,4167.00000000
2018-02-22 18:01:48,0.00000404,45833.00000000
2018-02-22 18:01:50,0.00000403,45095.00000000
2018-02-22 18:01:50,0.00000403,2506.00000000
2018-02-22 18:01:50,0.00000403,2506.00000000
2018-02-22 18:01:50,0.00000403,16952.00000000
2018-02-22 18:01:50,0.00000403,2481.00000000
2018-02-22 18:01:50,0.00000403,7431.00000000
2018-02-22 18:01:50,0.00000403,2506.00000000
2018-02-22 18:01:50,0.00000403,4166.00000000
2018-02-22 18:01:50,0.00000403,2506.00000000
2018-02-22 18:01:51,0.00000402,2506.00000000
2018-02-22 18:01:52,0.00000403,261.00000000
2018-02-22 18:01:52,0.00000403,100.00000000
2018-02-22 18:01:53,0.00000403,26317.00000000
2018-02-22 18:01:56,0.00000404,19.00000000
2018-02-22 18:01:56,0.00000403,3165.00000000
2018-02-22 18:01:58,0.00000403,7430.00000000
2018-02-22 18:01:58,0.00000403,1549.00000000
2018-02-22 18:01:59,0.00000403,3643.00000000
2018-02-22 18:02:01,0.00000403,8476.00000000
2018-02-22 18:02:01,0.00000404,30.00000000
2018-02-22 18:02:03,0.00000403,17372.00000000
2018-02-22 18:02:09,0.00000403,362969.00000000
2018-02-22 18:02:09,0.00000403,10000.00000000
2018-02-22 18:02:10,0.00000403,5762.00000000
2018-02-22 18:02:11,0.00000403,11416.00000000
2018-02-22 18:02:11,0.00000403,7427.00000000
2018-02-22 18:02:11,0.00000403,11861.00000000
2018-02-22 18:02:11,0.00000403,11844.00000000
2018-02-22 18:02:11,0.00000403,11844.00000000
2018-02-22 18:02:11,0.00000402,7427.00000000
2018-02-22 18:02:12,0.00000403,15.00000000
2018-02-22 18:02:19,0.00000403,15968.00000000
2018-02-22 18:02:20,0.00000402,11844.00000000
2018-02-22 18:02:23,0.00000403,10209.00000000
2018-02-22 18:02:23,0.00000404,3.00000000
2018-02-22 18:02:29,0.00000404,3482.00000000
2018-02-22 18:02:30,0.00000404,3717.00000000
2018-02-22 18:02:34,0.00000403,3615.00000000
2018-02-22 18:02:34,0.00000403,137142.00000000
2018-02-22 18:02:35,0.00000403,259.00000000
2018-02-22 18:02:36,0.00000403,2130.00000000
2018-02-22 18:02:39,0.00000403,67042.00000000
2018-02-22 18:02:40,0.00000403,50365.00000000
2018-02-22 18:02:40,0.00000403,917.00000000
2018-02-22 18:02:42,0.00000403,6014.00000000
2018-02-22 18:02:45,0.00000404,2261.00000000
2018-02-22 18:02:49,0.00000403,380.00000000
2018-02-22 18:02:55,0.00000403,23122.00000000
2018-02-22 18:03:01,0.00000404,3.00000000
2018-02-22 18:03:09,0.00000403,757.00000000
2018-02-22 18:03:11,0.00000403,6136.00000000
2018-02-22 18:03:11,0.00000403,21245.00000000
2018-02-22 18:03:11,0.00000403,21245.00000000
2018-02-22 18:03:12,0.00000404,915.00000000
2018-02-22 18:03:12,0.00000404,20.00000000
2018-02-22 18:03:18,0.00000404,48.00000000
2018-02-22 18:03:19,0.00000403,537.00000000
2018-02-22 18:03:19,0.00000404,29994.00000000
2018-02-22 18:03:20,0.00000404,28351.00000000
2018-02-22 18:03:21,0.00000403,2485.00000000
2018-02-22 18:03:22,0.00000403,855.00000000
2018-02-22 18:03:22,0.00000404,1170.00000000
2018-02-22 18:03:28,0.00000403,6255.00000000
2018-02-22 18:03:28,0.00000403,3175.00000000
2018-02-22 18:03:30,0.00000403,36585.00000000
2018-02-22 18:03:30,0.00000403,1678.00000000
2018-02-22 18:03:30,0.00000403,36580.00000000
2018-02-22 18:03:30,0.00000404,12338.00000000
2018-02-22 18:03:33,0.00000404,9698.00000000
2018-02-22 18:03:34,0.00000404,85154.00000000
2018-02-22 18:03:35,0.00000404,24752.00000000
2018-02-22 18:03:35,0.00000404,5.00000000
2018-02-22 18:03:48,0.00000403,36567.00000000
2018-02-22 18:03:54,0.00000403,202409.00000000
2018-02-22 18:03:55,0.00000404,31.00000000
2018-02-22 18:04:04,0.00000403,9.00000000
2018-02-22 18:04:04,0.00000404,9499.00000000
2018-02-22 18:04:05,0.00000404,12.00000000
2018-02-22 18:04:05,0.00000403,2958.00000000
2018-02-22 18:04:06,0.00000404,141705.00000000
2018-02-22 18:04:10,0.00000404,866.00000000
2018-02-22 18:04:13,0.00000404,5000.00000000
2018-02-22 18:04:14,0.00000404,2437.00000000
2018-02-22 18:04:24,0.00000404,6669.00000000
2018-02-22 18:04:27,0.00000404,903.00000000
2018-02-22 18:04:31,0.00000404,40532.00000000
2018-02-22 18:04:32,0.00000404,11812.00000000
2018-02-22 18:04:35,0.00000404,9.00000000
2018-02-22 18:04:37,0.00000404,2026.00000000
2018-02-22 18:04:42,0.00000404,2192.00000000
2018-02-22 18:04:44,0.00000404,29263.00000000
2018-02-22 18:04:44,0.00000404,618.00000000
2018-02-22 18:04:46,0.00000404,16984.00000000
2018-02-22 18:05:02,0.00000403,29795.00000000
2018-02-22 18:05:10,0.00000403,1913.00000000
2018-02-22 18:05:13,0.00000403,37079.00000000
2018-02-22 18:05:14,0.00000403,2230.00000000
2018-02-22 18:05:14,0.00000403,321.00000000
2018-02-22 18:05:14,0.00000403,1240.00000000
2018-02-22 18:05:16,0.00000403,4995.00000000
2018-02-22 18:05:22,0.00000403,6829.00000000
2018-02-22 18:05:23,0.00000403,8163.00000000
2018-02-22 18:05:27,0.00000404,1089.00000000
2018-02-22 18:05:37,0.00000403,1.00000000
2018-02-22 18:05:39,0.00000403,3156.00000000
2018-02-22 18:05:44,0.00000403,4369.00000000
2018-02-22 18:05:50,0.00000403,4112.00000000
2018-02-22 18:05:56,0.00000404,4045.00000000
2018-02-22 18:05:57,0.00000403,7444.00000000
2018-02-22 18:05:57,0.00000403,7444.00000000
2018-02-22 18:05:57,0.00000403,7444.00000000
2018-02-22 18:05:57,0.00000403,7443.00000000
2018-02-22 18:05:57,0.00000403,15058.00000000
2018-02-22 18:05:57,0.00000403,7443.00000000
2018-02-22 18:05:57,0.00000403,7443.00000000
2018-02-22 18:05:57,0.00000403,7443.00000000
2018-02-22 18:05:57,0.00000403,7444.00000000
2018-02-22 18:05:58,0.00000403,7444.00000000
2018-02-22 18:05:58,0.00000403,7444.00000000
2018-02-22 18:05:58,0.00000403,7444.00000000
2018-02-22 18:05:58,0.00000403,7443.00000000
2018-02-22 18:05:58,0.00000403,834.00000000
2018-02-22 18:05:58,0.00000404,3113.00000000
2018-02-22 18:06:02,0.00000404,276.00000000
2018-02-22 18:06:07,0.00000403,9997.00000000
2018-02-22 18:06:09,0.00000404,2500.00000000
2018-02-22 18:06:16,0.00000404,4617.00000000
2018-02-22 18:06:22,0.00000404,858.00000000
2018-02-22 18:06:27,0.00000404,20769.00000000
2018-02-22 18:06:27,0.00000403,285.00000000
2018-02-22 18:06:31,0.00000404,3676.00000000
2018-02-22 18:06:35,0.00000404,15478.00000000
2018-02-22 18:06:38,0.00000403,832.00000000
2018-02-22 18:06:43,0.00000404,2649.00000000
2018-02-22 18:06:47,0.00000404,3.00000000
2018-02-22 18:06:51,0.00000404,400.00000000
2018-02-22 18:07:00,0.00000403,2423.00000000
2018-02-22 18:07:02,0.00000404,1432.00000000
2018-02-22 18:07:03,0.00000403,218927.00000000
2018-02-22 18:07:07,0.00000403,3632.00000000
2018-02-22 18:07:27,0.00000404,2399.00000000
2018-02-22 18:07:35,0.00000404,1.00000000
2018-02-22 18:07:36,0.00000403,250.00000000
2018-02-22 18:07:39,0.00000403,1105.00000000
2018-02-22 18:07:53,0.00000403,750.00000000
2018-02-22 18:08:00,0.00000404,300.00000000
2018-02-22 18:08:00,0.00000404,7197.00000000
2018-02-22 18:08:00,0.00000403,50000.00000000
2018-02-22 18:08:01,0.00000404,7781.00000000
2018-02-22 18:08:04,0.00000404,2747.00000000
2018-02-22 18:08:05,0.00000404,7677.00000000
2018-02-22 18:08:07,0.00000404,2911.00000000
2018-02-22 18:08:09,0.00000403,1779.00000000
2018-02-22 18:08:13,0.00000403,192819.00000000
2018-02-22 18:08:14,0.00000403,40380.00000000
2018-02-22 18:08:15,0.00000403,161783.00000000
2018-02-22 18:08:21,0.00000403,100582.00000000
2018-02-22 18:08:25,0.00000404,34.00000000
2018-02-22 18:08:28,0.00000403,50000.00000000
2018-02-22 18:08:29,0.00000403,10406.00000000
2018-02-22 18:08:29,0.00000403,816123.00000000
2018-02-22 18:08:29,0.00000403,4901.00000000
2018-02-22 18:08:30,0.00000403,2554.00000000
2018-02-22 18:08:33,0.00000403,2858.00000000
2018-02-22 18:08:36,0.00000402,490520.00000000
2018-02-22 18:08:42,0.00000402,112975.00000000
2018-02-22 18:08:43,0.00000403,1852.00000000
2018-02-22 18:08:48,0.00000402,16594.00000000
2018-02-22 18:08:48,0.00000403,19592.00000000
2018-02-22 18:08:49,0.00000403,2481.00000000
2018-02-22 18:08:50,0.00000403,4495.00000000
2018-02-22 18:09:05,0.00000403,1683.00000000
2018-02-22 18:09:07,0.00000402,12726.00000000
2018-02-22 18:09:08,0.00000403,19922.00000000
2018-02-22 18:09:27,0.00000402,172618.00000000
2018-02-22 18:09:27,0.00000402,31854.00000000
2018-02-22 18:09:30,0.00000402,3113.00000000
2018-02-22 18:09:39,0.00000402,38989.00000000
2018-02-22 18:09:42,0.00000402,21948.00000000
2018-02-22 18:09:44,0.00000403,100.00000000
2018-02-22 18:09:47,0.00000402,163516.00000000
2018-02-22 18:09:49,0.00000403,208.00000000
2018-02-22 18:09:54,0.00000402,64848.00000000
2018-02-22 18:10:02,0.00000402,5443.00000000
2018-02-22 18:10:06,0.00000402,1001.00000000
2018-02-22 18:10:09,0.00000402,5462.00000000
2018-02-22 18:10:16,0.00000402,250.00000000
2018-02-22 18:10:19,0.00000403,621.00000000
2018-02-22 18:10:20,0.00000402,28342.00000000
2018-02-22 18:10:38,0.00000402,5181.00000000
2018-02-22 18:10:39,0.00000402,999.00000000
2018-02-22 18:10:46,0.00000403,20600.00000000
2018-02-22 18:10:55,0.00000403,20593.00000000
2018-02-22 18:10:57,0.00000403,10147.00000000
2018-02-22 18:11:03,0.00000402,12482.00000000
2018-02-22 18:11:05,0.00000403,63959.00000000
2018-02-22 18:11:17,0.00000403,28630.00000000
2018-02-22 18:11:17,0.00000402,10972.00000000
2018-02-22 18:11:18,0.00000403,11426.00000000
2018-02-22 18:11:32,0.00000403,72890.00000000
2018-02-22 18:11:39,0.00000402,499.00000000
2018-02-22 18:11:47,0.00000402,2094.00000000
2018-02-22 18:11:49,0.00000402,5282.00000000
2018-02-22 18:11:50,0.00000402,2000.00000000
2018-02-22 18:11:53,0.00000403,744.00000000
2018-02-22 18:11:53,0.00000403,5857.00000000
2018-02-22 18:11:54,0.00000403,286.00000000
2018-02-22 18:11:55,0.00000403,1934.00000000
2018-02-22 18:12:08,0.00000402,82514.00000000
2018-02-22 18:12:09,0.00000403,7.00000000
2018-02-22 18:12:18,0.00000403,3067.00000000
2018-02-22 18:12:19,0.00000403,14144.00000000
2018-02-22 18:12:21,0.00000403,2872.00000000
2018-02-22 18:12:22,0.00000402,4038.00000000
2018-02-22 18:12:28,0.00000402,1243.00000000
2018-02-22 18:12:30,0.00000402,1015585.00000000
2018-02-22 18:12:30,0.00000402,21108.00000000
2018-02-22 18:12:31,0.00000402,24849.00000000
2018-02-22 18:12:32,0.00000402,24299.00000000
2018-02-22 18:12:34,0.00000402,4759.00000000
2018-02-22 18:12:34,0.00000402,5936.00000000
2018-02-22 18:12:35,0.00000402,24674.00000000
2018-02-22 18:12:37,0.00000402,7456.00000000
2018-02-22 18:12:37,0.00000402,27013.00000000
2018-02-22 18:12:37,0.00000402,7458.00000000
2018-02-22 18:12:37,0.00000402,7458.00000000
2018-02-22 18:12:37,0.00000402,2053.00000000
2018-02-22 18:12:38,0.00000402,7457.00000000
2018-02-22 18:12:38,0.00000402,6101.00000000
2018-02-22 18:12:38,0.00000402,24868.00000000
2018-02-22 18:12:39,0.00000402,1885.00000000
2018-02-22 18:12:44,0.00000401,723975.00000000
2018-02-22 18:12:48,0.00000401,22199.00000000
2018-02-22 18:13:08,0.00000402,467.00000000
2018-02-22 18:13:17,0.00000401,18.00000000
2018-02-22 18:13:20,0.00000401,5093.00000000
2018-02-22 18:13:23,0.00000401,25000.00000000
2018-02-22 18:13:24,0.00000402,2230.00000000
2018-02-22 18:13:24,0.00000402,5684.00000000
2018-02-22 18:13:26,0.00000401,22000.00000000
2018-02-22 18:13:28,0.00000402,115364.00000000
2018-02-22 18:13:36,0.00000402,497.00000000
2018-02-22 18:13:39,0.00000402,552.00000000
2018-02-22 18:13:50,0.00000402,22058.00000000
2018-02-22 18:13:52,0.00000402,1000.00000000
2018-02-22 18:14:01,0.00000401,478.00000000
2018-02-22 18:14:07,0.00000402,3935.00000000
2018-02-22 18:14:08,0.00000402,501.00000000
2018-02-22 18:14:10,0.00000401,28801.00000000
2018-02-22 18:14:10,0.00000401,7480.00000000
2018-02-22 18:14:10,0.00000401,404.00000000
2018-02-22 18:14:11,0.00000401,2698.00000000
2018-02-22 18:14:11,0.00000401,14894.00000000
2018-02-22 18:14:11,0.00000402,533.00000000
2018-02-22 18:14:11,0.00000401,24187.00000000
2018-02-22 18:14:19,0.00000401,3100.00000000
2018-02-22 18:14:22,0.00000401,2177.00000000
2018-02-22 18:14:22,0.00000401,61090.00000000
2018-02-22 18:14:27,0.00000401,146182.00000000
2018-02-22 18:14:29,0.00000401,7273.00000000
2018-02-22 18:14:31,0.00000401,34412.00000000
2018-02-22 18:14:32,0.00000401,11987.00000000
2018-02-22 18:14:40,0.00000401,100000.00000000
2018-02-22 18:14:40,0.00000401,31700.00000000
2018-02-22 18:14:41,0.00000402,1333.00000000
2018-02-22 18:14:42,0.00000402,250.00000000
2018-02-22 18:14:45,0.00000401,3721.00000000
2018-02-22 18:14:49,0.00000402,2513.00000000
2018-02-22 18:14:53,0.00000402,4.00000000
2018-02-22 18:14:56,0.00000401,5000.00000000
2018-02-22 18:14:58,0.00000401,92110.00000000
2018-02-22 18:15:00,0.00000401,10864.00000000
2018-02-22 18:15:00,0.00000401,18346.00000000
2018-02-22 18:15:14,0.00000401,2045.00000000
2018-02-22 18:15:14,0.00000401,276.00000000
2018-02-22 18:15:27,0.00000402,1413.00000000
2018-02-22 18:15:29,0.00000401,5000.00000000
2018-02-22 18:15:37,0.00000402,3125.00000000
2018-02-22 18:15:37,0.00000402,890.00000000
2018-02-22 18:15:42,0.00000401,97724.00000000
2018-02-22 18:15:45,0.00000401,5000.00000000
2018-02-22 18:15:47,0.00000402,2591.00000000
2018-02-22 18:15:50,0.00000401,547.00000000
2018-02-22 18:15:52,0.00000401,12101.00000000
2018-02-22 18:16:06,0.00000401,4780.00000000
2018-02-22 18:16:07,0.00000401,10322.00000000
2018-02-22 18:16:10,0.00000401,106030.00000000
2018-02-22 18:16:10,0.00000401,69639.00000000
2018-02-22 18:16:13,0.00000401,17278.00000000
2018-02-22 18:16:16,0.00000402,18.00000000
2018-02-22 18:16:20,0.00000401,8206.00000000
2018-02-22 18:16:25,0.00000401,3000.00000000
2018-02-22 18:16:27,0.00000401,13246.00000000
2018-02-22 18:16:29,0.00000401,2747.00000000
2018-02-22 18:16:30,0.00000402,4535.00000000
2018-02-22 18:16:31,0.00000402,38504.00000000
2018-02-22 18:16:31,0.00000401,550.00000000
2018-02-22 18:16:34,0.00000402,15.00000000
2018-02-22 18:16:35,0.00000401,35000.00000000
2018-02-22 18:16:35,0.00000401,830.00000000
2018-02-22 18:16:38,0.00000402,500.00000000
2018-02-22 18:16:38,0.00000402,28784.00000000
2018-02-22 18:16:39,0.00000402,35.00000000
2018-02-22 18:16:40,0.00000401,10000.00000000
2018-02-22 18:16:49,0.00000401,499.00000000
2018-02-22 18:16:53,0.00000401,750.00000000
2018-02-22 18:16:55,0.00000402,7000.00000000
2018-02-22 18:16:58,0.00000402,8443.00000000
2018-02-22 18:17:01,0.00000401,630.00000000
2018-02-22 18:17:03,0.00000402,1239.00000000
2018-02-22 18:17:05,0.00000401,9.00000000
2018-02-22 18:17:06,0.00000402,16.00000000
2018-02-22 18:17:09,0.00000401,1879.00000000
2018-02-22 18:17:11,0.00000401,2487.00000000
2018-02-22 18:17:14,0.00000401,1221.00000000
2018-02-22 18:17:18,0.00000402,2507.00000000
2018-02-22 18:17:20,0.00000402,227575.00000000
2018-02-22 18:17:26,0.00000402,5.00000000
2018-02-22 18:17:29,0.00000402,11857.00000000
2018-02-22 18:17:30,0.00000402,1.00000000
2018-02-22 18:17:38,0.00000402,6788.00000000
2018-02-22 18:17:42,0.00000402,40.00000000
2018-02-22 18:17:45,0.00000402,2294.00000000
2018-02-22 18:17:50,0.00000402,10000.00000000
2018-02-22 18:17:53,0.00000402,42881.00000000
2018-02-22 18:17:56,0.00000402,1737.00000000
2018-02-22 18:17:57,0.00000402,45122.00000000
2018-02-22 18:17:59,0.00000402,6648.00000000
2018-02-22 18:18:09,0.00000402,6131.00000000
2018-02-22 18:18:10,0.00000401,83780.00000000
2018-02-22 18:18:11,0.00000401,500.00000000
2018-02-22 18:18:12,0.00000402,2000.00000000
2018-02-22 18:18:17,0.00000401,371.00000000
2018-02-22 18:18:19,0.00000401,17842.00000000
2018-02-22 18:18:26,0.00000401,40408.00000000
2018-02-22 18:18:27,0.00000402,275.00000000
2018-02-22 18:18:28,0.00000402,17725.00000000
2018-02-22 18:18:31,0.00000402,3097.00000000
2018-02-22 18:18:36,0.00000401,1247.00000000
2018-02-22 18:18:36,0.00000401,4987.00000000
2018-02-22 18:18:37,0.00000401,4273.00000000
2018-02-22 18:18:39,0.00000402,207.00000000
2018-02-22 18:18:41,0.00000402,870.00000000
2018-02-22 18:18:43,0.00000401,11431.00000000
2018-02-22 18:18:52,0.00000401,2500.00000000
2018-02-22 18:18:52,0.00000401,11416.00000000
2018-02-22 18:18:52,0.00000401,19240.00000000
2018-02-22 18:18:53,0.00000402,8.00000000
2018-02-22 18:19:09,0.00000401,2584.00000000
2018-02-22 18:19:12,0.00000401,11346.00000000
2018-02-22 18:19:14,0.00000402,38373.00000000
2018-02-22 18:19:14,0.00000401,3744.00000000
2018-02-22 18:19:15,0.00000401,2399.00000000
2018-02-22 18:19:15,0.00000401,1221.00000000
2018-02-22 18:19:16,0.00000402,299.00000000
2018-02-22 18:19:18,0.00000401,5005.00000000
2018-02-22 18:19:23,0.00000401,23696.00000000
2018-02-22 18:19:23,0.00000401,3596.00000000
2018-02-22 18:19:24,0.00000401,14361.00000000
2018-02-22 18:19:24,0.00000401,3590.00000000
2018-02-22 18:19:24,0.00000401,7816.00000000
2018-02-22 18:19:25,0.00000401,2702.00000000
2018-02-22 18:19:25,0.00000401,6285.00000000
2018-02-22 18:19:26,0.00000401,697.00000000
2018-02-22 18:19:26,0.00000401,2509.00000000
2018-02-22 18:19:27,0.00000401,1383.00000000
2018-02-22 18:19:27,0.00000401,90558.00000000
2018-02-22 18:19:27,0.00000401,2399.00000000
2018-02-22 18:19:28,0.00000401,2016.00000000
2018-02-22 18:19:31,0.00000401,637.00000000
2018-02-22 18:19:37,0.00000401,430.00000000
2018-02-22 18:19:47,0.00000401,237.00000000
2018-02-22 18:19:54,0.00000401,852.00000000
2018-02-22 18:19:56,0.00000401,104381.00000000
2018-02-22 18:19:59,0.00000401,18914.00000000
2018-02-22 18:20:02,0.00000401,183.00000000
2018-02-22 18:20:02,0.00000401,28449.00000000
2018-02-22 18:20:14,0.00000401,914.00000000
2018-02-22 18:20:30,0.00000402,529.00000000
2018-02-22 18:20:31,0.00000402,3289.00000000
2018-02-22 18:20:32,0.00000401,4548.00000000
2018-02-22 18:20:38,0.00000401,1038.00000000
2018-02-22 18:20:40,0.00000401,6788.00000000
2018-02-22 18:20:43,0.00000401,1001.00000000
2018-02-22 18:20:44,0.00000402,1300.00000000
2018-02-22 18:20:44,0.00000402,325.00000000
2018-02-22 18:20:45,0.00000401,1500.00000000
2018-02-22 18:20:49,0.00000401,11147.00000000
2018-02-22 18:20:54,0.00000401,17795.00000000
2018-02-22 18:20:57,0.00000402,7.00000000
2018-02-22 18:20:59,0.00000401,928.00000000
2018-02-22 18:21:02,0.00000401,3506.00000000
2018-02-22 18:21:02,0.00000402,2487.00000000
2018-02-22 18:21:14,0.00000401,500.00000000
2018-02-22 18:21:15,0.00000402,3924.00000000
2018-02-22 18:21:18,0.00000402,25234.00000000
2018-02-22 18:21:20,0.00000401,9809.00000000
2018-02-22 18:21:24,0.00000402,870.00000000
2018-02-22 18:21:24,0.00000402,15367.00000000
2018-02-22 18:21:25,0.00000402,2500.00000000
2018-02-22 18:21:27,0.00000402,932.00000000
2018-02-22 18:21:31,0.00000402,3771.00000000
2018-02-22 18:21:33,0.00000402,157253.00000000
2018-02-22 18:21:35,0.00000402,14978.00000000
2018-02-22 18:21:38,0.00000401,2621.00000000
2018-02-22 18:21:39,0.00000402,2052.00000000
2018-02-22 18:21:39,0.00000402,71296.00000000
2018-02-22 18:21:39,0.00000402,7450.00000000
2018-02-22 18:21:39,0.00000401,1272.00000000
2018-02-22 18:21:40,0.00000401,3740.00000000
2018-02-22 18:21:40,0.00000401,7480.00000000
2018-02-22 18:21:42,0.00000401,5351.00000000
2018-02-22 18:21:44,0.00000401,87547.00000000
2018-02-22 18:21:47,0.00000401,7481.00000000
2018-02-22 18:21:47,0.00000401,24933.00000000
2018-02-22 18:21:47,0.00000401,17000.00000000
2018-02-22 18:21:47,0.00000401,7179.00000000
2018-02-22 18:21:48,0.00000401,24378.00000000
2018-02-22 18:21:49,0.00000401,4454.00000000
2018-02-22 18:21:52,0.00000401,39124.00000000
2018-02-22 18:21:56,0.00000401,3124.00000000
2018-02-22 18:21:58,0.00000401,1003.00000000
2018-02-22 18:21:59,0.00000401,7481.00000000
2018-02-22 18:21:59,0.00000401,7481.00000000
2018-02-22 18:21:59,0.00000401,4772.00000000
2018-02-22 18:21:59,0.00000401,3695.00000000
2018-02-22 18:21:59,0.00000401,3330.00000000
2018-02-22 18:22:00,0.00000401,9459.00000000
2018-02-22 18:22:04,0.00000401,1002.00000000
2018-02-22 18:22:14,0.00000402,58769.00000000
2018-02-22 18:22:14,0.00000402,27835.00000000
2018-02-22 18:22:14,0.00000402,16125.00000000
2018-02-22 18:22:14,0.00000402,26339.00000000
2018-02-22 18:22:14,0.00000402,9614.00000000
2018-02-22 18:22:14,0.00000402,127539.00000000
2018-02-22 18:22:14,0.00000401,79913.00000000
2018-02-22 18:22:14,0.00000401,93526.00000000
2018-02-22 18:22:14,0.00000401,775.00000000
2018-02-22 18:22:17,0.00000401,3591.00000000
2018-02-22 18:22:21,0.00000402,418.00000000
2018-02-22 18:22:28,0.00000401,743.00000000
2018-02-22 18:22:40,0.00000401,2205.00000000
2018-02-22 18:22:41,0.00000401,101099.00000000
2018-02-22 18:22:42,0.00000401,1700.00000000
2018-02-22 18:22:43,0.00000402,700.00000000
2018-02-22 18:22:44,0.00000402,4458.00000000
2018-02-22 18:22:52,0.00000401,4987.00000000
2018-02-22 18:23:05,0.00000401,663.00000000
2018-02-22 18:23:07,0.00000401,19.00000000
2018-02-22 18:23:07,0.00000402,4013.00000000
2018-02-22 18:23:10,0.00000401,2700.00000000
2018-02-22 18:23:11,0.00000401,2500.00000000
2018-02-22 18:23:18,0.00000401,8000.00000000
2018-02-22 18:23:26,0.00000402,24769.00000000
2018-02-22 18:23:27,0.00000402,1944.00000000
2018-02-22 18:23:29,0.00000402,1302.00000000
2018-02-22 18:23:30,0.00000402,511.00000000
2018-02-22 18:23:32,0.00000402,5095.00000000
2018-02-22 18:23:33,0.00000402,4373.00000000
2018-02-22 18:23:33,0.00000401,21000.00000000
2018-02-22 18:23:37,0.00000401,9346.00000000
2018-02-22 18:23:37,0.00000401,1730.00000000
2018-02-22 18:23:37,0.00000402,5905.00000000
2018-02-22 18:23:41,0.00000402,2514.00000000
2018-02-22 18:23:46,0.00000402,57.00000000
2018-02-22 18:23:53,0.00000401,12993.00000000
2018-02-22 18:23:55,0.00000402,59682.00000000
2018-02-22 18:23:56,0.00000402,174600.00000000
2018-02-22 18:23:56,0.00000402,16112.00000000
2018-02-22 18:23:56,0.00000402,18972.00000000
2018-02-22 18:23:56,0.00000402,12369.00000000
2018-02-22 18:23:56,0.00000402,5512.00000000
2018-02-22 18:23:57,0.00000402,5015.00000000
2018-02-22 18:23:59,0.00000402,12438.00000000
2018-02-22 18:24:01,0.00000402,7541.00000000
2018-02-22 18:24:01,0.00000402,12438.00000000
2018-02-22 18:24:02,0.00000403,1856.00000000
2018-02-22 18:24:06,0.00000403,9322.00000000
2018-02-22 18:24:08,0.00000402,7461.00000000
2018-02-22 18:24:09,0.00000402,1000.00000000
2018-02-22 18:24:10,0.00000402,7462.00000000
2018-02-22 18:24:10,0.00000402,6062.00000000
2018-02-22 18:24:11,0.00000402,12438.00000000
2018-02-22 18:24:14,0.00000402,366.00000000
2018-02-22 18:24:16,0.00000402,12438.00000000
2018-02-22 18:24:18,0.00000402,12438.00000000
2018-02-22 18:24:22,0.00000403,2196.00000000
2018-02-22 18:24:24,0.00000403,12646.00000000
2018-02-22 18:24:27,0.00000402,39086.00000000
2018-02-22 18:24:28,0.00000402,6678.00000000
2018-02-22 18:24:29,0.00000402,7462.00000000
2018-02-22 18:24:29,0.00000402,7462.00000000
2018-02-22 18:24:29,0.00000402,7462.00000000
2018-02-22 18:24:29,0.00000402,7461.00000000
2018-02-22 18:24:31,0.00000403,3725.00000000
2018-02-22 18:24:32,0.00000403,320.00000000
2018-02-22 18:24:37,0.00000402,5000.00000000
2018-02-22 18:24:46,0.00000402,5139.00000000
2018-02-22 18:24:49,0.00000402,4994.00000000
2018-02-22 18:24:49,0.00000402,1.00000000
2018-02-22 18:24:52,0.00000402,25226.00000000
2018-02-22 18:24:53,0.00000402,999.00000000
2018-02-22 18:25:02,0.00000402,3732.00000000
2018-02-22 18:25:26,0.00000402,36574.00000000
2018-02-22 18:25:26,0.00000402,36571.00000000
2018-02-22 18:25:27,0.00000402,1245.00000000
2018-02-22 18:25:28,0.00000402,1000.00000000
2018-02-22 18:25:32,0.00000403,1650.00000000
2018-02-22 18:25:32,0.00000402,4107.00000000
2018-02-22 18:25:39,0.00000402,3356.00000000
2018-02-22 18:25:42,0.00000402,7675.00000000
2018-02-22 18:25:44,0.00000403,2500.00000000
2018-02-22 18:25:45,0.00000402,6159.00000000
2018-02-22 18:25:48,0.00000402,7141.00000000
2018-02-22 18:25:49,0.00000402,2333.00000000
2018-02-22 18:25:50,0.00000402,6029.00000000
2018-02-22 18:25:50,0.00000402,7089.00000000
2018-02-22 18:25:52,0.00000402,1187.00000000
2018-02-22 18:25:59,0.00000403,1697.00000000
2018-02-22 18:26:01,0.00000402,7462.00000000
2018-02-22 18:26:02,0.00000402,4452.00000000
2018-02-22 18:26:23,0.00000403,1739.00000000
2018-02-22 18:26:25,0.00000402,1523.00000000
2018-02-22 18:26:27,0.00000402,5068.00000000
2018-02-22 18:26:31,0.00000403,500.00000000
2018-02-22 18:26:34,0.00000403,13702.00000000
2018-02-22 18:26:35,0.00000402,639.00000000
2018-02-22 18:26:40,0.00000403,905.00000000
2018-02-22 18:26:51,0.00000403,13005.00000000
2018-02-22 18:26:52,0.00000403,298.00000000
2018-02-22 18:26:55,0.00000402,17363.00000000
2018-02-22 18:26:57,0.00000402,7296.00000000
2018-02-22 18:27:21,0.00000402,23904.00000000
2018-02-22 18:27:23,0.00000403,7439.00000000
2018-02-22 18:27:27,0.00000402,576.00000000
2018-02-22 18:27:28,0.00000402,283.00000000
2018-02-22 18:27:29,0.00000403,29257.00000000
2018-02-22 18:27:37,0.00000403,4807.00000000
2018-02-22 18:27:40,0.00000402,802.00000000
2018-02-22 18:27:49,0.00000402,12334.00000000
2018-02-22 18:28:09,0.00000402,83578.00000000
2018-02-22 18:28:15,0.00000403,2.00000000
2018-02-22 18:28:17,0.00000402,39989.00000000
2018-02-22 18:28:21,0.00000403,2433.00000000
2018-02-22 18:28:28,0.00000403,7395.00000000
2018-02-22 18:28:31,0.00000403,3701.00000000
2018-02-22 18:28:41,0.00000403,2.00000000
2018-02-22 18:28:53,0.00000403,306.00000000
2018-02-22 18:28:55,0.00000403,5769.00000000
2018-02-22 18:28:58,0.00000403,9429.00000000
2018-02-22 18:29:04,0.00000403,827.00000000
2018-02-22 18:29:10,0.00000403,2407.00000000
2018-02-22 18:29:10,0.00000403,46125.00000000
2018-02-22 18:29:15,0.00000403,1197.00000000
2018-02-22 18:29:15,0.00000403,4980.00000000
2018-02-22 18:29:24,0.00000402,10000.00000000
2018-02-22 18:29:27,0.00000402,1.00000000
2018-02-22 18:29:27,0.00000402,1000.00000000
2018-02-22 18:29:29,0.00000402,38146.00000000
2018-02-22 18:29:32,0.00000402,99253.00000000
2018-02-22 18:29:36,0.00000402,86700.00000000
2018-02-22 18:29:37,0.00000402,406.00000000
2018-02-22 18:29:37,0.00000402,22200.00000000
2018-02-22 18:29:39,0.00000402,17544.00000000
2018-02-22 18:29:49,0.00000402,1047.00000000
2018-02-22 18:29:56,0.00000402,299.00000000
2018-02-22 18:29:56,0.00000402,27754.00000000
2018-02-22 18:30:03,0.00000402,509.00000000
2018-02-22 18:30:05,0.00000402,1042.00000000
2018-02-22 18:30:09,0.00000402,1000.00000000
2018-02-22 18:30:14,0.00000402,21158.00000000
2018-02-22 18:30:16,0.00000402,4884.00000000
2018-02-22 18:30:17,0.00000402,500.00000000
2018-02-22 18:30:18,0.00000402,250.00000000
2018-02-22 18:30:20,0.00000402,43876.00000000
2018-02-22 18:30:24,0.00000402,2465.00000000
2018-02-22 18:30:30,0.00000403,750.00000000
2018-02-22 18:30:34,0.00000403,5254.00000000
2018-02-22 18:30:36,0.00000403,1761.00000000
2018-02-22 18:30:46,0.00000403,2361.00000000
2018-02-22 18:30:47,0.00000402,2081.00000000
2018-02-22 18:30:49,0.00000402,20522.00000000
2018-02-22 18:30:52,0.00000403,1500.00000000
2018-02-22 18:31:02,0.00000402,4673.00000000
2018-02-22 18:31:03,0.00000402,18697.00000000
2018-02-22 18:31:03,0.00000402,547779.00000000
2018-02-22 18:31:03,0.00000402,141543.00000000
2018-02-22 18:31:03,0.00000401,4943.00000000
2018-02-22 18:31:03,0.00000402,15000.00000000
2018-02-22 18:31:03,0.00000402,24899.00000000
2018-02-22 18:31:03,0.00000401,498125.00000000
2018-02-22 18:31:04,0.00000402,995.00000000
2018-02-22 18:31:04,0.00000402,2519.00000000
2018-02-22 18:31:09,0.00000401,11910.00000000
2018-02-22 18:31:10,0.00000402,39900.00000000
2018-02-22 18:31:14,0.00000402,250.00000000
2018-02-22 18:31:25,0.00000402,926.00000000
2018-02-22 18:31:25,0.00000402,6020.00000000
2018-02-22 18:31:26,0.00000402,291.00000000
2018-02-22 18:31:29,0.00000401,494.00000000
2018-02-22 18:31:30,0.00000402,87628.00000000
2018-02-22 18:31:36,0.00000402,1820.00000000
2018-02-22 18:31:38,0.00000402,166.00000000
2018-02-22 18:31:38,0.00000401,929.00000000
2018-02-22 18:31:39,0.00000402,1.00000000
2018-02-22 18:31:40,0.00000402,32979.00000000
2018-02-22 18:31:41,0.00000402,750.00000000
2018-02-22 18:31:52,0.00000402,223286.00000000
2018-02-22 18:32:05,0.00000402,34032.00000000
2018-02-22 18:32:10,0.00000402,1600.00000000
2018-02-22 18:32:10,0.00000402,83553.00000000
2018-02-22 18:32:11,0.00000401,7481.00000000
2018-02-22 18:32:11,0.00000402,1209.00000000
2018-02-22 18:32:24,0.00000402,249.00000000
2018-02-22 18:32:29,0.00000402,2256.00000000
2018-02-22 18:32:29,0.00000402,831.00000000
2018-02-22 18:32:31,0.00000402,25747.00000000
2018-02-22 18:32:31,0.00000402,800.00000000
2018-02-22 18:32:32,0.00000402,1114.00000000
2018-02-22 18:32:34,0.00000402,400.00000000
2018-02-22 18:32:34,0.00000402,292353.00000000
2018-02-22 18:32:34,0.00000402,16112.00000000
2018-02-22 18:32:34,0.00000402,7461.00000000
2018-02-22 18:32:34,0.00000402,12245.00000000
2018-02-22 18:32:34,0.00000402,15811.00000000
2018-02-22 18:32:34,0.00000402,9802.00000000
2018-02-22 18:32:34,0.00000402,11416.00000000
2018-02-22 18:32:34,0.00000402,12225.00000000
2018-02-22 18:32:34,0.00000402,12251.00000000
2018-02-22 18:32:34,0.00000402,14652.00000000
2018-02-22 18:32:34,0.00000401,1168.00000000
2018-02-22 18:32:35,0.00000402,885.00000000
2018-02-22 18:32:35,0.00000402,783.00000000
2018-02-22 18:32:40,0.00000402,1004.00000000
2018-02-22 18:32:43,0.00000402,14689.00000000
2018-02-22 18:32:43,0.00000402,993.00000000
2018-02-22 18:32:43,0.00000402,3842.00000000
2018-02-22 18:32:43,0.00000402,7462.00000000
2018-02-22 18:32:43,0.00000402,4808.00000000
2018-02-22 18:32:43,0.00000402,10981.00000000
2018-02-22 18:32:44,0.00000402,1758.00000000
2018-02-22 18:32:44,0.00000402,7339.00000000
2018-02-22 18:32:49,0.00000402,12642.00000000
2018-02-22 18:32:56,0.00000403,158.00000000
2018-02-22 18:33:01,0.00000403,1100.00000000
2018-02-22 18:33:03,0.00000402,30000.00000000
2018-02-22 18:33:09,0.00000402,7461.00000000
2018-02-22 18:33:09,0.00000402,24303.00000000
2018-02-22 18:33:09,0.00000402,40168.00000000
2018-02-22 18:33:09,0.00000402,7462.00000000
2018-02-22 18:33:09,0.00000402,7461.00000000
2018-02-22 18:33:09,0.00000402,7462.00000000
2018-02-22 18:33:09,0.00000402,26138.00000000
2018-02-22 18:33:15,0.00000402,1229.00000000
2018-02-22 18:33:15,0.00000403,2771.00000000
2018-02-22 18:33:19,0.00000402,2344.00000000
2018-02-22 18:33:20,0.00000402,2777.00000000
2018-02-22 18:33:20,0.00000402,5135.00000000
2018-02-22 18:33:20,0.00000402,1.00000000
2018-02-22 18:33:25,0.00000401,327.00000000
2018-02-22 18:33:25,0.00000402,5336.00000000
2018-02-22 18:33:25,0.00000403,7214.00000000
2018-02-22 18:33:28,0.00000402,1219.00000000
2018-02-22 18:33:29,0.00000403,354912.00000000
2018-02-22 18:33:29,0.00000402,6011.00000000
2018-02-22 18:33:32,0.00000402,2482.00000000
2018-02-22 18:33:34,0.00000403,18104.00000000
2018-02-22 18:33:40,0.00000403,4.00000000
2018-02-22 18:33:42,0.00000402,18098.00000000
2018-02-22 18:33:44,0.00000402,85154.00000000
2018-02-22 18:33:51,0.00000402,1172.00000000
2018-02-22 18:33:57,0.00000402,1000.00000000
2018-02-22 18:34:07,0.00000402,16586.00000000
2018-02-22 18:34:07,0.00000401,83414.00000000
2018-02-22 18:34:14,0.00000402,469.00000000
2018-02-22 18:34:15,0.00000402,1820.00000000
2018-02-22 18:34:21,0.00000402,2488.00000000
2018-02-22 18:34:21,0.00000402,2486.00000000
2018-02-22 18:34:21,0.00000402,2005.00000000
2018-02-22 18:34:24,0.00000403,10000.00000000
2018-02-22 18:34:32,0.00000403,1201.00000000
2018-02-22 18:34:45,0.00000402,11684.00000000
2018-02-22 18:34:46,0.00000403,10000.00000000
2018-02-22 18:34:53,0.00000403,130000.00000000
2018-02-22 18:35:15,0.00000403,163.00000000
2018-02-22 18:35:18,0.00000403,35600.00000000
2018-02-22 18:35:33,0.00000403,500.00000000
2018-02-22 18:35:34,0.00000403,500.00000000
2018-02-22 18:35:37,0.00000402,472.00000000
2018-02-22 18:35:40,0.00000403,14000.00000000
2018-02-22 18:35:46,0.00000403,1414.00000000
2018-02-22 18:35:47,0.00000402,1866.00000000
2018-02-22 18:35:48,0.00000403,1250.00000000
2018-02-22 18:35:58,0.00000402,5000.00000000
2018-02-22 18:36:01,0.00000402,1811.00000000
2018-02-22 18:36:01,0.00000402,1432.00000000
2018-02-22 18:36:03,0.00000402,7220.00000000
2018-02-22 18:36:12,0.00000402,43159.00000000
2018-02-22 18:36:13,0.00000402,7030.00000000
2018-02-22 18:36:13,0.00000402,7462.00000000
2018-02-22 18:36:13,0.00000402,24729.00000000
2018-02-22 18:36:13,0.00000402,7461.00000000
2018-02-22 18:36:15,0.00000402,1403.00000000
2018-02-22 18:36:18,0.00000402,3658.00000000
2018-02-22 18:36:18,0.00000402,2086.00000000
2018-02-22 18:36:19,0.00000402,3022.00000000
2018-02-22 18:36:19,0.00000402,7462.00000000
2018-02-22 18:36:19,0.00000402,7461.00000000
2018-02-22 18:36:19,0.00000402,10974.00000000
2018-02-22 18:36:19,0.00000402,7462.00000000
2018-02-22 18:36:20,0.00000402,6704.00000000
2018-02-22 18:36:22,0.00000402,111891.00000000
2018-02-22 18:36:24,0.00000402,50000.00000000
2018-02-22 18:36:31,0.00000403,56405.00000000
2018-02-22 18:36:34,0.00000402,32371.00000000
2018-02-22 18:36:39,0.00000402,25000.00000000
2018-02-22 18:36:40,0.00000403,3000.00000000
2018-02-22 18:36:44,0.00000402,6832.00000000
2018-02-22 18:36:46,0.00000403,56499.00000000
2018-02-22 18:36:46,0.00000402,8352.00000000
2018-02-22 18:36:47,0.00000402,78871.00000000
2018-02-22 18:36:47,0.00000402,2480.00000000
2018-02-22 18:36:49,0.00000402,34022.00000000
2018-02-22 18:36:50,0.00000403,5.00000000
2018-02-22 18:36:54,0.00000403,2665.00000000
2018-02-22 18:36:54,0.00000402,1141.00000000
2018-02-22 18:36:57,0.00000403,3177.00000000
2018-02-22 18:37:00,0.00000402,400.00000000
2018-02-22 18:37:01,0.00000402,400.00000000
2018-02-22 18:37:03,0.00000402,400.00000000
2018-02-22 18:37:05,0.00000402,35178.00000000
2018-02-22 18:37:05,0.00000402,400.00000000
2018-02-22 18:37:07,0.00000402,400.00000000
2018-02-22 18:37:09,0.00000402,400.00000000
2018-02-22 18:37:11,0.00000402,400.00000000
2018-02-22 18:37:14,0.00000402,400.00000000
2018-02-22 18:37:15,0.00000402,6628.00000000
2018-02-22 18:37:15,0.00000402,400.00000000
2018-02-22 18:37:20,0.00000402,101307.00000000
2018-02-22 18:37:20,0.00000401,35652.00000000
2018-02-22 18:37:22,0.00000402,16233.00000000
2018-02-22 18:37:23,0.00000402,12800.00000000
2018-02-22 18:37:23,0.00000402,5435.00000000
2018-02-22 18:37:24,0.00000402,3457.00000000
2018-02-22 18:37:24,0.00000401,5435.00000000
2018-02-22 18:37:24,0.00000402,24486.00000000
2018-02-22 18:37:24,0.00000402,5420.00000000
2018-02-22 18:37:24,0.00000402,7454.00000000
2018-02-22 18:37:24,0.00000402,5068.00000000
2018-02-22 18:37:26,0.00000402,7097.00000000
2018-02-22 18:37:34,0.00000402,500.00000000
2018-02-22 18:37:38,0.00000403,5792.00000000
2018-02-22 18:37:46,0.00000403,1637.00000000
2018-02-22 18:37:56,0.00000403,627.00000000
2018-02-22 18:37:59,0.00000402,250.00000000
2018-02-22 18:38:01,0.00000402,7294.00000000
2018-02-22 18:38:08,0.00000402,20456.00000000
2018-02-22 18:38:12,0.00000402,116197.00000000
2018-02-22 18:38:13,0.00000402,17649.00000000
2018-02-22 18:38:15,0.00000402,1169.00000000
2018-02-22 18:38:18,0.00000402,11093.00000000
2018-02-22 18:38:26,0.00000402,12116.00000000
2018-02-22 18:38:28,0.00000402,386.00000000
2018-02-22 18:38:30,0.00000402,1400.00000000
2018-02-22 18:38:31,0.00000402,922.00000000
2018-02-22 18:38:32,0.00000402,7.00000000
2018-02-22 18:38:32,0.00000402,1482.00000000
2018-02-22 18:38:41,0.00000402,1236.00000000
2018-02-22 18:38:41,0.00000402,1217.00000000
2018-02-22 18:38:41,0.00000402,381703.00000000
2018-02-22 18:38:46,0.00000402,2453.00000000
2018-02-22 18:38:54,0.00000402,351.00000000
2018-02-22 18:39:03,0.00000402,3327.00000000
2018-02-22 18:39:04,0.00000401,100.00000000
2018-02-22 18:39:07,0.00000402,1817.00000000
2018-02-22 18:39:13,0.00000402,562.00000000
2018-02-22 18:39:19,0.00000402,701.00000000
2018-02-22 18:39:23,0.00000402,5552.00000000
2018-02-22 18:39:28,0.00000402,8598.00000000
2018-02-22 18:39:29,0.00000402,29846.00000000
2018-02-22 18:39:31,0.00000402,217.00000000
2018-02-22 18:39:32,0.00000402,965.00000000
2018-02-22 18:39:35,0.00000402,7500.00000000
2018-02-22 18:39:40,0.00000402,1.00000000
2018-02-22 18:39:43,0.00000402,1002.00000000
2018-02-22 18:39:46,0.00000401,1182.00000000
2018-02-22 18:39:54,0.00000402,1744.00000000
2018-02-22 18:40:02,0.00000402,51499.00000000
2018-02-22 18:40:06,0.00000401,13358.00000000
2018-02-22 18:40:13,0.00000402,12059.00000000
2018-02-22 18:40:26,0.00000402,893.00000000
2018-02-22 18:40:28,0.00000402,661.00000000
2018-02-22 18:40:31,0.00000402,1674.00000000
2018-02-22 18:40:34,0.00000402,14269.00000000
2018-02-22 18:40:34,0.00000402,4066.00000000
2018-02-22 18:40:36,0.00000403,6033.00000000
2018-02-22 18:41:00,0.00000402,310.00000000
2018-02-22 18:41:09,0.00000402,4193.00000000
2018-02-22 18:41:22,0.00000403,355.00000000
2018-02-22 18:41:24,0.00000402,2398.00000000
2018-02-22 18:41:28,0.00000402,20218.00000000
2018-02-22 18:41:33,0.00000403,6.00000000
2018-02-22 18:41:34,0.00000403,11.00000000
2018-02-22 18:41:44,0.00000403,266.00000000
2018-02-22 18:41:45,0.00000402,1577.00000000
2018-02-22 18:41:48,0.00000403,2734.00000000
2018-02-22 18:41:54,0.00000403,7486.00000000
2018-02-22 18:42:17,0.00000403,266.00000000
2018-02-22 18:42:26,0.00000402,1183.00000000
2018-02-22 18:42:27,0.00000402,7720.00000000
2018-02-22 18:42:31,0.00000403,36964.00000000
2018-02-22 18:42:32,0.00000402,35589.00000000
2018-02-22 18:42:33,0.00000402,1208.00000000
2018-02-22 18:42:34,0.00000402,16774.00000000
2018-02-22 18:42:36,0.00000402,631.00000000
2018-02-22 18:42:37,0.00000403,7464.00000000
2018-02-22 18:42:43,0.00000403,1250.00000000
2018-02-22 18:42:43,0.00000402,84043.00000000
2018-02-22 18:42:45,0.00000403,3247.00000000
2018-02-22 18:42:52,0.00000403,21402.00000000
2018-02-22 18:42:54,0.00000403,60230.00000000
2018-02-22 18:42:58,0.00000402,652.00000000
2018-02-22 18:42:59,0.00000402,79347.00000000
2018-02-22 18:43:03,0.00000402,2500.00000000
2018-02-22 18:43:03,0.00000402,39391.00000000
2018-02-22 18:43:11,0.00000402,7462.00000000
2018-02-22 18:43:11,0.00000402,99736.00000000
2018-02-22 18:43:11,0.00000403,98.00000000
2018-02-22 18:43:11,0.00000402,7462.00000000
2018-02-22 18:43:11,0.00000402,28366.00000000
2018-02-22 18:43:11,0.00000402,7461.00000000
2018-02-22 18:43:11,0.00000402,7461.00000000
2018-02-22 18:43:11,0.00000402,7461.00000000
2018-02-22 18:43:11,0.00000402,28435.00000000
2018-02-22 18:43:12,0.00000402,2485.00000000
2018-02-22 18:43:13,0.00000402,17291.00000000
2018-02-22 18:43:13,0.00000402,8709.00000000
2018-02-22 18:43:16,0.00000402,1243.00000000
2018-02-22 18:43:17,0.00000402,1108.00000000
2018-02-22 18:43:18,0.00000402,7462.00000000
2018-02-22 18:43:19,0.00000402,1470.00000000
2018-02-22 18:43:20,0.00000402,2563.00000000
2018-02-22 18:43:21,0.00000402,4038.00000000
2018-02-22 18:43:23,0.00000402,35826.00000000
2018-02-22 18:43:24,0.00000402,1840.00000000
2018-02-22 18:43:27,0.00000402,2526.00000000
2018-02-22 18:43:28,0.00000402,10000.00000000
2018-02-22 18:43:31,0.00000402,7461.00000000
2018-02-22 18:43:32,0.00000402,7462.00000000
2018-02-22 18:43:32,0.00000402,7462.00000000
2018-02-22 18:43:33,0.00000403,1.00000000
2018-02-22 18:43:36,0.00000402,5366.00000000
2018-02-22 18:43:38,0.00000402,888.00000000
2018-02-22 18:43:40,0.00000402,7462.00000000
2018-02-22 18:43:40,0.00000402,4760.00000000
2018-02-22 18:43:41,0.00000403,12573.00000000
2018-02-22 18:43:50,0.00000403,33512.00000000
2018-02-22 18:43:51,0.00000402,7462.00000000
2018-02-22 18:43:51,0.00000402,7462.00000000
2018-02-22 18:43:51,0.00000402,7461.00000000
2018-02-22 18:43:51,0.00000402,7462.00000000
2018-02-22 18:43:51,0.00000402,7462.00000000
2018-02-22 18:43:51,0.00000402,1503.00000000
2018-02-22 18:43:53,0.00000402,550.00000000
2018-02-22 18:43:55,0.00000402,7462.00000000
2018-02-22 18:43:55,0.00000403,250.00000000
2018-02-22 18:43:55,0.00000402,7461.00000000
2018-02-22 18:43:55,0.00000402,2917.00000000
2018-02-22 18:43:55,0.00000402,4250.00000000
2018-02-22 18:43:57,0.00000403,6002.00000000
2018-02-22 18:44:06,0.00000402,2185.00000000
2018-02-22 18:44:07,0.00000402,1244.00000000
2018-02-22 18:44:11,0.00000402,885.00000000
2018-02-22 18:44:13,0.00000403,25647.00000000
2018-02-22 18:44:18,0.00000402,359.00000000
2018-02-22 18:44:18,0.00000402,4245.00000000
2018-02-22 18:44:19,0.00000402,20514.00000000
2018-02-22 18:44:23,0.00000402,594.00000000
2018-02-22 18:44:25,0.00000402,25404.00000000
2018-02-22 18:44:25,0.00000402,783.00000000
2018-02-22 18:44:26,0.00000402,8675.00000000
2018-02-22 18:44:28,0.00000402,3064.00000000
2018-02-22 18:44:32,0.00000402,75307.00000000
2018-02-22 18:44:35,0.00000402,3700.00000000
2018-02-22 18:44:35,0.00000402,18452.00000000
2018-02-22 18:44:39,0.00000403,2381.00000000
2018-02-22 18:44:40,0.00000402,4378.00000000
2018-02-22 18:44:44,0.00000402,999.00000000
2018-02-22 18:44:54,0.00000402,5530.00000000
2018-02-22 18:44:58,0.00000402,2809.00000000
2018-02-22 18:44:58,0.00000402,7462.00000000
2018-02-22 18:44:59,0.00000402,3546.00000000
2018-02-22 18:44:59,0.00000402,7462.00000000
2018-02-22 18:44:59,0.00000402,2408.00000000
2018-02-22 18:45:00,0.00000402,2759.00000000
2018-02-22 18:45:01,0.00000402,208.00000000
2018-02-22 18:45:04,0.00000403,1187.00000000
2018-02-22 18:45:05,0.00000402,1000.00000000
2018-02-22 18:45:06,0.00000402,2178.00000000
2018-02-22 18:45:06,0.00000403,389.00000000
2018-02-22 18:45:08,0.00000402,39954.00000000
2018-02-22 18:45:11,0.00000402,1243.00000000
2018-02-22 18:45:17,0.00000402,6986.00000000
2018-02-22 18:45:23,0.00000403,2.00000000
2018-02-22 18:45:25,0.00000403,889.00000000
2018-02-22 18:45:38,0.00000403,293.00000000
2018-02-22 18:45:39,0.00000402,1733.00000000
2018-02-22 18:45:42,0.00000402,100268.00000000
2018-02-22 18:45:42,0.00000403,106753.00000000
2018-02-22 18:45:43,0.00000403,252.00000000
2018-02-22 18:45:43,0.00000402,7979.00000000
2018-02-22 18:45:45,0.00000402,45108.00000000
2018-02-22 18:45:47,0.00000402,4262.00000000
2018-02-22 18:46:08,0.00000402,278.00000000
2018-02-22 18:46:10,0.00000402,1436.00000000
2018-02-22 18:46:11,0.00000402,533.00000000
2018-02-22 18:46:12,0.00000402,533.00000000
2018-02-22 18:46:15,0.00000402,1893.00000000
2018-02-22 18:46:18,0.00000402,1491.00000000
2018-02-22 18:46:21,0.00000402,7238.00000000
2018-02-22 18:46:25,0.00000403,7350.00000000
2018-02-22 18:46:32,0.00000403,7716.00000000
2018-02-22 18:46:33,0.00000402,4500.00000000
2018-02-22 18:46:35,0.00000402,3141.00000000
2018-02-22 18:46:38,0.00000402,1243.00000000
2018-02-22 18:46:39,0.00000402,100000.00000000
2018-02-22 18:46:44,0.00000402,4331.00000000
2018-02-22 18:46:45,0.00000402,2493.00000000
2018-02-22 18:46:54,0.00000402,5839.00000000
2018-02-22 18:46:56,0.00000402,1243.00000000
2018-02-22 18:47:00,0.00000402,5534.00000000
2018-02-22 18:47:00,0.00000402,5244.00000000
2018-02-22 18:47:00,0.00000402,1884.00000000
2018-02-22 18:47:01,0.00000402,3983.00000000
2018-02-22 18:47:07,0.00000402,2487.00000000
2018-02-22 18:47:08,0.00000402,1243.00000000
2018-02-22 18:47:17,0.00000402,13532.00000000
2018-02-22 18:47:31,0.00000402,534.00000000
2018-02-22 18:47:33,0.00000403,147204.00000000
2018-02-22 18:47:34,0.00000402,1258.00000000
2018-02-22 18:47:43,0.00000402,23493.00000000
2018-02-22 18:47:43,0.00000402,535.00000000
2018-02-22 18:47:46,0.00000403,310.00000000
2018-02-22 18:47:47,0.00000402,2000.00000000
2018-02-22 18:47:49,0.00000402,536.00000000
2018-02-22 18:47:55,0.00000403,4845.00000000
2018-02-22 18:48:06,0.00000402,4000.00000000
2018-02-22 18:48:09,0.00000403,34.00000000
2018-02-22 18:48:11,0.00000403,1075.00000000
2018-02-22 18:48:13,0.00000402,2944.00000000
2018-02-22 18:48:18,0.00000403,3617.00000000
2018-02-22 18:48:21,0.00000403,2.00000000
2018-02-22 18:48:23,0.00000403,250.00000000
2018-02-22 18:48:24,0.00000402,1504.00000000
2018-02-22 18:48:32,0.00000403,47664.00000000
2018-02-22 18:48:41,0.00000402,3177.00000000
2018-02-22 18:48:42,0.00000403,13873.00000000
2018-02-22 18:48:48,0.00000402,4548.00000000
2018-02-22 18:48:54,0.00000402,2294.00000000
2018-02-22 18:48:55,0.00000402,39955.00000000
2018-02-22 18:49:02,0.00000402,1744.00000000
2018-02-22 18:49:06,0.00000402,800.00000000
2018-02-22 18:49:10,0.00000403,893.00000000
2018-02-22 18:49:25,0.00000402,535.00000000
2018-02-22 18:49:31,0.00000402,3460.00000000
2018-02-22 18:49:42,0.00000402,1017.00000000
2018-02-22 18:49:42,0.00000403,1.00000000
2018-02-22 18:49:43,0.00000402,1244.00000000
2018-02-22 18:49:45,0.00000403,1000.00000000
2018-02-22 18:49:48,0.00000402,825.00000000
2018-02-22 18:49:51,0.00000402,7574.00000000
2018-02-22 18:50:00,0.00000402,910.00000000
2018-02-22 18:50:08,0.00000403,4692.00000000
2018-02-22 18:50:11,0.00000403,995.00000000
2018-02-22 18:50:14,0.00000403,6936.00000000
2018-02-22 18:50:17,0.00000402,838.00000000
2018-02-22 18:50:18,0.00000402,100.00000000
2018-02-22 18:50:23,0.00000402,24080.00000000
2018-02-22 18:50:23,0.00000402,278.00000000
2018-02-22 18:50:27,0.00000403,938.00000000
2018-02-22 18:50:32,0.00000403,20313.00000000
2018-02-22 18:50:33,0.00000402,3177.00000000
2018-02-22 18:50:33,0.00000402,3177.00000000
2018-02-22 18:50:35,0.00000403,466.00000000
2018-02-22 18:50:35,0.00000402,1196.00000000
2018-02-22 18:50:48,0.00000403,1695.00000000
2018-02-22 18:50:48,0.00000402,1087.00000000
2018-02-22 18:50:50,0.00000403,7815.00000000
2018-02-22 18:50:53,0.00000402,2999.00000000
2018-02-22 18:50:54,0.00000403,4793.00000000
2018-02-22 18:51:00,0.00000402,10575.00000000
2018-02-22 18:51:02,0.00000402,638.00000000
2018-02-22 18:51:03,0.00000403,11477.00000000
2018-02-22 18:51:16,0.00000403,540.00000000
2018-02-22 18:51:18,0.00000403,1198.00000000
2018-02-22 18:51:27,0.00000402,4114.00000000
2018-02-22 18:51:29,0.00000403,12500.00000000
2018-02-22 18:51:29,0.00000403,44900.00000000
2018-02-22 18:51:49,0.00000402,376.00000000
2018-02-22 18:51:51,0.00000403,9499.00000000
2018-02-22 18:51:51,0.00000403,40.00000000
2018-02-22 18:51:51,0.00000403,241.00000000
2018-02-22 18:51:53,0.00000403,239.00000000
2018-02-22 18:51:55,0.00000403,236.00000000
2018-02-22 18:51:56,0.00000403,234.00000000
2018-02-22 18:51:57,0.00000403,1.00000000
2018-02-22 18:51:58,0.00000403,232.00000000
2018-02-22 18:51:59,0.00000403,230.00000000
2018-02-22 18:52:01,0.00000403,302.00000000
2018-02-22 18:52:01,0.00000403,228.00000000
2018-02-22 18:52:03,0.00000403,225.00000000
2018-02-22 18:52:03,0.00000403,1005.00000000
2018-02-22 18:52:04,0.00000403,223.00000000
2018-02-22 18:52:06,0.00000403,221.00000000
2018-02-22 18:52:08,0.00000403,219.00000000
2018-02-22 18:52:09,0.00000402,2302.00000000
2018-02-22 18:52:09,0.00000403,217.00000000
2018-02-22 18:52:11,0.00000403,215.00000000
2018-02-22 18:52:11,0.00000403,2132.00000000
2018-02-22 18:52:12,0.00000403,25306.00000000
2018-02-22 18:52:12,0.00000403,213.00000000
2018-02-22 18:52:14,0.00000403,211.00000000
2018-02-22 18:52:16,0.00000403,209.00000000
2018-02-22 18:52:17,0.00000403,207.00000000
2018-02-22 18:52:19,0.00000403,205.00000000
2018-02-22 18:52:20,0.00000403,203.00000000
2018-02-22 18:52:21,0.00000403,20000.00000000
2018-02-22 18:52:22,0.00000403,201.00000000
2018-02-22 18:52:23,0.00000403,199.00000000
2018-02-22 18:52:25,0.00000402,1307.00000000
2018-02-22 18:52:25,0.00000403,197.00000000
2018-02-22 18:52:27,0.00000403,195.00000000
2018-02-22 18:52:29,0.00000403,193.00000000
2018-02-22 18:52:31,0.00000403,192.00000000
2018-02-22 18:52:32,0.00000403,171762.00000000
2018-02-22 18:52:32,0.00000403,10827.00000000
2018-02-22 18:52:34,0.00000403,190.00000000
2018-02-22 18:52:35,0.00000402,97488.00000000
2018-02-22 18:52:36,0.00000403,188.00000000
2018-02-22 18:52:36,0.00000403,992.00000000
2018-02-22 18:52:37,0.00000403,28352.00000000
2018-02-22 18:52:38,0.00000403,186.00000000
2018-02-22 18:52:38,0.00000403,12014.00000000
2018-02-22 18:52:40,0.00000403,184.00000000
2018-02-22 18:52:41,0.00000403,183.00000000
2018-02-22 18:52:43,0.00000403,181.00000000
2018-02-22 18:52:44,0.00000403,179.00000000
2018-02-22 18:52:46,0.00000403,177.00000000
2018-02-22 18:52:47,0.00000402,2497.00000000
2018-02-22 18:52:56,0.00000403,2333.00000000
2018-02-22 18:52:57,0.00000402,6851.00000000
2018-02-22 18:53:11,0.00000403,250.00000000
2018-02-22 18:53:12,0.00000403,22220.00000000
2018-02-22 18:53:14,0.00000402,953.00000000
2018-02-22 18:53:15,0.00000402,302.00000000
2018-02-22 18:53:19,0.00000403,3026.00000000
2018-02-22 18:53:21,0.00000403,1699.00000000
2018-02-22 18:53:26,0.00000402,1001.00000000
2018-02-22 18:53:27,0.00000403,561.00000000
2018-02-22 18:53:32,0.00000402,521.00000000
2018-02-22 18:53:33,0.00000402,26827.00000000
2018-02-22 18:53:33,0.00000403,1570.00000000
2018-02-22 18:53:35,0.00000403,3020.00000000
2018-02-22 18:53:36,0.00000402,1100.00000000
2018-02-22 18:53:36,0.00000403,140.00000000
2018-02-22 18:53:39,0.00000403,47.00000000
2018-02-22 18:53:40,0.00000403,783.00000000
2018-02-22 18:53:43,0.00000402,100.00000000
2018-02-22 18:53:43,0.00000402,22050.00000000
2018-02-22 18:53:51,0.00000402,42129.00000000
2018-02-22 18:53:51,0.00000403,16.00000000
2018-02-22 18:53:56,0.00000402,6498.00000000
2018-02-22 18:53:58,0.00000403,500.00000000
2018-02-22 18:54:00,0.00000402,1000.00000000
2018-02-22 18:54:09,0.00000402,17594.00000000
2018-02-22 18:54:09,0.00000402,2.00000000
2018-02-22 18:54:09,0.00000402,3460.00000000
2018-02-22 18:54:11,0.00000402,4000.00000000
2018-02-22 18:54:22,0.00000403,1161.00000000
2018-02-22 18:54:24,0.00000403,250.00000000
2018-02-22 18:54:32,0.00000403,738.00000000
2018-02-22 18:54:33,0.00000402,27283.00000000
2018-02-22 18:54:34,0.00000402,807.00000000
2018-02-22 18:54:36,0.00000402,8288.00000000
2018-02-22 18:54:39,0.00000402,6500.00000000
2018-02-22 18:54:40,0.00000402,48.00000000
2018-02-22 18:54:52,0.00000402,3481.00000000
2018-02-22 18:54:52,0.00000402,15000.00000000
2018-02-22 18:54:55,0.00000403,24754.00000000
2018-02-22 18:55:03,0.00000403,42641.00000000
2018-02-22 18:55:03,0.00000403,13958.00000000
2018-02-22 18:55:03,0.00000402,37182.00000000
2018-02-22 18:55:04,0.00000402,10000.00000000
2018-02-22 18:55:07,0.00000402,9295.00000000
2018-02-22 18:55:08,0.00000402,10000.00000000
2018-02-22 18:55:22,0.00000402,6972.00000000
2018-02-22 18:55:27,0.00000402,500.00000000
2018-02-22 18:55:30,0.00000402,15662.00000000
2018-02-22 18:55:36,0.00000403,239.00000000
2018-02-22 18:55:40,0.00000403,1239.00000000
2018-02-22 18:55:47,0.00000402,40000.00000000
2018-02-22 18:55:51,0.00000402,7450.00000000
2018-02-22 18:56:00,0.00000402,998.00000000
2018-02-22 18:56:12,0.00000403,241.00000000
2018-02-22 18:56:13,0.00000403,239.00000000
2018-02-22 18:56:15,0.00000403,236.00000000
2018-02-22 18:56:15,0.00000402,24319.00000000
2018-02-22 18:56:17,0.00000403,234.00000000
2018-02-22 18:56:21,0.00000402,1000.00000000
2018-02-22 18:56:23,0.00000403,35000.00000000
2018-02-22 18:56:34,0.00000403,3990.00000000
2018-02-22 18:56:34,0.00000403,457.00000000
2018-02-22 18:56:38,0.00000402,50000.00000000
2018-02-22 18:56:40,0.00000403,4811.00000000
2018-02-22 18:56:42,0.00000403,6910.00000000
2018-02-22 18:56:45,0.00000403,565.00000000
2018-02-22 18:56:51,0.00000402,4412.00000000
2018-02-22 18:57:07,0.00000403,1788.00000000
2018-02-22 18:57:07,0.00000403,2577.00000000
2018-02-22 18:57:08,0.00000403,2500.00000000
2018-02-22 18:57:09,0.00000402,20.00000000
2018-02-22 18:57:10,0.00000403,4595.00000000
2018-02-22 18:57:18,0.00000403,1037.00000000
2018-02-22 18:57:18,0.00000403,2499.00000000
2018-02-22 18:57:18,0.00000403,2500.00000000
2018-02-22 18:57:18,0.00000402,2500.00000000
2018-02-22 18:57:21,0.00000403,4766.00000000
2018-02-22 18:57:27,0.00000402,490.00000000
2018-02-22 18:57:29,0.00000403,289.00000000
2018-02-22 18:57:31,0.00000403,287.00000000
2018-02-22 18:57:31,0.00000402,50000.00000000
2018-02-22 18:57:32,0.00000403,284.00000000
2018-02-22 18:57:36,0.00000402,37838.00000000
2018-02-22 18:57:36,0.00000402,8203.00000000
2018-02-22 18:57:37,0.00000403,20289.00000000
2018-02-22 18:57:38,0.00000402,19738.00000000
2018-02-22 18:57:38,0.00000402,490.00000000
2018-02-22 18:57:38,0.00000402,1309.00000000
2018-02-22 18:57:39,0.00000402,24691.00000000
2018-02-22 18:57:40,0.00000402,18465.00000000
2018-02-22 18:57:40,0.00000402,12531.00000000
2018-02-22 18:57:41,0.00000402,20979.00000000
2018-02-22 18:57:41,0.00000402,10500.00000000
2018-02-22 18:57:43,0.00000402,6305.00000000
2018-02-22 18:57:44,0.00000402,6305.00000000
2018-02-22 18:57:44,0.00000402,11475.00000000
2018-02-22 18:57:48,0.00000402,309.00000000
2018-02-22 18:57:49,0.00000402,22000.00000000
2018-02-22 18:57:51,0.00000402,7012.00000000
2018-02-22 18:57:52,0.00000402,10500.00000000
2018-02-22 18:57:52,0.00000402,50000.00000000
2018-02-22 18:57:54,0.00000402,24035.00000000
2018-02-22 18:57:59,0.00000402,514740.00000000
2018-02-22 18:57:59,0.00000402,81545.00000000
2018-02-22 18:58:07,0.00000402,50000.00000000
2018-02-22 18:58:11,0.00000402,300.00000000
2018-02-22 18:58:13,0.00000402,6162.00000000
2018-02-22 18:58:14,0.00000402,5000.00000000
2018-02-22 18:58:16,0.00000403,4.00000000
2018-02-22 18:58:16,0.00000402,12579.00000000
2018-02-22 18:58:17,0.00000402,1348.00000000
2018-02-22 18:58:17,0.00000402,529.00000000
2018-02-22 18:58:17,0.00000402,2106.00000000
2018-02-22 18:58:31,0.00000402,7979.00000000
2018-02-22 18:58:32,0.00000403,36896.00000000
2018-02-22 18:58:36,0.00000403,4.00000000
2018-02-22 18:58:36,0.00000403,2948.00000000
2018-02-22 18:58:38,0.00000403,249.00000000
2018-02-22 18:58:41,0.00000402,926.00000000
2018-02-22 18:58:41,0.00000402,59773.00000000
2018-02-22 18:58:46,0.00000402,8190.00000000
2018-02-22 18:58:50,0.00000402,1173.00000000
2018-02-22 18:58:51,0.00000402,7674.00000000
2018-02-22 18:58:52,0.00000402,29248.00000000
2018-02-22 18:58:57,0.00000402,352.00000000
2018-02-22 18:58:57,0.00000402,1000.00000000
2018-02-22 18:58:57,0.00000402,87396.00000000
2018-02-22 18:58:58,0.00000402,25635.00000000
2018-02-22 18:59:00,0.00000402,28119.00000000
2018-02-22 18:59:01,0.00000402,17741.00000000
2018-02-22 18:59:11,0.00000402,1000.00000000
2018-02-22 18:59:20,0.00000402,309.00000000
2018-02-22 18:59:25,0.00000402,845.00000000
2018-02-22 18:59:25,0.00000402,10620.00000000
2018-02-22 18:59:28,0.00000403,1.00000000
2018-02-22 18:59:28,0.00000402,93408.00000000
2018-02-22 18:59:29,0.00000402,9866.00000000
2018-02-22 18:59:29,0.00000402,2172.00000000
2018-02-22 18:59:30,0.00000402,163.00000000
2018-02-22 18:59:32,0.00000402,2000.00000000
2018-02-22 18:59:33,0.00000403,19786.00000000
2018-02-22 18:59:35,0.00000402,363.00000000
2018-02-22 18:59:37,0.00000403,7266.00000000
2018-02-22 18:59:39,0.00000402,250.00000000
2018-02-22 18:59:39,0.00000403,2399.00000000
2018-02-22 18:59:44,0.00000402,15046.00000000
2018-02-22 18:59:56,0.00000402,7363.00000000
2018-02-22 18:59:58,0.00000402,15000.00000000
