DATE,PRICE,VOLUME
2018-02-24 03:00:01,0.00000429,485.00000000
2018-02-24 03:00:07,0.00000427,1980.00000000
2018-02-24 03:00:07,0.00000427,537.00000000
2018-02-24 03:00:08,0.00000428,604.00000000
2018-02-24 03:00:08,0.00000428,143282.00000000
2018-02-24 03:00:09,0.00000428,469.00000000
2018-02-24 03:00:16,0.00000428,2372.00000000
2018-02-24 03:00:17,0.00000428,205.00000000
2018-02-24 03:00:17,0.00000429,1775.00000000
2018-02-24 03:00:20,0.00000429,3085.00000000
2018-02-24 03:00:23,0.00000429,3241.00000000
2018-02-24 03:00:26,0.00000429,36568.00000000
2018-02-24 03:00:28,0.00000429,699.00000000
2018-02-24 03:00:30,0.00000428,14781.00000000
2018-02-24 03:00:30,0.00000429,3050.00000000
2018-02-24 03:00:39,0.00000429,1051.00000000
2018-02-24 03:00:47,0.00000429,4662.00000000
2018-02-24 03:00:48,0.00000428,25707.00000000
2018-02-24 03:00:50,0.00000429,104139.00000000
2018-02-24 03:00:51,0.00000428,24.00000000
2018-02-24 03:00:51,0.00000428,4101.00000000
2018-02-24 03:00:53,0.00000428,123677.00000000
2018-02-24 03:00:53,0.00000427,31214.00000000
2018-02-24 03:00:54,0.00000429,4497.00000000
2018-02-24 03:00:57,0.00000429,2155.00000000
2018-02-24 03:01:00,0.00000427,10000.00000000
2018-02-24 03:01:01,0.00000429,55575.00000000
2018-02-24 03:01:04,0.00000428,1000.00000000
2018-02-24 03:01:04,0.00000428,261.00000000
2018-02-24 03:01:04,0.00000428,739.00000000
2018-02-24 03:01:04,0.00000427,1000.00000000
2018-02-24 03:01:04,0.00000429,485.00000000
2018-02-24 03:01:07,0.00000428,6464.00000000
2018-02-24 03:01:13,0.00000429,306.00000000
2018-02-24 03:01:14,0.00000428,10000.00000000
2018-02-24 03:01:19,0.00000428,489.00000000
2018-02-24 03:01:22,0.00000428,450.00000000
2018-02-24 03:01:24,0.00000429,277.00000000
2018-02-24 03:01:24,0.00000428,3000.00000000
2018-02-24 03:01:25,0.00000429,4650.00000000
2018-02-24 03:01:27,0.00000428,5571.00000000
2018-02-24 03:01:28,0.00000428,128830.00000000
2018-02-24 03:01:28,0.00000428,4118.00000000
2018-02-24 03:01:28,0.00000428,4515.00000000
2018-02-24 03:01:28,0.00000428,7002.00000000
2018-02-24 03:01:28,0.00000427,7002.00000000
2018-02-24 03:01:28,0.00000428,3319.00000000
2018-02-24 03:01:29,0.00000428,4920.00000000
2018-02-24 03:01:29,0.00000428,5530.00000000
2018-02-24 03:01:29,0.00000428,1935.00000000
2018-02-24 03:01:29,0.00000427,4920.00000000
2018-02-24 03:01:29,0.00000429,9500.00000000
2018-02-24 03:01:31,0.00000428,2500.00000000
2018-02-24 03:01:31,0.00000428,2652.00000000
2018-02-24 03:01:32,0.00000428,5750.00000000
2018-02-24 03:01:32,0.00000428,1137.00000000
2018-02-24 03:01:34,0.00000428,304.00000000
2018-02-24 03:01:34,0.00000428,5562.00000000
2018-02-24 03:01:34,0.00000428,22337.00000000
2018-02-24 03:01:36,0.00000428,308.00000000
2018-02-24 03:01:37,0.00000428,500.00000000
2018-02-24 03:01:38,0.00000427,29193.00000000
2018-02-24 03:01:42,0.00000428,7089.00000000
2018-02-24 03:01:42,0.00000428,81415.00000000
2018-02-24 03:01:43,0.00000428,5488.00000000
2018-02-24 03:01:43,0.00000427,5000.00000000
2018-02-24 03:01:44,0.00000427,83026.00000000
2018-02-24 03:01:52,0.00000427,380.00000000
2018-02-24 03:01:53,0.00000427,10000.00000000
2018-02-24 03:01:53,0.00000428,6386.00000000
2018-02-24 03:01:53,0.00000427,1000.00000000
2018-02-24 03:01:53,0.00000427,2000.00000000
2018-02-24 03:01:53,0.00000427,2000.00000000
2018-02-24 03:02:02,0.00000428,461.00000000
2018-02-24 03:02:02,0.00000428,2500.00000000
2018-02-24 03:02:02,0.00000427,8078.00000000
2018-02-24 03:02:02,0.00000427,10244.00000000
2018-02-24 03:02:04,0.00000428,714.00000000
2018-02-24 03:02:07,0.00000428,12807.00000000
2018-02-24 03:02:10,0.00000428,242.00000000
2018-02-24 03:02:12,0.00000428,45966.00000000
2018-02-24 03:02:14,0.00000428,6630.00000000
2018-02-24 03:02:17,0.00000428,3820.00000000
2018-02-24 03:02:21,0.00000427,292.00000000
2018-02-24 03:02:22,0.00000428,6.00000000
2018-02-24 03:02:24,0.00000428,3039.00000000
2018-02-24 03:02:32,0.00000427,111212.00000000
2018-02-24 03:02:35,0.00000428,86147.00000000
2018-02-24 03:02:38,0.00000428,500.00000000
2018-02-24 03:02:40,0.00000429,44097.00000000
2018-02-24 03:02:40,0.00000428,10009.00000000
2018-02-24 03:02:43,0.00000428,4014.00000000
2018-02-24 03:02:49,0.00000429,3.00000000
2018-02-24 03:02:49,0.00000428,25395.00000000
2018-02-24 03:02:56,0.00000428,1171.00000000
2018-02-24 03:02:56,0.00000428,23598.00000000
2018-02-24 03:03:01,0.00000428,1523.00000000
2018-02-24 03:03:01,0.00000428,4538.00000000
2018-02-24 03:03:17,0.00000429,13956.00000000
2018-02-24 03:03:20,0.00000428,7009.00000000
2018-02-24 03:03:20,0.00000428,7008.00000000
2018-02-24 03:03:22,0.00000428,21254.00000000
2018-02-24 03:03:23,0.00000428,500.00000000
2018-02-24 03:03:24,0.00000429,27.00000000
2018-02-24 03:03:26,0.00000429,7.00000000
2018-02-24 03:03:26,0.00000428,250.00000000
2018-02-24 03:03:28,0.00000429,2.00000000
2018-02-24 03:03:28,0.00000429,93474.00000000
2018-02-24 03:03:31,0.00000429,3665.00000000
2018-02-24 03:03:34,0.00000428,4763.00000000
2018-02-24 03:03:35,0.00000429,354.00000000
2018-02-24 03:03:37,0.00000428,3122.00000000
2018-02-24 03:03:38,0.00000428,1942.00000000
2018-02-24 03:03:44,0.00000429,902.00000000
2018-02-24 03:03:46,0.00000429,100.00000000
2018-02-24 03:03:48,0.00000428,500.00000000
2018-02-24 03:03:48,0.00000429,500.00000000
2018-02-24 03:03:53,0.00000428,1988.00000000
2018-02-24 03:03:54,0.00000428,30370.00000000
2018-02-24 03:03:54,0.00000428,6028.00000000
2018-02-24 03:03:55,0.00000428,7009.00000000
2018-02-24 03:03:55,0.00000428,11684.00000000
2018-02-24 03:03:55,0.00000428,7009.00000000
2018-02-24 03:03:55,0.00000428,3595.00000000
2018-02-24 03:03:56,0.00000429,5637.00000000
2018-02-24 03:04:01,0.00000429,20281.00000000
2018-02-24 03:04:02,0.00000428,499.00000000
2018-02-24 03:04:11,0.00000428,3951.00000000
2018-02-24 03:04:23,0.00000428,13747.00000000
2018-02-24 03:04:23,0.00000428,1137.00000000
2018-02-24 03:04:24,0.00000429,70711.00000000
2018-02-24 03:04:25,0.00000428,9967.00000000
2018-02-24 03:04:26,0.00000428,14922.00000000
2018-02-24 03:04:27,0.00000428,106859.00000000
2018-02-24 03:04:28,0.00000428,16335.00000000
2018-02-24 03:04:28,0.00000429,1038.00000000
2018-02-24 03:04:29,0.00000428,1177.00000000
2018-02-24 03:04:30,0.00000428,643.00000000
2018-02-24 03:04:30,0.00000428,1997.00000000
2018-02-24 03:04:31,0.00000428,683665.00000000
2018-02-24 03:04:32,0.00000428,2646.00000000
2018-02-24 03:04:33,0.00000428,4967.00000000
2018-02-24 03:04:33,0.00000428,561.00000000
2018-02-24 03:04:37,0.00000427,4315.00000000
2018-02-24 03:04:41,0.00000427,16939.00000000
2018-02-24 03:04:42,0.00000427,1000.00000000
2018-02-24 03:04:45,0.00000428,38290.00000000
2018-02-24 03:04:45,0.00000427,48806.00000000
2018-02-24 03:04:46,0.00000427,399.00000000
2018-02-24 03:04:46,0.00000427,2239.00000000
2018-02-24 03:04:49,0.00000428,1757.00000000
2018-02-24 03:04:58,0.00000427,6335.00000000
2018-02-24 03:05:06,0.00000428,500.00000000
2018-02-24 03:05:08,0.00000428,50.00000000
2018-02-24 03:05:11,0.00000427,25.00000000
2018-02-24 03:05:13,0.00000428,25.00000000
2018-02-24 03:05:13,0.00000428,95780.00000000
2018-02-24 03:05:15,0.00000427,35329.00000000
2018-02-24 03:05:17,0.00000427,86620.00000000
2018-02-24 03:05:19,0.00000427,25123.00000000
2018-02-24 03:05:24,0.00000428,6625.00000000
2018-02-24 03:05:24,0.00000427,10000.00000000
2018-02-24 03:05:27,0.00000427,4893.00000000
2018-02-24 03:05:32,0.00000427,46564.00000000
2018-02-24 03:05:32,0.00000427,600.00000000
2018-02-24 03:05:35,0.00000428,2336.00000000
2018-02-24 03:05:44,0.00000427,13283.00000000
2018-02-24 03:05:49,0.00000428,2209.00000000
2018-02-24 03:05:49,0.00000427,1967.00000000
2018-02-24 03:05:55,0.00000428,2734.00000000
2018-02-24 03:05:55,0.00000428,4.00000000
2018-02-24 03:05:55,0.00000428,5561.00000000
2018-02-24 03:05:57,0.00000428,28567.00000000
2018-02-24 03:05:58,0.00000428,937.00000000
2018-02-24 03:06:01,0.00000428,1915.00000000
2018-02-24 03:06:02,0.00000428,53247.00000000
2018-02-24 03:06:08,0.00000428,6421.00000000
2018-02-24 03:06:10,0.00000427,500.00000000
2018-02-24 03:06:10,0.00000428,8035.00000000
2018-02-24 03:06:11,0.00000427,16403.00000000
2018-02-24 03:06:13,0.00000428,53847.00000000
2018-02-24 03:06:14,0.00000427,54732.00000000
2018-02-24 03:06:15,0.00000427,4429.00000000
2018-02-24 03:06:17,0.00000428,10719.00000000
2018-02-24 03:06:21,0.00000428,39000.00000000
2018-02-24 03:06:21,0.00000428,38039.00000000
2018-02-24 03:06:22,0.00000428,80946.00000000
2018-02-24 03:06:26,0.00000428,23197.00000000
2018-02-24 03:06:26,0.00000428,3634.00000000
2018-02-24 03:06:30,0.00000428,967.00000000
2018-02-24 03:06:30,0.00000427,17980.00000000
2018-02-24 03:06:30,0.00000428,2262.00000000
2018-02-24 03:06:32,0.00000427,257.00000000
2018-02-24 03:06:33,0.00000428,239.00000000
2018-02-24 03:06:36,0.00000428,7202.00000000
2018-02-24 03:06:39,0.00000428,12585.00000000
2018-02-24 03:06:40,0.00000428,38977.00000000
2018-02-24 03:06:40,0.00000429,27991.00000000
2018-02-24 03:06:42,0.00000427,2077.00000000
2018-02-24 03:06:44,0.00000429,1.00000000
2018-02-24 03:06:49,0.00000429,1.00000000
2018-02-24 03:06:56,0.00000429,381066.00000000
2018-02-24 03:06:57,0.00000428,317222.00000000
2018-02-24 03:07:02,0.00000427,2517.00000000
2018-02-24 03:07:07,0.00000427,78693.00000000
2018-02-24 03:07:17,0.00000427,3374.00000000
2018-02-24 03:07:18,0.00000428,233848.00000000
2018-02-24 03:07:19,0.00000427,54198.00000000
2018-02-24 03:07:23,0.00000427,20076.00000000
2018-02-24 03:07:24,0.00000427,3873.00000000
2018-02-24 03:07:26,0.00000427,3526.00000000
2018-02-24 03:07:29,0.00000427,1609.00000000
2018-02-24 03:07:31,0.00000428,1088.00000000
2018-02-24 03:07:32,0.00000427,2587.00000000
2018-02-24 03:07:34,0.00000428,2336.00000000
2018-02-24 03:07:34,0.00000428,2336.00000000
2018-02-24 03:07:38,0.00000428,6277.00000000
2018-02-24 03:07:42,0.00000428,1443.00000000
2018-02-24 03:07:43,0.00000427,138.00000000
2018-02-24 03:07:44,0.00000428,7000.00000000
2018-02-24 03:07:55,0.00000428,23727.00000000
2018-02-24 03:07:59,0.00000427,4313.00000000
2018-02-24 03:07:59,0.00000427,3077.00000000
2018-02-24 03:08:04,0.00000427,524547.00000000
2018-02-24 03:08:10,0.00000427,200.00000000
2018-02-24 03:08:11,0.00000427,130201.00000000
2018-02-24 03:08:13,0.00000427,16570.00000000
2018-02-24 03:08:18,0.00000428,418.00000000
2018-02-24 03:08:29,0.00000428,11399.00000000
2018-02-24 03:08:34,0.00000427,2012.00000000
2018-02-24 03:08:40,0.00000428,1.00000000
2018-02-24 03:08:42,0.00000428,1.00000000
2018-02-24 03:08:43,0.00000428,1.00000000
2018-02-24 03:08:45,0.00000427,2000.00000000
2018-02-24 03:08:45,0.00000428,47.00000000
2018-02-24 03:08:46,0.00000427,8000.00000000
2018-02-24 03:08:46,0.00000428,2.00000000
2018-02-24 03:08:48,0.00000428,16682.00000000
2018-02-24 03:08:48,0.00000428,1.00000000
2018-02-24 03:08:50,0.00000428,1.00000000
2018-02-24 03:08:51,0.00000428,1295.00000000
2018-02-24 03:08:51,0.00000428,1.00000000
2018-02-24 03:08:52,0.00000428,1.00000000
2018-02-24 03:08:54,0.00000428,1.00000000
2018-02-24 03:08:55,0.00000428,1149.00000000
2018-02-24 03:08:56,0.00000428,1.00000000
2018-02-24 03:08:57,0.00000428,4718.00000000
2018-02-24 03:08:57,0.00000427,2990.00000000
2018-02-24 03:09:04,0.00000428,1.00000000
2018-02-24 03:09:04,0.00000428,82163.00000000
2018-02-24 03:09:05,0.00000427,54655.00000000
2018-02-24 03:09:06,0.00000428,1.00000000
2018-02-24 03:09:07,0.00000428,1.00000000
2018-02-24 03:09:09,0.00000428,1.00000000
2018-02-24 03:09:10,0.00000428,16767.00000000
2018-02-24 03:09:10,0.00000428,1.00000000
2018-02-24 03:09:11,0.00000427,123326.00000000
2018-02-24 03:09:12,0.00000428,1.00000000
2018-02-24 03:09:12,0.00000428,489.00000000
2018-02-24 03:09:15,0.00000428,1.00000000
2018-02-24 03:09:16,0.00000428,1680.00000000
2018-02-24 03:09:16,0.00000428,7002.00000000
2018-02-24 03:09:17,0.00000428,1.00000000
2018-02-24 03:09:17,0.00000427,6443.00000000
2018-02-24 03:09:17,0.00000427,91073.00000000
2018-02-24 03:09:18,0.00000428,1130.00000000
2018-02-24 03:09:19,0.00000428,1.00000000
2018-02-24 03:09:21,0.00000428,2379.00000000
2018-02-24 03:09:22,0.00000428,15857.00000000
2018-02-24 03:09:23,0.00000428,9050.00000000
2018-02-24 03:09:23,0.00000428,1014.00000000
2018-02-24 03:09:36,0.00000427,34326.00000000
2018-02-24 03:09:37,0.00000428,3329.00000000
2018-02-24 03:09:37,0.00000428,2.00000000
2018-02-24 03:09:38,0.00000428,5552.00000000
2018-02-24 03:09:43,0.00000427,7835.00000000
2018-02-24 03:09:47,0.00000428,410.00000000
2018-02-24 03:09:49,0.00000428,897.00000000
2018-02-24 03:09:53,0.00000428,7.00000000
2018-02-24 03:09:54,0.00000428,429.00000000
2018-02-24 03:09:54,0.00000428,45982.00000000
2018-02-24 03:09:56,0.00000428,7169.00000000
2018-02-24 03:09:59,0.00000428,969.00000000
2018-02-24 03:10:02,0.00000428,2540.00000000
2018-02-24 03:10:05,0.00000428,1150.00000000
2018-02-24 03:10:19,0.00000428,26.00000000
2018-02-24 03:10:25,0.00000427,5682.00000000
2018-02-24 03:10:26,0.00000427,4214.00000000
2018-02-24 03:10:28,0.00000427,35000.00000000
2018-02-24 03:10:28,0.00000428,254.00000000
2018-02-24 03:10:30,0.00000428,1090.00000000
2018-02-24 03:10:40,0.00000428,1090.00000000
2018-02-24 03:10:42,0.00000427,54081.00000000
2018-02-24 03:10:44,0.00000428,324.00000000
2018-02-24 03:10:48,0.00000428,1473.00000000
2018-02-24 03:10:50,0.00000428,4.00000000
2018-02-24 03:10:56,0.00000428,727.00000000
2018-02-24 03:10:57,0.00000428,3003.00000000
2018-02-24 03:10:57,0.00000428,48157.00000000
2018-02-24 03:10:57,0.00000428,1203.00000000
2018-02-24 03:11:01,0.00000428,4893.00000000
2018-02-24 03:11:03,0.00000427,6100.00000000
2018-02-24 03:11:04,0.00000428,704.00000000
2018-02-24 03:11:07,0.00000427,629.00000000
2018-02-24 03:11:10,0.00000428,13562.00000000
2018-02-24 03:11:11,0.00000427,601.00000000
2018-02-24 03:11:16,0.00000427,2262.00000000
2018-02-24 03:11:18,0.00000427,1480.00000000
2018-02-24 03:11:19,0.00000427,1308.00000000
2018-02-24 03:11:22,0.00000428,62611.00000000
2018-02-24 03:11:25,0.00000427,250.00000000
2018-02-24 03:11:27,0.00000427,8402.00000000
2018-02-24 03:11:27,0.00000428,49807.00000000
2018-02-24 03:11:27,0.00000427,5136.00000000
2018-02-24 03:11:34,0.00000427,833.00000000
2018-02-24 03:11:37,0.00000427,1454307.00000000
2018-02-24 03:11:39,0.00000427,4.00000000
2018-02-24 03:11:41,0.00000427,13132.00000000
2018-02-24 03:11:42,0.00000427,8339.00000000
2018-02-24 03:11:45,0.00000427,4992.00000000
2018-02-24 03:11:46,0.00000428,21070.00000000
2018-02-24 03:11:50,0.00000428,2000.00000000
2018-02-24 03:11:54,0.00000427,9930.00000000
2018-02-24 03:11:55,0.00000427,826.00000000
2018-02-24 03:12:02,0.00000427,887.00000000
2018-02-24 03:12:05,0.00000428,23433.00000000
2018-02-24 03:12:08,0.00000428,7738.00000000
2018-02-24 03:12:10,0.00000427,5000.00000000
2018-02-24 03:12:12,0.00000427,10547.00000000
2018-02-24 03:12:13,0.00000428,356.00000000
2018-02-24 03:12:22,0.00000427,839.00000000
2018-02-24 03:12:24,0.00000427,46192.00000000
2018-02-24 03:12:36,0.00000427,1008.00000000
2018-02-24 03:12:37,0.00000427,412.00000000
2018-02-24 03:12:40,0.00000427,54729.00000000
2018-02-24 03:12:41,0.00000427,122101.00000000
2018-02-24 03:12:56,0.00000427,53793.00000000
2018-02-24 03:13:02,0.00000428,1392.00000000
2018-02-24 03:13:04,0.00000427,682.00000000
2018-02-24 03:13:05,0.00000428,1758.00000000
2018-02-24 03:13:11,0.00000428,43500.00000000
2018-02-24 03:13:12,0.00000427,73330.00000000
2018-02-24 03:13:18,0.00000428,4363.00000000
2018-02-24 03:13:25,0.00000427,476.00000000
2018-02-24 03:13:37,0.00000427,1039.00000000
2018-02-24 03:13:38,0.00000427,687.00000000
2018-02-24 03:13:39,0.00000427,6.00000000
2018-02-24 03:13:40,0.00000427,1000.00000000
2018-02-24 03:13:41,0.00000427,7305.00000000
2018-02-24 03:13:41,0.00000428,701.00000000
2018-02-24 03:13:44,0.00000427,39722.00000000
2018-02-24 03:13:44,0.00000427,7646.00000000
2018-02-24 03:13:44,0.00000427,20000.00000000
2018-02-24 03:13:45,0.00000427,20000.00000000
2018-02-24 03:13:48,0.00000427,1500.00000000
2018-02-24 03:13:51,0.00000427,365.00000000
2018-02-24 03:13:59,0.00000428,9.00000000
2018-02-24 03:13:59,0.00000427,4567.00000000
2018-02-24 03:14:07,0.00000427,2000.00000000
2018-02-24 03:14:07,0.00000428,60361.00000000
2018-02-24 03:14:20,0.00000427,3643.00000000
2018-02-24 03:14:21,0.00000427,7014.00000000
2018-02-24 03:14:24,0.00000428,12031.00000000
2018-02-24 03:14:31,0.00000427,88845.00000000
2018-02-24 03:14:31,0.00000427,7025.00000000
2018-02-24 03:14:31,0.00000427,7025.00000000
2018-02-24 03:14:32,0.00000427,5693.00000000
2018-02-24 03:14:32,0.00000427,23419.00000000
2018-02-24 03:14:32,0.00000427,7024.00000000
2018-02-24 03:14:32,0.00000427,24814.00000000
2018-02-24 03:14:37,0.00000428,18.00000000
2018-02-24 03:14:51,0.00000427,29101.00000000
2018-02-24 03:14:56,0.00000427,5070.00000000
2018-02-24 03:15:00,0.00000428,5267.00000000
2018-02-24 03:15:00,0.00000428,500.00000000
2018-02-24 03:15:03,0.00000427,35263.00000000
2018-02-24 03:15:03,0.00000427,83715.00000000
2018-02-24 03:15:10,0.00000427,88214.00000000
2018-02-24 03:15:11,0.00000427,47719.00000000
2018-02-24 03:15:13,0.00000427,19452.00000000
2018-02-24 03:15:14,0.00000427,25624.00000000
2018-02-24 03:15:25,0.00000427,1936.00000000
2018-02-24 03:15:25,0.00000427,2364.00000000
2018-02-24 03:15:27,0.00000427,376.00000000
2018-02-24 03:15:35,0.00000427,5197.00000000
2018-02-24 03:15:36,0.00000427,40000.00000000
2018-02-24 03:15:37,0.00000427,2565.00000000
2018-02-24 03:15:42,0.00000427,28539.00000000
2018-02-24 03:15:42,0.00000427,18817.00000000
2018-02-24 03:15:46,0.00000427,16901.00000000
2018-02-24 03:15:50,0.00000426,4528.00000000
2018-02-24 03:15:50,0.00000426,15546.00000000
2018-02-24 03:15:51,0.00000426,5000.00000000
2018-02-24 03:15:54,0.00000426,1141.00000000
2018-02-24 03:15:55,0.00000427,7638.00000000
2018-02-24 03:15:56,0.00000427,58305.00000000
2018-02-24 03:15:57,0.00000427,938.00000000
2018-02-24 03:15:58,0.00000426,1525.00000000
2018-02-24 03:15:58,0.00000426,1525.00000000
2018-02-24 03:16:01,0.00000426,1143.00000000
2018-02-24 03:16:02,0.00000426,17131.00000000
2018-02-24 03:16:03,0.00000426,476.00000000
2018-02-24 03:16:03,0.00000426,3299.00000000
2018-02-24 03:16:05,0.00000426,5208.00000000
2018-02-24 03:16:06,0.00000426,357.00000000
2018-02-24 03:16:06,0.00000427,7021.00000000
2018-02-24 03:16:07,0.00000427,7021.00000000
2018-02-24 03:16:07,0.00000427,6326.00000000
2018-02-24 03:16:09,0.00000426,602.00000000
2018-02-24 03:16:10,0.00000427,352.00000000
2018-02-24 03:16:12,0.00000427,4842.00000000
2018-02-24 03:16:12,0.00000426,268.00000000
2018-02-24 03:16:13,0.00000427,328.00000000
2018-02-24 03:16:13,0.00000427,1124.00000000
2018-02-24 03:16:14,0.00000426,1000.00000000
2018-02-24 03:16:17,0.00000426,403.00000000
2018-02-24 03:16:19,0.00000426,218976.00000000
2018-02-24 03:16:19,0.00000426,403.00000000
2018-02-24 03:16:27,0.00000426,2500.00000000
2018-02-24 03:16:28,0.00000427,7974.00000000
2018-02-24 03:16:29,0.00000427,14519.00000000
2018-02-24 03:16:38,0.00000427,13998.00000000
2018-02-24 03:16:39,0.00000427,7040.00000000
2018-02-24 03:16:40,0.00000427,5453.00000000
2018-02-24 03:16:40,0.00000427,7021.00000000
2018-02-24 03:16:40,0.00000427,7020.00000000
2018-02-24 03:16:40,0.00000427,7021.00000000
2018-02-24 03:16:41,0.00000427,7020.00000000
2018-02-24 03:16:41,0.00000427,7021.00000000
2018-02-24 03:16:41,0.00000427,7021.00000000
2018-02-24 03:16:45,0.00000427,942.00000000
2018-02-24 03:16:46,0.00000427,10312.00000000
2018-02-24 03:16:47,0.00000427,57315.00000000
2018-02-24 03:16:48,0.00000427,31924.00000000
2018-02-24 03:16:55,0.00000428,410.00000000
2018-02-24 03:16:55,0.00000427,2237.00000000
2018-02-24 03:17:01,0.00000428,1.00000000
2018-02-24 03:17:02,0.00000427,9528.00000000
2018-02-24 03:17:04,0.00000427,2199.00000000
2018-02-24 03:17:07,0.00000427,195.00000000
2018-02-24 03:17:11,0.00000427,3843.00000000
2018-02-24 03:17:14,0.00000428,750.00000000
2018-02-24 03:17:14,0.00000428,1882.00000000
2018-02-24 03:17:17,0.00000428,3000.00000000
2018-02-24 03:17:18,0.00000428,32060.00000000
2018-02-24 03:17:23,0.00000428,36128.00000000
2018-02-24 03:17:29,0.00000427,2221.00000000
2018-02-24 03:17:32,0.00000428,17369.00000000
2018-02-24 03:17:38,0.00000427,2551.00000000
2018-02-24 03:17:38,0.00000428,96876.00000000
2018-02-24 03:17:46,0.00000428,7082.00000000
2018-02-24 03:17:46,0.00000428,96596.00000000
2018-02-24 03:17:51,0.00000427,500.00000000
2018-02-24 03:17:51,0.00000427,3023.00000000
2018-02-24 03:17:55,0.00000428,6.00000000
2018-02-24 03:17:56,0.00000427,3692.00000000
2018-02-24 03:18:00,0.00000427,4167.00000000
2018-02-24 03:18:02,0.00000427,5.00000000
2018-02-24 03:18:02,0.00000427,177048.00000000
2018-02-24 03:18:08,0.00000427,39443.00000000
2018-02-24 03:18:10,0.00000427,258.00000000
2018-02-24 03:18:13,0.00000427,762.00000000
2018-02-24 03:18:13,0.00000427,1248.00000000
2018-02-24 03:18:21,0.00000427,3644.00000000
2018-02-24 03:18:25,0.00000427,7162.00000000
2018-02-24 03:18:31,0.00000427,50000.00000000
2018-02-24 03:18:32,0.00000427,98774.00000000
2018-02-24 03:18:35,0.00000427,61773.00000000
2018-02-24 03:18:35,0.00000427,40190.00000000
2018-02-24 03:18:36,0.00000427,1491.00000000
2018-02-24 03:18:37,0.00000427,54556.00000000
2018-02-24 03:18:51,0.00000428,4890.00000000
2018-02-24 03:18:54,0.00000428,870.00000000
2018-02-24 03:18:59,0.00000428,43941.00000000
2018-02-24 03:18:59,0.00000427,2151.00000000
2018-02-24 03:19:00,0.00000428,14018.00000000
2018-02-24 03:19:00,0.00000427,3876.00000000
2018-02-24 03:19:05,0.00000428,2000.00000000
2018-02-24 03:19:10,0.00000428,750.00000000
2018-02-24 03:19:13,0.00000428,5692.00000000
2018-02-24 03:19:18,0.00000427,9677.00000000
2018-02-24 03:19:21,0.00000427,24470.00000000
2018-02-24 03:19:22,0.00000428,750.00000000
2018-02-24 03:19:24,0.00000427,250.00000000
2018-02-24 03:19:31,0.00000428,125483.00000000
2018-02-24 03:19:37,0.00000428,2703.00000000
2018-02-24 03:19:39,0.00000428,5.00000000
2018-02-24 03:19:47,0.00000427,39600.00000000
2018-02-24 03:19:47,0.00000426,35477.00000000
2018-02-24 03:19:56,0.00000427,3020.00000000
2018-02-24 03:19:56,0.00000427,7021.00000000
2018-02-24 03:19:56,0.00000427,7021.00000000
2018-02-24 03:19:56,0.00000427,749.00000000
2018-02-24 03:19:57,0.00000426,7021.00000000
2018-02-24 03:19:57,0.00000427,938.00000000
2018-02-24 03:20:01,0.00000426,485.00000000
2018-02-24 03:20:02,0.00000427,102800.00000000
2018-02-24 03:20:08,0.00000427,3834.00000000
2018-02-24 03:20:08,0.00000427,5891.00000000
2018-02-24 03:20:09,0.00000427,29072.00000000
2018-02-24 03:20:09,0.00000427,3216.00000000
2018-02-24 03:20:10,0.00000427,1134.00000000
2018-02-24 03:20:11,0.00000427,950.00000000
2018-02-24 03:20:18,0.00000427,313.00000000
2018-02-24 03:20:21,0.00000426,311951.00000000
2018-02-24 03:20:23,0.00000427,15877.00000000
2018-02-24 03:20:25,0.00000426,82697.00000000
2018-02-24 03:20:27,0.00000426,33301.00000000
2018-02-24 03:20:28,0.00000427,17466.00000000
2018-02-24 03:20:30,0.00000427,20084.00000000
2018-02-24 03:20:33,0.00000426,36943.00000000
2018-02-24 03:20:34,0.00000427,1.00000000
2018-02-24 03:20:43,0.00000427,12929.00000000
2018-02-24 03:20:59,0.00000426,23213.00000000
2018-02-24 03:21:08,0.00000426,954.00000000
2018-02-24 03:21:13,0.00000426,209106.00000000
2018-02-24 03:21:16,0.00000426,12019.00000000
2018-02-24 03:21:18,0.00000427,9863.00000000
2018-02-24 03:21:19,0.00000427,654.00000000
2018-02-24 03:21:28,0.00000427,37756.00000000
2018-02-24 03:21:32,0.00000427,96360.00000000
2018-02-24 03:21:33,0.00000427,938.00000000
2018-02-24 03:21:34,0.00000427,762.00000000
2018-02-24 03:21:40,0.00000427,2499.00000000
2018-02-24 03:21:40,0.00000427,2500.00000000
2018-02-24 03:21:40,0.00000426,2499.00000000
2018-02-24 03:21:43,0.00000426,19095.00000000
2018-02-24 03:21:45,0.00000426,45896.00000000
2018-02-24 03:21:54,0.00000427,300.00000000
2018-02-24 03:21:57,0.00000427,1271.00000000
2018-02-24 03:22:03,0.00000426,10146.00000000
2018-02-24 03:22:06,0.00000427,7015.00000000
2018-02-24 03:22:06,0.00000427,2341.00000000
2018-02-24 03:22:06,0.00000427,7015.00000000
2018-02-24 03:22:06,0.00000427,2341.00000000
2018-02-24 03:22:06,0.00000427,4683.00000000
2018-02-24 03:22:06,0.00000426,4673.00000000
2018-02-24 03:22:07,0.00000426,4683.00000000
2018-02-24 03:22:10,0.00000426,1144.00000000
2018-02-24 03:22:15,0.00000427,4715.00000000
2018-02-24 03:22:25,0.00000427,109.00000000
2018-02-24 03:22:25,0.00000426,9624.00000000
2018-02-24 03:22:27,0.00000426,10509.00000000
2018-02-24 03:22:27,0.00000427,50983.00000000
2018-02-24 03:22:28,0.00000427,6.00000000
2018-02-24 03:22:29,0.00000427,28592.00000000
2018-02-24 03:22:29,0.00000427,861.00000000
2018-02-24 03:22:30,0.00000427,1936.00000000
2018-02-24 03:22:30,0.00000427,29.00000000
2018-02-24 03:22:35,0.00000427,193157.00000000
2018-02-24 03:22:41,0.00000427,47419.00000000
2018-02-24 03:22:41,0.00000427,58716.00000000
2018-02-24 03:22:42,0.00000427,1000.00000000
2018-02-24 03:22:46,0.00000427,3357.00000000
2018-02-24 03:22:49,0.00000427,326.00000000
2018-02-24 03:22:49,0.00000427,7494.00000000
2018-02-24 03:22:52,0.00000426,1941.00000000
2018-02-24 03:22:54,0.00000426,60.00000000
2018-02-24 03:22:57,0.00000427,9042.00000000
2018-02-24 03:23:02,0.00000427,1133.00000000
2018-02-24 03:23:08,0.00000426,4837.00000000
2018-02-24 03:23:15,0.00000427,1.00000000
2018-02-24 03:23:15,0.00000426,41673.00000000
2018-02-24 03:23:17,0.00000427,20000.00000000
2018-02-24 03:23:18,0.00000427,109108.00000000
2018-02-24 03:23:24,0.00000427,4220.00000000
2018-02-24 03:23:35,0.00000427,120.00000000
2018-02-24 03:23:37,0.00000427,12090.00000000
2018-02-24 03:23:41,0.00000427,21408.00000000
2018-02-24 03:23:41,0.00000427,16.00000000
2018-02-24 03:23:42,0.00000427,2.00000000
2018-02-24 03:23:43,0.00000427,59600.00000000
2018-02-24 03:23:47,0.00000426,279426.00000000
2018-02-24 03:23:48,0.00000427,6782.00000000
2018-02-24 03:23:48,0.00000428,2298.00000000
2018-02-24 03:23:48,0.00000428,3632.00000000
2018-02-24 03:23:49,0.00000428,1816.00000000
2018-02-24 03:23:57,0.00000427,5323.00000000
2018-02-24 03:23:57,0.00000428,41343.00000000
2018-02-24 03:24:04,0.00000428,2266.00000000
2018-02-24 03:24:18,0.00000427,377999.00000000
2018-02-24 03:24:24,0.00000427,235.00000000
2018-02-24 03:24:28,0.00000427,2759.00000000
2018-02-24 03:24:31,0.00000426,2000.00000000
2018-02-24 03:24:36,0.00000427,418.00000000
2018-02-24 03:24:40,0.00000427,9081.00000000
2018-02-24 03:24:43,0.00000427,418.00000000
2018-02-24 03:24:45,0.00000427,1295.00000000
2018-02-24 03:24:48,0.00000426,955.00000000
2018-02-24 03:24:50,0.00000427,5042.00000000
2018-02-24 03:25:00,0.00000427,33612.00000000
2018-02-24 03:25:00,0.00000427,11618.00000000
2018-02-24 03:25:01,0.00000427,5000.00000000
2018-02-24 03:25:02,0.00000427,40720.00000000
2018-02-24 03:25:05,0.00000426,87405.00000000
2018-02-24 03:25:06,0.00000427,437578.00000000
2018-02-24 03:25:09,0.00000427,48496.00000000
2018-02-24 03:25:16,0.00000427,13371.00000000
2018-02-24 03:25:17,0.00000428,37267.00000000
2018-02-24 03:25:19,0.00000427,324.00000000
2018-02-24 03:25:37,0.00000427,7024.00000000
2018-02-24 03:25:37,0.00000427,7025.00000000
2018-02-24 03:25:37,0.00000427,7025.00000000
2018-02-24 03:25:37,0.00000428,5.00000000
2018-02-24 03:25:37,0.00000427,3835.00000000
2018-02-24 03:25:38,0.00000426,3834.00000000
2018-02-24 03:25:40,0.00000427,370.00000000
2018-02-24 03:25:57,0.00000426,2340.00000000
2018-02-24 03:26:01,0.00000426,12900.00000000
2018-02-24 03:26:02,0.00000427,5695.00000000
2018-02-24 03:26:02,0.00000426,250.00000000
2018-02-24 03:26:03,0.00000426,88154.00000000
2018-02-24 03:26:13,0.00000426,18297.00000000
2018-02-24 03:26:20,0.00000427,5000.00000000
2018-02-24 03:26:25,0.00000426,1964.00000000
2018-02-24 03:26:28,0.00000426,3800.00000000
2018-02-24 03:26:42,0.00000427,14514.00000000
2018-02-24 03:26:44,0.00000426,22839.00000000
2018-02-24 03:26:49,0.00000427,50087.00000000
2018-02-24 03:27:12,0.00000426,19216.00000000
2018-02-24 03:27:13,0.00000426,40745.00000000
2018-02-24 03:27:17,0.00000427,824.00000000
2018-02-24 03:27:18,0.00000426,500.00000000
2018-02-24 03:27:18,0.00000426,11504.00000000
2018-02-24 03:27:20,0.00000426,20993.00000000
2018-02-24 03:27:21,0.00000426,5000.00000000
2018-02-24 03:27:22,0.00000426,235.00000000
2018-02-24 03:27:33,0.00000427,12942.00000000
2018-02-24 03:27:34,0.00000427,72983.00000000
2018-02-24 03:27:35,0.00000426,3208.00000000
2018-02-24 03:27:45,0.00000427,368.00000000
2018-02-24 03:27:49,0.00000427,614.00000000
2018-02-24 03:28:05,0.00000427,7598.00000000
2018-02-24 03:28:12,0.00000427,1.00000000
2018-02-24 03:28:13,0.00000427,1000.00000000
2018-02-24 03:28:21,0.00000427,819.00000000
2018-02-24 03:28:21,0.00000426,15862.00000000
2018-02-24 03:28:24,0.00000426,3000.00000000
2018-02-24 03:28:25,0.00000426,73319.00000000
2018-02-24 03:28:34,0.00000427,6878.00000000
2018-02-24 03:28:44,0.00000427,3409.00000000
2018-02-24 03:28:48,0.00000427,9720.00000000
2018-02-24 03:29:03,0.00000427,106000.00000000
2018-02-24 03:29:04,0.00000427,2596.00000000
2018-02-24 03:29:08,0.00000426,326.00000000
2018-02-24 03:29:12,0.00000426,7790.00000000
2018-02-24 03:29:14,0.00000427,782.00000000
2018-02-24 03:29:20,0.00000426,50910.00000000
2018-02-24 03:29:23,0.00000427,1207.00000000
2018-02-24 03:29:25,0.00000426,928.00000000
2018-02-24 03:29:29,0.00000427,38575.00000000
2018-02-24 03:29:29,0.00000427,5020.00000000
2018-02-24 03:29:31,0.00000426,4688.00000000
2018-02-24 03:29:32,0.00000427,5021.00000000
2018-02-24 03:29:37,0.00000427,4343.00000000
2018-02-24 03:29:37,0.00000427,5021.00000000
2018-02-24 03:29:40,0.00000427,5319.00000000
2018-02-24 03:29:47,0.00000427,500.00000000
2018-02-24 03:29:48,0.00000427,5062.00000000
2018-02-24 03:29:49,0.00000427,4500.00000000
2018-02-24 03:29:50,0.00000427,58548.00000000
2018-02-24 03:29:50,0.00000427,3258.00000000
2018-02-24 03:29:51,0.00000427,10187.00000000
2018-02-24 03:29:52,0.00000427,3438.00000000
2018-02-24 03:29:59,0.00000427,2578.00000000
2018-02-24 03:30:06,0.00000426,15.00000000
2018-02-24 03:30:06,0.00000426,63082.00000000
2018-02-24 03:30:07,0.00000426,29688.00000000
2018-02-24 03:30:08,0.00000427,84189.00000000
2018-02-24 03:30:14,0.00000426,33578.00000000
2018-02-24 03:30:15,0.00000426,104570.00000000
2018-02-24 03:30:17,0.00000427,1470.00000000
2018-02-24 03:30:25,0.00000426,372.00000000
2018-02-24 03:30:36,0.00000427,120492.00000000
2018-02-24 03:30:36,0.00000427,2147.00000000
2018-02-24 03:30:36,0.00000426,22421.00000000
2018-02-24 03:30:38,0.00000426,328.00000000
2018-02-24 03:30:47,0.00000427,10538.00000000
2018-02-24 03:30:49,0.00000426,4711.00000000
2018-02-24 03:30:55,0.00000426,94876.00000000
2018-02-24 03:31:05,0.00000426,9720.00000000
2018-02-24 03:31:05,0.00000426,1548.00000000
2018-02-24 03:31:06,0.00000427,42212.00000000
2018-02-24 03:31:07,0.00000427,23003.00000000
2018-02-24 03:31:10,0.00000427,5401.00000000
2018-02-24 03:31:15,0.00000427,3754.00000000
2018-02-24 03:31:17,0.00000426,725.00000000
2018-02-24 03:31:17,0.00000426,3425.00000000
2018-02-24 03:31:17,0.00000427,2179.00000000
2018-02-24 03:31:17,0.00000427,9352.00000000
2018-02-24 03:31:19,0.00000427,219.00000000
2018-02-24 03:31:23,0.00000427,1000.00000000
2018-02-24 03:31:24,0.00000426,411.00000000
2018-02-24 03:31:29,0.00000426,1000.00000000
2018-02-24 03:31:29,0.00000427,2311.00000000
2018-02-24 03:31:30,0.00000427,996.00000000
2018-02-24 03:31:31,0.00000427,329.00000000
2018-02-24 03:31:33,0.00000426,4003.00000000
2018-02-24 03:31:35,0.00000426,30173.00000000
2018-02-24 03:31:39,0.00000427,2542.00000000
2018-02-24 03:31:40,0.00000427,7020.00000000
2018-02-24 03:31:40,0.00000427,7020.00000000
2018-02-24 03:31:40,0.00000427,7020.00000000
2018-02-24 03:31:40,0.00000427,7019.00000000
2018-02-24 03:31:40,0.00000427,7020.00000000
2018-02-24 03:31:40,0.00000427,7021.00000000
2018-02-24 03:31:41,0.00000427,7020.00000000
2018-02-24 03:31:41,0.00000427,7886.00000000
2018-02-24 03:31:41,0.00000427,7021.00000000
2018-02-24 03:31:41,0.00000427,7021.00000000
2018-02-24 03:31:41,0.00000427,7021.00000000
2018-02-24 03:31:41,0.00000427,7021.00000000
2018-02-24 03:31:41,0.00000427,7021.00000000
2018-02-24 03:31:41,0.00000427,7021.00000000
2018-02-24 03:31:41,0.00000426,11.00000000
2018-02-24 03:31:41,0.00000427,7021.00000000
2018-02-24 03:31:41,0.00000427,7022.00000000
2018-02-24 03:31:41,0.00000427,7021.00000000
2018-02-24 03:31:42,0.00000427,7022.00000000
2018-02-24 03:31:42,0.00000427,7022.00000000
2018-02-24 03:31:42,0.00000427,7021.00000000
2018-02-24 03:31:42,0.00000427,7022.00000000
2018-02-24 03:31:42,0.00000427,7022.00000000
2018-02-24 03:31:42,0.00000427,7022.00000000
2018-02-24 03:31:42,0.00000427,7021.00000000
2018-02-24 03:31:42,0.00000426,7046.00000000
2018-02-24 03:31:45,0.00000426,743.00000000
2018-02-24 03:31:45,0.00000427,2341.00000000
2018-02-24 03:31:45,0.00000427,4100.00000000
2018-02-24 03:31:45,0.00000427,4100.00000000
2018-02-24 03:31:45,0.00000427,4100.00000000
2018-02-24 03:31:45,0.00000427,2922.00000000
2018-02-24 03:31:45,0.00000427,7022.00000000
2018-02-24 03:31:46,0.00000426,7022.00000000
2018-02-24 03:31:48,0.00000427,106076.00000000
2018-02-24 03:31:52,0.00000427,2105.00000000
2018-02-24 03:31:54,0.00000426,11606.00000000
2018-02-24 03:31:56,0.00000426,3379.00000000
2018-02-24 03:31:58,0.00000427,16919.00000000
2018-02-24 03:32:07,0.00000426,43154.00000000
2018-02-24 03:32:14,0.00000426,275.00000000
2018-02-24 03:32:16,0.00000426,174117.00000000
2018-02-24 03:32:19,0.00000426,4389.00000000
2018-02-24 03:32:20,0.00000426,4293.00000000
2018-02-24 03:32:31,0.00000427,2341.00000000
2018-02-24 03:32:33,0.00000426,1602.00000000
2018-02-24 03:32:33,0.00000426,6251.00000000
2018-02-24 03:32:38,0.00000427,112166.00000000
2018-02-24 03:32:49,0.00000427,3108.00000000
2018-02-24 03:32:51,0.00000427,6000.00000000
2018-02-24 03:32:58,0.00000427,1271.00000000
2018-02-24 03:32:59,0.00000427,37755.00000000
2018-02-24 03:33:05,0.00000427,100616.00000000
2018-02-24 03:33:07,0.00000426,5493.00000000
2018-02-24 03:33:08,0.00000426,29423.00000000
2018-02-24 03:33:08,0.00000427,7020.00000000
2018-02-24 03:33:08,0.00000427,7019.00000000
2018-02-24 03:33:13,0.00000426,3500.00000000
2018-02-24 03:33:16,0.00000426,6085.00000000
2018-02-24 03:33:25,0.00000427,87385.00000000
2018-02-24 03:33:27,0.00000426,102697.00000000
2018-02-24 03:33:33,0.00000426,20099.00000000
2018-02-24 03:33:35,0.00000426,5591.00000000
2018-02-24 03:33:41,0.00000427,773.00000000
2018-02-24 03:33:43,0.00000426,1510.00000000
2018-02-24 03:33:43,0.00000426,59939.00000000
2018-02-24 03:33:44,0.00000427,57655.00000000
2018-02-24 03:34:02,0.00000427,4256.00000000
2018-02-24 03:34:04,0.00000426,46805.00000000
2018-02-24 03:34:06,0.00000426,38807.00000000
2018-02-24 03:34:18,0.00000426,4000.00000000
2018-02-24 03:34:19,0.00000426,1000.00000000
2018-02-24 03:34:22,0.00000426,1954.00000000
2018-02-24 03:34:23,0.00000426,18590.00000000
2018-02-24 03:34:23,0.00000427,109718.00000000
2018-02-24 03:34:44,0.00000426,25000.00000000
2018-02-24 03:34:46,0.00000427,136520.00000000
2018-02-24 03:34:58,0.00000427,2160.00000000
2018-02-24 03:35:07,0.00000427,256044.00000000
2018-02-24 03:35:07,0.00000427,12107.00000000
2018-02-24 03:35:16,0.00000427,2800.00000000
2018-02-24 03:35:18,0.00000426,108967.00000000
2018-02-24 03:35:19,0.00000426,67333.00000000
2018-02-24 03:35:19,0.00000426,41736.00000000
2018-02-24 03:35:25,0.00000427,1.00000000
2018-02-24 03:35:26,0.00000426,472336.00000000
2018-02-24 03:35:27,0.00000427,598.00000000
2018-02-24 03:35:29,0.00000427,1447.00000000
2018-02-24 03:35:31,0.00000427,157.00000000
2018-02-24 03:35:32,0.00000427,1479753.00000000
2018-02-24 03:35:38,0.00000427,271202.00000000
2018-02-24 03:35:40,0.00000427,33700.00000000
2018-02-24 03:35:42,0.00000426,7042.00000000
2018-02-24 03:35:42,0.00000426,757.00000000
2018-02-24 03:35:43,0.00000427,439.00000000
2018-02-24 03:35:44,0.00000426,7.00000000
2018-02-24 03:35:45,0.00000426,529.00000000
2018-02-24 03:35:45,0.00000426,7042.00000000
2018-02-24 03:35:45,0.00000426,8591.00000000
2018-02-24 03:35:53,0.00000427,16.00000000
2018-02-24 03:35:54,0.00000427,267539.00000000
2018-02-24 03:35:56,0.00000426,30329.00000000
2018-02-24 03:35:58,0.00000427,947.00000000
2018-02-24 03:36:07,0.00000427,3807.00000000
2018-02-24 03:36:07,0.00000426,6344.00000000
2018-02-24 03:36:09,0.00000427,6578.00000000
2018-02-24 03:36:12,0.00000426,122762.00000000
2018-02-24 03:36:13,0.00000427,907391.00000000
2018-02-24 03:36:26,0.00000427,8586.00000000
2018-02-24 03:36:26,0.00000427,6259.00000000
2018-02-24 03:36:26,0.00000427,7824.00000000
2018-02-24 03:36:26,0.00000427,2351.00000000
2018-02-24 03:36:26,0.00000427,7024.00000000
2018-02-24 03:36:26,0.00000427,7347.00000000
2018-02-24 03:36:26,0.00000427,39254.00000000
2018-02-24 03:36:26,0.00000427,3497.00000000
2018-02-24 03:36:27,0.00000427,7024.00000000
2018-02-24 03:36:27,0.00000427,7025.00000000
2018-02-24 03:36:27,0.00000427,3327.00000000
2018-02-24 03:36:27,0.00000427,34079.00000000
2018-02-24 03:36:27,0.00000427,46046.00000000
2018-02-24 03:36:28,0.00000427,14318.00000000
2018-02-24 03:36:31,0.00000427,4123.00000000
2018-02-24 03:36:32,0.00000427,124947.00000000
2018-02-24 03:36:35,0.00000428,100.00000000
2018-02-24 03:36:36,0.00000428,8449.00000000
2018-02-24 03:36:45,0.00000427,668.00000000
2018-02-24 03:36:45,0.00000427,4196.00000000
2018-02-24 03:36:46,0.00000427,1956.00000000
2018-02-24 03:36:47,0.00000427,2543.00000000
2018-02-24 03:36:47,0.00000427,637.00000000
2018-02-24 03:36:47,0.00000426,9363.00000000
2018-02-24 03:36:49,0.00000427,3052.00000000
2018-02-24 03:36:50,0.00000427,1938.00000000
2018-02-24 03:36:50,0.00000427,6700.00000000
2018-02-24 03:36:51,0.00000427,7025.00000000
2018-02-24 03:36:52,0.00000428,1562.00000000
2018-02-24 03:36:54,0.00000427,1289.00000000
2018-02-24 03:36:54,0.00000426,59191.00000000
2018-02-24 03:36:54,0.00000426,1289.00000000
2018-02-24 03:36:58,0.00000426,27.00000000
2018-02-24 03:36:59,0.00000426,149.00000000
2018-02-24 03:37:03,0.00000427,3606.00000000
2018-02-24 03:37:07,0.00000426,3000.00000000
2018-02-24 03:37:11,0.00000427,3470.00000000
2018-02-24 03:37:16,0.00000426,1172.00000000
2018-02-24 03:37:19,0.00000427,835.00000000
2018-02-24 03:37:25,0.00000426,60253.00000000
2018-02-24 03:37:27,0.00000426,2500.00000000
2018-02-24 03:37:27,0.00000426,1000.00000000
2018-02-24 03:37:33,0.00000427,578.00000000
2018-02-24 03:37:34,0.00000426,357425.00000000
2018-02-24 03:37:39,0.00000427,4527.00000000
2018-02-24 03:37:41,0.00000427,121247.00000000
2018-02-24 03:37:50,0.00000426,15122.00000000
2018-02-24 03:37:51,0.00000427,207029.00000000
2018-02-24 03:37:51,0.00000427,4490.00000000
2018-02-24 03:37:52,0.00000427,7705.00000000
2018-02-24 03:37:59,0.00000427,245.00000000
2018-02-24 03:37:59,0.00000427,1250.00000000
2018-02-24 03:37:59,0.00000427,505.00000000
2018-02-24 03:38:00,0.00000427,291770.00000000
2018-02-24 03:38:01,0.00000426,2000.00000000
2018-02-24 03:38:05,0.00000428,9.00000000
2018-02-24 03:38:06,0.00000426,20000.00000000
2018-02-24 03:38:07,0.00000427,387.00000000
2018-02-24 03:38:09,0.00000426,220.00000000
2018-02-24 03:38:11,0.00000426,12541.00000000
2018-02-24 03:38:22,0.00000427,69881.00000000
2018-02-24 03:38:22,0.00000428,997810.00000000
2018-02-24 03:38:26,0.00000427,7024.00000000
2018-02-24 03:38:26,0.00000427,1282.00000000
2018-02-24 03:38:26,0.00000427,5318.00000000
2018-02-24 03:38:26,0.00000426,5318.00000000
2018-02-24 03:38:27,0.00000427,5315.00000000
2018-02-24 03:38:28,0.00000427,1994.00000000
2018-02-24 03:38:29,0.00000427,782.00000000
2018-02-24 03:38:29,0.00000427,10347.00000000
2018-02-24 03:38:31,0.00000427,7212.00000000
2018-02-24 03:38:32,0.00000427,3498.00000000
2018-02-24 03:38:32,0.00000427,119261.00000000
2018-02-24 03:38:37,0.00000428,1000.00000000
2018-02-24 03:38:42,0.00000428,211.00000000
2018-02-24 03:38:42,0.00000427,75115.00000000
2018-02-24 03:38:48,0.00000428,3845.00000000
2018-02-24 03:38:48,0.00000428,1752.00000000
2018-02-24 03:38:48,0.00000428,40921.00000000
2018-02-24 03:38:50,0.00000428,1178.00000000
2018-02-24 03:38:50,0.00000427,4000.00000000
2018-02-24 03:38:52,0.00000428,82395.00000000
2018-02-24 03:38:54,0.00000427,7024.00000000
2018-02-24 03:38:54,0.00000427,7025.00000000
2018-02-24 03:38:54,0.00000427,7024.00000000
2018-02-24 03:38:55,0.00000428,133378.00000000
2018-02-24 03:38:57,0.00000428,6384.00000000
2018-02-24 03:38:59,0.00000427,1134.00000000
2018-02-24 03:39:00,0.00000428,2476.00000000
2018-02-24 03:39:01,0.00000428,2279.00000000
2018-02-24 03:39:07,0.00000427,1999.00000000
2018-02-24 03:39:08,0.00000427,3516.00000000
2018-02-24 03:39:09,0.00000427,1171.00000000
2018-02-24 03:39:10,0.00000427,32206.00000000
2018-02-24 03:39:17,0.00000428,15.00000000
2018-02-24 03:39:17,0.00000428,33.00000000
2018-02-24 03:39:17,0.00000427,3000.00000000
2018-02-24 03:39:18,0.00000428,29500.00000000
2018-02-24 03:39:18,0.00000427,7025.00000000
2018-02-24 03:39:18,0.00000427,7024.00000000
2018-02-24 03:39:18,0.00000427,7025.00000000
2018-02-24 03:39:18,0.00000427,7024.00000000
2018-02-24 03:39:18,0.00000427,7025.00000000
2018-02-24 03:39:19,0.00000428,11.00000000
2018-02-24 03:39:19,0.00000428,33312.00000000
2018-02-24 03:39:20,0.00000428,135.00000000
2018-02-24 03:39:20,0.00000427,33666.00000000
2018-02-24 03:39:21,0.00000427,502.00000000
2018-02-24 03:39:21,0.00000427,20000.00000000
2018-02-24 03:39:22,0.00000427,1230.00000000
2018-02-24 03:39:22,0.00000427,1004.00000000
2018-02-24 03:39:25,0.00000427,7814.00000000
2018-02-24 03:39:26,0.00000427,10099.00000000
2018-02-24 03:39:29,0.00000427,1368.00000000
2018-02-24 03:39:33,0.00000427,4646.00000000
2018-02-24 03:39:34,0.00000427,43209.00000000
2018-02-24 03:39:34,0.00000427,7025.00000000
2018-02-24 03:39:34,0.00000427,7024.00000000
2018-02-24 03:39:34,0.00000427,7025.00000000
2018-02-24 03:39:34,0.00000427,7025.00000000
2018-02-24 03:39:37,0.00000427,7025.00000000
2018-02-24 03:39:37,0.00000427,1503.00000000
2018-02-24 03:39:38,0.00000427,500.00000000
2018-02-24 03:39:39,0.00000427,7024.00000000
2018-02-24 03:39:39,0.00000427,7024.00000000
2018-02-24 03:39:39,0.00000427,5522.00000000
2018-02-24 03:39:40,0.00000428,2.00000000
2018-02-24 03:39:42,0.00000427,4932.00000000
2018-02-24 03:39:42,0.00000428,2665.00000000
2018-02-24 03:39:44,0.00000427,1000.00000000
2018-02-24 03:39:47,0.00000428,1030.00000000
2018-02-24 03:39:51,0.00000427,7025.00000000
2018-02-24 03:39:51,0.00000427,8778.00000000
2018-02-24 03:39:51,0.00000427,6994.00000000
2018-02-24 03:39:51,0.00000427,6928.00000000
2018-02-24 03:39:56,0.00000428,1077.00000000
2018-02-24 03:39:58,0.00000427,371.00000000
2018-02-24 03:39:58,0.00000427,1842.00000000
2018-02-24 03:39:59,0.00000427,7024.00000000
2018-02-24 03:39:59,0.00000427,3976.00000000
2018-02-24 03:40:01,0.00000427,938.00000000
2018-02-24 03:40:01,0.00000427,1792.00000000
2018-02-24 03:40:02,0.00000428,6700.00000000
2018-02-24 03:40:09,0.00000428,20.00000000
2018-02-24 03:40:10,0.00000428,10000.00000000
2018-02-24 03:40:15,0.00000428,1200.00000000
2018-02-24 03:40:17,0.00000427,3491.00000000
2018-02-24 03:40:18,0.00000428,8072.00000000
2018-02-24 03:40:19,0.00000427,246983.00000000
2018-02-24 03:40:20,0.00000426,6378.00000000
2018-02-24 03:40:21,0.00000426,7774.00000000
2018-02-24 03:40:21,0.00000426,780.00000000
2018-02-24 03:40:29,0.00000426,40.00000000
2018-02-24 03:40:32,0.00000427,36293.00000000
2018-02-24 03:40:37,0.00000426,10.00000000
2018-02-24 03:40:51,0.00000426,20000.00000000
2018-02-24 03:40:54,0.00000427,40000.00000000
2018-02-24 03:40:56,0.00000426,603.00000000
2018-02-24 03:40:57,0.00000426,98.00000000
2018-02-24 03:40:58,0.00000427,2046.00000000
2018-02-24 03:41:00,0.00000427,789.00000000
2018-02-24 03:41:08,0.00000427,1001.00000000
2018-02-24 03:41:08,0.00000426,340.00000000
2018-02-24 03:41:15,0.00000426,1339.00000000
2018-02-24 03:41:16,0.00000427,4688.00000000
2018-02-24 03:41:16,0.00000426,75166.00000000
2018-02-24 03:41:18,0.00000427,60000.00000000
2018-02-24 03:41:19,0.00000426,452.00000000
2018-02-24 03:41:22,0.00000427,7140.00000000
2018-02-24 03:41:23,0.00000426,975.00000000
2018-02-24 03:41:24,0.00000426,95.00000000
2018-02-24 03:41:28,0.00000426,219005.00000000
2018-02-24 03:41:42,0.00000426,859.00000000
2018-02-24 03:41:43,0.00000426,27610.00000000
2018-02-24 03:41:45,0.00000427,1.00000000
2018-02-24 03:41:46,0.00000426,4242.00000000
2018-02-24 03:41:47,0.00000426,10170.00000000
2018-02-24 03:41:51,0.00000426,272.00000000
2018-02-24 03:41:55,0.00000426,62103.00000000
2018-02-24 03:41:59,0.00000426,1664.00000000
2018-02-24 03:42:07,0.00000427,125363.00000000
2018-02-24 03:42:13,0.00000426,16688.00000000
2018-02-24 03:42:15,0.00000427,48949.00000000
2018-02-24 03:42:17,0.00000427,4144.00000000
2018-02-24 03:42:23,0.00000427,6668.00000000
2018-02-24 03:42:25,0.00000427,50000.00000000
2018-02-24 03:42:27,0.00000427,106133.00000000
2018-02-24 03:42:32,0.00000427,2751.00000000
2018-02-24 03:42:39,0.00000427,535.00000000
2018-02-24 03:42:55,0.00000426,342264.00000000
2018-02-24 03:42:57,0.00000427,93740.00000000
2018-02-24 03:42:58,0.00000427,664.00000000
2018-02-24 03:43:00,0.00000427,10000.00000000
2018-02-24 03:43:01,0.00000427,6330.00000000
2018-02-24 03:43:09,0.00000427,4538.00000000
2018-02-24 03:43:10,0.00000427,51.00000000
2018-02-24 03:43:11,0.00000427,6.00000000
2018-02-24 03:43:11,0.00000426,2469.00000000
2018-02-24 03:43:16,0.00000427,168032.00000000
2018-02-24 03:43:16,0.00000426,12243.00000000
2018-02-24 03:43:18,0.00000427,14207.00000000
2018-02-24 03:43:18,0.00000427,28052.00000000
2018-02-24 03:43:27,0.00000426,360.00000000
2018-02-24 03:43:29,0.00000427,2341.00000000
2018-02-24 03:43:32,0.00000427,383.00000000
2018-02-24 03:43:32,0.00000427,25939.00000000
2018-02-24 03:43:34,0.00000427,104.00000000
2018-02-24 03:43:43,0.00000426,2000.00000000
2018-02-24 03:43:46,0.00000426,499.00000000
2018-02-24 03:43:50,0.00000426,10408.00000000
2018-02-24 03:43:54,0.00000427,2283.00000000
2018-02-24 03:43:59,0.00000427,86516.00000000
2018-02-24 03:44:00,0.00000427,248216.00000000
2018-02-24 03:44:06,0.00000427,4109.00000000
2018-02-24 03:44:08,0.00000426,681.00000000
2018-02-24 03:44:22,0.00000426,10337.00000000
2018-02-24 03:44:26,0.00000426,17038.00000000
2018-02-24 03:44:46,0.00000427,28567.00000000
2018-02-24 03:44:53,0.00000426,104.00000000
2018-02-24 03:44:55,0.00000427,61364.00000000
2018-02-24 03:44:56,0.00000427,800.00000000
2018-02-24 03:44:56,0.00000426,64328.00000000
2018-02-24 03:45:01,0.00000427,4256.00000000
2018-02-24 03:45:02,0.00000427,12107.00000000
2018-02-24 03:45:06,0.00000427,7450.00000000
2018-02-24 03:45:07,0.00000427,4372.00000000
2018-02-24 03:45:12,0.00000426,10000.00000000
2018-02-24 03:45:16,0.00000427,309.00000000
2018-02-24 03:45:17,0.00000427,103.00000000
2018-02-24 03:45:19,0.00000426,5085.00000000
2018-02-24 03:45:25,0.00000426,1000.00000000
2018-02-24 03:45:30,0.00000426,3608.00000000
2018-02-24 03:45:36,0.00000427,11766.00000000
2018-02-24 03:45:53,0.00000427,1753.00000000
2018-02-24 03:45:55,0.00000426,119251.00000000
2018-02-24 03:46:14,0.00000427,260.00000000
2018-02-24 03:46:16,0.00000426,16.00000000
2018-02-24 03:46:18,0.00000427,1988.00000000
2018-02-24 03:46:18,0.00000426,1536.00000000
2018-02-24 03:46:19,0.00000427,23921.00000000
2018-02-24 03:46:22,0.00000427,1724.00000000
2018-02-24 03:46:23,0.00000426,449.00000000
2018-02-24 03:46:23,0.00000426,1112.00000000
2018-02-24 03:46:30,0.00000427,4789.00000000
2018-02-24 03:46:31,0.00000427,1155.00000000
2018-02-24 03:46:44,0.00000427,7289.00000000
2018-02-24 03:46:45,0.00000427,3209.00000000
2018-02-24 03:46:48,0.00000427,1685.00000000
2018-02-24 03:46:49,0.00000427,33661.00000000
2018-02-24 03:46:50,0.00000426,500.00000000
2018-02-24 03:46:50,0.00000426,67899.00000000
2018-02-24 03:46:54,0.00000426,68593.00000000
2018-02-24 03:46:57,0.00000426,2589.00000000
2018-02-24 03:46:59,0.00000426,1751.00000000
2018-02-24 03:47:00,0.00000426,1000.00000000
2018-02-24 03:47:03,0.00000427,68798.00000000
2018-02-24 03:47:12,0.00000426,417.00000000
2018-02-24 03:47:14,0.00000426,5000.00000000
2018-02-24 03:47:16,0.00000426,2742.00000000
2018-02-24 03:47:17,0.00000426,657.00000000
2018-02-24 03:47:17,0.00000426,7041.00000000
2018-02-24 03:47:17,0.00000426,2832.00000000
2018-02-24 03:47:17,0.00000426,6998.00000000
2018-02-24 03:47:18,0.00000426,50.00000000
2018-02-24 03:47:19,0.00000426,6083.00000000
2018-02-24 03:47:19,0.00000426,3983.00000000
2018-02-24 03:47:20,0.00000427,48546.00000000
2018-02-24 03:47:22,0.00000426,37294.00000000
2018-02-24 03:47:33,0.00000427,1322.00000000
2018-02-24 03:47:34,0.00000426,1626.00000000
2018-02-24 03:47:34,0.00000427,9219.00000000
2018-02-24 03:47:35,0.00000426,3918.00000000
2018-02-24 03:47:37,0.00000426,2347.00000000
2018-02-24 03:47:42,0.00000426,142280.00000000
2018-02-24 03:47:45,0.00000426,5085.00000000
2018-02-24 03:47:48,0.00000427,101951.00000000
2018-02-24 03:47:49,0.00000426,30387.00000000
2018-02-24 03:47:55,0.00000426,250.00000000
2018-02-24 03:47:55,0.00000426,10000.00000000
2018-02-24 03:47:56,0.00000426,6788.00000000
2018-02-24 03:48:01,0.00000427,573.00000000
2018-02-24 03:48:05,0.00000426,20800.00000000
2018-02-24 03:48:10,0.00000427,9585.00000000
2018-02-24 03:48:24,0.00000427,1255.00000000
2018-02-24 03:48:31,0.00000426,9807.00000000
2018-02-24 03:48:35,0.00000427,1255.00000000
2018-02-24 03:48:39,0.00000427,3041.00000000
2018-02-24 03:48:43,0.00000426,60591.00000000
2018-02-24 03:48:51,0.00000426,84993.00000000
2018-02-24 03:48:54,0.00000426,1824.00000000
2018-02-24 03:48:54,0.00000427,1182.00000000
2018-02-24 03:48:55,0.00000426,2167.00000000
2018-02-24 03:48:58,0.00000426,500.00000000
2018-02-24 03:49:01,0.00000426,61364.00000000
2018-02-24 03:49:01,0.00000426,940.00000000
2018-02-24 03:49:01,0.00000426,607.00000000
2018-02-24 03:49:02,0.00000426,12581.00000000
2018-02-24 03:49:10,0.00000426,25913.00000000
2018-02-24 03:49:15,0.00000426,243.00000000
2018-02-24 03:49:15,0.00000426,398.00000000
2018-02-24 03:49:17,0.00000427,16437.00000000
2018-02-24 03:49:19,0.00000427,155416.00000000
2018-02-24 03:49:21,0.00000427,4071.00000000
2018-02-24 03:49:24,0.00000426,7782.00000000
2018-02-24 03:49:27,0.00000426,136383.00000000
2018-02-24 03:49:28,0.00000426,95433.00000000
2018-02-24 03:49:29,0.00000427,1012.00000000
2018-02-24 03:49:30,0.00000426,7041.00000000
2018-02-24 03:49:31,0.00000426,7042.00000000
2018-02-24 03:49:31,0.00000426,2103.00000000
2018-02-24 03:49:31,0.00000426,17382.00000000
2018-02-24 03:49:31,0.00000426,7042.00000000
2018-02-24 03:49:33,0.00000427,6.00000000
2018-02-24 03:49:35,0.00000426,352.00000000
2018-02-24 03:49:45,0.00000427,21.00000000
2018-02-24 03:49:47,0.00000426,666.00000000
2018-02-24 03:49:50,0.00000427,47345.00000000
2018-02-24 03:49:52,0.00000426,37132.00000000
2018-02-24 03:49:55,0.00000427,2265.00000000
2018-02-24 03:50:08,0.00000427,26081.00000000
2018-02-24 03:50:08,0.00000427,12107.00000000
2018-02-24 03:50:09,0.00000427,10000.00000000
2018-02-24 03:50:10,0.00000427,19444.00000000
2018-02-24 03:50:19,0.00000427,1979.00000000
2018-02-24 03:50:20,0.00000427,124137.00000000
2018-02-24 03:50:22,0.00000426,349.00000000
2018-02-24 03:50:22,0.00000427,1783.00000000
2018-02-24 03:50:23,0.00000427,592.00000000
2018-02-24 03:50:26,0.00000426,1821.00000000
2018-02-24 03:50:27,0.00000427,1070.00000000
2018-02-24 03:50:28,0.00000426,293.00000000
2018-02-24 03:50:30,0.00000426,7041.00000000
2018-02-24 03:50:31,0.00000426,7042.00000000
2018-02-24 03:50:31,0.00000426,6504.00000000
2018-02-24 03:50:31,0.00000426,7041.00000000
2018-02-24 03:50:34,0.00000426,10000.00000000
2018-02-24 03:50:39,0.00000426,702.00000000
2018-02-24 03:50:41,0.00000426,500.00000000
2018-02-24 03:50:41,0.00000426,15325.00000000
2018-02-24 03:50:42,0.00000426,38252.00000000
2018-02-24 03:50:44,0.00000426,13549.00000000
2018-02-24 03:50:44,0.00000427,3000.00000000
2018-02-24 03:50:49,0.00000426,38534.00000000
2018-02-24 03:50:55,0.00000426,50000.00000000
2018-02-24 03:50:55,0.00000426,40129.00000000
2018-02-24 03:51:11,0.00000427,111535.00000000
2018-02-24 03:51:15,0.00000427,10.00000000
2018-02-24 03:51:15,0.00000427,360322.00000000
2018-02-24 03:51:18,0.00000427,400000.00000000
2018-02-24 03:51:20,0.00000427,42360.00000000
2018-02-24 03:51:21,0.00000427,8056.00000000
2018-02-24 03:51:21,0.00000427,2208.00000000
2018-02-24 03:51:21,0.00000427,2211.00000000
2018-02-24 03:51:21,0.00000427,4782.00000000
2018-02-24 03:51:21,0.00000427,310.00000000
2018-02-24 03:51:21,0.00000426,4782.00000000
2018-02-24 03:51:22,0.00000427,5425.00000000
2018-02-24 03:51:22,0.00000427,3904.00000000
2018-02-24 03:51:22,0.00000427,4132.00000000
2018-02-24 03:51:23,0.00000427,7024.00000000
2018-02-24 03:51:23,0.00000427,23419.00000000
2018-02-24 03:51:23,0.00000427,1898.00000000
2018-02-24 03:51:23,0.00000427,90134.00000000
2018-02-24 03:51:23,0.00000426,1898.00000000
2018-02-24 03:51:33,0.00000427,22115.00000000
2018-02-24 03:51:34,0.00000426,23474.00000000
2018-02-24 03:51:34,0.00000426,1492.00000000
2018-02-24 03:51:34,0.00000426,3348.00000000
2018-02-24 03:51:34,0.00000426,7042.00000000
2018-02-24 03:51:34,0.00000426,3266.00000000
2018-02-24 03:51:34,0.00000426,7041.00000000
2018-02-24 03:51:45,0.00000427,17365.00000000
2018-02-24 03:51:47,0.00000426,23474.00000000
2018-02-24 03:51:47,0.00000426,34702.00000000
2018-02-24 03:51:50,0.00000426,567.00000000
2018-02-24 03:51:54,0.00000427,953.00000000
2018-02-24 03:51:55,0.00000426,250.00000000
2018-02-24 03:51:59,0.00000427,4128.00000000
2018-02-24 03:51:59,0.00000426,11.00000000
2018-02-24 03:52:05,0.00000426,4688.00000000
2018-02-24 03:52:08,0.00000427,43896.00000000
2018-02-24 03:52:11,0.00000426,481.00000000
2018-02-24 03:52:13,0.00000427,23000.00000000
2018-02-24 03:52:15,0.00000426,8.00000000
2018-02-24 03:52:23,0.00000426,23474.00000000
2018-02-24 03:52:26,0.00000426,1124.00000000
2018-02-24 03:52:27,0.00000427,10000.00000000
2018-02-24 03:52:33,0.00000426,12.00000000
2018-02-24 03:52:33,0.00000427,234.00000000
2018-02-24 03:52:51,0.00000426,6.00000000
2018-02-24 03:52:54,0.00000426,9872.00000000
2018-02-24 03:52:58,0.00000426,101603.00000000
2018-02-24 03:53:00,0.00000426,5.00000000
2018-02-24 03:53:02,0.00000426,3404.00000000
2018-02-24 03:53:07,0.00000426,4506.00000000
2018-02-24 03:53:13,0.00000427,500.00000000
2018-02-24 03:53:18,0.00000426,133245.00000000
2018-02-24 03:53:18,0.00000426,2.00000000
2018-02-24 03:53:20,0.00000426,7403.00000000
2018-02-24 03:53:21,0.00000427,10241.00000000
2018-02-24 03:53:24,0.00000426,1000.00000000
2018-02-24 03:53:28,0.00000426,500.00000000
2018-02-24 03:53:37,0.00000427,131179.00000000
2018-02-24 03:53:39,0.00000427,1222.00000000
2018-02-24 03:53:42,0.00000426,124186.00000000
2018-02-24 03:53:44,0.00000426,67.00000000
2018-02-24 03:53:45,0.00000426,1447.00000000
2018-02-24 03:53:45,0.00000427,469.00000000
2018-02-24 03:53:46,0.00000426,938.00000000
2018-02-24 03:53:47,0.00000426,3129.00000000
2018-02-24 03:53:49,0.00000427,1525.00000000
2018-02-24 03:53:57,0.00000427,1000.00000000
2018-02-24 03:54:01,0.00000427,6000.00000000
2018-02-24 03:54:03,0.00000427,2250.00000000
2018-02-24 03:54:08,0.00000426,547.00000000
2018-02-24 03:54:18,0.00000426,47427.00000000
2018-02-24 03:54:20,0.00000427,386.00000000
2018-02-24 03:54:25,0.00000426,22139.00000000
2018-02-24 03:54:25,0.00000426,40000.00000000
2018-02-24 03:54:26,0.00000426,593.00000000
2018-02-24 03:54:28,0.00000426,126724.00000000
2018-02-24 03:54:36,0.00000427,2248.00000000
2018-02-24 03:54:43,0.00000427,6937.00000000
2018-02-24 03:54:50,0.00000427,6743.00000000
2018-02-24 03:54:54,0.00000427,210000.00000000
2018-02-24 03:54:57,0.00000427,2763.00000000
2018-02-24 03:55:03,0.00000426,2695.00000000
2018-02-24 03:55:10,0.00000427,348.00000000
2018-02-24 03:55:11,0.00000426,13446.00000000
2018-02-24 03:55:20,0.00000427,3556.00000000
2018-02-24 03:55:23,0.00000427,4352.00000000
2018-02-24 03:55:23,0.00000427,82677.00000000
2018-02-24 03:55:38,0.00000426,11765.00000000
2018-02-24 03:55:40,0.00000426,11765.00000000
2018-02-24 03:55:42,0.00000426,11765.00000000
2018-02-24 03:55:44,0.00000426,2353.00000000
2018-02-24 03:55:48,0.00000426,2353.00000000
2018-02-24 03:55:49,0.00000426,11252.00000000
2018-02-24 03:55:50,0.00000426,2353.00000000
2018-02-24 03:55:53,0.00000426,1001.00000000
2018-02-24 03:55:54,0.00000427,3.00000000
2018-02-24 03:56:03,0.00000427,22384.00000000
2018-02-24 03:56:06,0.00000426,132742.00000000
2018-02-24 03:56:17,0.00000426,263.00000000
2018-02-24 03:56:38,0.00000426,177622.00000000
2018-02-24 03:56:42,0.00000426,135802.00000000
2018-02-24 03:56:44,0.00000426,313687.00000000
2018-02-24 03:56:47,0.00000426,125348.00000000
2018-02-24 03:56:48,0.00000426,57655.00000000
2018-02-24 03:56:59,0.00000427,72880.00000000
2018-02-24 03:57:00,0.00000427,43.00000000
2018-02-24 03:57:07,0.00000427,3827.00000000
2018-02-24 03:57:11,0.00000427,13609.00000000
2018-02-24 03:57:11,0.00000427,2293.00000000
2018-02-24 03:57:14,0.00000426,567.00000000
2018-02-24 03:57:14,0.00000427,8195.00000000
2018-02-24 03:57:20,0.00000426,3986.00000000
2018-02-24 03:57:22,0.00000426,652578.00000000
2018-02-24 03:57:26,0.00000426,57.00000000
2018-02-24 03:57:32,0.00000427,1170.00000000
2018-02-24 03:57:36,0.00000426,410.00000000
2018-02-24 03:57:37,0.00000426,1017.00000000
2018-02-24 03:57:41,0.00000426,185067.00000000
2018-02-24 03:57:45,0.00000426,9219.00000000
2018-02-24 03:57:45,0.00000426,391.00000000
2018-02-24 03:57:46,0.00000426,11272.00000000
2018-02-24 03:57:51,0.00000426,7042.00000000
2018-02-24 03:57:54,0.00000426,107499.00000000
2018-02-24 03:57:55,0.00000426,95367.00000000
2018-02-24 03:57:56,0.00000426,21073.00000000
2018-02-24 03:57:58,0.00000426,899.00000000
2018-02-24 03:58:01,0.00000426,3500.00000000
2018-02-24 03:58:02,0.00000426,7041.00000000
2018-02-24 03:58:04,0.00000426,722.00000000
2018-02-24 03:58:05,0.00000426,6828.00000000
2018-02-24 03:58:05,0.00000427,4.00000000
2018-02-24 03:58:07,0.00000426,31664.00000000
2018-02-24 03:58:08,0.00000426,477.00000000
2018-02-24 03:58:12,0.00000426,4200.00000000
2018-02-24 03:58:15,0.00000426,500.00000000
2018-02-24 03:58:19,0.00000426,1990.00000000
2018-02-24 03:58:22,0.00000426,17754.00000000
2018-02-24 03:58:25,0.00000425,220534.00000000
2018-02-24 03:58:25,0.00000425,104400.00000000
2018-02-24 03:58:25,0.00000425,1852.00000000
2018-02-24 03:58:25,0.00000425,13627.00000000
2018-02-24 03:58:25,0.00000425,6990.00000000
2018-02-24 03:58:25,0.00000425,1235.00000000
2018-02-24 03:58:26,0.00000426,47533.00000000
2018-02-24 03:58:30,0.00000426,42351.00000000
2018-02-24 03:58:31,0.00000426,2347.00000000
2018-02-24 03:58:35,0.00000426,8697.00000000
2018-02-24 03:58:39,0.00000426,377.00000000
2018-02-24 03:58:42,0.00000426,27714.00000000
2018-02-24 03:58:42,0.00000425,88962.00000000
2018-02-24 03:58:42,0.00000425,777.00000000
2018-02-24 03:58:44,0.00000426,1690.00000000
2018-02-24 03:58:44,0.00000425,132.00000000
2018-02-24 03:58:58,0.00000426,10257.00000000
2018-02-24 03:59:00,0.00000425,15842.00000000
2018-02-24 03:59:00,0.00000425,7514.00000000
2018-02-24 03:59:04,0.00000425,1679.00000000
2018-02-24 03:59:06,0.00000425,55395.00000000
2018-02-24 03:59:20,0.00000426,5000.00000000
2018-02-24 03:59:20,0.00000426,569.00000000
2018-02-24 03:59:21,0.00000425,193767.00000000
2018-02-24 03:59:21,0.00000425,7410.00000000
2018-02-24 03:59:22,0.00000426,22391.00000000
2018-02-24 03:59:25,0.00000425,12.00000000
2018-02-24 03:59:31,0.00000425,1310.00000000
2018-02-24 03:59:34,0.00000426,68096.00000000
2018-02-24 03:59:35,0.00000425,10053.00000000
2018-02-24 03:59:39,0.00000425,931.00000000
2018-02-24 03:59:47,0.00000426,19.00000000
2018-02-24 03:59:49,0.00000425,20753.00000000
2018-02-24 03:59:53,0.00000425,45042.00000000
2018-02-24 03:59:58,0.00000426,640.00000000
2018-02-24 03:59:59,0.00000426,11114.00000000
