DATE,PRICE,VOLUME
2018-02-28 05:00:00,0.00000397,143509.00000000
2018-02-28 05:00:06,0.00000397,709.00000000
2018-02-28 05:00:08,0.00000397,90370.00000000
2018-02-28 05:00:08,0.00000397,529.00000000
2018-02-28 05:00:09,0.00000397,507.00000000
2018-02-28 05:00:09,0.00000397,709.00000000
2018-02-28 05:00:10,0.00000397,628.00000000
2018-02-28 05:00:11,0.00000397,709.00000000
2018-02-28 05:00:11,0.00000397,709.00000000
2018-02-28 05:00:12,0.00000397,567.00000000
2018-02-28 05:00:12,0.00000398,4964.00000000
2018-02-28 05:00:12,0.00000397,628.00000000
2018-02-28 05:00:17,0.00000397,511.00000000
2018-02-28 05:00:20,0.00000397,1.00000000
2018-02-28 05:00:26,0.00000397,132067.00000000
2018-02-28 05:00:28,0.00000398,39000.00000000
2018-02-28 05:00:38,0.00000398,6697.00000000
2018-02-28 05:00:43,0.00000397,472.00000000
2018-02-28 05:00:44,0.00000397,2881.00000000
2018-02-28 05:00:47,0.00000398,126470.00000000
2018-02-28 05:00:47,0.00000398,3514.00000000
2018-02-28 05:01:00,0.00000397,11316.00000000
2018-02-28 05:01:02,0.00000398,19.00000000
2018-02-28 05:01:08,0.00000397,2519.00000000
2018-02-28 05:01:10,0.00000397,111508.00000000
2018-02-28 05:01:10,0.00000397,25840.00000000
2018-02-28 05:01:12,0.00000398,30689.00000000
2018-02-28 05:01:12,0.00000397,13727.00000000
2018-02-28 05:01:16,0.00000398,2512.00000000
2018-02-28 05:01:17,0.00000397,3373.00000000
2018-02-28 05:01:20,0.00000398,320.00000000
2018-02-28 05:01:20,0.00000397,898.00000000
2018-02-28 05:01:25,0.00000397,5324.00000000
2018-02-28 05:01:27,0.00000396,217.00000000
2018-02-28 05:01:28,0.00000397,150245.00000000
2018-02-28 05:01:32,0.00000397,17857.00000000
2018-02-28 05:01:32,0.00000397,10000.00000000
2018-02-28 05:01:35,0.00000397,1413.00000000
2018-02-28 05:01:36,0.00000397,25138.00000000
2018-02-28 05:01:36,0.00000398,51742.00000000
2018-02-28 05:01:37,0.00000396,2008.00000000
2018-02-28 05:01:37,0.00000398,25433.00000000
2018-02-28 05:01:41,0.00000397,350.00000000
2018-02-28 05:01:41,0.00000397,385879.00000000
2018-02-28 05:01:47,0.00000396,11306.00000000
2018-02-28 05:01:48,0.00000397,909.00000000
2018-02-28 05:01:48,0.00000398,2363.00000000
2018-02-28 05:01:50,0.00000398,34.00000000
2018-02-28 05:01:51,0.00000396,8157.00000000
2018-02-28 05:01:54,0.00000397,3462.00000000
2018-02-28 05:02:01,0.00000397,9849.00000000
2018-02-28 05:02:01,0.00000397,151966.00000000
2018-02-28 05:02:02,0.00000397,25188.00000000
2018-02-28 05:02:07,0.00000398,140598.00000000
2018-02-28 05:02:16,0.00000397,10753.00000000
2018-02-28 05:02:21,0.00000397,51959.00000000
2018-02-28 05:02:24,0.00000397,298.00000000
2018-02-28 05:02:25,0.00000397,1999.00000000
2018-02-28 05:02:31,0.00000398,132011.00000000
2018-02-28 05:02:34,0.00000397,17462.00000000
2018-02-28 05:02:45,0.00000397,2518.00000000
2018-02-28 05:02:48,0.00000397,138041.00000000
2018-02-28 05:02:51,0.00000397,150.00000000
2018-02-28 05:02:55,0.00000397,260.00000000
2018-02-28 05:03:00,0.00000398,1000.00000000
2018-02-28 05:03:06,0.00000397,1200.00000000
2018-02-28 05:03:08,0.00000397,2500.00000000
2018-02-28 05:03:09,0.00000398,161424.00000000
2018-02-28 05:03:19,0.00000398,1821.00000000
2018-02-28 05:03:21,0.00000398,352.00000000
2018-02-28 05:03:25,0.00000398,1.00000000
2018-02-28 05:03:27,0.00000397,1000.00000000
2018-02-28 05:03:30,0.00000398,157435.00000000
2018-02-28 05:03:35,0.00000398,1733.00000000
2018-02-28 05:03:39,0.00000398,78.00000000
2018-02-28 05:03:51,0.00000398,5233.00000000
2018-02-28 05:03:53,0.00000398,455.00000000
2018-02-28 05:03:54,0.00000397,119264.00000000
2018-02-28 05:04:01,0.00000398,5468.00000000
2018-02-28 05:04:02,0.00000397,500.00000000
2018-02-28 05:04:07,0.00000398,100.00000000
2018-02-28 05:04:08,0.00000398,25180.00000000
2018-02-28 05:04:15,0.00000398,57592.00000000
2018-02-28 05:04:19,0.00000398,40384.00000000
2018-02-28 05:04:20,0.00000398,142891.00000000
2018-02-28 05:04:39,0.00000397,1259.00000000
2018-02-28 05:04:43,0.00000398,204086.00000000
2018-02-28 05:04:44,0.00000397,26210.00000000
2018-02-28 05:04:47,0.00000398,50311.00000000
2018-02-28 05:04:57,0.00000397,4382.00000000
2018-02-28 05:05:03,0.00000397,1613.00000000
2018-02-28 05:05:05,0.00000398,105167.00000000
2018-02-28 05:05:08,0.00000397,25747.00000000
2018-02-28 05:05:16,0.00000398,10074.00000000
2018-02-28 05:05:24,0.00000397,297.00000000
2018-02-28 05:05:25,0.00000397,1219.00000000
2018-02-28 05:05:37,0.00000398,100861.00000000
2018-02-28 05:05:37,0.00000397,121.00000000
2018-02-28 05:05:42,0.00000397,35612.00000000
2018-02-28 05:05:47,0.00000397,12626.00000000
2018-02-28 05:05:49,0.00000397,10500.00000000
2018-02-28 05:05:49,0.00000397,12626.00000000
2018-02-28 05:05:50,0.00000398,2496.00000000
2018-02-28 05:05:51,0.00000397,12617.00000000
2018-02-28 05:05:55,0.00000397,12625.00000000
2018-02-28 05:05:55,0.00000397,8400.00000000
2018-02-28 05:06:08,0.00000397,166663.00000000
2018-02-28 05:06:14,0.00000397,31649.00000000
2018-02-28 05:06:25,0.00000397,40000.00000000
2018-02-28 05:06:32,0.00000397,207320.00000000
2018-02-28 05:06:46,0.00000397,17644.00000000
2018-02-28 05:06:53,0.00000397,1257.00000000
2018-02-28 05:06:59,0.00000397,154353.00000000
2018-02-28 05:07:03,0.00000397,3185.00000000
2018-02-28 05:07:06,0.00000397,1284.00000000
2018-02-28 05:07:11,0.00000397,91394.00000000
2018-02-28 05:07:13,0.00000397,5217.00000000
2018-02-28 05:07:13,0.00000397,99900.00000000
2018-02-28 05:07:20,0.00000397,1410.00000000
2018-02-28 05:07:22,0.00000398,123829.00000000
2018-02-28 05:07:33,0.00000397,19431.00000000
2018-02-28 05:07:37,0.00000397,665.00000000
2018-02-28 05:07:40,0.00000398,27962.00000000
2018-02-28 05:07:42,0.00000397,216332.00000000
2018-02-28 05:07:50,0.00000397,962.00000000
2018-02-28 05:08:09,0.00000397,210692.00000000
2018-02-28 05:08:11,0.00000398,437.00000000
2018-02-28 05:08:16,0.00000397,1370.00000000
2018-02-28 05:08:33,0.00000398,2512.00000000
2018-02-28 05:08:41,0.00000398,47975.00000000
2018-02-28 05:08:41,0.00000397,3442.00000000
2018-02-28 05:08:43,0.00000397,173972.00000000
2018-02-28 05:08:49,0.00000397,1247.00000000
2018-02-28 05:08:51,0.00000397,1247.00000000
2018-02-28 05:08:52,0.00000397,1247.00000000
2018-02-28 05:08:52,0.00000397,6605.00000000
2018-02-28 05:08:52,0.00000397,11028.00000000
2018-02-28 05:08:53,0.00000397,3389.00000000
2018-02-28 05:08:54,0.00000397,4955.00000000
2018-02-28 05:08:54,0.00000397,20213.00000000
2018-02-28 05:09:00,0.00000397,1259.00000000
2018-02-28 05:09:01,0.00000397,45351.00000000
2018-02-28 05:09:01,0.00000397,9418.00000000
2018-02-28 05:09:04,0.00000397,11544.00000000
2018-02-28 05:09:07,0.00000398,119972.00000000
2018-02-28 05:09:10,0.00000398,206049.00000000
2018-02-28 05:09:20,0.00000397,63131.00000000
2018-02-28 05:09:24,0.00000398,107498.00000000
2018-02-28 05:09:26,0.00000397,3000.00000000
2018-02-28 05:09:26,0.00000398,2360.00000000
2018-02-28 05:09:29,0.00000398,1908.00000000
2018-02-28 05:09:32,0.00000398,181328.00000000
2018-02-28 05:09:37,0.00000398,7727.00000000
2018-02-28 05:09:42,0.00000397,4.00000000
2018-02-28 05:09:50,0.00000398,18400.00000000
2018-02-28 05:09:52,0.00000397,2518.00000000
2018-02-28 05:09:58,0.00000397,119406.00000000
2018-02-28 05:10:04,0.00000397,100000.00000000
2018-02-28 05:10:19,0.00000397,429.00000000
2018-02-28 05:10:22,0.00000397,3402.00000000
2018-02-28 05:10:25,0.00000397,172294.00000000
2018-02-28 05:10:34,0.00000397,6047.00000000
2018-02-28 05:10:35,0.00000397,8150.00000000
2018-02-28 05:10:38,0.00000397,1.00000000
2018-02-28 05:10:39,0.00000397,2734.00000000
2018-02-28 05:10:40,0.00000396,2551.00000000
2018-02-28 05:10:50,0.00000397,193774.00000000
2018-02-28 05:10:57,0.00000396,1913.00000000
2018-02-28 05:11:04,0.00000397,28441.00000000
2018-02-28 05:11:06,0.00000397,1670.00000000
2018-02-28 05:11:15,0.00000397,95814.00000000
2018-02-28 05:11:16,0.00000397,117201.00000000
2018-02-28 05:11:18,0.00000397,2871.00000000
2018-02-28 05:11:20,0.00000397,23919.00000000
2018-02-28 05:11:20,0.00000397,69024.00000000
2018-02-28 05:11:20,0.00000396,52303.00000000
2018-02-28 05:11:23,0.00000396,7841.00000000
2018-02-28 05:11:28,0.00000397,20933.00000000
2018-02-28 05:11:31,0.00000396,2871.00000000
2018-02-28 05:11:47,0.00000396,680.00000000
2018-02-28 05:11:48,0.00000396,1.00000000
2018-02-28 05:11:49,0.00000397,1178.00000000
2018-02-28 05:11:49,0.00000397,117207.00000000
2018-02-28 05:11:52,0.00000397,38340.00000000
2018-02-28 05:11:58,0.00000397,12084.00000000
2018-02-28 05:11:58,0.00000396,326100.00000000
2018-02-28 05:12:06,0.00000397,509801.00000000
2018-02-28 05:12:08,0.00000396,1578.00000000
2018-02-28 05:12:24,0.00000396,10189.00000000
2018-02-28 05:12:25,0.00000397,2525.00000000
2018-02-28 05:12:25,0.00000397,115697.00000000
2018-02-28 05:12:32,0.00000396,10100.00000000
2018-02-28 05:12:55,0.00000397,158825.00000000
2018-02-28 05:13:02,0.00000396,9000.00000000
2018-02-28 05:13:03,0.00000397,12693.00000000
2018-02-28 05:13:08,0.00000396,920.00000000
2018-02-28 05:13:09,0.00000397,4604.00000000
2018-02-28 05:13:12,0.00000397,14286.00000000
2018-02-28 05:13:13,0.00000396,11319.00000000
2018-02-28 05:13:19,0.00000397,162038.00000000
2018-02-28 05:13:21,0.00000397,501.00000000
2018-02-28 05:13:21,0.00000396,10000.00000000
2018-02-28 05:13:21,0.00000397,2096.00000000
2018-02-28 05:13:26,0.00000397,22870.00000000
2018-02-28 05:13:34,0.00000396,21196.00000000
2018-02-28 05:13:44,0.00000397,115947.00000000
2018-02-28 05:13:46,0.00000397,87204.00000000
2018-02-28 05:13:57,0.00000397,98932.00000000
2018-02-28 05:13:58,0.00000397,7855.00000000
2018-02-28 05:14:08,0.00000397,478.00000000
2018-02-28 05:14:10,0.00000397,6488.00000000
2018-02-28 05:14:12,0.00000397,20353.00000000
2018-02-28 05:14:13,0.00000397,14006.00000000
2018-02-28 05:14:14,0.00000397,13525.00000000
2018-02-28 05:14:15,0.00000396,128424.00000000
2018-02-28 05:14:18,0.00000397,2000.00000000
2018-02-28 05:14:20,0.00000397,629.00000000
2018-02-28 05:14:24,0.00000397,10000.00000000
2018-02-28 05:14:34,0.00000397,13.00000000
2018-02-28 05:14:37,0.00000396,3492.00000000
2018-02-28 05:14:39,0.00000396,128152.00000000
2018-02-28 05:14:41,0.00000397,901.00000000
2018-02-28 05:14:55,0.00000396,3416.00000000
2018-02-28 05:14:57,0.00000397,8236.00000000
2018-02-28 05:14:57,0.00000396,122662.00000000
2018-02-28 05:15:00,0.00000396,1173.00000000
2018-02-28 05:15:07,0.00000396,1857.00000000
2018-02-28 05:15:07,0.00000397,277.00000000
2018-02-28 05:15:13,0.00000396,9157.00000000
2018-02-28 05:15:17,0.00000397,1800.00000000
2018-02-28 05:15:21,0.00000397,122824.00000000
2018-02-28 05:15:26,0.00000397,3412.00000000
2018-02-28 05:15:32,0.00000396,629.00000000
2018-02-28 05:15:32,0.00000397,1647.00000000
2018-02-28 05:15:35,0.00000396,3145.00000000
2018-02-28 05:15:36,0.00000396,2400.00000000
2018-02-28 05:15:41,0.00000397,522.00000000
2018-02-28 05:15:46,0.00000397,177474.00000000
2018-02-28 05:15:50,0.00000397,17845.00000000
2018-02-28 05:15:51,0.00000397,55000.00000000
2018-02-28 05:15:52,0.00000396,956.00000000
2018-02-28 05:15:54,0.00000397,32051.00000000
2018-02-28 05:16:00,0.00000397,37833.00000000
2018-02-28 05:16:04,0.00000397,12560.00000000
2018-02-28 05:16:08,0.00000396,145723.00000000
2018-02-28 05:16:16,0.00000396,5000.00000000
2018-02-28 05:16:18,0.00000396,3996.00000000
2018-02-28 05:16:24,0.00000397,1.00000000
2018-02-28 05:16:26,0.00000396,1204.00000000
2018-02-28 05:16:28,0.00000396,47927.00000000
2018-02-28 05:16:34,0.00000396,4153.00000000
2018-02-28 05:16:40,0.00000396,117479.00000000
2018-02-28 05:16:57,0.00000397,14065.00000000
2018-02-28 05:16:58,0.00000396,294.00000000
2018-02-28 05:17:02,0.00000396,155682.00000000
2018-02-28 05:17:09,0.00000397,116400.00000000
2018-02-28 05:17:14,0.00000396,17925.00000000
2018-02-28 05:17:16,0.00000396,9418.00000000
2018-02-28 05:17:22,0.00000396,35858.00000000
2018-02-28 05:17:24,0.00000397,127679.00000000
2018-02-28 05:17:25,0.00000397,32.00000000
2018-02-28 05:17:26,0.00000397,45592.00000000
2018-02-28 05:17:32,0.00000397,2947.00000000
2018-02-28 05:17:43,0.00000396,186594.00000000
2018-02-28 05:17:56,0.00000396,1145.00000000
2018-02-28 05:17:56,0.00000397,14065.00000000
2018-02-28 05:17:57,0.00000397,42172.00000000
2018-02-28 05:18:04,0.00000397,7153.00000000
2018-02-28 05:18:06,0.00000397,408.00000000
2018-02-28 05:18:08,0.00000396,198646.00000000
2018-02-28 05:18:09,0.00000397,6757.00000000
2018-02-28 05:18:12,0.00000397,795.00000000
2018-02-28 05:18:12,0.00000397,5459.00000000
2018-02-28 05:18:13,0.00000397,408.00000000
2018-02-28 05:18:15,0.00000397,408.00000000
2018-02-28 05:18:17,0.00000397,408.00000000
2018-02-28 05:18:21,0.00000397,408.00000000
2018-02-28 05:18:33,0.00000397,14639.00000000
2018-02-28 05:18:34,0.00000396,144400.00000000
2018-02-28 05:18:34,0.00000397,2344.00000000
2018-02-28 05:18:50,0.00000397,822.00000000
2018-02-28 05:18:51,0.00000396,3.00000000
2018-02-28 05:18:51,0.00000397,777.00000000
2018-02-28 05:18:53,0.00000396,104462.00000000
2018-02-28 05:18:54,0.00000396,75565.00000000
2018-02-28 05:18:59,0.00000396,2000.00000000
2018-02-28 05:19:00,0.00000397,1390.00000000
2018-02-28 05:19:03,0.00000396,699.00000000
2018-02-28 05:19:15,0.00000396,90975.00000000
2018-02-28 05:19:17,0.00000396,2365.00000000
2018-02-28 05:19:18,0.00000396,97387.00000000
2018-02-28 05:19:18,0.00000397,172945.00000000
2018-02-28 05:19:20,0.00000397,134744.00000000
2018-02-28 05:19:20,0.00000397,2512.00000000
2018-02-28 05:19:21,0.00000396,64215.00000000
2018-02-28 05:19:21,0.00000396,35166.00000000
2018-02-28 05:19:21,0.00000396,3405.00000000
2018-02-28 05:19:21,0.00000396,36786.00000000
2018-02-28 05:19:21,0.00000396,23147.00000000
2018-02-28 05:19:26,0.00000397,9709.00000000
2018-02-28 05:19:28,0.00000397,1240.00000000
2018-02-28 05:19:29,0.00000397,2495.00000000
2018-02-28 05:19:36,0.00000396,441.00000000
2018-02-28 05:19:36,0.00000397,8423.00000000
2018-02-28 05:19:37,0.00000396,10815.00000000
2018-02-28 05:19:43,0.00000397,202134.00000000
2018-02-28 05:19:44,0.00000396,1000.00000000
2018-02-28 05:19:58,0.00000396,34919.00000000
2018-02-28 05:20:00,0.00000396,84194.00000000
2018-02-28 05:20:03,0.00000397,3334.00000000
2018-02-28 05:20:05,0.00000396,4995.00000000
2018-02-28 05:20:06,0.00000397,193242.00000000
2018-02-28 05:20:07,0.00000397,5836.00000000
2018-02-28 05:20:14,0.00000397,22142.00000000
2018-02-28 05:20:36,0.00000397,1210.00000000
2018-02-28 05:20:36,0.00000397,192616.00000000
2018-02-28 05:20:46,0.00000396,10064.00000000
2018-02-28 05:20:49,0.00000397,12972.00000000
2018-02-28 05:20:57,0.00000396,142006.00000000
2018-02-28 05:20:58,0.00000397,6171.00000000
2018-02-28 05:21:06,0.00000396,30392.00000000
2018-02-28 05:21:07,0.00000397,25252.00000000
2018-02-28 05:21:07,0.00000397,92881.00000000
2018-02-28 05:21:07,0.00000397,7557.00000000
2018-02-28 05:21:20,0.00000396,160290.00000000
2018-02-28 05:21:24,0.00000397,1020.00000000
2018-02-28 05:21:24,0.00000397,338.00000000
2018-02-28 05:21:25,0.00000397,11335.00000000
2018-02-28 05:21:26,0.00000396,521.00000000
2018-02-28 05:21:27,0.00000396,9990.00000000
2018-02-28 05:21:36,0.00000396,1137.00000000
2018-02-28 05:21:37,0.00000397,6319.00000000
2018-02-28 05:21:37,0.00000397,170781.00000000
2018-02-28 05:21:43,0.00000396,21138.00000000
2018-02-28 05:21:45,0.00000397,206604.00000000
2018-02-28 05:21:50,0.00000397,8736.00000000
2018-02-28 05:21:53,0.00000397,13.00000000
2018-02-28 05:21:58,0.00000397,13484.00000000
2018-02-28 05:22:08,0.00000396,162954.00000000
2018-02-28 05:22:19,0.00000396,105.00000000
2018-02-28 05:22:30,0.00000396,182188.00000000
2018-02-28 05:22:34,0.00000396,9540.00000000
2018-02-28 05:22:41,0.00000396,2579.00000000
2018-02-28 05:22:46,0.00000397,900.00000000
2018-02-28 05:22:48,0.00000397,1321.00000000
2018-02-28 05:22:53,0.00000397,151188.00000000
2018-02-28 05:22:56,0.00000397,907.00000000
2018-02-28 05:23:05,0.00000397,446.00000000
2018-02-28 05:23:10,0.00000396,1318.00000000
2018-02-28 05:23:12,0.00000397,1871.00000000
2018-02-28 05:23:15,0.00000397,7.00000000
2018-02-28 05:23:24,0.00000397,198593.00000000
2018-02-28 05:23:25,0.00000396,2365.00000000
2018-02-28 05:23:27,0.00000397,529.00000000
2018-02-28 05:23:27,0.00000397,1685.00000000
2018-02-28 05:23:31,0.00000397,881.00000000
2018-02-28 05:23:32,0.00000397,11272.00000000
2018-02-28 05:23:37,0.00000397,626.00000000
2018-02-28 05:23:47,0.00000397,2301.00000000
2018-02-28 05:23:52,0.00000397,2002.00000000
2018-02-28 05:23:53,0.00000397,108989.00000000
2018-02-28 05:23:57,0.00000397,1133.00000000
2018-02-28 05:24:01,0.00000397,1023.00000000
2018-02-28 05:24:04,0.00000396,4795.00000000
2018-02-28 05:24:04,0.00000397,2538.00000000
2018-02-28 05:24:14,0.00000397,176.00000000
2018-02-28 05:24:21,0.00000396,195571.00000000
2018-02-28 05:24:26,0.00000397,42850.00000000
2018-02-28 05:24:26,0.00000397,1033.00000000
2018-02-28 05:24:35,0.00000397,14557.00000000
2018-02-28 05:24:46,0.00000397,213318.00000000
2018-02-28 05:24:47,0.00000397,1702.00000000
2018-02-28 05:24:57,0.00000396,1720.00000000
2018-02-28 05:25:03,0.00000396,121477.00000000
2018-02-28 05:25:10,0.00000397,500.00000000
2018-02-28 05:25:14,0.00000396,12069.00000000
2018-02-28 05:25:18,0.00000396,8802.00000000
2018-02-28 05:25:23,0.00000397,1836.00000000
2018-02-28 05:25:26,0.00000396,11059.00000000
2018-02-28 05:25:28,0.00000397,138906.00000000
2018-02-28 05:25:38,0.00000397,69920.00000000
2018-02-28 05:25:38,0.00000397,1000.00000000
2018-02-28 05:25:43,0.00000396,127.00000000
2018-02-28 05:25:48,0.00000396,127164.00000000
2018-02-28 05:25:48,0.00000396,27444.00000000
2018-02-28 05:25:52,0.00000396,6059.00000000
2018-02-28 05:26:07,0.00000397,153750.00000000
2018-02-28 05:26:20,0.00000397,414.00000000
2018-02-28 05:26:26,0.00000397,25252.00000000
2018-02-28 05:26:26,0.00000397,5102.00000000
2018-02-28 05:26:32,0.00000397,211392.00000000
2018-02-28 05:26:33,0.00000397,50025.00000000
2018-02-28 05:26:34,0.00000397,157928.00000000
2018-02-28 05:26:45,0.00000397,806.00000000
2018-02-28 05:26:58,0.00000397,48296.00000000
2018-02-28 05:26:59,0.00000397,119287.00000000
2018-02-28 05:27:01,0.00000397,9846.00000000
2018-02-28 05:27:02,0.00000397,2500.00000000
2018-02-28 05:27:12,0.00000397,425.00000000
2018-02-28 05:27:16,0.00000397,599.00000000
2018-02-28 05:27:21,0.00000397,2716.00000000
2018-02-28 05:27:24,0.00000396,149187.00000000
2018-02-28 05:27:24,0.00000397,27701.00000000
2018-02-28 05:27:27,0.00000397,14993.00000000
2018-02-28 05:27:31,0.00000398,16589.00000000
2018-02-28 05:27:43,0.00000398,25000.00000000
2018-02-28 05:27:45,0.00000398,1.00000000
2018-02-28 05:27:49,0.00000397,6726.00000000
2018-02-28 05:27:50,0.00000397,195902.00000000
2018-02-28 05:27:53,0.00000397,12.00000000
2018-02-28 05:27:54,0.00000397,3262.00000000
2018-02-28 05:27:54,0.00000398,58884.00000000
2018-02-28 05:27:58,0.00000398,15000.00000000
2018-02-28 05:28:13,0.00000397,194616.00000000
2018-02-28 05:28:26,0.00000398,1041.00000000
2018-02-28 05:28:31,0.00000398,2114.00000000
2018-02-28 05:28:35,0.00000397,664.00000000
2018-02-28 05:28:37,0.00000398,100790.00000000
2018-02-28 05:28:38,0.00000398,24886.00000000
2018-02-28 05:28:47,0.00000398,19385.00000000
2018-02-28 05:28:54,0.00000397,11243.00000000
2018-02-28 05:29:08,0.00000397,137104.00000000
2018-02-28 05:29:27,0.00000397,1401.00000000
2018-02-28 05:29:28,0.00000397,18119.00000000
2018-02-28 05:29:34,0.00000397,615.00000000
2018-02-28 05:29:35,0.00000397,1.00000000
2018-02-28 05:29:38,0.00000398,5726.00000000
2018-02-28 05:29:39,0.00000398,1456.00000000
2018-02-28 05:29:40,0.00000397,134548.00000000
2018-02-28 05:29:42,0.00000398,1.00000000
2018-02-28 05:29:47,0.00000398,26301.00000000
2018-02-28 05:29:52,0.00000398,620.00000000
2018-02-28 05:30:00,0.00000398,171934.00000000
2018-02-28 05:30:02,0.00000397,1.00000000
2018-02-28 05:30:03,0.00000398,6462.00000000
2018-02-28 05:30:13,0.00000398,33077.00000000
2018-02-28 05:30:13,0.00000397,8019.00000000
2018-02-28 05:30:17,0.00000398,172.00000000
2018-02-28 05:30:25,0.00000397,250.00000000
2018-02-28 05:30:27,0.00000398,151549.00000000
2018-02-28 05:30:28,0.00000398,2324.00000000
2018-02-28 05:30:29,0.00000397,845214.00000000
2018-02-28 05:30:31,0.00000397,24057.00000000
2018-02-28 05:30:34,0.00000397,151306.00000000
2018-02-28 05:30:34,0.00000397,30608.00000000
2018-02-28 05:30:37,0.00000397,44277.00000000
2018-02-28 05:30:37,0.00000396,1.00000000
2018-02-28 05:30:39,0.00000397,20000.00000000
2018-02-28 05:30:39,0.00000397,909.00000000
2018-02-28 05:30:41,0.00000397,52441.00000000
2018-02-28 05:30:48,0.00000397,1265.00000000
2018-02-28 05:30:49,0.00000396,7567.00000000
2018-02-28 05:30:51,0.00000397,111995.00000000
2018-02-28 05:30:53,0.00000397,21965.00000000
2018-02-28 05:30:58,0.00000397,1.00000000
2018-02-28 05:30:59,0.00000398,896.00000000
2018-02-28 05:31:02,0.00000398,13.00000000
2018-02-28 05:31:03,0.00000398,9.00000000
2018-02-28 05:31:05,0.00000398,221.00000000
2018-02-28 05:31:06,0.00000397,26750.00000000
2018-02-28 05:31:06,0.00000397,2042.00000000
2018-02-28 05:31:07,0.00000397,86927.00000000
2018-02-28 05:31:10,0.00000398,37256.00000000
2018-02-28 05:31:17,0.00000398,18800.00000000
2018-02-28 05:31:21,0.00000398,6217.00000000
2018-02-28 05:31:24,0.00000397,1.00000000
2018-02-28 05:31:27,0.00000398,1132.00000000
2018-02-28 05:31:27,0.00000398,3.00000000
2018-02-28 05:31:32,0.00000398,121.00000000
2018-02-28 05:31:34,0.00000397,750.00000000
2018-02-28 05:31:35,0.00000397,3165.00000000
2018-02-28 05:31:35,0.00000398,14301.00000000
2018-02-28 05:31:37,0.00000397,22611.00000000
2018-02-28 05:31:37,0.00000397,56025.00000000
2018-02-28 05:31:38,0.00000397,42212.00000000
2018-02-28 05:31:39,0.00000397,4000.00000000
2018-02-28 05:31:47,0.00000397,578997.00000000
2018-02-28 05:31:48,0.00000398,8.00000000
2018-02-28 05:31:51,0.00000398,10818.00000000
2018-02-28 05:31:57,0.00000398,5465.00000000
2018-02-28 05:32:02,0.00000397,378479.00000000
2018-02-28 05:32:02,0.00000398,10563.00000000
2018-02-28 05:32:13,0.00000398,5093.00000000
2018-02-28 05:32:16,0.00000397,481997.00000000
2018-02-28 05:32:16,0.00000398,1.00000000
2018-02-28 05:32:21,0.00000397,1655.00000000
2018-02-28 05:32:30,0.00000397,23004.00000000
2018-02-28 05:32:34,0.00000397,437.00000000
2018-02-28 05:32:41,0.00000397,192142.00000000
2018-02-28 05:32:47,0.00000396,228045.00000000
2018-02-28 05:32:53,0.00000396,2345.00000000
2018-02-28 05:32:54,0.00000396,166660.00000000
2018-02-28 05:32:56,0.00000396,1400.00000000
2018-02-28 05:33:03,0.00000397,7410.00000000
2018-02-28 05:33:04,0.00000396,9285.00000000
2018-02-28 05:33:07,0.00000396,208085.00000000
2018-02-28 05:33:10,0.00000397,269127.00000000
2018-02-28 05:33:12,0.00000397,12672.00000000
2018-02-28 05:33:12,0.00000396,10000.00000000
2018-02-28 05:33:22,0.00000396,72225.00000000
2018-02-28 05:33:23,0.00000397,6482.00000000
2018-02-28 05:33:27,0.00000397,188101.00000000
2018-02-28 05:33:27,0.00000396,5501.00000000
2018-02-28 05:33:32,0.00000397,205445.00000000
2018-02-28 05:33:35,0.00000397,1470.00000000
2018-02-28 05:33:39,0.00000397,4034.00000000
2018-02-28 05:33:42,0.00000397,4286.00000000
2018-02-28 05:33:43,0.00000396,625.00000000
2018-02-28 05:33:50,0.00000397,3000.00000000
2018-02-28 05:33:53,0.00000396,6573.00000000
2018-02-28 05:33:53,0.00000396,693.00000000
2018-02-28 05:33:55,0.00000396,177856.00000000
2018-02-28 05:33:56,0.00000397,16618.00000000
2018-02-28 05:34:02,0.00000397,9.00000000
2018-02-28 05:34:12,0.00000397,25252.00000000
2018-02-28 05:34:12,0.00000397,15800.00000000
2018-02-28 05:34:13,0.00000397,1000.00000000
2018-02-28 05:34:20,0.00000397,1.00000000
2018-02-28 05:34:22,0.00000396,3565.00000000
2018-02-28 05:34:22,0.00000397,3185.00000000
2018-02-28 05:34:28,0.00000396,151846.00000000
2018-02-28 05:34:29,0.00000397,1406.00000000
2018-02-28 05:34:31,0.00000397,3446.00000000
2018-02-28 05:34:35,0.00000397,591.00000000
2018-02-28 05:34:35,0.00000397,1.00000000
2018-02-28 05:34:44,0.00000397,8970.00000000
2018-02-28 05:34:46,0.00000397,18226.00000000
2018-02-28 05:34:46,0.00000396,193511.00000000
2018-02-28 05:34:47,0.00000397,104556.00000000
2018-02-28 05:34:50,0.00000397,3310.00000000
2018-02-28 05:34:51,0.00000397,2446.00000000
2018-02-28 05:34:55,0.00000397,4544.00000000
2018-02-28 05:34:55,0.00000396,2736.00000000
2018-02-28 05:35:01,0.00000397,2500.00000000
2018-02-28 05:35:02,0.00000397,1651.00000000
2018-02-28 05:35:09,0.00000396,791.00000000
2018-02-28 05:35:09,0.00000397,2585.00000000
2018-02-28 05:35:13,0.00000396,2749.00000000
2018-02-28 05:35:14,0.00000396,169061.00000000
2018-02-28 05:35:14,0.00000396,179949.00000000
2018-02-28 05:35:20,0.00000397,3866.00000000
2018-02-28 05:35:27,0.00000397,1890.00000000
2018-02-28 05:35:28,0.00000397,283.00000000
2018-02-28 05:35:31,0.00000396,2210.00000000
2018-02-28 05:35:31,0.00000397,3259.00000000
2018-02-28 05:35:34,0.00000397,794.00000000
2018-02-28 05:35:34,0.00000397,3076.00000000
2018-02-28 05:35:35,0.00000397,2000.00000000
2018-02-28 05:35:36,0.00000396,14528.00000000
2018-02-28 05:35:41,0.00000396,185267.00000000
2018-02-28 05:35:44,0.00000397,13411.00000000
2018-02-28 05:35:44,0.00000397,45.00000000
2018-02-28 05:35:45,0.00000396,5883.00000000
2018-02-28 05:35:46,0.00000397,2941.00000000
2018-02-28 05:35:47,0.00000396,11894.00000000
2018-02-28 05:36:01,0.00000396,2000.00000000
2018-02-28 05:36:06,0.00000396,211451.00000000
2018-02-28 05:36:08,0.00000396,147600.00000000
2018-02-28 05:36:10,0.00000397,15226.00000000
2018-02-28 05:36:14,0.00000396,2033.00000000
2018-02-28 05:36:14,0.00000397,2405.00000000
2018-02-28 05:36:14,0.00000396,3176.00000000
2018-02-28 05:36:15,0.00000397,5175.00000000
2018-02-28 05:36:16,0.00000396,1000.00000000
2018-02-28 05:36:18,0.00000396,256.00000000
2018-02-28 05:36:20,0.00000396,3830.00000000
2018-02-28 05:36:21,0.00000396,2306.00000000
2018-02-28 05:36:22,0.00000397,310.00000000
2018-02-28 05:36:29,0.00000396,1236.00000000
2018-02-28 05:36:30,0.00000396,151557.00000000
2018-02-28 05:36:32,0.00000396,36963.00000000
2018-02-28 05:36:32,0.00000396,12049.00000000
2018-02-28 05:36:32,0.00000396,3000.00000000
2018-02-28 05:36:38,0.00000397,199346.00000000
2018-02-28 05:36:41,0.00000396,19735.00000000
2018-02-28 05:36:42,0.00000396,428.00000000
2018-02-28 05:36:43,0.00000396,946.00000000
2018-02-28 05:36:43,0.00000396,6636.00000000
2018-02-28 05:36:43,0.00000397,20595.00000000
2018-02-28 05:36:43,0.00000397,8238.00000000
2018-02-28 05:36:43,0.00000397,4121.00000000
2018-02-28 05:36:46,0.00000397,1000.00000000
2018-02-28 05:36:47,0.00000396,22192.00000000
2018-02-28 05:36:48,0.00000396,1203.00000000
2018-02-28 05:36:48,0.00000396,14354.00000000
2018-02-28 05:36:48,0.00000396,6116.00000000
2018-02-28 05:36:48,0.00000396,35224.00000000
2018-02-28 05:36:49,0.00000396,9183.00000000
2018-02-28 05:36:49,0.00000396,13829.00000000
2018-02-28 05:36:50,0.00000396,1489.00000000
2018-02-28 05:36:52,0.00000396,49510.00000000
2018-02-28 05:36:53,0.00000396,2059.00000000
2018-02-28 05:36:53,0.00000397,2428.00000000
2018-02-28 05:36:56,0.00000396,410.00000000
2018-02-28 05:37:02,0.00000396,30391.00000000
2018-02-28 05:37:02,0.00000396,102291.00000000
2018-02-28 05:37:14,0.00000396,3871.00000000
2018-02-28 05:37:14,0.00000396,394552.00000000
2018-02-28 05:37:27,0.00000397,495.00000000
2018-02-28 05:37:29,0.00000396,18620.00000000
2018-02-28 05:37:32,0.00000396,13201.00000000
2018-02-28 05:37:33,0.00000397,2365.00000000
2018-02-28 05:37:35,0.00000396,645882.00000000
2018-02-28 05:37:38,0.00000396,408.00000000
2018-02-28 05:37:38,0.00000396,1773.00000000
2018-02-28 05:37:38,0.00000396,15651.00000000
2018-02-28 05:37:39,0.00000396,52593.00000000
2018-02-28 05:37:39,0.00000396,1244.00000000
2018-02-28 05:37:39,0.00000396,346.00000000
2018-02-28 05:37:41,0.00000396,795.00000000
2018-02-28 05:37:45,0.00000396,33707.00000000
2018-02-28 05:37:48,0.00000396,423.00000000
2018-02-28 05:37:49,0.00000396,408.00000000
2018-02-28 05:37:49,0.00000396,39147.00000000
2018-02-28 05:37:50,0.00000395,101250.00000000
2018-02-28 05:37:52,0.00000396,2163.00000000
2018-02-28 05:37:53,0.00000396,25316.00000000
2018-02-28 05:37:53,0.00000396,20725.00000000
2018-02-28 05:37:57,0.00000396,19857.00000000
2018-02-28 05:37:57,0.00000396,535892.00000000
2018-02-28 05:38:01,0.00000396,73035.00000000
2018-02-28 05:38:01,0.00000396,326.00000000
2018-02-28 05:38:03,0.00000395,351.00000000
2018-02-28 05:38:06,0.00000396,20204.00000000
2018-02-28 05:38:07,0.00000396,408.00000000
2018-02-28 05:38:08,0.00000396,693.00000000
2018-02-28 05:38:09,0.00000396,5880.00000000
2018-02-28 05:38:16,0.00000395,86824.00000000
2018-02-28 05:38:19,0.00000396,154.00000000
2018-02-28 05:38:19,0.00000397,2285.00000000
2018-02-28 05:38:20,0.00000396,10500.00000000
2018-02-28 05:38:20,0.00000396,306163.00000000
2018-02-28 05:38:24,0.00000396,10500.00000000
2018-02-28 05:38:25,0.00000396,408.00000000
2018-02-28 05:38:26,0.00000396,795.00000000
2018-02-28 05:38:27,0.00000396,10500.00000000
2018-02-28 05:38:27,0.00000396,1920.00000000
2018-02-28 05:38:27,0.00000396,10330.00000000
2018-02-28 05:38:31,0.00000396,73851.00000000
2018-02-28 05:38:32,0.00000396,2724.00000000
2018-02-28 05:38:38,0.00000397,22.00000000
2018-02-28 05:38:42,0.00000397,4834.00000000
2018-02-28 05:38:43,0.00000397,111825.00000000
2018-02-28 05:38:44,0.00000396,89550.00000000
2018-02-28 05:38:45,0.00000397,1380.00000000
2018-02-28 05:38:47,0.00000397,1.00000000
2018-02-28 05:38:51,0.00000396,14018.00000000
2018-02-28 05:38:54,0.00000396,532.00000000
2018-02-28 05:38:54,0.00000396,800.00000000
2018-02-28 05:38:55,0.00000396,10908.00000000
2018-02-28 05:39:04,0.00000396,83678.00000000
2018-02-28 05:39:05,0.00000396,6915.00000000
2018-02-28 05:39:05,0.00000396,407.00000000
2018-02-28 05:39:05,0.00000396,62120.00000000
2018-02-28 05:39:07,0.00000397,961.00000000
2018-02-28 05:39:09,0.00000397,318.00000000
2018-02-28 05:39:11,0.00000396,26987.00000000
2018-02-28 05:39:13,0.00000397,2443.00000000
2018-02-28 05:39:15,0.00000397,2150.00000000
2018-02-28 05:39:24,0.00000396,10832.00000000
2018-02-28 05:39:24,0.00000396,469.00000000
2018-02-28 05:39:25,0.00000396,913.00000000
2018-02-28 05:39:25,0.00000396,12786.00000000
2018-02-28 05:39:26,0.00000397,7000.00000000
2018-02-28 05:39:27,0.00000395,877.00000000
2018-02-28 05:39:28,0.00000396,1153.00000000
2018-02-28 05:39:35,0.00000396,173688.00000000
2018-02-28 05:39:36,0.00000396,2295.00000000
2018-02-28 05:39:36,0.00000396,23361.00000000
2018-02-28 05:39:38,0.00000396,1758.00000000
2018-02-28 05:39:38,0.00000396,4768.00000000
2018-02-28 05:39:40,0.00000396,350.00000000
2018-02-28 05:39:42,0.00000397,1320.00000000
2018-02-28 05:39:44,0.00000396,10048.00000000
2018-02-28 05:39:45,0.00000396,373142.00000000
2018-02-28 05:39:46,0.00000397,2424.00000000
2018-02-28 05:39:48,0.00000396,8048.00000000
2018-02-28 05:39:48,0.00000395,5289.00000000
2018-02-28 05:39:49,0.00000397,3107.00000000
2018-02-28 05:39:53,0.00000396,310.00000000
2018-02-28 05:39:55,0.00000396,11087.00000000
2018-02-28 05:39:55,0.00000395,8913.00000000
2018-02-28 05:39:57,0.00000396,5691.00000000
2018-02-28 05:40:03,0.00000395,121457.00000000
2018-02-28 05:40:03,0.00000395,53881.00000000
2018-02-28 05:40:05,0.00000396,2407.00000000
2018-02-28 05:40:05,0.00000396,12104.00000000
2018-02-28 05:40:05,0.00000396,12069.00000000
2018-02-28 05:40:19,0.00000396,44.00000000
2018-02-28 05:40:22,0.00000396,133861.00000000
2018-02-28 05:40:27,0.00000396,17722.00000000
2018-02-28 05:40:28,0.00000397,2331.00000000
2018-02-28 05:40:31,0.00000397,53556.00000000
2018-02-28 05:40:32,0.00000396,5000.00000000
2018-02-28 05:40:36,0.00000396,7775.00000000
2018-02-28 05:40:39,0.00000396,11594.00000000
2018-02-28 05:40:46,0.00000396,5000.00000000
2018-02-28 05:40:48,0.00000396,7145.00000000
2018-02-28 05:40:52,0.00000397,163186.00000000
2018-02-28 05:40:52,0.00000397,253.00000000
2018-02-28 05:40:57,0.00000396,255499.00000000
2018-02-28 05:41:00,0.00000396,999.00000000
2018-02-28 05:41:00,0.00000396,99239.00000000
2018-02-28 05:41:02,0.00000397,2348.00000000
2018-02-28 05:41:04,0.00000396,12057.00000000
2018-02-28 05:41:06,0.00000396,1499.00000000
2018-02-28 05:41:10,0.00000396,11104.00000000
2018-02-28 05:41:25,0.00000397,229081.00000000
2018-02-28 05:41:25,0.00000396,186756.00000000
2018-02-28 05:41:27,0.00000397,1293.00000000
2018-02-28 05:41:42,0.00000397,2451.00000000
2018-02-28 05:41:49,0.00000397,186985.00000000
2018-02-28 05:41:50,0.00000396,1001.00000000
2018-02-28 05:41:58,0.00000396,1000.00000000
2018-02-28 05:41:59,0.00000397,3948.00000000
2018-02-28 05:42:10,0.00000397,4292.00000000
2018-02-28 05:42:14,0.00000397,2055.00000000
2018-02-28 05:42:16,0.00000397,306.00000000
2018-02-28 05:42:16,0.00000397,550.00000000
2018-02-28 05:42:21,0.00000397,199754.00000000
2018-02-28 05:42:38,0.00000397,20084.00000000
2018-02-28 05:42:43,0.00000396,22068.00000000
2018-02-28 05:42:43,0.00000396,7305.00000000
2018-02-28 05:42:45,0.00000396,4803.00000000
2018-02-28 05:42:46,0.00000397,5038.00000000
2018-02-28 05:42:47,0.00000397,2139.00000000
2018-02-28 05:42:49,0.00000396,142142.00000000
2018-02-28 05:42:58,0.00000397,21.00000000
2018-02-28 05:43:02,0.00000397,117698.00000000
2018-02-28 05:43:04,0.00000397,15000.00000000
2018-02-28 05:43:06,0.00000396,2627.00000000
2018-02-28 05:43:07,0.00000396,2121.00000000
2018-02-28 05:43:08,0.00000396,1390.00000000
2018-02-28 05:43:11,0.00000396,4238.00000000
2018-02-28 05:43:14,0.00000396,182224.00000000
2018-02-28 05:43:15,0.00000396,57110.00000000
2018-02-28 05:43:20,0.00000397,2372.00000000
2018-02-28 05:43:20,0.00000396,1274.00000000
2018-02-28 05:43:28,0.00000397,20784.00000000
2018-02-28 05:43:28,0.00000396,12000.00000000
2018-02-28 05:43:38,0.00000396,114130.00000000
2018-02-28 05:43:40,0.00000396,4144.00000000
2018-02-28 05:43:54,0.00000397,344.00000000
2018-02-28 05:43:54,0.00000396,5079.00000000
2018-02-28 05:43:55,0.00000397,984.00000000
2018-02-28 05:43:57,0.00000396,125923.00000000
2018-02-28 05:44:01,0.00000396,138849.00000000
2018-02-28 05:44:17,0.00000397,6494.00000000
2018-02-28 05:44:29,0.00000397,166272.00000000
2018-02-28 05:44:31,0.00000396,200.00000000
2018-02-28 05:44:45,0.00000397,12.00000000
2018-02-28 05:44:53,0.00000396,1255.00000000
2018-02-28 05:44:54,0.00000397,9.00000000
2018-02-28 05:44:58,0.00000396,118080.00000000
2018-02-28 05:44:58,0.00000396,67755.00000000
2018-02-28 05:45:04,0.00000397,40.00000000
2018-02-28 05:45:06,0.00000397,1612.00000000
2018-02-28 05:45:09,0.00000396,48336.00000000
2018-02-28 05:45:11,0.00000396,20000.00000000
2018-02-28 05:45:18,0.00000396,20999.00000000
2018-02-28 05:45:25,0.00000396,500.00000000
2018-02-28 05:45:25,0.00000396,592.00000000
2018-02-28 05:45:26,0.00000395,149925.00000000
2018-02-28 05:45:27,0.00000396,3000.00000000
2018-02-28 05:45:28,0.00000396,702.00000000
2018-02-28 05:45:29,0.00000396,252.00000000
2018-02-28 05:45:37,0.00000396,7.00000000
2018-02-28 05:45:43,0.00000396,481687.00000000
2018-02-28 05:45:49,0.00000396,1491.00000000
2018-02-28 05:45:49,0.00000396,500.00000000
2018-02-28 05:45:50,0.00000395,11335.00000000
2018-02-28 05:45:52,0.00000396,12706.00000000
2018-02-28 05:45:53,0.00000395,179332.00000000
2018-02-28 05:45:55,0.00000395,8550.00000000
2018-02-28 05:45:56,0.00000396,12186.00000000
2018-02-28 05:45:57,0.00000396,2166.00000000
2018-02-28 05:46:02,0.00000396,2000.00000000
2018-02-28 05:46:07,0.00000397,5012.00000000
2018-02-28 05:46:07,0.00000397,3731.00000000
2018-02-28 05:46:07,0.00000397,962.00000000
2018-02-28 05:46:07,0.00000397,521.00000000
2018-02-28 05:46:07,0.00000397,24050.00000000
2018-02-28 05:46:07,0.00000397,5276.00000000
2018-02-28 05:46:07,0.00000397,4768.00000000
2018-02-28 05:46:07,0.00000397,896.00000000
2018-02-28 05:46:07,0.00000397,77619.00000000
2018-02-28 05:46:08,0.00000397,676.00000000
2018-02-28 05:46:09,0.00000397,274.00000000
2018-02-28 05:46:11,0.00000396,500.00000000
2018-02-28 05:46:18,0.00000396,7080.00000000
2018-02-28 05:46:21,0.00000396,5568.00000000
2018-02-28 05:46:23,0.00000395,9496.00000000
2018-02-28 05:46:24,0.00000396,192562.00000000
2018-02-28 05:46:38,0.00000396,1005.00000000
2018-02-28 05:46:45,0.00000396,556.00000000
2018-02-28 05:46:47,0.00000395,201.00000000
2018-02-28 05:46:48,0.00000396,3.00000000
2018-02-28 05:46:50,0.00000395,1865.00000000
2018-02-28 05:46:50,0.00000396,114767.00000000
2018-02-28 05:46:51,0.00000396,17000.00000000
2018-02-28 05:47:03,0.00000396,2103.00000000
2018-02-28 05:47:03,0.00000395,1865.00000000
2018-02-28 05:47:05,0.00000396,1000.00000000
2018-02-28 05:47:06,0.00000395,2427.00000000
2018-02-28 05:47:11,0.00000395,143723.00000000
2018-02-28 05:47:13,0.00000395,3278.00000000
2018-02-28 05:47:17,0.00000396,670.00000000
2018-02-28 05:47:17,0.00000396,95046.00000000
2018-02-28 05:47:27,0.00000396,33787.00000000
2018-02-28 05:47:30,0.00000396,174918.00000000
2018-02-28 05:47:32,0.00000396,30336.00000000
2018-02-28 05:47:32,0.00000396,2490.00000000
2018-02-28 05:47:41,0.00000395,182834.00000000
2018-02-28 05:47:44,0.00000396,162.00000000
2018-02-28 05:47:45,0.00000395,1944.00000000
2018-02-28 05:47:52,0.00000396,2525.00000000
2018-02-28 05:47:55,0.00000396,2408.00000000
2018-02-28 05:47:56,0.00000395,32018.00000000
2018-02-28 05:48:04,0.00000395,101448.00000000
2018-02-28 05:48:06,0.00000396,200000.00000000
2018-02-28 05:48:12,0.00000396,2000.00000000
2018-02-28 05:48:13,0.00000396,2525.00000000
2018-02-28 05:48:14,0.00000395,200.00000000
2018-02-28 05:48:21,0.00000395,399.00000000
2018-02-28 05:48:24,0.00000395,211188.00000000
2018-02-28 05:48:28,0.00000396,36000.00000000
2018-02-28 05:48:30,0.00000395,11732.00000000
2018-02-28 05:48:33,0.00000395,29985.00000000
2018-02-28 05:48:37,0.00000395,40442.00000000
2018-02-28 05:48:38,0.00000396,200000.00000000
2018-02-28 05:48:41,0.00000396,408.00000000
2018-02-28 05:48:42,0.00000396,408.00000000
2018-02-28 05:48:42,0.00000396,7365.00000000
2018-02-28 05:48:44,0.00000396,7904.00000000
2018-02-28 05:48:49,0.00000396,2525.00000000
2018-02-28 05:48:55,0.00000396,185165.00000000
2018-02-28 05:48:55,0.00000396,928.00000000
2018-02-28 05:48:56,0.00000396,408.00000000
2018-02-28 05:48:59,0.00000396,408.00000000
2018-02-28 05:49:00,0.00000396,46.00000000
2018-02-28 05:49:09,0.00000396,2.00000000
2018-02-28 05:49:15,0.00000395,147287.00000000
2018-02-28 05:49:18,0.00000395,13486.00000000
2018-02-28 05:49:19,0.00000396,337.00000000
2018-02-28 05:49:28,0.00000395,9388.00000000
2018-02-28 05:49:28,0.00000396,93.00000000
2018-02-28 05:49:31,0.00000396,8771.00000000
2018-02-28 05:49:33,0.00000396,649.00000000
2018-02-28 05:49:35,0.00000395,20000.00000000
2018-02-28 05:49:36,0.00000396,3898.00000000
2018-02-28 05:49:38,0.00000395,1498.00000000
2018-02-28 05:49:42,0.00000395,142414.00000000
2018-02-28 05:49:45,0.00000396,2525.00000000
2018-02-28 05:49:47,0.00000396,408.00000000
2018-02-28 05:49:54,0.00000395,769.00000000
2018-02-28 05:49:54,0.00000396,194017.00000000
2018-02-28 05:49:59,0.00000396,685.00000000
2018-02-28 05:50:05,0.00000395,163438.00000000
2018-02-28 05:50:05,0.00000396,2525.00000000
2018-02-28 05:50:08,0.00000396,2000.00000000
2018-02-28 05:50:10,0.00000395,14288.00000000
2018-02-28 05:50:10,0.00000396,2051.00000000
2018-02-28 05:50:16,0.00000396,2525.00000000
2018-02-28 05:50:21,0.00000396,10.00000000
2018-02-28 05:50:23,0.00000396,408.00000000
2018-02-28 05:50:23,0.00000395,247324.00000000
2018-02-28 05:50:24,0.00000396,1420.00000000
2018-02-28 05:50:24,0.00000396,2120.00000000
2018-02-28 05:50:25,0.00000395,2275.00000000
2018-02-28 05:50:25,0.00000395,3278.00000000
2018-02-28 05:50:28,0.00000396,193.00000000
2018-02-28 05:50:31,0.00000396,100650.00000000
2018-02-28 05:50:38,0.00000395,306299.00000000
2018-02-28 05:50:40,0.00000395,3369.00000000
2018-02-28 05:50:42,0.00000396,2525.00000000
2018-02-28 05:50:44,0.00000396,2083.00000000
2018-02-28 05:50:48,0.00000396,1.00000000
2018-02-28 05:50:48,0.00000396,765.00000000
2018-02-28 05:50:48,0.00000396,68468.00000000
2018-02-28 05:51:02,0.00000396,48.00000000
2018-02-28 05:51:02,0.00000396,215213.00000000
2018-02-28 05:51:06,0.00000396,702.00000000
2018-02-28 05:51:06,0.00000396,502.00000000
2018-02-28 05:51:14,0.00000395,1000.00000000
2018-02-28 05:51:15,0.00000396,13463.00000000
2018-02-28 05:51:27,0.00000396,2525.00000000
2018-02-28 05:51:28,0.00000396,2988.00000000
2018-02-28 05:51:29,0.00000396,115446.00000000
2018-02-28 05:51:37,0.00000395,82558.00000000
2018-02-28 05:51:41,0.00000396,4002.00000000
2018-02-28 05:51:44,0.00000396,12896.00000000
2018-02-28 05:51:53,0.00000395,107592.00000000
2018-02-28 05:52:02,0.00000396,1323895.00000000
2018-02-28 05:52:02,0.00000397,528889.00000000
2018-02-28 05:52:03,0.00000396,36343.00000000
2018-02-28 05:52:04,0.00000396,542523.00000000
2018-02-28 05:52:15,0.00000396,306180.00000000
2018-02-28 05:52:18,0.00000396,45828.00000000
2018-02-28 05:52:18,0.00000397,5094.00000000
2018-02-28 05:52:20,0.00000396,260.00000000
2018-02-28 05:52:20,0.00000396,1160.00000000
2018-02-28 05:52:25,0.00000396,1104.00000000
2018-02-28 05:52:26,0.00000396,1267.00000000
2018-02-28 05:52:35,0.00000396,8736.00000000
2018-02-28 05:52:38,0.00000396,159741.00000000
2018-02-28 05:52:48,0.00000396,500.00000000
2018-02-28 05:52:51,0.00000396,3464.00000000
2018-02-28 05:52:56,0.00000396,75.00000000
2018-02-28 05:52:56,0.00000396,2077.00000000
2018-02-28 05:52:57,0.00000397,1777.00000000
2018-02-28 05:53:04,0.00000396,124589.00000000
2018-02-28 05:53:06,0.00000396,2134.00000000
2018-02-28 05:53:07,0.00000397,2518.00000000
2018-02-28 05:53:10,0.00000397,2518.00000000
2018-02-28 05:53:14,0.00000396,2964.00000000
2018-02-28 05:53:23,0.00000397,700.00000000
2018-02-28 05:53:25,0.00000396,621.00000000
2018-02-28 05:53:25,0.00000396,8550.00000000
2018-02-28 05:53:28,0.00000396,16221.00000000
2018-02-28 05:53:28,0.00000396,9239.00000000
2018-02-28 05:53:33,0.00000396,1505.00000000
2018-02-28 05:53:34,0.00000397,216328.00000000
2018-02-28 05:53:50,0.00000396,563.00000000
2018-02-28 05:53:53,0.00000396,133.00000000
2018-02-28 05:53:54,0.00000397,11.00000000
2018-02-28 05:53:54,0.00000397,12368.00000000
2018-02-28 05:53:55,0.00000397,11250.00000000
2018-02-28 05:54:01,0.00000396,208098.00000000
2018-02-28 05:54:03,0.00000397,4624.00000000
2018-02-28 05:54:08,0.00000396,3300.00000000
2018-02-28 05:54:10,0.00000397,4435.00000000
2018-02-28 05:54:10,0.00000397,70388.00000000
2018-02-28 05:54:11,0.00000396,6291.00000000
2018-02-28 05:54:23,0.00000397,201852.00000000
2018-02-28 05:54:25,0.00000396,300.00000000
2018-02-28 05:54:27,0.00000397,6645.00000000
2018-02-28 05:54:31,0.00000396,2700.00000000
2018-02-28 05:54:41,0.00000397,337.00000000
2018-02-28 05:54:43,0.00000396,109689.00000000
2018-02-28 05:54:45,0.00000397,8.00000000
2018-02-28 05:54:47,0.00000397,3566.00000000
2018-02-28 05:54:50,0.00000397,2518.00000000
2018-02-28 05:54:50,0.00000397,2518.00000000
2018-02-28 05:54:56,0.00000397,2665.00000000
2018-02-28 05:54:57,0.00000396,250.00000000
2018-02-28 05:54:59,0.00000396,1600.00000000
2018-02-28 05:55:00,0.00000397,15657.00000000
2018-02-28 05:55:08,0.00000396,142150.00000000
2018-02-28 05:55:09,0.00000396,1788.00000000
2018-02-28 05:55:10,0.00000397,9599.00000000
2018-02-28 05:55:11,0.00000396,10835.00000000
2018-02-28 05:55:11,0.00000396,6249.00000000
2018-02-28 05:55:12,0.00000396,25252.00000000
2018-02-28 05:55:12,0.00000396,96253.00000000
2018-02-28 05:55:13,0.00000396,17234.00000000
2018-02-28 05:55:13,0.00000396,16755.00000000
2018-02-28 05:55:20,0.00000396,1862.00000000
2018-02-28 05:55:21,0.00000396,1876.00000000
2018-02-28 05:55:28,0.00000396,1016.00000000
2018-02-28 05:55:29,0.00000397,4.00000000
2018-02-28 05:55:34,0.00000397,2104.00000000
2018-02-28 05:55:42,0.00000397,138813.00000000
2018-02-28 05:55:45,0.00000396,47019.00000000
2018-02-28 05:55:47,0.00000396,5465.00000000
2018-02-28 05:55:51,0.00000397,2518.00000000
2018-02-28 05:55:54,0.00000396,19665.00000000
2018-02-28 05:56:10,0.00000396,13941.00000000
2018-02-28 05:56:11,0.00000396,26081.00000000
2018-02-28 05:56:16,0.00000397,132352.00000000
2018-02-28 05:56:18,0.00000397,3541.00000000
2018-02-28 05:56:21,0.00000397,2302.00000000
2018-02-28 05:56:24,0.00000396,9401.00000000
2018-02-28 05:56:35,0.00000396,12782.00000000
2018-02-28 05:56:35,0.00000396,25252.00000000
2018-02-28 05:56:35,0.00000396,36086.00000000
2018-02-28 05:56:36,0.00000396,960.00000000
2018-02-28 05:56:36,0.00000396,100.00000000
2018-02-28 05:56:37,0.00000396,25252.00000000
2018-02-28 05:56:37,0.00000396,52146.00000000
2018-02-28 05:56:42,0.00000397,128794.00000000
2018-02-28 05:56:42,0.00000397,1553.00000000
2018-02-28 05:56:54,0.00000397,6600.00000000
2018-02-28 05:56:54,0.00000397,552.00000000
2018-02-28 05:57:01,0.00000396,7.00000000
2018-02-28 05:57:13,0.00000397,115174.00000000
2018-02-28 05:57:15,0.00000396,38234.00000000
2018-02-28 05:57:20,0.00000397,3228.00000000
2018-02-28 05:57:21,0.00000396,453.00000000
2018-02-28 05:57:24,0.00000397,650.00000000
2018-02-28 05:57:26,0.00000397,1076.00000000
2018-02-28 05:57:27,0.00000396,877.00000000
2018-02-28 05:57:28,0.00000397,12870.00000000
2018-02-28 05:57:34,0.00000397,659.00000000
2018-02-28 05:57:36,0.00000396,253.00000000
2018-02-28 05:57:37,0.00000397,863.00000000
2018-02-28 05:57:39,0.00000397,129307.00000000
2018-02-28 05:57:43,0.00000397,2518.00000000
2018-02-28 05:57:48,0.00000397,24175.00000000
2018-02-28 05:57:49,0.00000397,22566.00000000
2018-02-28 05:57:52,0.00000397,924.00000000
2018-02-28 05:57:57,0.00000397,194811.00000000
2018-02-28 05:57:59,0.00000396,26624.00000000
2018-02-28 05:58:04,0.00000396,177953.00000000
2018-02-28 05:58:19,0.00000397,14921.00000000
2018-02-28 05:58:21,0.00000397,1228.00000000
2018-02-28 05:58:22,0.00000396,80135.00000000
2018-02-28 05:58:23,0.00000396,149367.00000000
2018-02-28 05:58:30,0.00000396,3474.00000000
2018-02-28 05:58:31,0.00000396,367.00000000
2018-02-28 05:58:37,0.00000397,706.00000000
2018-02-28 05:58:37,0.00000398,1812.00000000
2018-02-28 05:58:39,0.00000397,2518.00000000
2018-02-28 05:58:40,0.00000396,1430.00000000
2018-02-28 05:58:41,0.00000396,3004.00000000
2018-02-28 05:58:56,0.00000396,194869.00000000
2018-02-28 05:58:57,0.00000397,5595.00000000
2018-02-28 05:58:57,0.00000398,4340.00000000
2018-02-28 05:59:03,0.00000396,4116.00000000
2018-02-28 05:59:04,0.00000397,5299.00000000
2018-02-28 05:59:12,0.00000397,302601.00000000
2018-02-28 05:59:13,0.00000397,675.00000000
2018-02-28 05:59:13,0.00000396,675.00000000
2018-02-28 05:59:21,0.00000396,675.00000000
2018-02-28 05:59:26,0.00000397,2518.00000000
2018-02-28 05:59:28,0.00000396,3675.00000000
2018-02-28 05:59:29,0.00000396,22.00000000
2018-02-28 05:59:30,0.00000397,139803.00000000
2018-02-28 05:59:35,0.00000396,1859.00000000
2018-02-28 05:59:44,0.00000396,11204.00000000
2018-02-28 05:59:50,0.00000397,104378.00000000
2018-02-28 05:59:53,0.00000396,1006.00000000
2018-02-28 05:59:53,0.00000396,42651.00000000
2018-02-28 05:59:59,0.00000396,36703.00000000
